4267 6250
910 501 992 550 ns
1031 501 1338 550 :misma
1379 500 1910 559 communionis,
1953 499 2040 548 AN
2079 501 2124 548 A
2166 501 2329 549 sons
2370 501 2568 550 aaron
2606 501 2911 552 arlscoris
3348 485 3465 551 ¹97

357 673 722 737 nitudinem
771 675 1108 758 potestatis
1155 693 1270 760 per
1316 675 1856 758 comparationem
1888 673 1942 737 A
1971 673 2263 755 quaedam
2302 673 2760 738 confirmandis
2800 675 3048 751 collata,
3080 675 3248 739 sicut
3284 675 3466 758 panis

353 773 432 836 ad
462 789 696 855 corpus
726 773 958 837 Christi
989 792 1238 848 verum,
1265 774 1376 836 sed
1404 774 1484 835 ad
1517 773 1858 856 mysticum

353 871 498 953 ejus
537 889 790 954 corpus.
824 873 1164 955 Quumque
1199 872 1404 953 gratia
1444 879 1860 936 sacramenta-

355 969 434 1032 lis
463 970 810 1034 descendat
835 990 874 1034 a
901 970 1110 1052 capite
1140 970 1388 1034 Christo
1417 970 1484 1032 in
1515 970 1856 1054 mysticum

355 1068 498 1150 ejus
542 1086 798 1151 corpus,
829 1069 1042 1132 omnis
1079 1069 1367 1151 operatio
1402 1069 1470 1130 in
1513 1069 1854 1151 mysticum

356 1185 589 1250 corpus
629 1167 1110 1231 sacramentalis
1150 1185 1267 1250 per
1294 1185 1487 1249 quam
1521 1167 1722 1248 gratia
1750 1168 1854 1230 da-

353 1272 480 1338 tur,
520 1266 842 1348 dependet
881 1266 963 1329 ab
1002 1265 1370 1348 operatione
1413 1266 1855 1328 sacramentali

357 1382 550 1446 super
597 1381 834 1446 corpus
882 1363 1114 1427 Christi
1165 1381 1386 1427 verum
1433 1382 1446 1426 :
1491 1365 1636 1427 ideo
1681 1364 1853 1427 solus

357 1463 650 1525 sacerdos
680 1469 890 1545 potest
919 1461 1250 1526 absolvere
1281 1462 1346 1524 in
1377 1462 1516 1525 foro
1544 1462 1855 1545 poeniten-

354 1561 510 1636 tiali,
545 1568 613 1624 et
648 1581 730 1625 ex
771 1561 994 1625 officio
1037 1560 1376 1644 baptizare.
1417 1562 1564 1625 Ideo
1606 1579 1855 1645 promo-

356 1679 500 1722 vere
537 1661 620 1723 ad
661 1660 804 1723 illas
843 1659 1268 1743 perfectiones
1307 1680 1450 1743 quae
1487 1678 1615 1723 non
1660 1661 1856 1743 respi-

357 1758 530 1821 ciunt
577 1776 814 1841 corpus
873 1759 1127 1822 Domini
1176 1777 1424 1834 verum,
1473 1759 1586 1822 sed
1643 1759 1852 1822 solum

1970 772 2347 836 benedictus
2394 773 2578 836 datur
2618 773 3003 856 quibusdam
3054 774 3467 838 Eucharistiae

1971 870 2126 933 loco,
2182 870 2260 933 Et
2305 871 2425 934 hoc
2472 872 2550 934 ad
2598 879 2853 955 tempus
2902 873 3195 955 permisit
3243 872 3469 954 Grego-

1969 969 2122 1032 rius.
2166 969 2446 1032 Pertinet
2485 988 2639 1034 vero
2684 971 2764 1034 ad
2806 971 3179 1054 episcopum
3232 970 3466 1034 confir-

1971 1085 2166 1142 mare,
2204 1086 2332 1131 non
2380 1069 2589 1132 solum
2636 1088 2716 1132 ex
2764 1069 3007 1144 ordine,
3048 1088 3166 1132 nec
3212 1077 3463 1132 tantum

1966 1183 2044 1228 ex
2089 1166 2556 1246 jurisdictione,
2608 1169 2717 1230 sed
2767 1168 3003 1249 pariter
3043 1187 3122 1231 ex
3166 1174 3461 1250 utroque,

1966 1264 2118 1346 quia
2144 1283 2464 1329 annexum
2496 1274 2594 1329 est
2620 1267 2967 1349 episcopali
2998 1265 3236 1343 officio,
3250 1285 3467 1350 quem·

1965 1363 2308 1426 admodum
2368 1365 2760 1429 consecratio
2806 1365 3246 1439 ecclesiarum,
3296 1365 3465 1428 ordi-

1965 1461 2136 1524 natio
2167 1462 2571 1536 elericorum,
2594 1463 2827 1527 velatio
2856 1463 3199 1544 virginum.
3221 1499 3302 1509 —
3320 1463 3465 1526 Haec

1963 1559 2279 1623 Albertus.
2318 1561 2513 1642 Cujus
2548 1562 2837 1644 opinioni
2872 1562 3283 1625 consentiunt
3312 1581 3465 1644 pau-

1965 1658 2066 1737 ci;
2117 1667 2338 1741 estque
2387 1661 2781 1742 praeinducta
2829 1661 3162 1743 responsio
3210 1661 3465 1724 Thomae

1963 1757 2177 1820 verior
2232 1766 2421 1840 atque
2480 1759 2902 1821 communior.
2958 1759 3193 1821 Tamen
3252 1764 3323 1820 ut
3374 1758 3465 1820 ait

361 1856 700 1940 mysticum
741 1874 999 1940 corpus,
1032 1862 1240 1939 potest
1273 1875 1311 1918 a
1337 1857 1503 1938 Papa
1536 1857 1850 1920 committi
1887 1851 1936 1916 B
1964 1855 2328 1931 Richardus,
2343 1857 2661 1920 ordinaria
2692 1863 3001 1939 potestate
3024 1857 3103 1920 ad
3133 1856 3299 1920 solos
3328 1875 3466 1938 spe·

363 1955 691 2029 sacerdoti,
734 1955 846 2037 qui
885 1954 1080 2017 habet
1116 1962 1328 2018 actum
1377 1974 1705 2018 summum
1753 1976 1854 2018 su-

364 2072 471 2136 per
497 2071 734 2135 corpus
763 2052 1020 2116 Domini
1051 2071 1297 2128 verum,
1321 2070 1448 2116 non
1478 2061 1692 2116 autem
1722 2055 1852 2117 dia-

364 2169 536 2226 cono,
587 2171 802 2234 neque
856 2151 1050 2214 alicui
1110 2150 1418 2215 inferiori.
1468 2152 1598 2216 Nec
1646 2161 1854 2235 potest

361 2250 636 2333 simplici
681 2251 993 2313 sacerdoti
1037 2249 1437 2313 committere
1477 2267 1852 2333 promovere

359 2350 430 2411 ad
461 2349 928 2431 perfectionem
957 2367 1100 2431 quae
1127 2349 1345 2431 aliquo
1374 2349 1564 2412 modo
1592 2349 1854 2432 respicit

359 2465 584 2530 corpus
631 2447 888 2511 Domini
932 2465 1179 2511 verum.
1229 2448 1377 2511 Ideo
1425 2447 1698 2531 simplex
1755 2467 1851 2510 sa·-

359 2548 594 2620 cerdOS,
635 2566 715 2610 ex
751 2546 1204 2610 commissione
1247 2546 1427 2629 Papae
1475 2564 1602 2610 non
1644 2553 1853 2629 potest

357 2644 642 2708 conferre
669 2644 1009 2708 sacerdotii
1043 2645 1334 2707 ordinem
1372 2661 1386 2707 :
1421 2645 1723 2726 quoniam
1755 2664 1850 2709 or-

355 2743 530 2806 dines
575 2743 740 2806 sacri
785 2742 1024 2806 habent
1064 2750 1439 2825 potestatem
1483 2762 1676 2825 super
1716 2762 1849 2807 cor-

354 2860 468 2923 pus
498 2840 734 2904 Christi
765 2859 1014 2914 verum,
1046 2848 1155 2903 aut
1188 2858 1382 2923 super
1419 2841 1558 2921 ejus
1602 2843 1850 2905 materi-

351 2959 471 3002 am.
505 2939 718 3002 Potest
743 2945 960 3002 autem
991 2939 1155 3020 Papa
1188 2939 1536 3002 concedere
1566 2939 1846 3021 simplici

1963 1962 2090 2016 ctat
2138 1955 2470 2039 episcopos
2528 1956 2930 2019 confirmare.
2981 1955 3463 2038 Argentinensis

1963 2053 2157 2117 etiam
2205 2054 2587 2137 positionem
2636 2055 2812 2117 illam
2858 2055 3170 2138 sequitur,
3212 2055 3461 2119 scilicet

1961 2152 2020 2216 S.
2070 2152 2343 2216 Thomae.
2639 2229 2645 2234 .

2039 2251 2121 2314 At
2158 2269 2309 2314 vero
2350 2250 2571 2314 Scotus
2612 2251 2781 2314 circa
2824 2251 2961 2316 haec
3003 2251 3229 2315 scribit
3271 2252 3462 2335 proli-

1961 2369 2060 2424 xe,
2096 2349 2456 2412 inducendo
2496 2349 2825 2413 materiam
2867 2368 3010 2432 quae
3050 2350 3215 2413 infra
3258 2351 3462 2432 magis

1962 2449 2175 2512 locum
2214 2448 2497 2522 habebit,
2532 2448 2832 2512 videlicet
2861 2467 2942 2512 an
2981 2457 3269 2532 tempore
3296 2450 3460 2534 Apo—

1959 2547 2267 2611 stolorum
2312 2545 2434 2609 fuit
2462 2546 2787 2609 distinctio
2826 2546 2993 2610 inter
3024 2547 3361 2630 episcopos
3397 2558 3463 2611 et

1959 2647 2340 2720 sacerdoteS,
2372 2652 2437 2709 et
2464 2645 2674 2726 arguit
2701 2645 2852 2708 satis
2892 2645 3119 2709 idonee
3150 2664 3265 2729 pro
3295 2653 3461 2710 utra-

1959 2764 2084 2828 que
2125 2750 2324 2826 parte,
2358 2763 2431 2806 ac
2470 2743 2672 2825 magis
2710 2744 3068 2806 consentire
3099 2744 3351 2807 videtur
3392 2745 3459 2808 in

1958 2844 2078 2905 hoc
2117 2842 2286 2925 quod
2328 2858 2477 2916 non,
2510 2848 2574 2903 et
2604 2840 2689 2902 ita
2716 2847 2873 2904 tunc
2910 2841 3157 2904 cunctis
3198 2841 3457 2926 presby-

1957 2941 2112 3004 teris
2156 2941 2441 3004 licuisset
2470 2938 2871 3003 confirmare.
2906 2975 2987 2985 —
3014 2940 3247 3002 Verum
3291 2939 3459 3003 infra

353 3037 656 3101 sacerdoti
701 3037 872 3120 quod
916 3035 1202 3099 conferat
1241 3036 1498 3100 ordines
1543 3037 1842 3112 minoreS‚
1877 3045 1921 3110 G
1959 3039 2221 3122 patebit,
2263 3040 2434 3121 quod
2476 3058 2514 3101 a
2556 3047 2844 3122 tempore
2884 3039 3351 3122 Apostolorum,
3394 3048 3460 3103 et

353 3137 498 3219 quia
540 3137 606 3199 hi
651 3136 894 3199 nullam
945 3135 1182 3199 habent
1230 3144 1606 3218 potestatem
1655 3156 1848 3219 super

353 3255 570 3298 verum
603 3235 838 3299 Christi
877 3252 1110 3317 corpus
1151 3253 1268 3297 nee
1308 3254 1502 3318 super
1539 3236 1680 3316 ejus
1721 3255 1848 3297 ma-

353 3334 591 3407 teriam,
623 3352 745 3397 nec
780 3333 974 3396 etiam
1007 3352 1202 3415 super
1235 3351 1466 3415 corpus
1501 3333 1846 3416 mysticum

355 3431 582 3495 habent
608 3440 824 3495 actum
854 3450 970 3514 per
999 3450 1190 3514 quem
1221 3432 1422 3513 gratia
1451 3431 1842 3512 conferatur3

353 3532 456 3593 sed
483 3530 722 3593 habent
743 3548 824 3593 ex
851 3529 1074 3593 officio
1100 3530 1409 3611 quosdam
1439 3530 1845 3593 secundarios

353 3648 420 3691 ac
475 3628 958 3711 praeparatorios
1015 3636 1212 3691 actus.
1274 3628 1582 3691 Similiter
1639 3635 1847 3709 potest

355 3728 692 3791 concedere
722 3726 1030 3789 sacerdoti
1061 3726 1252 3789 alicui
1285 3726 1454 3808 quod
1484 3725 1841 3802 confirmet,

353 3828 648 3909 quoniam
679 3825 1098 3889 Confirmatio
1128 3824 1386 3907 perficit
1413 3843 1561 3887 eum
1598 3825 1663 3886 in
1697 3833 1843 3888 actu

357 3926 596 4009 mystici
635 3925 944 4006 corporis,
977 3942 1096 3986 nec
1135 3924 1414 4005 aliquam
1456 3923 1649 3986 habet
1689 3924 1844 3987 rela-

355 4024 580 4087 tionem
641 4022 723 4086 ad
781 4039 1012 4103 corpus
1071 4021 1324 4084 Domini
1376 4039 1620 4096 verum,
1670 4023 1842 4104 quod

351 4122 588 4185 scilicet
629 4120 909 4203 sumpsit
949 4139 1026 4183 ex
1069 4120 1346 4201 Virgine.
1381 4155 1459 4165 —
1497 4120 1640 4183 Haec
1683 4121 1842 4183 Tho-

1957 3159 2035 3203 ex
2066 3139 2464 3202 institutione
2494 3138 2713 3202 divina
2742 3158 2855 3202 seu
2887 3138 3257 3202 immediata
3286 3139 3458 3204 Chri-

1955 3239 2035 3301 sti
2084 3238 2501 3311 ordinatione,
2546 3237 2671 3301 fuit
2718 3257 2755 3300 a
2793 3237 3115 3320 principio
3156 3237 3455 3303 Ecclesiae

1957 3337 2123 3399 inter
2154 3335 2489 3418 episcopos
2518 3343 2584 3400 et
2612 3335 2941 3418 simplices
2972 3336 3329 3399 sacerdotes
3361 3338 3454 3399 di-

1955 3434 2214 3497 stinctio
2263 3442 2572 3516 quantum
2621 3435 2698 3496 ad
2747 3453 2882 3497 rem
2938 3443 3003 3518 et
3052 3441 3451 3517 potestatem,

1955 3532 2248 3615 quamvis
2307 3533 2373 3594 in
2433 3532 2691 3595 nomine
2749 3532 3325 3595 communicabant.
3389 3534 3452 3597 Si

1953 3638 2165 3693 autem
2218 3629 2413 3693 verba
2462 3630 2521 3692 S.
2565 3630 2843 3709 Gregorii
2905 3630 3025 3693 rite
3080 3640 3449 3711 pensentur,

1955 3736 2201 3792 constat
2246 3729 2418 3810 quod
2462 3727 2847 3810 presbyteris
2886 3728 2963 3790 ad
3004 3736 3259 3811 tempus
3305 3746 3452 3791 con-

1954 3827 2145 3891 cessit
2175 3826 2497 3889 licentiam
2530 3824 2953 3888 confirmandi
2986 3827 3311 3889 veraciter.
3348 3828 3450 3890 Sic

1954 3926 2195 4007 quippe
2236 3924 2533 3988 Ianuario
2577 3923 2802 3987 scribit
2843 3924 3145 4006 episcopo
3178 3944 3193 3989 ε
3226 3926 3449 3989 Perve-

1953 4024 2048 4087 nit
2083 4024 2162 4085 ad
2204 4042 2340 4098 nOS,
2380 4023 2685 4104 quosdam
2721 4041 2797 4085 ex
2828 4022 2955 4085 tuis
2997 4024 3448 4088 scandalizatos

1951 4122 2173 4196 fuisse,
2216 4140 2291 4185 eo
2335 4122 2503 4204 quod
2554 4119 2955 4204 presbyteros
3005 4140 3241 4203 ungere
3286 4123 3449 4186 chri-

356 4240 479 4283 mas
536 4221 600 4283 in
653 4218 922 4301 Scripto.
975 4218 1206 4281 Eadem
1270 4218 1495 4282 scribit
1541 4218 1608 4280 in
1657 4220 1842 4281 tertia
1871 4219 1921 4282 D
1952 4227 2154 4283 smate
2200 4238 2307 4283 eos
2364 4220 2476 4301 qui
2535 4219 2835 4301 baptizati
2896 4227 3066 4295 sunt,
3118 4222 3447 4302 prohibui-

355 4327 542 4400 parte,
600 4317 954 4401 quaestione
1010 4316 1478 4399 septuagesima
1537 4319 1834 4381 secunda.

352 4416 514 4479 ldem
554 4418 773 4480 Petrus
815 4422 882 4477 et
920 4415 1287 4478 Ricbardus,

427 4516 719 4578 Albertus
749 4530 903 4576 vero
932 4520 1128 4587 tenet,
1161 4514 1332 4595 quod
1367 4516 1656 4578 sacerdos
1687 4516 1837 4578 sim-

361 4613 493 4694 plex
533 4631 661 4677 non
706 4612 964 4694 praesul,
997 4630 1402 4694 nequaquam
1447 4613 1652 4676 valeat
1694 4632 1838 4677 con-

359 4710 623 4783 firmare,
639 4710 721 4774 ob
753 4728 978 4773 causas
1006 4710 1404 4791 praehabitas.
1422 4712 1500 4773 Et
1528 4713 1696 4793 quod
1727 4713 1838 4776 ob-

354 4808 559 4887 jicitur
588 4809 669 4871 de
699 4808 760 4871 S.
787 4808 1109 4889 Gregorio,
1141 4809 1312 4889 quod
1347 4812 1660 4873 concessit
1692 4812 1833 4886 hoc,

357 4907 876 4989 respondetquod
907 4924 1234 4987 nunquam
1263 4907 1551 4989 permisit
1580 4916 1649 4970 ut
1673 4918 1839 4973 esset

358 5004 758 5068 Confirmatio
813 5024 956 5086 quae
1012 5005 1241 5067 collata
1298 5004 1423 5067 fuit
1469 5024 1506 5067 a
1557 5006 1836 5089 simplici

355 5106 688 5178 sacerdote,
730 5104 842 5167 sed
886 5109 1148 5186 propter
1189 5104 1613 5185 quorumdam
1660 5124 1838 5168 scan-

356 5204 580 5277 dalum,
620 5202 898 5266 abusum
947 5207 1012 5264 et
1058 5201 1480 5282 ignorantiam
1528 5220 1656 5265 non
1705 5221 1838 5265 cor-

357 5302 522 5367 rexit.
555 5302 670 5367 Vel
710 5300 1079 5375 dicendum,
1113 5301 1282 5382 quod
1317 5308 1452 5363 erat
1479 5301 1839 5365 benedictio

1953 4337 2106 4381 mus.
2121 4318 2243 4381 Sed
2273 4318 2325 4379 si
2356 4317 2613 4380 omnino
2644 4317 2723 4379 de
2751 4317 2871 4380 hac
2901 4337 2969 4381 re
2996 4318 3189 4401 aliqui
3222 4321 3450 4384 contri-

1951 4425 2219 4491 stentur,
2247 4416 2359 4478 ubi
2389 4416 2674 4498 episcopi
2706 4416 2957 4489 desunt,
2992 4425 3062 4478 ut
3091 4419 3447 4503 presbyteri

1950 4516 2141 4578 etiam
2200 4514 2265 4577 in
2325 4512 2642 4576 frontibus
2699 4513 3047 4596 baptizatos
3106 4517 3445 4581 chrismate

1949 4622 2207 4695 tangere
2241 4612 2534 4685 debeant,
2555 4612 2985 4676 concedimus.
3006 4614 3181 4687 Quod
3216 4616 3270 4678 si
3302 4616 3447 4680 Gre-

1948 4713 2165 4794 gorius
2214 4711 2383 4773 istud
2430 4710 2825 4774 simulatorie
2871 4712 3251 4787 admisisset,
3297 4733 3444 4795 pec-

1950 4818 2157 4874 casset
2209 4808 2579 4883 mortaliter,
2617 4809 2951 4871 veritatem
3002 4810 3305 4874 doctrinae
3351 4812 3445 4874 di-

1950 4909 2280 4981 mittendo,
2312 4913 2377 4969 et
2414 4908 2701 4970 subditos
2737 4908 3015 4988 graviter
3043 4908 3440 4991 decipiendo,

1950 5008 2035 5070 ita
2076 5007 2249 5089 quod
2292 5024 2362 5068 se
2404 5004 2813 5068 confirmatos
2858 5013 3209 5088 putassent,
3242 5026 3441 5089 quum

1949 5102 2311 5167 confirmati
2357 5120 2484 5165 non
2527 5110 2757 5164 essent.

2027 5202 2349 5265 Postremo
2379 5200 2819 5263 Bonaventura
2850 5218 2865 5263 ε
2898 5200 3027 5263 Hoc
3054 5200 3321 5284 (inquit)
3348 5223 3443 5267 sa-

1949 5310 2345 5367 cramentum
2388 5318 2505 5363 nec
2545 5307 2753 5381 potest
2784 5319 2901 5363 nec
2940 5300 3132 5363 debet
3162 5300 3285 5363 nisi
3324 5319 3440 5383 per
