4267 6250
545 1427 552 1436 ,
595 1377 748 1422 aava.

571 1444 638 1485 39.

566 2260 670 2306 Len.
681 2273 755 2312 vu,
768 2261 834 2303 ¹3.

627 3547 711 3587 nrt.
731 3546 773 3588 ὁ.

863 483 984 549 304
1535 503 1600 550 m
1639 503 1862 550 Lutum!
1904 502 1966 548 iv
2007 498 2492 548 snivi-nmmum.
2534 515 2616 527 —
2655 497 2811 544 msr.
2854 496 2959 560 113
3003 497 3229 554 Qua-:sn
3270 497 3311 540 v

864 671 976 734 ubi
1006 690 1122 736 nos
1155 673 1485 748 habemuS,
1518 673 1782 757 Accepit
1806 674 1986 736 Jesus
2016 689 2271 754 panem,
2297 669 2361 731 in
2391 668 2442 730 A
2472 686 2593 740 mo,
2609 667 2790 750 quasi
2820 673 3190 750 pervertens
3220 682 3462 728 morem
3493 681 3619 726 suae
3648 661 3973 726 Ecclesiae.

864 769 1078 834 Graeco
1109 771 1380 834 hahetur
1409 790 1644 835 nomen
1685 772 1827 846 hoc,
1862 772 2045 856 ἄρτος,
2079 768 2250 852 quod
2280 767 2363 830 si-

860 868 1129 949 gnificat
1167 870 1639 934 fermentatum.

943 968 1020 1030 Et
1057 970 1593 1052 respondendum,
1627 969 1797 1050 quod
1840 967 1976 1030 dies
2019 965 2363 1049 sepulturae

862 1066 1097 1128 dicitur
1128 1086 1418 1149 magnuS,
1452 1068 1602 1150 quia
1632 1067 1698 1129 in
1728 1084 1805 1129 eo
1835 1084 1982 1128 cum
2017 1063 2362 1128 festivitate

862 1165 1147 1246 paschali
1178 1166 1596 1228 concurrebat
1633 1164 1945 1227 festivitas
1981 1161 2247 1226 sabbati.
2282 1197 2362 1207 —

866 1262 1078 1348 ’Ἄρτος
1109 1283 1363 1347 quoque
1405 1264 1469 1326 in
1502 1263 1716 1328 Graeco
1756 1263 2076 1325 interdum
2109 1279 2225 1343 pro
2254 1279 2360 1343 pa-

763 1391 836 1430 xu,
865 1379 945 1423 ne
974 1379 1196 1444 azymo
1234 1363 1513 1445 ponitur.
1547 1362 1703 1424 Nam
1743 1362 1810 1423 in
1850 1360 2064 1423 Exodo
2102 1358 2215 1421 ubi
2245 1376 2360 1421 nos

863 1459 1195 1535 habemus,
1238 1480 1434 1543 panes
1481 1478 1757 1544 azymoS,
1807 1461 1873 1522 in
1913 1458 2128 1523 Graeco
2168 1456 2359 1520 habe-

861 1565 987 1633 tur,
1033 1559 1212 1644 ἄρτος.

940 1656 1117 1730 Quod
1154 1664 1367 1721 autem
1407 1657 1649 1731 dicunt,
1682 1673 1797 1720 nos
1837 1655 2161 1737 judaizare
2201 1652 2361 1716 cele-

861 1752 1104 1816 brando
1150 1755 1215 1816 in
1263 1773 1506 1837 azymO,
1539 1754 1703 1817 nihil
1751 1760 1896 1817 est:
1933 1753 2083 1835 quia
2126 1752 2228 1832 (ut
2272 1751 2362 1813 ait

2468 802 2550 812 —-
2577 767 3029 828 Verumtamen
3068 764 3462 828 consuetudo
3500 760 3866 825 celebrandi
3905 760 3976 822 in

2469 882 2711 949 azymo,
2744 871 2842 928 est
2887 863 3131 927 melior.
3170 863 3402 936 Prim0,
3436 861 3743 944 quoniam
3792 858 3977 924 Chri-

2469 972 2604 1026 stus
2649 963 2715 1026 in
2757 980 2979 1046 azymo
3021 959 3298 1025 confecit
3337 968 3529 1042 atque
3568 958 3851 1021 instituit
3890 957 3980 1020 is-

2470 1063 2600 1124 tud.
2654 1062 2967 1137 Secund0,
3001 1060 3303 1143 quoniam
3348 1059 3531 1142 panis
3572 1064 3670 1120 est
3712 1056 3981 1140 proprie

2472 1161 2737 1223 materia
2784 1159 3161 1223 sacramenti
3214 1157 3499 1240 corporis
3547 1155 3779 1219 Christi
3832 1155 3980 1216 sine

2470 1258 2876 1340 corruptione
2907 1257 3219 1339 concepti.
3246 1256 3477 1328 Tertio,
3508 1254 3815 1336 quoniam
3847 1253 3978 1316 hoc

2471 1357 2672 1439 magis
2722 1357 3027 1439 competit
3074 1354 3422 1418 sinceritati
3471 1352 3791 1426 fidelium,
3826 1370 3976 1433 quae

2467 1455 2815 1539 requiritur
2843 1455 2920 1518 ad
2951 1473 3139 1517 usum
3179 1452 3373 1535 hujus
3410 1451 3789 1515 sacramenti
3820 1468 3979 1514 con-

2468 1555 2756 1636 dignum,
2785 1554 2969 1636 juxta
3010 1553 3169 1615 illud
3212 1551 3497 1635 Apostoli
3532 1549 3817 1612 :Pascha
3860 1567 3979 1612 no·
4018 1569 4243 1623 ιεοωα,

2468 1661 2672 1716 strum
2743 1653 3108 1715 immolatus
3176 1658 3273 1714 est
3336 1649 3624 1714 Christus
3665 1666 3683 1728 3
3753 1649 3973 1731 itaque
4002 1635 4047 1677 ⁸·

2469 1752 2809 1835 epulemur
2854 1751 2919 1813 in
2969 1751 3207 1834 azymis
3256 1749 3639 1812 sinceritatis
3688 1755 3753 1810 et
3802 1747 3974 1810 veri-

860 1851 1228 1933 Anselmus)
1274 1853 1597 1934 judaizare
1645 1869 1773 1916 non
1821 1858 1918 1914 est
1970 1850 2140 1913 idem
2190 1849 2361 1931 quod
2392 1851 2439 1912 B
2468 1851 2635 1914 tatis.
2670 1850 2871 1913 Habet
2911 1857 3123 1912 tamen
3168 1847 3563 1912 consuetudo
3600 1847 3975 1911 Graecorum

861 1950 1069 2014 facere
1099 1951 1339 2034 aliquid
1371 1953 1539 2034 quod
1573 1951 1770 2015 fiebat
1801 1951 1865 2012 in
1898 1950 2036 2031 lege
2070 1967 2084 2010 ε
2116 1946 2360 2029 alioqui

861 2057 926 2111 et
975 2048 1096 2132 ipsi
1145 2049 1344 2113 Graeci
1391 2050 1805 2132 judaizarent,
1851 2048 2245 2112 celebrantes
2293 2046 2360 2108 in

862 2145 1264 2222 fermentato,
1312 2149 1462 2230 quia
1503 2148 1570 2211 in
1615 2149 1752 2228 lege
1803 2146 1927 2208 fuit
1969 2151 2359 2229 praeceptum

864 2252 936 2306 ut
982 2264 1176 2327 panes
1226 2246 1656 2328 primitiarum
1711 2244 2121 2307 fermentatos
2169 2242 2360 2306 offer—

863 2350 1006 2406 rent
1048 2343 1267 2407 Judaei.
1317 2344 1437 2407 Sed
1486 2344 1695 2407 facere
1742 2343 1986 2425 aliquid
2037 2342 2193 2422 legis
2241 2342 2359 2404 hac

862 2441 1215 2505 intentione
1265 2450 1336 2505 ut
1379 2443 1604 2524 legalia
1641 2441 2080 2515 observentur,
2123 2448 2219 2503 est
2257 2440 2357 2522 ju-

860 2540 1124 2603 daizare.
1177 2542 1314 2604 Non
1370 2549 1580 2605 autem
1635 2541 1752 2603 hac
1811 2541 2074 2614 ratione,
2126 2539 2236 2601 sed
2288 2546 2358 2600 ut

859 2637 1107 2702 Christo
1146 2657 1261 2702 nos
1301 2640 1799 2713 conformemuS,
1834 2646 2023 2721 atque
2057 2637 2355 2728 Ecclesiae

857 2744 1092 2800 statuto
1146 2738 1542 2812 obediamuS,
1603 2737 2000 2800 celebramus
2060 2737 2127 2798 in
2190 2755 2353 2818 pane

854 2854 1076 2919 azymo
1126 2854 1140 2898 ε
1192 2836 1304 2918 qui
1360 2836 1512 2898 huic
1568 2836 1874 2919 competit
1931 2842 2349 2909 sacramentO,

854 2934 1006 3017 quia
1048 2953 1164 3017 per
1198 2953 1490 3017 azymum
1532 2932 1935 3016 significatur
1977 2934 2219 3016 puritas
2262 2932 2353 2996 vi-

2468 1951 2749 2034 aliquam
2788 1950 3122 2024 rationem,
3155 1957 3219 2013 et
3255 1956 3518 2032 propter
3554 1947 3979 2030 significatio-

2468 2069 2617 2113 nem
2677 2068 2867 2133 quam
2928 2049 3131 2130 tangit
3178 2048 3537 2130 GregoriuS,
3586 2055 3650 2110 et
3706 2054 3979 2129 propter

2468 2149 2950 2212 detestationem
3015 2147 3272 2212 haeresis
3333 2147 3793 2220 Nazaraeorum,
3856 2144 3976 2229 qui

2471 2247 2810 2329 Evangelio
2852 2245 3205 2310 miscebant
3246 2245 3489 2327 legalia.
3522 2281 3605 2291 —
3633 2245 3777 2308 Haec
3810 2244 3978 2306 Tho-

2470 2365 2604 2408 mas
2636 2346 2701 2408 in
2734 2346 3018 2409 Summa.
3042 2346 3113 2407 ln
3144 2343 3380 2426 quibus
3408 2343 3650 2426 aliquid
3681 2343 3977 2406 contine·

2467 2453 2573 2508 tur
2600 2446 2768 2527 quod
2797 2444 2987 2507 dictis
3026 2463 3101 2507 ex
3133 2444 3382 2526 Scripto
3418 2443 3560 2525 ejus
3590 2442 3977 2506 contrariari

2468 2544 2740 2618 videtur,
2764 2563 2963 2626 quum
2995 2543 3165 2606 dicat
3195 2541 3457 2617 ibidem,
3482 2543 3548 2604 in
3582 2540 3976 2605 fermentato

2467 2658 2595 2704 non
2641 2658 2826 2724 posse
2866 2640 3099 2704 confici
3144 2638 3281 2703 sine
3330 2646 3590 2722 peccato
3624 2657 3639 2702 :
3671 2639 3799 2702 nisi
3843 2639 3973 2702 hoc

2466 2739 2857 2822 intelligatur
2897 2740 2975 2802 de
3018 2737 3276 2802 Latinis.

2542 2839 2811 2920 Insuper
2844 2837 2910 2900 in
2940 2839 3231 2901 Tractatu
3269 2844 3489 2900 contra
3525 2855 3770 2900 errores
3798 2836 3975 2901 Grae-
4031 2858 4242 2914 opu-esi

2464 2954 2683 3000 corum
2738 2937 3085 3000 disseruit:
3118 2936 3662 3010 Quemadmodum
3712 2935 3972 3018 praefati
4002 2923 4239 2976 '‘¹¹’“·¹⁸·

853 3039 956 3107 tae,
990 3052 1132 3115 quae
1170 3051 1425 3115 semper
1454 3033 1764 3095 servanda
1794 3039 1910 3106 est,
1943 3031 2354 3114 quemadmo-
2385 3037 2429 3102 C
2462 3044 2766 3110 erranteS,
2801 3042 3019 3098 contra
3050 3035 3356 3096 unitatem
3388 3034 3670 3116 corporis
3706 3034 3973 3117 mystici

855 3131 1009 3194 dum
1065 3131 1130 3193 in
1190 3131 1666 3194 thurificatione
1723 3130 1978 3194 devotio
2023 3130 2347 3194 orationis.

855 3229 1096 3292 Idcirco
1145 3236 1491 3311 utrumque
1534 3236 1822 3293 servatur
1871 3229 1935 3291 in
1981 3246 2144 3292 nova
2192 3229 2349 3310 lege.

855 3363 937 3373 —-
965 3328 1108 3391 Haec
1151 3328 1422 3390 Thomas
1466 3327 1532 3389 in
1576 3327 1843 3411 Scripto.

936 3426 1014 3489 At
1055 3443 1207 3489 vero
1249 3426 1315 3489 in
1361 3427 1546 3489 tertia
1587 3432 1786 3509 parte,
1820 3425 2169 3508 quaestione
2217 3444 2357 3508 sep-

857 3525 1208 3606 tuagesima
1261 3532 1484 3606 quarta
1535 3542 1550 3585 :
1601 3524 1782 3588 Circa
1833 3524 2166 3586 materiam
2212 3524 2355 3607 (ait)

857 3622 1236 3686 sacramenti
1285 3622 1468 3685 istius
1513 3630 1663 3685 sunt
1702 3622 1830 3685 duo
1873 3622 2351 3698 consideranda,

857 3720 1178 3795 videlicet,
1229 3720 1383 3803 quid
1432 3721 1516 3784 sit
1571 3720 2026 3798 necessarium,
2078 3728 2143 3782 et
2199 3720 2354 3803 quid

858 3819 1262 3882 conveniens
1298 3818 1738 3882 Necessarium
1779 3827 1893 3894 est,
1937 3826 2007 3880 ut
2044 3820 2128 3881 sit
2170 3818 2355 3902 panis

857 3919 1175 3998 triticeus;
1199 3935 1325 3981 non
1356 3926 1569 3980 autem
1603 3918 1769 4000 quod
1803 3918 1886 3980 sit
1914 3936 2357 4001 azymuS,quo-

857 4017 1028 4079 niam
1060 4018 1124 4081 in
1155 4025 1422 4099 utroque
1452 4016 1685 4080 confici
1718 4025 1940 4099 potest.
1958 4017 2356 4080 Conveniens

856 4134 1008 4179 vero
1038 4124 1154 4191 est,
1189 4123 1259 4178 ut
1299 4115 1743 4197 unusquisque
1773 4116 2128 4177 secundum
2159 4116 2353 4179 ritum

2464 3140 2749 3217 peccant,
2782 3132 3047 3197 Romani
3090 3131 3417 3196 Pontificis
3459 3132 3811 3216 plenariam
3858 3151 3975 3215 po-

2461 3238 2753 3294 testatem
2812 3237 3148 3311 negantes3
3198 3230 3289 3293 sic
3342 3238 3561 3293 contra
3616 3231 3975 3312 puritatem

2462 3329 2843 3392 sacramenti
2874 3328 3158 3411 corporis
3189 3328 3421 3392 Christi
3450 3327 3854 3410 delinquunt,
3876 3328 3977 3392 di—

2463 3435 2699 3502 centes,
2732 3446 2811 3489 ex
2840 3444 3061 3509 azymo
3092 3445 3254 3508 pane
3284 3444 3515 3509 corpus
3546 3426 3779 3490 Christi
3816 3444 3975 3488 con-

2462 3526 2696 3588 secrari
2741 3542 2867 3587 non
2914 3542 3118 3607 posse.
3153 3523 3329 3598 Quod
3375 3524 3569 3587 etiam
3618 3524 3974 3589 Doctorum

2465 3623 2825 3687 Graecorum
2854 3622 3335 3687 auctoritatibus
3366 3622 3779 3704 improbatur.
3798 3622 3977 3685 Dicit

2463 3724 2704 3805 quippe
2735 3721 3219 3805 chrysostomus
3256 3738 3449 3803 super
3489 3720 3648 3782 illud
3680 3720 3975 3802 Evange-

2466 3822 2557 3897 lii,
2604 3822 2812 3885 Prima
2852 3821 2955 3884 die
3003 3838 3368 3903 azymorum
3413 3837 3428 3881 :
3472 3820 3750 3890 Primam
3786 3820 3973 3883 diem
4060 3842 4232 3887 Maera.

2464 3922 2621 3983 dicit
2661 3919 2832 3983 diem
2869 3919 3062 3994 JoviS,
3097 3919 3161 3981 in
3203 3936 3331 4001 quo
3368 3917 3764 4001 incipiebant
3805 3918 3973 4000 legis
4002 3920 4122 3959 ¹¹³¹·
4146 3908 4207 3950 ¹⁷·

2464 4019 2741 4083 cultores
2797 4018 3032 4081 Pascha
3086 4017 3430 4090 celebrare,
3483 4017 3548 4078 id
3598 4024 3695 4079 est
3740 4034 3974 4099 azyma

2466 4119 2820 4191 comedere,
2853 4117 3028 4179 omni
3076 4114 3342 4199 exp’ulso
3384 4114 3719 4179 fermento.
3756 4116 3979 4179 Domi-

857 4234 989 4277 suae
1035 4213 1331 4278 Ecclesiae
1382 4215 1446 4277 in
1497 4213 1923 4276 celebratione
1971 4214 2354 4277 sacramenti
2387 4223 2435 4285 D
2466 4236 2586 4279 nus
2635 4233 2786 4297 ergo
2844 4214 3041 4277 mittit
3091 4213 3441 4296 discipulos
3494 4232 3643 4277 suos
3702 4213 3808 4277 die
3862 4215 3973 4279 Jo-

859 4330 928 4375 se
956 4311 1202 4374 habeat.
1238 4312 1443 4394 Super
1472 4330 1600 4393 qua
1628 4330 1696 4374 re
1725 4320 1875 4374 sunt
1911 4312 2178 4376 diversae
2208 4331 2356 4377 con-

859 4409 1230 4473 suetudines
1269 4409 1717 4473 Ecclesiarum.
1751 4410 1856 4472 Ait
1895 4429 2171 4493 namque
2212 4410 2359 4474 Gre-

857 4508 1074 4589 gorius
1107 4508 1170 4570 in
1201 4508 1487 4590 Registro
1508 4526 1523 4571 ε
1547 4509 1826 4572 Romana
1857 4509 2138 4573 Ecclesia
2166 4510 2359 4573 offert

856 4626 1111 4691 azymos
1142 4627 1358 4691 paneS,
1392 4626 1469 4671 eo
1500 4610 1670 4691 quod
1710 4609 2015 4672 Dominus
2056 4609 2195 4674 sine
2226 4611 2356 4673 ulla

854 4708 1310 4771 commixtione
1339 4709 1622 4792 suscepit
1654 4726 1948 4789 carnem3
1981 4708 2212 4773 Graecae
2242 4710 2355 4773 Ec-

855 4806 1066 4870 clesiae
1095 4806 1378 4870 offerunt
1408 4807 1882 4882 fermentatum,
1903 4826 1978 4870 eo
2009 4810 2177 4890 quod
2210 4809 2357 4872 Ver-

854 4904 1010 4968 bum
1056 4906 1254 4969 Patris
1297 4906 1589 4969 indutum
1635 4914 1735 4970 est
1777 4926 1988 4982 carne,
2022 4908 2190 4970 sicut
2234 4908 2355 4971 fer-

854 5011 1143 5066 mentum
1175 5004 1480 5067 miscetur
1508 5003 1743 5069 farinae.
1759 5005 1922 5079 Ideo,
1938 5005 2104 5068 sicut
2135 5015 2357 5088 peccat

853 5102 1145 5165 sacerdos
1185 5103 1253 5164 in
1293 5102 1578 5166 Ecclesia
1615 5103 1983 5167 Latinorum
2024 5104 2355 5169 celebrans

854 5198 920 5261 in
952 5218 1114 5283 pane
1145 5198 1546 5275 fermentato,
1581 5200 1667 5262 ita
1696 5209 1991 5283 peccaret
2021 5201 2353 5285 presbyter

853 5298 920 5363 in
969 5298 1327 5364 Graecorum
1374 5299 1660 5363 Ecclesia
1717 5300 2046 5364 celebrans
2097 5300 2164 5364 in
2211 5321 2350 5389 azy-

2466 4315 2583 4389 viS,
2619 4315 2870 4377 Petrum
2904 4312 3150 4376 scilicet
3178 4320 3242 4374 et
3277 4313 3605 4387 Joannem,
3638 4319 3760 4375 etc.
3798 4313 3974 4396 Ergo

2465 4414 2686 4495 quinta
2718 4412 2877 4476 feria
2904 4411 3113 4475 ablato
3149 4411 3325 4474 omni
3358 4429 3521 4493 pane
3558 4409 3969 4487 fermentato,

2465 4512 2750 4575 Christus
2788 4530 3037 4576 coenam
3076 4511 3229 4574 fecit
3266 4510 3703 4586 novissimam,
3735 4511 3803 4573 in
3834 4531 3975 4595 qua

2464 4612 2740 4674 instituit
2786 4618 3273 4674 sacramentum.
3321 4609 3488 4672 Dicit
3532 4610 3685 4673 item
3734 4610 3977 4694 Grego-

2462 4710 2596 4773 rius
2626 4710 3053 4774 Nazianzenus
3088 4728 3101 4772 :
3136 4710 3544 4774 Celebremus
3575 4709 3811 4773 festum
3842 4714 3971 4777 Do-

2466 4810 2642 4872 mino
2690 4810 2757 4872 in
2800 4808 3032 4890 jubilo,
3077 4826 3205 4872 non
3254 4810 3320 4872 in
3366 4810 3568 4874 veteri
3618 4810 3963 4877 fermento.

2464 4909 2599 4983 Quo
2637 4916 2901 4983 constat,
2946 4909 3117 4991 quod
3154 4926 3376 4992 azyma
3415 4909 3615 4992 magis
3664 4914 3971 4994 congruit

2466 5008 2724 5091 puritati
2783 5008 3067 5090 corporis
3120 5008 3349 5072 Christi
3398 5017 3525 5072 tam
3573 5010 3708 5073 veri
3760 5031 3965 5094 quam

2470 5106 2745 5189 mystici.
2792 5107 2934 5170 Haec
2980 5106 3149 5170 idem
3195 5108 3305 5171 ibi.

2541 5206 2713 5269 Idem
2758 5207 2994 5269 PetruS.
3039 5207 3117 5269 Et
3156 5207 3332 5269 addit
3371 5208 3723 5272 Richardus
3757 5226 3773 5272 τ
3806 5210 3963 5275 Gra-

2459 5305 2624 5368 viter
2661 5312 2933 5388 peccant
2974 5304 3387 5370 conficientes
3424 5307 3505 5370 de
3548 5308 3961 5389 fermentato,
