4267 6250
100 2370 112 2385 ·
133 2370 274 2412 oufes-

1399 511 1480 558 m!
1519 510 2018 560 cmmsumus
2059 512 2311 561 mcum

3278 496 3399 561 437

291 677 359 741 in
391 679 696 744 Pastor-ali
725 681 886 745 dicit
913 682 1676 766 GregoriustPlerumque
1706 684 1798 757 fit,
1829 683 1879 747 A
1908 685 2177 767 peccati,
2210 687 2379 769 quod
2411 695 2583 751 caret
2622 687 2839 770 aliquo
2877 686 3139 770 speciali
3177 687 3401 751 ordine

291 786 364 839 ut
389 779 549 841 dum
581 782 852 844 rectoris
879 782 1134 844 animus
1171 782 1381 845 aliena
1411 790 1800 845 tentamenta

289 878 641 958 cognoscit,
664 878 900 943 auditis
929 880 1410 955 tentationibuS,
1433 882 1626 944 etiam
1665 882 1801 964 ipse

289 975 624 1056 pulsetur3
655 977 770 1039 sed
817 978 952 1041 haec
995 979 1234 1061 pastori
1275 998 1678 1062 nequaquam
1722 979 1802 1040 ti-

291 1074 526 1136 menda
557 1082 730 1149 sunt,
764 1076 915 1158 quia
953 1084 1130 1141 tanto
1169 1076 1422 1140 facilius
1451 1098 1488 1140 a
1525 1097 1641 1140 sua
1667 1085 1800 1141 ten-

289 1172 531 1236 tatione
581 1174 878 1257 eripitur,
911 1184 1150 1258 quanto
1199 1176 1675 1240 misericordius
1722 1196 1797 1240 ex

288 1270 501 1334 aliena
547 1274 898 1338 tentatione
941 1274 1258 1354 fatigatur.
1294 1274 1358 1337 Si
1397 1282 1610 1338 tamen
1655 1293 1800 1337 con-

289 1368 486 1432 fitens
533 1370 768 1433 viderit
809 1372 1200 1435 sacerdotem
1251 1371 1560 1435 lascivum
1610 1380 1674 1435 et
1720 1373 1799 1435 ad

291 1468 447 1530 talia
507 1487 810 1551 pronum,
869 1469 1060 1534 debet
1115 1472 1408 1553 accipere
1474 1470 1799 1534 licentiam

293 1567 651 1631 confitendi
701 1568 886 1631 alteri
933 1571 1245 1633 sacerdoti
1279 1588 1294 1631 ε
1325 1589 1518 1652 quam
1569 1570 1623 1633 si
1672 1587 1800 1633 non

293 1665 564 1740 dederit,
597 1666 792 1729 debet
817 1668 896 1729 ad
924 1667 1320 1750 superiorem
1352 1686 1698 1731 recurrere.
1735 1667 1799 1731 Si

290 1771 508 1827 autem
537 1764 1040 1829 circumstantia
1069 1782 1198 1829 non
1236 1773 1580 1848 aggravant
1613 1766 1678 1828 in
1709 1766 1802 1827 in-

1905 784 2187 847 rationis.
2222 785 2759 868 Quandocumque
2788 804 2939 868 ergo
2980 806 3093 868 per
3118 786 3401 868 aliquam

1905 881 2449 945 circumstantiam
2492 882 2782 965 privatur
2820 890 2999 946 actus
3044 883 3261 965 aliquo
3307 901 3403 945 ra-

1903 978 2098 1043 tionis
2127 980 2351 1044 ordine
2381 981 2665 1063 speciali‚
2698 982 3107 1045 constituitur
3134 982 3273 1065 ipse
3300 1000 3405 1044 ac-

1903 1084 2010 1141 tus
2066 1097 2180 1161 per
2226 1080 2771 1143 circumstantiam
2830 1080 3005 1144 illam
3067 1081 3131 1143 in
3188 1080 3403 1163 aliqua

1905 1194 2070 1239 nova
2099 1177 2315 1259 specie
2344 1179 2784 1260 peccati.Dum
2815 1197 2966 1242 vero
2996 1198 3109 1261 per
3138 1179 3409 1242 circum·

1905 1275 2203 1338 stantiam
2236 1294 2363 1338 non
2395 1276 2685 1358 privatur
2712 1276 2975 1359 speciali
3010 1276 3271 1340 rationis
3301 1278 3407 1341 de-

1906 1371 2041 1435 bito
2084 1374 2331 1448 ordine,
2362 1374 2473 1437 sed
2518 1381 2731 1437 tamen
2784 1394 2899 1457 per
2944 1394 3085 1437 eam
3133 1374 3407 1457 privatio

1904 1468 2105 1533 debiti
2145 1470 2389 1533 ordinis
2426 1470 2777 1534 intenditur
2806 1491 2918 1534 seu
2954 1480 3243 1553 augetur,
3275 1490 3405 1535 non

1908 1575 2190 1630 mutatur
2227 1586 2342 1651 per
2380 1588 2520 1631 eam
2562 1570 2811 1652 species
2850 1570 3117 1652 peccati,
3150 1571 3259 1633 sed
3301 1588 3407 1652 ag-

1905 1675 2219 1747 gravatur.
2252 1667 2507 1747 (Cetera
2543 1675 2613 1729 ut
2640 1686 2835 1750 supra
2872 1669 2937 1730 in
2968 1667 3258 1749 Thema.)

1984 1765 2298 1838 Quaeritur
2342 1784 2620 1848 quoque,
2663 1773 2879 1828 utrum
2928 1766 3408 1829 circumstantia

295 1861 582 1936 finitum,
627 1880 860 1925 novam
898 1864 1181 1945 speciem
1225 1864 1510 1927 mortalis
1553 1864 1798 1947 peccati
1833 1865 1882 1927 Β
1911 1863 2110 1945 possit
2138 1863 2388 1926 veniale
2422 1872 2753 1946 peccatum
2798 1872 3044 1927 mutare
3075 1864 3141 1927 in
3180 1872 3407 1928 morta-

296 1962 612 2035 addend0,
645 1961 1028 2045 quandoque
1080 1962 1484 2025 laudabiliter
1533 1962 1801 2025 reticen-

297 2067 422 2133 tur,
454 2060 748 2122 adhibita
776 2059 992 2123 debita
1020 2061 1423 2135 discretione,
1443 2062 1626 2142 juxta
1657 2078 1803 2123 con-

295 2157 754 2221 siderationem
807 2158 1226 2240 turpitudinis
1283 2158 1800 2231 circumstantiam,

297 2265 360 2317 et
413 2257 802 2339 pronitatem
853 2257 1285 2321 inclinationis
1332 2258 1412 2320 ad
1468 2264 1800 2340 peccatum

301 2374 376 2418 ex
411 2355 558 2437 ejus
593 2356 1145 2419 consideratione*
1175 2356 1242 2418 in
1279 2356 1418 2439 ipso
1455 2354 1803 2419 confitente

299 2454 400 2517 vel
461 2454 810 2517 sacerdote.
864 2454 1192 2518 Confitens
1237 2472 1492 2537 quoque
1540 2454 1606 2517 in
1655 2470 1802 2515 con-

302 2550 582 2615 fessione
620 2552 814 2615 debet
859 2571 978 2636 pro
1028 2569 1216 2636 posse
1264 2552 1498 2615 famam
1541 2552 1803 2615 alterius

301 2650 649 2725 custodire,
682 2657 750 2713 et
785 2670 965 2713 suam
1001 2651 1460 2714 conscientiam
1497 2669 1804 2734 expurga-

301 2768 366 2812 re
401 2768 416 2811 :
455 2749 601 2812 ideo
629 2749 684 2811 si
716 2748 1197 2813 circumstantia
1225 2768 1368 2831 quae
1397 2749 1575 2811 ducit
1603 2750 1668 2810 in
1701 2766 1804 2811 co-

299 2847 656 2929 gnitionem
689 2865 998 2929 personae,
1031 2846 1117 2910 sit
1143 2848 1222 2910 de
1251 2846 1626 2909 necessitate
1657 2864 1805 2909 con-

303 2945 626 3019 fessioniS,
661 2946 1016 3008 secundum
1055 2944 1342 3026 regulam
1385 2944 1618 3019 datam,
1653 2952 1805 3006 tunc

1909 1962 1986 2025 le.
2023 1962 2399 2037 Dicendum,
2440 1964 2611 2045 quod
2658 1963 2925 2046 quaestio
2974 1970 3181 2046 potest
3226 1963 3407 2026 intel-

1909 2060 2021 2142 ligi
2069 2061 2151 2123 de
2191 2060 2415 2123 eodem
2457 2067 2719 2144 peccato
2760 2062 2825 2124 in
2868 2080 3159 2135 numero,
3194 2060 3297 2125 vel
3340 2061 3406 2123 in

1910 2160 2124 2241 specie
2143 2176 2160 2238 3
2190 2166 2257 2221 et
2294 2160 2505 2241 primo
2546 2160 2735 2222 modo
2765 2160 3131 2242 dupliciter,
3162 2158 3411 2223 scilicet

1909 2265 2020 2319 aut
2055 2258 2136 2319 de
2174 2257 2397 2321 eodem
2436 2265 2584 2320 actu
2624 2258 2691 2319 in
2730 2277 2871 2321 esse
2909 2266 3170 2333 naturae,
3202 2265 3313 2320 aut
3342 2258 3408 2320 in

1910 2373 2050 2418 esse
2100 2356 2313 2419 moris.
2356 2356 2435 2418 Et
2478 2355 2691 2438 primo
2738 2357 2928 2419 modo
2974 2363 3153 2419 actus
3200 2356 3411 2438 primo

1911 2452 2182 2516 venialis
2214 2452 2357 2515 fieri
2398 2462 2603 2535 potest
2645 2453 2953 2529 mortaliS,
2986 2462 3055 2516 ut
3092 2453 3411 2536 inspicere

1913 2552 2249 2615 mulierem
2282 2552 2491 2634 primo
2520 2571 2599 2615 ex
2630 2552 3092 2633 complacentia
3129 2550 3411 2634 pulchri-

1913 2650 2155 2712 tudinis
2184 2650 2325 2731 ejus
2355 2650 2495 2712 sine
2524 2649 2868 2713 libidinoso
2896 2648 3156 2723 affectu,
3179 2649 3410 2711 deinde

1913 2748 2375 2830 inspectionem
2422 2747 2597 2809 illam
2642 2748 3013 2811 continuare
3062 2766 3139 2810 ex
3182 2746 3413 2810 vitiosa

1913 2845 2200 2909 libidine.
2236 2846 2527 2909 Secundo
2558 2846 2747 2909 modo
2774 2864 2903 2909 non
2942 2855 3040 2909 est
3070 2845 3239 2909 istud
3268 2862 3411 2927 pos-

1913 2944 2121 3017 sibile,
2172 2945 2476 3027 quoniam
2526 2952 2707 3007 actus
2764 2961 2891 3008 non
2938 2952 3035 3007 est
3084 2944 3148 3007 in
3200 2944 3415 3027 specie

302 3043 494 3107 debet
521 3043 818 3107 confiteri
847 3044 1225 3107 occultando
1253 3061 1586 3128 personam
1617 3063 1808 3127 quan·
1838 3044 1882 3108 C
1914 3042 2132 3117 moriS,
2188 3043 2312 3105 nisi
2368 3050 2440 3105 ut
2496 3050 2595 3105 est
2650 3062 2727 3105 ex
2775 3043 3103 3107 voluntate
3160 3050 3225 3105 et
3270 3043 3417 3107 rati-

303 3152 438 3206 tum
491 3149 720 3226 potest.
774 3143 838 3206 Si
897 3151 1112 3206 autem
1169 3143 1652 3206 circumstantia
1698 3143 1808 3205 illa

303 3260 430 3305 non
475 3242 563 3304 sit
607 3241 972 3304 necessario
1014 3241 1400 3316 confitenda,
1433 3241 1622 3304 debet
1664 3260 1804 3303 eam

305 3341 651 3414 dimittere,
685 3359 766 3402 ne
796 3339 1023 3422 prodat
1051 3347 1386 3422 peccatum
1419 3339 1699 3402 alterius.
1727 3375 1808 3385 —

305 3437 446 3502 Haec
488 3438 762 3501 Thomas
806 3438 872 3500 in
917 3439 1187 3521 Scripto.

383 3538 450 3600 ln
515 3536 620 3599 his
689 3537 1100 3599 continentur
1160 3555 1304 3619 quae
1369 3537 1810 3599 Bonaventura

307 3635 532 3698 scribit
577 3636 658 3698 de
707 3634 1205 3697 circumstantiis
1252 3641 1684 3718 peccatorum,
1729 3635 1808 3696 de

310 3735 546 3816 quibus
590 3734 772 3817 ponit
809 3733 927 3796 hos
967 3751 1191 3797 versus
1224 3752 1240 3796 ε

309 3907 592 3972 Aggravat
618 3905 775 3966 ordo,
805 3904 987 3964 locun,
1007 3917 1267 3970 persona,
1291 3903 1546 3964 scientia,
1562 3905 1807 3968 tempus,

309 3987 484 4048 AEtaa,
519 3984 785 4046 conditio,
817 3997 1106 4044 numerus,
1136 3999 1312 4044 mora,
1340 3983 1522 4048 copia,
1553 3998 1745 4044 causa,

307 4069 436 4121 Est·
459 4068 668 4120 modus
697 4067 754 4116 in
784 4066 970 4132 culpa,
994 4068 1178 4116 status
1207 4065 1376 4125 altus,
1399 4065 1552 4116 lucta
1582 4063 1788 4130 pusilla

1913 3159 2033 3204 one
2076 3159 2091 3203 :
2138 3142 2280 3205 ideo
2320 3161 2449 3206 non
2489 3151 2785 3205 manente
2828 3143 3052 3205 eadem
3100 3142 3418 3205 habitudi-

1913 3259 1995 3302 ne
2039 3241 2385 3303 voluntatis
2434 3241 2511 3302 ad
2556 3248 2791 3313 actum,
2834 3259 2961 3303 non
3007 3240 3198 3304 habet
3238 3248 3415 3304 actus

1917 3339 2084 3402 idem
2125 3357 2266 3401 esse
2308 3339 2544 3402 morale
2585 3340 2651 3400 in
2692 3356 2981 3401 numero.
3025 3339 3090 3402 Si
3132 3357 3285 3402 vero
3326 3339 3417 3402 in-

1916 3437 2239 3519 telligatur
2294 3437 2560 3519 quaestio
2619 3437 2698 3498 de
2756 3435 2982 3498 codem
3034 3444 3298 3520 peccato
3348 3437 3413 3499 in

1914 3536 2151 3618 specie,
2192 3535 2517 3615 assignant
2560 3533 2822 3616 quidam
2862 3534 3155 3596 eamdem
3193 3534 3417 3598 distin-

1916 3634 2194 3696 ctionem
2224 3640 2289 3694 et
2314 3630 2593 3694 similem
2626 3630 3127 3713 responsionem.
3160 3667 3241 3677 —
3270 3632 3413 3695 Haec

1915 3731 2285 3795 Richardus.

1996 3827 2477 3910 Argentinensis
2520 3827 2781 3889 demum
2821 3827 2927 3889 hic
2963 3827 3210 3903 scribit,
3242 3828 3415 3910 quod

1916 3936 2126 3992 tamen
2160 3946 2235 3990 ex
2268 3925 2645 3988 introductis
2676 3924 2967 3987 elicitur:
2993 3925 3417 3988 Circumstan-

1917 4028 2042 4100 tiae,
2075 4026 2317 4098 dicem,
2351 4031 2500 4086 sunt
2530 4023 2881 4105 tripartitae,
2913 4024 3219 4105 quoniam
3250 4043 3417 4106 quae·

1916 4127 2062 4188 dam
2109 4143 2231 4187 nec
2278 4129 2621 4204 aggravant
2672 4121 2951 4204 culpam,
2994 4140 3111 4184 nec
3156 4122 3418 4185 trahunt

309 4229 383 4292 Et
407 4229 588 4292 addit
611 4245 626 4288 ε
649 4227 787 4291 Non
819 4226 1026 4290 solum
1058 4226 1370 4290 deflendae
1399 4234 1549 4289 sunt
1579 4225 1805 4308 culpae,
1838 4222 1889 4284 D
1915 4223 2010 4286 ad·
2033 4222 2225 4285 aliam
2268 4221 2572 4302 speciem,
2604 4219 2773 4282 sicut
2805 4218 3005 4282 furari
3043 4239 3235 4282 manu
3264 4221 3414 4284 dcx·

309 4328 412 4390 sed
443 4327 644 4390 etiam
675 4342 904 4408 poenae,
937 4325 999 4387 id
1030 4332 1127 4387 est
1165 4323 1440 4406 sequelae
1473 4324 1808 4406 culparum

310 4425 790 4488 inhabilitantes
830 4423 908 4486 ad
952 4422 1214 4486 bonum.
1251 4423 1327 4484 Et
1369 4429 1676 4485 vocantur
1716 4422 1809 4483 in-

309 4524 559 4587 terdum
615 4521 907 4604 reliquiae
955 4520 1280 4595 vitiorum,
1329 4528 1548 4603 utpote
1603 4520 1812 4602 proni-

309 4630 464 4686 tates
514 4622 594 4683 ad
652 4620 841 4694 mala,
891 4625 955 4682 et
1011 4618 1422 4681 infirmitates
1475 4618 1810 4680 resistendi

310 4719 722 4784 tentamentis
749 4737 822 4780 ac
853 4717 1050 4792 vitiis,
1084 4737 1226 4800 quae
1255 4725 1406 4778 sunt
1435 4736 1638 4799 poenae
1668 4733 1812 4778 con-

311 4825 524 4882 tractae
555 4817 769 4900 potius
797 4835 990 4899 quam
1023 4814 1304 4878 inflictas.
1330 4815 1499 4876 —In
1530 4815 1632 4878 his
1663 4831 1810 4877 con-

314 4915 596 4978 tinentur
637 4922 704 4978 et
743 4913 980 4996 scripta
1020 4913 1205 4976 Petri.

389 5013 743 5077 Richardus
797 5029 1055 5094 quoque
1111 5011 1502 5074 concordans
1555 5027 1568 5072 :
1618 5008 1813 5073 Actus

311 5111 578 5193 (inquit)
615 5109 962 5174 voluntatis
1006 5128 1120 5191 per
1160 5108 1280 5172 hoc
1327 5108 1677 5171 formaliter
1719 5114 1816 5170 est

315 5217 672 5292 peccatum,
707 5208 875 5290 quod
906 5215 1079 5270 caret
1115 5207 1332 5270 debito
1369 5207 1592 5270 ordine
1629 5207 1817 5268 ratio-

319 5309 453 5387 nis3
484 5315 676 5390 atque
706 5325 824 5390 per
852 5305 972 5370 boc
1001 5305 1357 5370 formaliter
1384 5312 1481 5368 est
1508 5304 1572 5366 in
1603 5304 1816 5386 specie

1916 4329 2051 4384 tera
2098 4329 2207 4383 aut
2255 4320 2552 4398 sinistra3
2602 4319 2741 4382 aliae
2788 4327 3073 4399 gravant,
3122 4321 3235 4383 sed
3286 4339 3414 4384 non

1917 4419 2167 4482 variant
2194 4419 2499 4501 speciem,
2533 4426 2602 4481 ut
2634 4419 2907 4480 multum
2939 4417 3181 4499 furari3
3213 4419 3415 4485 tertiae

1915 4525 2181 4599 gravant
2208 4523 2273 4578 et
2300 4516 2581 4598 speciem
2610 4523 2873 4590 mutant,
2888 4523 2958 4578 ut
2986 4517 3253 4581 calicem
3282 4537 3419 4582 con-

1917 4623 2235 4679 secratum
2280 4614 2499 4688 furari,
2532 4615 2701 4696 quod
2746 4622 2843 4677 est
2889 4616 3318 4697 sacrilegium,
3353 4617 3417 4679 id

1917 4721 2013 4776 est
2052 4712 2293 4775 abusus
2336 4712 2427 4774 rei
2474 4731 2691 4774 sacrae.
2727 4711 2981 4794 Triplex
3033 4714 3275 4796 quippe
3322 4721 3421 4776 est

1918 4810 2233 4892 sacrilegii
2266 4809 2512 4891 species
2538 4826 2551 4870 :
2578 4809 2807 4890 prima,
2827 4827 2942 4890 per
2972 4810 3232 4873 modum
3262 4811 3419 4873 furti

1919 4917 2027 4973 aut
2057 4908 2246 4991 spolii
2279 4907 2501 4970 tollere
2532 4925 2783 4968 sacrum
2816 4907 2895 4968 de
2935 4926 3135 4982 sacro,
3170 4917 3240 4971 ut
3269 4909 3419 4972 cali-

1919 5027 2060 5070 cem
2109 5008 2187 5069 de
2230 5005 2541 5083 ecclesia3
2572 5004 2873 5078 secunda,
2907 5005 3128 5068 tollere
3166 5025 3419 5070 sacrum

1920 5107 1998 5168 de
2041 5123 2169 5168 non
2215 5121 2415 5176 sacr0,
2448 5103 2987 5184 quemadmodum
3030 5103 3297 5168 calicem
3340 5105 3419 5169 de

1922 5205 2112 5266 domo
2160 5219 2287 5264 non
2336 5207 2739 5280 consecrata3
2772 5200 2979 5274 tertia,
3016 5201 3238 5264 tollere
3286 5203 3419 5265 vio-

1925 5303 2128 5364 lenter
2172 5317 2296 5362 non
2340 5317 2591 5362 sacrum
2635 5298 2715 5361 de
2762 5316 2961 5373 sacro,
2996 5306 3068 5362 ut
3108 5317 3242 5362 rem
3290 5319 3417 5364 non
