4267 6250
142 2144 191 2189 ll,
208 2144 263 2185 lt.

1312 505 1491 555 mn
1528 506 1593 553 tv
1632 504 2125 554 smum.
2169 523 2256 537 ·-
2291 505 2446 554 msr.
2485 506 2572 553 Π

388 680 539 743 dere
596 680 809 744 debet.
858 681 1165 764 Tuncque
1210 688 1464 745 tenetur
1510 680 1657 763 quis
1704 679 1887 745 fateri
1918 680 1967 743 A
2078 681 2324 755 Quibus
2377 689 2684 745 consonat
2739 681 2912 764 quod
2969 678 3196 743 scribit
3247 679 3504 743 Richar-

384 799 579 844 suum
616 780 959 844 alteriusve
998 790 1356 864 peceatum,
1396 780 1499 843 vel
1543 780 1887 863 appellare,

384 878 441 940 si
484 886 709 942 contra
744 878 853 961 jus
900 878 1308 961 praecipiatur
1354 878 1435 943 ei.
1469 878 1647 953 Quod
1692 879 1747 941 si
1794 879 1889 940 sic

386 984 653 1057 cogatur
679 976 1005 1040 oecultum
1036 976 1366 1059 publicare
1395 985 1755 1059 peccatum,
1786 995 1891 1039 ex-

386 1082 671 1147 cusatur,
720 1082 786 1138 et
832 1075 993 1137 vitat
1040 1074 1297 1156 gravius
1354 1075 1619 1148 malum,
1669 1082 1887 1156 utpote

386 1171 749 1253 disciplinae
772 1171 939 1254 juris
966 1172 1463 1234 enervationem.
1478 1172 1771 1235 Attamen
1796 1170 1893 1251 ju·

387 1270 509 1333 dex
538 1268 733 1331 debet
756 1269 1165 1331 dissimulare
1202 1287 1319 1351 pro
1356 1286 1541 1351 posse
1580 1288 1663 1332 ue
1699 1267 1893 1331 faciat

386 1367 513 1429 tale
544 1376 959 1450 praeceptum,
978 1367 1157 1430 salvo
1182 1367 1407 1430 ordine
1432 1367 1619 1447 juris,
1638 1375 1704 1429 et
1732 1383 1889 1448 prae-

388 1466 609 1528 sertim
661 1466 729 1528 in
770 1466 1075 1550 capitulo,
1122 1465 1235 1528 ubi
1282 1466 1487 1547 magis
1533 1465 1887 1527 secundum

386 1564 752 1646 aequitatem
790 1583 987 1647 quam
1024 1564 1379 1627 secundum
1414 1564 1579 1644 juris
1613 1564 1887 1645 rigorem

390 1670 487 1725 est
532 1662 1029 1745 procedendum.
1076 1662 1219 1726 Haec
1260 1662 1555 1725 Thomas,

466 1762 585 1835 Qui
616 1761 813 1825 etiam
852 1760 917 1823 in
954 1760 1271 1824 solutione
1309 1760 1499 1843 primi
1531 1759 1889 1843 argumenti

391 1964 648 2021 tenetur
693 1957 1015 2040 corripere
1060 1976 1251 2020 suum
1310 1956 1665 2040 praelatum,
1711 1955 1891 2019 affir-

324 2087 367 2121 ιι,
394 2063 527 2119 mat
547 2074 564 2117 :
586 2054 819 2119 Paulus
848 2056 917 2118 in
947 2055 1179 2118 faciem
1208 2056 1441 2117 restitit
1468 2056 1650 2118 Petro
1676 2072 1887 2118 coram

394 2154 826 2216 multitudine.
860 2154 1035 2227 Quod
1084 2153 1337 2215 excedit
1381 2154 1639 2216 modum
1686 2170 1891 2216 corre-

393 2253 630 2335 ptionis
674 2270 819 2334 quae
859 2270 901 2313 a
948 2250 1224 2313 subditis
1270 2251 1541 2314 debetur
1588 2251 1883 2334 praelatiS.

388 2351 525 2415 Non
554 2350 731 2413 enim
774 2349 1017 2432 praelati
1056 2349 1315 2431 publice
1352 2367 1565 2412 coram
1606 2348 1890 2411 multitu-

388 2449 558 2523 dine,
592 2448 705 2511 sed
736 2446 1068 2510 humiliter
1106 2448 1174 2510 in
1212 2446 1461 2529 privato
1502 2454 1655 2510 sunt
1694 2448 1887 2510 corri-

384 2547 601 2631 piendi
632 2566 671 2610 a
698 2546 1125 2620 subditis,nisi
1157 2545 1515 2609 immineret
1540 2545 1889 2628 periculum

387 2648 539 2710 fidei
576 2662 593 2707 t
628 2654 781 2708 tunc
810 2644 987 2707 enim
1018 2643 1315 2727 praelatus
1355 2644 1567 2707 minor
1594 2643 1799 2717 lieret,
1832 2644 1888 2706 si

386 2745 451 2807 iu
502 2742 951 2807 infidelitatem
995 2741 1337 2815 laberetur,
1368 2750 1433 2804 et
1473 2740 1769 2804 subditus
1810 2742 1888 2804 ri-

384 2843 547 2906 delis
580 2842 768 2905 fieret
796 2860 873 2905 eo
902 2840 1126 2923 maior.
1150 2876 1231 2886 —
1250 2840 1491 2903 Deinde
1520 2839 1885 2921 subjungit:

384 2938 839 3022 Demophilum
888 2939 1275 3002 monachum
1324 2938 1389 2999 B.
1434 2937 1773 3021 Dionysius
1820 2938 1885 3001 in

1998 780 2119 843 dus
2167 798 2184 842 :
2229 781 2542 845 Resistere
2597 782 2914 864 superiori
2963 781 3030 843 in
3077 780 3240 843 facie
3285 796 3500 843 eoram

1998 878 2326 951 omnibus,
2359 878 2726 941 inferiorem
2767 896 2896 941 non
2935 878 3136 940 decet.
3167 878 3316 939 Ideo
3350 876 3504 939 Pau-

2002 976 2103 1038 lus
2133 976 2254 1039 hoc
2285 993 2412 1039 non
2453 975 2732 1050 fecisset,
2763 977 2888 1039 nisi
2918 975 3136 1058 aliquo
3167 976 3358 1038 modo
3387 994 3502 1057 par

1998 1074 2182 1137 Petro
2223 1074 2568 1137 exstitisset
2607 1082 2920 1157 quantum
2963 1074 3042 1136 ad
3085 1073 3240 1136 fidei
3283 1071 3502 1134 delen·

1998 1172 2272 1248 sionem,
2303 1174 2414 1235 sed
2446 1173 2512 1235 in
2541 1172 2794 1237 occulto
2820 1192 2968 1236 eum
3001 1178 3366 1235 reverenter
3389 1170 3498 1232 ad-

2002 1272 2374 1335 monuisset.
2435 1272 2564 1335 Nec
2629 1271 3116 1352 intelligendum
3173 1277 3272 1332 est
3327 1268 3500 1351 quod

1998 1369 2232 1432 Paulus
2277 1369 2400 1433 ruit
2446 1389 2562 1453 par
2603 1371 2786 1433 Petro
2829 1370 2896 1432 iu
2937 1368 3160 1432 officio
3200 1367 3500 1431 Ecclesia

1998 1468 2328 1549 dignitatis
2351 1487 2368 1530 ε
2391 1468 2564 1531 solus
2594 1468 2770 1532 enim
2799 1468 3020 1531 Petrus
3051 1468 3218 1530 inter
3241 1468 3502 1549 Aposto—

2000 1564 2095 1627 los
2139 1564 2400 1647 gerebat
2447 1566 2818 1648 primatum,
2865 1573 2939 1628 ut
2980 1572 3156 1647 patet
3199 1582 3390 1626 causa
3431 1561 3496 1637 2,

1998 1665 2349 1745 quastione
2377 1664 2432 1739 7,
2445 1664 2727 1746 capitulo
2753 1667 3014 1727 Paulus
3039 1661 3498 1725 Petu-umnec

1999 1762 2370 1825 RicharduS.

292 1854 309 1865 ’
390 1859 763 1941 quaestionis
808 1859 941 1941 jam
992 1859 1422 1942 praeinductae‚
1468 1878 1547 1921 an
1594 1858 1891 1921 subditus
1922 1870 1970 1934 Β
2078 1860 2367 1942 Insuper,
2403 1860 2782 1935 Quodlibeto
2813 1858 3294 1942 quartodecimo
3329 1876 3500 1940 quo-

2001 1958 2083 2020 rit
2110 1958 2442 2033 Henricus,
2470 1966 2688 2021 utrum
2716 1957 3038 2040 generalia
3067 1956 3402 2019 interdicta
3429 1956 3498 2019 in

2001 2056 2756 2140 provinciis,civitatibus
2783 2065 2848 2119 et
2876 2055 3180 2119 Ecclesiis
3205 2055 3336 2117 sint
3365 2055 3500 2117 lici·

2000 2156 2772 2239 taRespondetzPrinceps
2801 2154 3256 2237 quodammodo
3281 2173 3502 2236 repra-

2000 2261 2207 2315 sentat
2244 2261 2440 2317 totam
2485 2254 3038 2326 communitatem,
3069 2253 3214 2315 ideo
3254 2252 3496 2315 sactum

1998 2371 2190 2414 suum
2222 2360 2553 2434 reputatur
2580 2352 2820 2414 iactum
2851 2351 3047 2415 totius
3079 2350 3498 2413 communita-

2000 2450 2100 2513 tis.
2136 2449 2296 2512 Hinc
2341 2468 2458 2532 pro
2500 2449 2736 2512 delicto
2769 2448 3085 2532 principis
3127 2456 3346 2511 contra
3387 2448 3501 2511 Ec-

1999 2548 2284 2621 clesiam,
2315 2555 2630 2630 quatenus
2659 2547 2850 2611 citius
2877 2547 2958 2609 ad
2985 2545 3498 2609 emendationem

1998 2645 2442 2728 compellatur,
2459 2645 2704 2708 licitum
2735 2652 2833 2707 est
2863 2643 3274 2707 interdictum
3303 2664 3500 2727 super

1998 2744 2544 2808 communitatem.
2575 2744 2645 2805 In
2675 2760 2804 2825 quo
2842 2741 3059 2804 nullus
3090 2742 3357 2825 punitur
3382 2743 3498 2825 qui

1998 2842 2084 2904 sit
2110 2842 2285 2905 omni
2319 2842 2508 2905 modo
2537 2840 2834 2904 innoxius
2857 2842 3200 2923 :quoniam
3224 2841 3338 2923 qui
3369 2859 3498 2904 non

1998 2950 2096 3003 est
2124 2940 2352 3004 noxius
2381 2939 2643 3023 propria
2679 2939 2894 3021 culpa,
2927 2940 3156 3002 noxius
3183 2946 3283 3003 est
3309 2940 3502 3002 inter-

384 3038 655 3123 epistola
684 3037 1117 3119 reprehendit,
1131 3036 1285 3119 quia
1314 3037 1551 3119 injuste
1580 3036 1887 3119 corripuit
1917 3050 1962 3113 c
1999 3038 2309 3120 pretative
2341 3056 2503 3101 noxa
2529 3037 2759 3119 capitis
2787 3038 2907 3111 sui,
2921 3045 3112 3120 prout
3141 3036 3502 3099 membrum

384 3139 804 3211 sacerdotem,
854 3145 921 3200 et
974 3137 1127 3219 quia
1170 3135 1637 3219 eorreptionem
1685 3154 1890 3217 usque

382 3239 461 3300 ad
502 3236 965 3300 correctionem
1004 3235 1290 3298 extendit
1319 3253 1572 3318 poenam
1612 3233 1889 3296 inseren-

384 3337 484 3400 do.
526 3335 685 3399 Nam
734 3335 1127 3398 sacerdotem
1178 3333 1513 3415 percussit,
1554 3340 1618 3394 et
1662 3331 1743 3395 ab
1790 3349 1893 3394 ec-

385 3433 582 3497 clesia
611 3432 875 3515 expulit.
910 3431 1213 3506 Quamvis
1240 3437 1451 3493 autem
1486 3429 1729 3512 praelati
1760 3429 1892 3492 sint

384 3551 421 3594 a
470 3529 747 3594 subditis
800 3527 1211 3610 corripiendi,
1262 3545 1390 3591 non
1447 3534 1661 3590 tamen
1712 3526 1807 3589 eis
1852 3547 1891 3589 a

385 3628 663 3692 subditis
712 3627 1062 3707 infligenda
1120 3635 1219 3690 est
1264 3644 1471 3709 poena,
1520 3625 1633 3688 sed
1681 3644 1890 3688 recur-

388 3728 659 3790 rendum
707 3727 787 3789 ad
832 3725 1253 3807 superiorem,
1302 3725 1362 3787 ei
1410 3723 1886 3802 denuntiand03

384 3834 495 3889 aut
524 3826 579 3888 si
610 3824 1009 3907 superiorem
1048 3842 1175 3887 non
1216 3823 1464 3896 habeat,
1496 3830 1781 3885 recurrat
1807 3822 1886 3884 ad

388 3925 613 3998 Deum,
648 3930 718 3985 ut
746 3941 899 3986 eum
936 3922 1234 3986 emendet
1268 3928 1381 3985 aut
1416 3921 1495 3983 de
1530 3921 1743 3984 medio
1769 3919 1885 3982 tol-

388 4024 492 4086 lat.
538 4023 683 4087 Haec
726 4023 896 4086 idem
942 4021 1200 4084 ibidem.

1998 3137 2234 3200 dicitur
2279 3136 2544 3199 noxium
2600 3145 2714 3198 aut
2769 3135 3104 3198 infirmum
3162 3153 3328 3199 noxa
3383 3155 3498 3199 seu

1996 3234 2372 3316 aegritudinc
2402 3233 2632 3316 capitis
2663 3235 2906 3317 proprii
2940 3252 2955 3297 ε
2989 3235 3156 3297 sicut
3181 3242 3248 3296 et
3275 3251 3498 3297 omnes

1998 3331 2174 3394 noxii
2202 3331 2478 3394 dicimur
2517 3349 2684 3394 noxa
2719 3331 2914 3414 primi
2951 3331 3152 3394 nostri
3191 3331 3492 3413 parentia.

1998 3431 2075 3492 Et
2102 3429 2263 3492 ratio
2293 3429 2411 3491 ista
2450 3429 2782 3492 veritatem
2824 3428 3016 3491 habet
3053 3428 3120 3490 in
3159 3428 3497 3491 interdicto

1996 3535 2181 3590 terrae
2211 3525 2540 3609 principis.
2559 3526 2623 3589 Si
2654 3544 2806 3589 vero
2836 3525 3136 3608 princeps
3169 3524 3500 3588 forefaciat

1996 3633 2216 3687 contra
2263 3623 2615 3688 Ecclesiam
2662 3623 2945 3706 aliquam
2992 3624 3382 3696 attentando,
3431 3631 3501 3686 et

1994 3724 2077 3786 ob
2108 3723 2228 3786 hoc
2259 3723 2670 3786 interdictum
2699 3720 2942 3785 feratur
2971 3721 3038 3783 in
3067 3730 3237 3785 terra
3263 3721 3494 3797 aliena,

1994 3840 2119 3886 non
2153 3822 2338 3884 video
2367 3821 2808 3884 rationabilem
2849 3839 3130 3894 causam,
3161 3839 3364 3903 quum
3404 3819 3496 3882 ibi

1994 3919 2211 3981 nullus
2240 3919 2325 3982 sit
2351 3918 2602 3990 noxiuS,
2635 3936 2754 3980 nec
2785 3936 2934 3981 vere
2965 3935 3084 3981 nec
3123 3918 3496 4000 interpreta-

1992 4018 2142 4080 tive.
2189 4017 2334 4081 Haec
2376 4015 2708 4078 HenricuS.

1388 4435 2218 4550 DISTINCTIO
2307 4436 2502 4546 XX

1290 4758 1374 4820 A.
1428 4761 1528 4820 De
1570 4761 1687 4822 his
1729 4761 1857 4834 qui
1904 4761 1984 4822 in
2026 4759 2170 4830 nne
2208 4758 2588 4832 poenitent.

3527 1582 3792 1637 mh·-

650 5099 877 5164 culum
918 5098 1097 5162 vitae.
1136 5096 1327 5162 Unde
1372 5096 1507 5160 Leo
1545 5095 1726 5178 Papa
1766 5116 1781 5158 ε
1822 5096 2035 5159 Nemo
2078 5096 2180 5160 est
2225 5093 2692 5176 daepemndu8‚
2732 5094 2893 5158 dum
2947 5095 3016 5158 in
3053 5095 3178 5160 hoc
3219 5115 3490 5178 corpore
3545 5115 3607 5160 u·
3625 5116 3784 5162 rma.

412 4981 1013 5288 SCIENDUM
1048 4983 1150 5047 effi.
1185 4981 1409 5060 etiam,
1449 4979 1629 5062 quod
1672 4981 1937 5063 tempus
1982 4979 2386 5061 poenitentiae
2431 4979 2533 5042 est
2573 4996 2785 5060 usque
2821 4979 2892 5042 in
2929 4980 3300 5044 extremum
3335 4935 3502 5046 arti·-

652 5216 1053 5282 constitutus
1089 5217 1212 5294 est,
1256 5213 1413 5294 quia
1454 5229 1929 5294 nonnunquam
1966 5213 2145 5294 quod
2187 5210 2545 5275 diffidentia
2589 5211 2802 5274 aetatis
2847 5211 3168 5294 differtur,
3213 5215 3488 5278 consilio

398 5335 759 5400 maturiore
783 5332 1141 5424 perficitur.
1182 5329 1595 5410 Augustinus
1632 5329 1852 5392 tamen
1889 5328 1970 5392 de
2008 5327 2460 5410 poenitentiam
2495 5326 2950 5424 differentibus
2987 5328 3076 5391 ita
3111 5329 3338 5392 scribit
3370 5350 3386 5393 :
3419 5331 3490 5405 Si
3518 5359 3612 5401 ³⁹³.

3515 5179 3692 5230 diat-vu,
3701 5185 3784 5224 et.

3515 5294 3625 5348 Aug.
3635 5295 3786 5339 Seruo
