4267 6250
491 4451 691 4507 clv-⁴¹⁰
701 4448 758 4493 C'.

791 502 912 567 418

1463 521 1527 567 m
1567 521 1790 568 unium
1831 522 1892 567 lv
1933 520 2417 568 SENTENTIARUR.
2459 538 2541 548 —
2582 520 2735 567 msr.
2776 519 2898 582 xv;
2940 520 3166 576 QUAEST.
3210 521 3272 566 vi

791 700 924 775 pto,
969 693 1511 776 quemadmodum
1552 693 1822 757 aliarum
1871 699 2051 756 actus
2097 690 2294 755 virtu·
2324 690 2373 754 A
2406 689 2712 754 instinctu
2760 690 3035 774 Spiritus
3087 690 3318 754 Sancti.
3352 690 3526 753 Idem
3575 690 3655 753 de
3700 690 3911 753 servis

791 797 967 871 tum;
998 791 1339 855 dicendum
1370 794 1542 875 quod
1573 792 1722 857 imo.
1751 792 1828 855 Et
1857 791 2185 854 reducitur
2214 789 2292 853 ad

792 888 951 952 illud
981 897 1394 973 praeceptum,
1419 891 1662 955 Habeas
1695 892 1760 953 in
1791 891 2030 954 honore
2067 906 2293 971 paren-

790 994 884 1050 tes
918 1004 933 1048 :
966 995 1305 1069 parentum
1344 989 1583 1052 etenim
1625 989 1885 1052 nomine
1915 988 2124 1051 omnis
2154 1004 2296 1069 pro-

791 1085 1003 1148 ximus
1032 1086 1422 1167 designatur,
1456 1088 1809 1150 secundum
1840 1086 2289 1167 Augustinum.

791 1183 949 1245 Nam
990 1192 1055 1246 et
1092 1184 1296 1249 honor
1334 1185 1442 1248 ille
1481 1186 1557 1248 ad
1600 1185 2022 1248 reverentiam
2056 1192 2121 1246 et
2149 1182 2296 1245 sub-

790 1281 1148 1345 ventionem
1179 1282 1243 1345 in
1270 1283 1642 1345 necessariis
1673 1284 1958 1365 pertinet.
1971 1283 2295 1363 Quumque

793 1387 1182 1462 praeceptum
1218 1380 1385 1443 istud
1418 1381 1502 1443 sit
1538 1380 2024 1455 affirmativum,
2055 1379 2295 1460 obligat

793 1496 1068 1560 semper,
1103 1479 1212 1542 sed
1253 1497 1378 1543 non
1419 1480 1497 1542 ad
1537 1497 1812 1562 semper,
1845 1479 1954 1542 sed
1994 1496 2112 1561 pro
2154 1478 2295 1542 loco

792 1582 858 1636 et
897 1581 1185 1657 tempore
1227 1584 1604 1659 opportuno,
1641 1577 1805 1641 Ordo
1844 1578 2105 1639 demum
2144 1575 2292 1638 sub-

795 1673 1112 1737 ventionis
1166 1682 1264 1737 est
1321 1675 1489 1738 sicut
1544 1683 1606 1737 et
1661 1675 1816 1738 ordo
1869 1675 2171 1749 caritatiS,
2222 1682 2293 1737 ut

789 1771 984 1835 homo
1032 1772 1370 1836 subveniat
1419 1773 1630 1855 primo
1677 1773 1800 1836 sibi
1861 1774 2007 1856 ipsi,
2058 1773 2291 1837 deinde

2404 796 2467 851 et
2507 788 2761 851 ancillis
2804 788 3169 851 dicendum.
3206 788 3652 862 conformiter,
3686 806 3909 851 mona-

2404 887 2526 951 cho
2554 886 3094 970 dispensationem
3126 906 3342 951 rerum
3374 886 3743 951 monasterii
3772 904 3910 950 non

2405 986 2687 1059 habenti,
2720 993 2786 1048 ct
2822 986 2888 1048 in
2929 986 3207 1050 claustro
3248 986 3553 1059 manenti,
3586 1004 3715 1049 non
3756 985 3913 1048 licet

2406 1084 2615 1147 facere
2644 1083 3115 1168 eleemosynam
3156 1084 3294 1147 sine
3324 1084 3673 1167 superioris
3706 1084 3909 1147 licen-

2403 1182 2515 1257 tia,
2546 1190 2611 1245 et
2648 1183 2770 1245 nisi
2817 1183 3081 1246 forsitan
3123 1183 3233 1247 illo
3274 1183 3535 1246 absente
3578 1183 3905 1245 modicum

2404 1280 2525 1342 sub
2556 1298 2669 1362 spe
2700 1280 3185 1345 ratihabitionis.
3202 1282 3272 1343 In
3302 1282 3406 1344 via
3433 1288 3647 1343 autem
3678 1288 3743 1343 et
3770 1288 3909 1343 stu-

2405 1377 2511 1442 dio
2560 1380 2827 1461 posituS,
2868 1386 3075 1462 potest
3122 1381 3511 1443 moderatam
3560 1380 3913 1462 eleemosy-

2406 1495 2553 1539 nam
2592 1476 2823 1551 facere,
2856 1478 2935 1539 de
2975 1477 3166 1541 rebus
3206 1496 3479 1560 quarum
3513 1476 3913 1559 dispensatio

2403 1575 2526 1637 sibi
2558 1576 2901 1639 commissa
2931 1583 3045 1639 est.
3082 1575 3338 1639 Certum
3373 1584 3472 1639 est
3508 1576 3701 1639 etiam
3730 1577 3911 1659 quod

2403 1672 2623 1755 impiis
2672 1692 2801 1738 non
2850 1674 2935 1737 sit
2980 1674 3385 1758 eleemosyna
3430 1674 3638 1737 danda
3682 1675 3759 1737 ad
3810 1674 3911 1737 fo—

2401 1771 2682 1834 vendum
2727 1790 2949 1835 eorum
2997 1772 3325 1847 malitiam,
3358 1773 3471 1835 sed
3511 1772 3649 1835 dari
3692 1778 3909 1855 potest

791 1870 992 1951 magis
1041 1870 1427 1951 conjunctis,
1464 1879 1528 1934 et
1575 1879 2040 1954 consequenter
2087 1878 2290 1934 extra·
2324 1869 2372 1931 B
2401 1869 2479 1931 ad
2510 1871 3013 1933 succurrendum
3044 1878 3402 1935 naturae.—
3425 1871 3515 1933 De
3544 1870 3645 1933 his
3674 1870 3905 1933 scribit

789 1967 947 2030 neis.
997 1967 1207 2049 Exigit
1261 1987 1412 2050 ergo
1467 1977 1857 2051 praeceptum
1917 1969 2054 2043 Dei,
2105 1978 2178 2031 ut
2224 1969 2288 2031 id

789 2067 960 2147 quod
1000 2066 1247 2129 homini
1285 2076 1577 2149 superest
1617 2067 1786 2130 ultra
1824 2068 2156 2131 decentem
2186 2068 2287 2131 sui

790 2162 994 2245 ipsius
1032 2182 1105 2226 ac
1149 2182 1411 2227 suorum
1462 2166 1915 2247 provisionem,
1951 2165 2289 2247 indigenti-

787 2260 910 2323 bus
966 2262 1396 2325 communicet
1443 2269 1507 2325 et
1559 2262 1906 2345 impendat,
1955 2263 2289 2346 potissime

790 2359 858 2422 in
902 2360 1298 2424 necessitate.

869 2457 1286 2542 Eleemosyna
1321 2458 1514 2521 etiam
1553 2459 1790 2521 dicitur
1821 2458 2157 2542 potissima
2192 2459 2288 2522 in-

787 2563 886 2619 ter
913 2564 1124 2639 partes
1165 2556 1639 2632 satisfactioniS,
1672 2557 1977 2640 quoniam
2004 2558 2289 2621 virtuali-

783 2661 883 2717 ter
910 2654 1194 2719 continet
1223 2655 1574 2719 orationem
1604 2662 1796 2738 atque
1822 2655 2146 2737 jejunium
2174 2673 2191 2736 ;
2222 2663 2288 2719 et

782 2760 880 2816 est
909 2755 1198 2836 quaedam
1229 2754 1466 2819 oblatio
1498 2773 1640 2837 quae
1680 2754 2098 2837 recipientem
2129 2754 2288 2818 obli-

782 2860 888 2933 gat
927 2853 1005 2915 ad
1049 2853 1359 2915 orandum
1409 2871 1526 2935 pro
1567 2853 1774 2916 dante.
1809 2853 1883 2916 Et
1926 2860 2168 2936 quanto
2206 2872 2285 2916 ex

783 2950 1011 3032 majori
1053 2950 1240 3013 datur
1275 2949 1538 3025 affectu,
1568 2958 1744 3014 tanto
1781 2959 1878 3014 est
1914 2950 2245 3015 efficacior
2265 2970 2281 3031 3

2400 1968 2671 2031 Thomas
2710 1976 2839 2031 tam
2878 1968 2985 2031 hic
3024 1988 3217 2052 quam
3256 1970 3324 2032 in
3361 1969 3642 2033 secunda
3672 1988 3903 2032 secun·
3936 1992 4267 2045 qaum-‚2

2398 2064 2495 2129 dae
2536 2064 2775 2128 diffuse
2821 2083 2835 2128 :
2885 2066 2963 2128 de
3010 2066 3247 2148 quibus
3304 2074 3696 2152 pertranseo,
3746 2066 3905 2148 quia

2398 2164 2765 2226 communia
2808 2172 2977 2238 sunt,
3010 2171 3073 2226 et
3114 2164 3179 2226 in
3222 2163 3367 2228 aliis
3404 2163 3675 2227 diversis
3712 2182 3905 2246 opus·

2398 2261 2582 2336 culiS,
2614 2261 2987 2324 tractatibus
3026 2270 3091 2325 et
3126 2262 3555 2337 sermonibus,
3588 2262 3789 2325 multa
3818 2263 3903 2325 dc

2396 2360 2491 2421 eis
2539 2360 2914 2442 conscripsi,
2966 2379 3084 2423 nec
3134 2361 3369 2424 talibus
3420 2362 3487 2423 in
3534 2361 3656 2424 hoc
3700 2378 3903 2443 opere

2398 2458 2726 2521 immorari
2766 2466 3031 2541 oportet.

2822 2776 3299 2852 QUAESTIO
3361 2777 3469 2841 VI

782 3050 892 3112 sed
941 3049 1150 3132 quoad
1198 3050 1591 3112 accidentale
1639 3050 2002 3133 praemium,
2036 3050 2285 3113 confert
2316 3049 2359 3113 C
2536 3050 2767 3134 Mplius
2792 3050 3264 3134 quaeritur,An
3286 3050 3685 3134 jejunium
3708 3066 3902 3136 pars

784 3148 1149 3231 specialiter
1176 3149 1547 3230 magnitudo
1575 3149 1704 3211 dati
1735 3149 2090 3224 exterioris,
2113 3150 2284 3232 quod

783 3246 976 3309 etiam
1024 3247 1372 3309 attenditur
1411 3265 1606 3329 penes
1642 3245 2011 3310 facultatem
2051 3248 2287 3311 donan-

784 3345 886 3408 tis.
940 3345 1502 3428 Eleemosynarum
1547 3353 1760 3409 autem
1813 3365 1927 3408 seu
1974 3347 2286 3429 operatio-

785 3463 942 3507 num
991 3444 1467 3519 misericordiae,
1517 3444 1808 3527 quaedam
1858 3452 2008 3508 sunt
2064 3464 2285 3529 corpo-

784 3542 969 3617 rales,
997 3543 1288 3626 quaedam
1318 3543 1704 3626 spirituales„
1728 3551 1792 3607 et
1821 3553 2106 3627 utraeque
2135 3554 2288 3608 sunt

782 3649 1049 3724 septem.
1085 3642 1309 3706 Primae
1352 3642 1761 3706 continentur
1802 3643 1923 3707 hoc
1963 3662 2153 3706 versu
2187 3661 2202 3706 :

781 3803 983 3866 Visito,
1015 3807 1169 3870 pote,
1202 3803 1347 3865 cibo,
1376 3804 1610 3866 redimo,
1642 3808 1791 3870 tego,
1823 3805 2047 3871 collige,
2079 3807 2281 3861 condo.

782 3939 1088 4004 Secundae
1129 3958 1280 4004 vero
1322 3947 1670 4022 tanguntur
1707 3941 2026 4004 versiculo
2072 3943 2193 4005 isto
2227 3961 2241 4005 ε

781 4089 1043 4150 Consule,
1075 4089 1310 4155 castiga,
1348 4090 1550 4152 solare,
1581 4091 1823 4154 remitte,
1855 4091 1958 4153 fer,
1988 4105 2104 4145 ora.

2562 3149 3141 3218 satisfactionis
3184 3152 3538 3221 exsistat.

2483 3248 2748 3312 Videtur
2800 3249 2971 3331 quod
3028 3267 3180 3324 non,
3242 3249 3544 3332 quoniam
3600 3249 3899 3332 jejunare

2395 3364 2735 3410 commune
2766 3353 2863 3408 est
2891 3345 3077 3408 bonis
3106 3365 3179 3409 ac
3210 3346 3415 3420 malis„
3442 3353 3507 3409 et
3535 3347 3895 3410 secundum

2394 3445 2790 3527 Apostolum,
2824 3444 3171 3526 corporalis
3216 3444 3588 3509 exercitatio
3634 3444 3711 3507 ad
3762 3463 3899 3509 mc-
3930 3463 4267 3520 ira-,ma

2395 3542 2611 3605 dicum
2642 3542 2818 3605 utilis
2847 3549 2961 3605 est.
2996 3542 3281 3606 Christus
3322 3559 3579 3625 quoque
3612 3544 3841 3606 asserit
3874 3562 3891 3607 :

2394 3641 2531 3704 Non
2562 3649 2830 3724 possunt
2859 3640 2981 3703 filii
3013 3641 3229 3724 sponsi
3258 3641 3895 3725 jejunare,quamdiu
3944 3662 4167 3711 uates.
4192 3682 4263 3719 ιι,

2396 3759 2543 3803 cum
2575 3739 2704 3803 illis
2732 3746 2829 3802 est
2857 3756 3149 3821 sponsus.
3182 3739 3388 3814 Quum
3424 3757 3575 3821 ergo
3602 3739 3895 3804 Christus
3928 3729 4013 3771 ¹⁵·

2396 3838 2841 3921 multipliciter
2876 3839 2959 3900 sit
3012 3837 3375 3914 nobiscum,
3420 3857 3547 3902 non
3598 3840 3895 3921 congruit

2396 3938 2581 4002 nobis
2623 3937 2690 4001 in
2733 3937 2861 4000 vita
2905 3938 3021 4001 hac
3058 3936 3373 4019 jejunare.

2477 4135 2658 4199 Circa
2693 4135 2829 4198 haec
2870 4132 3095 4196 scribit
3136 4133 3576 4196 Bonaventura
3608 4149 3623 4196 ε
3652 4133 3895 4216 iejuni-

847 4235 1170 4307 Praeterea‚
1185 4233 1264 4296 de
1293 4233 1528 4315 quibus
1559 4234 1750 4297 rebus
1780 4235 1986 4298 danda
2013 4235 2096 4298 sit
2124 4236 2283 4300 elee-
2314 4237 2364 4299 D
2397 4252 2507 4295 um
2571 4239 2668 4295 est
2731 4250 2894 4314 opus
2959 4229 3475 4305 satisfactorium,
3536 4231 3892 4294 secundum

786 4351 1070 4415 mosyna,
1103 4339 1167 4394 et
1204 4331 1441 4415 quibus
1470 4340 1790 4415 competat
1818 4352 1958 4396 eam
1993 4334 2164 4410 dare,
2196 4343 2284 4398 ta-

787 4439 962 4493 ctum
1000 4437 1098 4493 est
1144 4430 1211 4492 in
1249 4430 1634 4512 praecedenti
1677 4432 1962 4513 quaesito.
2013 4433 2279 4516 Nempe,

787 4547 987 4613 quum
1028 4527 1130 4590 vir
1171 4527 1255 4590 sit
1297 4534 1489 4609 caput
1533 4529 1770 4604 uxoris,
1803 4537 1866 4592 et
1909 4531 2282 4614 principalis

786 4629 852 4690 in
903 4625 1213 4708 regimine
1254 4626 1504 4702 domuS,
1541 4645 1669 4691 non
1715 4627 1863 4692 licet
1911 4629 2093 4693 uxori
2142 4631 2281 4694 sine

784 4740 1100 4786 consensu
1138 4721 1260 4784 viri
1299 4720 1510 4786 facere
1549 4723 1981 4808 eleemosynas
2021 4745 2282 4810 magnas

782 4840 858 4884 ac
906 4819 1237 4904 specialeS,
1287 4821 1414 4883 nisi
1463 4818 1676 4884 forsan
1725 4822 1809 4885 sit
1855 4824 2126 4900 lucrosa,
2172 4833 2284 4888 aut

781 4920 1087 5003 specialia
1113 4918 1281 4982 bona
1309 4919 1550 4982 habens
1580 4927 1811 5002 praeter
1836 4922 2070 4986 dotem.
2105 4923 2280 4987 Idem

780 5018 1127 5081 dicendum
1156 5017 1236 5080 de
1275 5015 1696 5081 filiofamilias
1731 5027 2026 5101 respectu
2054 5037 2280 5101 paren-

778 5124 942 5190 tum,
983 5115 1122 5178 sine
1170 5131 1442 5197 quorum
1493 5116 1752 5180 licentia
1797 5133 1926 5180 non
1973 5118 2281 5200 competit

779 5215 840 5278 ei
888 5214 1097 5277 facere
1119 5255 1122 5259 -
1145 5214 1578 5298 eleemosynas
1623 5234 1881 5297 magnas
1939 5223 2048 5279 aut
2103 5217 2279 5280 dam-

781 5331 938 5375 num
987 5311 1292 5375 sensibile
1342 5311 1708 5388 inferenteS,
1760 5313 1882 5376 nisi
1938 5313 2151 5377 forsan
2199 5333 2276 5378 ex

2394 4331 2564 4414 quod
2614 4330 2899 4393 Christus
2942 4328 3031 4392 ait
3075 4346 3090 4390 :
3137 4329 3267 4392 Hoc
3308 4346 3511 4409 genus
3553 4328 3896 4392 daemonio-
3954 4348 4143 4399 um.
4180 4369 4253 4406 ιι,

2394 4448 2537 4491 rum
2573 4429 2638 4490 in
2668 4426 2848 4490 nullo
2878 4434 3085 4510 potest
3112 4426 3307 4500 exire,
3342 4426 3467 4490 nisi
3511 4426 3577 4489 in
3606 4427 3893 4491 oratione
3922 4411 4013 4455 ²⁸·

2392 4536 2455 4591 et
2489 4525 2760 4610 jejunio.
2796 4525 2927 4601 Est,
2960 4524 3245 4608 inquam,
3278 4523 3775 4589 satisfactorium
3820 4526 3894 4588 li-

2392 4626 2674 4690 berando
2714 4643 2753 4687 a
2796 4641 3003 4706 poena,
3037 4642 3237 4706 quum
3280 4624 3365 4685 sit
3404 4641 3567 4706 opus
3614 4625 3887 4706 poenale.

2391 4725 2551 4787 Hinc
2580 4724 2709 4788 Deo
2737 4729 2835 4785 est
2864 4720 3193 4803 placitum,
3227 4721 3530 4803 quoniam
3568 4721 3796 4786 animai
3824 4731 3895 4787 et

2392 4822 2675 4904 corporis
2714 4828 2812 4884 est
2848 4818 3371 4895 reordinativum,
3404 4827 3718 4903 quatenus
3756 4837 3893 4886 cor-

2392 4939 2513 5003 pus
2560 4919 2818 5002 spiritui
2860 4935 2989 4982 non
3037 4925 3369 5000 repugnet,
3401 4919 3553 5001 quia
3598 4925 3673 4981 ut
3716 4918 3889 4984 Salo-

2390 5037 2543 5083 mon
2600 5019 2711 5093 ait,
2768 5018 2881 5101 qui
2942 5036 2981 5079 a
3035 5016 3311 5099 pueritia
3364 5016 3633 5080 delicate
3688 5019 3891 5084 nutrit
3917 5036 4243 5096 mmm.

2389 5136 2648 5181 servum
2694 5135 2907 5191 suum,
2939 5123 3157 5199 postea
3198 5133 3349 5178 eum
3394 5115 3627 5178 sentiet
3668 5125 3890 5180 contu·
3916 5101 4001 5145 ²¹·

2391 5233 2674 5295 macem3
2706 5221 2897 5297 atque
2947 5221 3017 5277 ut
3064 5211 3319 5295 spiritui
3368 5211 3647 5276 totaliter
3687 5213 3890 5294 subji-

2389 5315 2615 5388 ciatur,
2643 5313 2825 5394 juxta
2855 5311 3011 5375 illud
3043 5310 3349 5394 Apostoli,
3377 5310 3627 5392 Castigo
3654 5327 3891 5394 corpus
3916 5327 4241 5390 iem-‚1232
