4267 6250
850 465 981 530 230
1451 455 1456 466 '
1540 485 1606 531 m
1645 483 1869 532 mauu
1909 483 1972 530 tv
2012 481 2497 529 SENTENTIARUK.
2538 499 2619 510 —
2658 481 2813 528 msr.
2856 481 2961 545 1¹3
3004 481 3230 538 cumr.
3270 482 3293 527 1

857 654 1228 737 spiritualis,
1265 655 1504 718 Deinde
1535 654 1704 718 circa
1729 654 1866 718 haec
1894 653 2178 717 excludit
2206 669 2358 735 quo·
2384 652 2434 715 A
2554 651 2631 716 Et
2685 659 2901 716 tamen
2958 652 3246 716 omnium
3302 652 3537 716 horum
3592 651 3971 734 oppositum

859 753 1152 816 rumdam
1211 771 1514 828 errorem,
1565 753 1918 816 dicentium
1975 752 2147 834 quod
2205 751 2357 814 boni
2466 750 2651 815 docet
2708 751 2880 833 (quae
2938 768 3063 814 non
3120 752 3315 832 errat)
3372 757 3589 814 sancta
3654 748 3968 822 Ecclesia,

860 870 974 940 seu
1032 852 1300 916 virtuosi
1361 853 1690 915 dumtaxat
1750 851 2078 934 accipiunt
2131 869 2356 914 verum
2467 868 2650 932 quam
2688 849 3113 913 infallibiliter
3156 851 3317 932 regit
3354 848 3629 932 Spiritus
3668 849 3967 910 Sanctus.

861 967 1093 1032 corpus
1125 958 1190 1012 et
1226 951 1603 1032 sanguinem
1646 949 1902 1023 Christi,
1936 968 2064 1013 non
2094 948 2309 1011 vitiosi
2341 965 2355 1010 :

860 1049 1161 1130 quocirca
1188 1049 1453 1131 exponit
1479 1049 1770 1131 quaedam
1802 1046 2095 1122 obscura,
2129 1053 2194 1108 et
2221 1064 2359 1108 ver·
2546 1048 2765 1130 ltaque
2812 1047 2891 1109 de
2939 1045 3040 1108 his
3092 1045 3317 1109 scribit
3365 1044 3746 1110 Guillelmus
3796 1042 3972 1107 Pari-

861 1144 942 1209 ba
983 1146 1320 1228 Augustini
1361 1147 1659 1210 declarat.
2466 1145 2695 1207 siensis
2745 1144 2811 1207 in
2854 1162 2977 1208 suo
3018 1143 3469 1207 Sacramentali
3503 1160 3517 1205 :
3549 1142 3975 1217 Quemadmo-

2466 1243 2621 1305 dum
2670 1259 2799 1306 non
2858 1249 2956 1305 est
2999 1242 3131 1305 vita
3178 1242 3427 1325 corpori
3476 1240 3793 1315 animalis,
3846 1258 3975 1302 nec

1549 1418 1552 1420 v
2468 1341 2843 1404 sustentatio
2872 1341 3037 1417 vitae,
3066 1340 3309 1422 absque
3339 1340 3849 1422 incorporatione
3880 1338 3975 1400 ci-

1174 1421 1647 1496 QUAESTIO
1718 1419 2049 1486 PRIMA
2469 1439 2535 1501 bi
2584 1439 3059 1518 convenientis;
3105 1439 3197 1502 sic
3247 1456 3375 1502 non
3424 1446 3523 1502 est
3565 1437 3696 1501 vita
3748 1435 3978 1519 gratian

2470 1538 2643 1601 cordi
2683 1538 2965 1601 humano
3008 1536 3249 1620 absque
3289 1535 3723 1600 incordatione
3764 1543 3831 1598 et
3880 1534 3981 1596 in-

1012 1643 1076 1704 Ic
1118 1641 1445 1724 quaeritur,
1486 1641 1616 1708 An
1664 1642 2037 1709 Christus
2087 1641 2175 1706 :ln
2222 1641 2361 1707 Sa·
2468 1635 2888 1699 visceratione
2932 1633 3282 1718 spiritualis
3326 1634 3455 1697 cibi
3502 1634 3595 1696 illi
3634 1633 3779 1697 vitae
3818 1651 3979 1696 con-

1040 1743 1446 1808 eramento
1492 1755 1709 1822 vere,
1747 1739 2106 1822 realiter,
2158 1737 2360 1804 aoei-
2468 1733 2806 1797 venientis.
2841 1733 3195 1796 incordatio
3233 1739 3445 1795 autem
3488 1750 3613 1796 non
3659 1732 3831 1795 aliud
3874 1739 3981 1794 est

857 1840 1128 1920 piatur
1155 1853 1248 1906 ao
1277 1840 1828 1920 manducetur,
1858 1839 1943 1904 et
1973 1839 2162 1919 quot
2196 1838 2361 1903 sint
2395 1834 2442 1897 B
2472 1852 2664 1915 quam
2696 1831 3047 1915 spiritualis
3078 1850 3191 1894 seu
3232 1831 3529 1894 cordialis
3568 1831 3794 1904 unitio,
3826 1850 3980 1912 quae

858 1938 1074 2004 modj
1139 1937 1666 2006 manducandi,
1733 1937 2147 2004 christum
2218 1950 2359 2001 seu
2471 1949 2599 1994 non
2642 1937 2741 1993 est
2782 1930 2907 1993 nisi
2950 1947 3129 1992 amor
3171 1929 3308 1992 sive
3350 1929 3610 1992 dilectio
3657 1937 3975 2010 quantum

859 2034 1522 2102 oommmuoandi.
2471 2029 2549 2091 ad
2590 2028 2719 2091 vim
2762 2027 3063 2091 motivam
3105 2027 3520 2111 superiorem.
3556 2026 3685 2090 Hoc
3728 2026 3981 2109 quippe

941 2134 1277 2214 Quumque
1327 2133 1390 2194 in
1443 2131 1542 2194 his
1591 2139 2138 2213 praesupponatur‚
2190 2129 2358 2212 quod
2472 2126 2835 2190 cordialiter
2872 2145 2983 2189 seu
3030 2126 3447 2209 spiritualiter
3486 2125 3670 2188 nobis
3716 2124 3979 2187 unitum

861 2230 1237 2294 exsistentes
1288 2230 1354 2292 in
1404 2235 1664 2312 peccato
1715 2228 1986 2302 mortali,
2036 2227 2364 2310 accipiunt
2472 2232 2589 2299 est,
2622 2225 2791 2307 quod
2837 2244 2985 2288 vere
3028 2244 3340 2300 amamus,
3369 2225 3551 2307 juxta
3595 2225 3752 2288 illud
3791 2225 3981 2286 Joan-

862 2347 1093 2411 corpus
1137 2326 1390 2401 Christi,
1425 2327 1753 2408 quaeritur,
1792 2326 2066 2408 qualiter
2108 2326 2229 2389 hoc
2279 2325 2362 2386 sit
2472 2324 2574 2385 nis
2609 2341 2623 2385 ε
2658 2324 2847 2405 Rog0,
2879 2324 3079 2398 Pater,
3124 2331 3195 2385 ut
3234 2323 3337 2386 isti
3379 2324 3509 2386 sint
3547 2343 3771 2396 unum,
3802 2323 3983 2385 sicut
4006 2336 4241 2380 Joammn

859 2446 1109 2500 verum,
1129 2435 1192 2489 et
1217 2445 1299 2489 an
1329 2424 1566 2488 talibus
1597 2424 2090 2487 ministrandum
2121 2423 2206 2486 sit
2234 2441 2364 2486 cor·
2472 2439 2589 2503 ego
2619 2428 2683 2484 et
2709 2429 2776 2483 tu
2809 2441 3010 2484 unum
3042 2440 3284 2484 sumus.
3318 2422 3651 2503 Quumque
3682 2421 3982 2503 incorpo-
4008 2403 4077 2442 ²³·

861 2544 982 2609 pus
1031 2523 1300 2605 Christi3
1350 2543 1430 2586 an
1479 2523 1674 2585 etiam
1731 2523 1918 2585 liceat
1977 2521 2069 2585 eis
2128 2538 2360 2603 corpus
2475 2519 2634 2581 ratio
2682 2518 2811 2582 cibi
2859 2519 2944 2581 sit
2990 2538 3139 2583 vere
3188 2520 3515 2596 comestio,
3564 2527 3775 2582 cetera
3818 2535 3983 2581 vero

859 2624 1092 2688 Christi
1125 2623 1192 2686 in
1219 2623 1628 2686 Sacramento
1659 2621 1896 2697 videre,
1931 2629 1994 2684 et
2024 2629 2239 2683 utrum
2279 2620 2361 2681 ir-
2474 2636 2616 2699 quae
2644 2616 3033 2699 praecedunt,
3067 2617 3558 2700 praeparationes
3588 2625 3739 2679 sunt
3764 2617 3845 2679 ad
3878 2635 3985 2680 co-

858 2720 1182 2785 rationalis
1233 2727 1521 2783 creatura
1558 2719 1792 2802 accipit
1830 2720 2310 2782 Sacramentum
2340 2735 2358 2797 3
2476 2714 3050 2777 mestionem:hinc
3083 2715 3435 2778 incordatio
3462 2715 3590 2778 cibi
3622 2715 3985 2798 spiritualis

856 2841 938 2884 an
969 2820 1162 2884 etiarn
1192 2826 1504 2882 nocturna
1532 2816 1802 2900 pollutio
1841 2816 2152 2899 impediat
2193 2835 2360 2879 com·
2474 2831 2623 2876 vere
2654 2813 2961 2876 comestio
2990 2821 3087 2876 est
3114 2813 3486 2894 hujusmodi
3516 2813 3664 2876 cibi.
3684 2814 3830 2877 Ideo
3862 2815 3988 2876 sic-

859 2918 1250 2982 munionem.
2477 2919 2547 2973 ut
2586 2912 2725 2974 sine
2764 2911 3197 2975 incordatione
3232 2931 3344 2974 seu
3386 2912 3646 2975 cordiali
3686 2912 3985 2976 unitione

938 3017 1202 3079 Videtur
1240 3014 1409 3096 quod
1449 3030 1681 3095 corpus
1721 3011 1951 3075 Christi
1993 3012 2362 3075 manducari
2401 3012 2443 3075 C
2476 3029 2593 3073 nec
2634 3010 2828 3073 vitam
2876 3010 3093 3092 gratiae
3142 3028 3260 3072 nec
3306 3010 3500 3074 vitam
3548 3011 3765 3092 gloriae
3807 3011 3990 3092 quis-

861 3134 990 3179 non
1033 3113 1258 3197 possit,
1292 3111 1417 3175 nisi
1459 3111 1805 3193 aequivoce,
1837 3109 2104 3193 tropice,
2138 3130 2251 3173 seu
2292 3109 2367 3172 ri·
2474 3129 2666 3192 quam
2701 3116 2909 3192 potest
2937 3107 3191 3183 habere,
3226 3108 3318 3172 sic
3349 3109 3487 3173 sine
3528 3109 3845 3193 spirituali
3879 3129 3986 3174 co-

862 3210 1169 3295 guraliter
1215 3219 1279 3274 et
1337 3209 1688 3292 improprie
1735 3208 1814 3271 de
1871 3208 2361 3271 manducatione
2476 3206 2787 3272 mestione
2830 3208 3032 3290 ipsius
3076 3208 3188 3270 Dei
3228 3217 3521 3271 neutram
3562 3208 3736 3271 illam
3774 3210 3981 3272 vitam

863 3311 1200 3393 loquendo.
1252 3308 1430 3383 Quod
1477 3306 1651 3370 enim
1699 3305 2254 3369 intransmutabile
2301 3314 2365 3368 et
2474 3324 2815 3389 possumus
2872 3305 3161 3369 obtinere
3218 3313 3329 3368 aut
3388 3307 3733 3389 possidere.
3799 3308 3983 3371 Unde

864 3407 1351 3491 incorruptibile
1395 3413 1512 3481 est,
1546 3424 1674 3469 non
1722 3406 1979 3487 proprie
2025 3405 2363 3468 manduca-
2473 3412 2719 3467 constat
2751 3423 2973 3469 verum
3002 3423 3143 3467 esse
3172 3405 3341 3487 quod
3369 3405 3461 3468 ait
3489 3405 3772 3469 Salvator
3806 3423 3819 3469 ε
3855 3407 3979 3481 Qui
4019 3420 4241 3463 [marsi

861 3516 1000 3587 tur;
1041 3525 1272 3589 corpus
1322 3512 1534 3568 autem
1584 3503 1816 3567 Christi
1863 3503 2246 3585 (praesertim
2297 3511 2365 3565 ut
2476 3503 2815 3565 manducat
2864 3522 2987 3577 me,
3020 3511 3085 3566 et
3129 3502 3264 3585 ipse
3308 3504 3480 3566 vivet
3521 3511 3781 3586 propter
3824 3524 3935 3567 me
3962 3522 3981 3585 3
4012 3487 4231 3535 ⁵⁹¹³³'³⁵·

861 3604 1320 3689 glorificatum)
1360 3600 1914 3665 intransmutabile
1953 3609 2067 3664 est.
2101 3636 2183 3646 —
2213 3602 2365 3664 Rur-
2475 3601 2779 3683 itemque,
2812 3601 2929 3674 Qui
2980 3601 3320 3663 manducat
3367 3602 3539 3664 hunc
3588 3620 3843 3683 panem,
3888 3604 3983 3664 vi-

862 3723 993 3778 suS,
1040 3702 1210 3785 quod
1259 3701 1698 3775 manducatur,
1745 3706 1841 3761 est
1887 3697 2070 3761 cibus
2090 3716 2107 3777 3
2146 3698 2363 3761 cibum
2474 3706 2581 3762 vet
2613 3698 2675 3761 in
2707 3706 3048 3777 aeternum3
3081 3705 3145 3760 et
3171 3699 3403 3774 denu0,
3436 3699 3619 3762 Panis
3649 3719 3838 3763 verus
3880 3710 3984 3764 est

862 3819 1013 3866 vero
1071 3807 1314 3864 constat
1362 3799 1428 3861 in
1488 3799 1781 3861 edentem
1835 3796 2144 3872 converti,
2194 3796 2364 3879 quod
2477 3796 2587 3878 qui
2618 3796 2947 3859 descendit
2983 3796 3062 3859 de
3101 3796 3283 3869 coe10,
3316 3803 3380 3858 et
3417 3795 3525 3857 dat
3552 3796 3747 3859 vitam
3790 3816 3982 3858 mun-

861 3918 989 3964 non
1039 3898 1337 3963 convenit
1387 3896 1637 3979 corpori
1687 3895 1938 3961 Christi.
1981 3931 2062 3942 —
2098 3896 2369 3978 Insuper
2475 3895 2594 3974 do;
2631 3900 2695 3956 et
2737 3912 2979 3967 rursuS,
3014 3894 3145 3975 Ego
3188 3913 3329 3956 sum
3370 3894 3553 3976 panis
3590 3894 3757 3957 vitae.
3790 3895 3983 3957 Panis

861 3999 1028 4063 fides
1069 3996 1210 4072 ista,
1249 3996 1420 4079 quod
1459 3995 1746 4059 Christus
1785 3996 1878 4057 sic
1923 3995 2363 4070 manducatur,
2475 4000 2691 4055 autem
2738 3992 3207 4055 nutrimentum
3259 4000 3357 4055 est
3402 3992 3567 4055 vitae.
3621 3992 3699 4055 Et
3744 4012 3983 4055 unum-

865 4096 1097 4161 avertit
1135 4094 1370 4157 multos
1399 4114 1436 4157 a
1473 4093 1627 4169 fide,
1660 4099 1849 4175 atque
1883 4093 1959 4154 ad
2001 4092 2367 4156 irrisionem
2478 4090 2776 4171 quodque
2817 4089 2882 4151 in
2922 4098 3232 4171 quantum
3275 4088 3584 4163 vivificat,
3616 4090 3716 4152 vel
3762 4090 3984 4153 vivifi-

867 4203 932 4259 et
988 4202 1428 4277 contemptum
1486 4190 1846 4254 christianae
1906 4191 2235 4272 religionis
2294 4209 2367 4253 ac
2398 4190 2448 4252 D
2479 4207 2626 4251 cum
2658 4188 2935 4251 calorem
2966 4187 3211 4251 inducit
3240 4195 3348 4251 aut
3377 4188 3598 4263 nutrit,
3632 4188 3695 4250 in
3726 4197 3983 4251 tantum

871 4292 1374 4358 Christianorum
1423 4288 1668 4352 inducit
1719 4305 1732 4350 :
1786 4307 1935 4370 ergo
1978 4307 2103 4351 non
2154 4288 2370 4351 decuit
2479 4293 2697 4350 sancto
2737 4285 3028 4349 calefacit
3068 4303 3305 4359 amore,
3338 4292 3401 4349 et
3438 4285 3623 4349 cibus
3661 4294 3931 4350 vocatur
3966 4306 3979 4349 :

871 4390 1194 4455 Christum
1237 4388 1389 4452 talia
1435 4388 1684 4449 tradere
1727 4404 1800 4448 ac
1839 4386 2098 4459 docere,
2132 4386 2243 4467 qui
2290 4386 2367 4448 ad
2480 4384 2717 4448 idcirco
2747 4384 2813 4445 in
2846 4392 3155 4465 quantum
3188 4383 3341 4446 facit
3369 4403 3603 4458 amare,
3630 4384 3695 4446 in
3726 4392 3980 4446 tantum

871 4488 994 4552 hoc
1037 4487 1214 4550 venit
1260 4493 1328 4547 ut
1374 4484 1666 4547 homines
1711 4484 1788 4545 ad
1834 4483 2032 4545 fidem
2082 4489 2147 4545 et
2195 4501 2369 4547 reve·
2479 4482 2789 4557 vivificat,
2821 4484 3146 4564 vitamque
3176 4483 3307 4545 alit.
3340 4482 3469 4545 Hoc
3500 4483 3839 4564 diligenter
3868 4485 3981 4546 ad-

869 4586 1141 4650 rentiam
1200 4583 1525 4666 religionis
1583 4581 1816 4645 divinae
1878 4581 2227 4644 induceret.
2290 4617 2369 4627 —
2479 4589 2676 4656 verte,
2729 4601 2930 4663 quum
2989 4580 3073 4643 sit
3126 4580 3615 4643 fundamentum
3673 4588 3739 4643 et
3796 4582 3981 4644 radix

867 4686 1176 4750 Praeterea
1221 4682 1474 4745 videtur
1519 4679 1776 4763 penitus
1822 4680 2122 4761 derogare
2168 4680 2370 4761 digni·
2479 4679 2871 4762 probationis
2900 4677 3144 4741 vivifici
3176 4687 3366 4761 atque
3397 4679 3745 4743 ineffabilis
3774 4699 3983 4743 sacra-

869 4784 982 4848 tati
1013 4802 1087 4846 ac
1111 4781 1365 4845 veritati
1395 4779 1590 4860 hujus
1632 4778 2139 4861 praestantissimi
2170 4796 2370 4841 sacra·
2480 4778 2701 4851 menti,
2755 4796 2944 4860 quam
2996 4775 3281 4858 effugere
3339 4778 3565 4859 nequit
3613 4778 3980 4841 intellectus

869 4881 1095 4957 menti,
1127 4888 1200 4943 ut
1224 4899 1263 4944 a
1292 4878 1538 4942 vitiosis
1577 4884 1884 4951 sumatur,
1918 4883 1983 4939 et
2019 4876 2114 4939 ori
2146 4894 2366 4939 eorum
2476 4894 2675 4958 capax
2714 4874 3019 4948 veritatis,
3052 4876 3155 4937 cui
3196 4894 3323 4939 non
3368 4876 3838 4939 contradicetur
3882 4878 3981 4940 in-

607 4994 642 5038 11
662 4994 840 5047 Cor-vt.
868 4984 1202 5065 ingeratur.
1217 4979 1366 5054 Quae
1394 4977 1567 5042 enim
1596 4977 1696 5058 (ut
1723 4976 1812 5039 ait
1834 4974 2201 5058 Apostolus)
2228 4992 2371 5038 con·
2475 4974 2697 5047 teriuS,
2743 4993 2943 5056 quum
2990 4973 3181 5037 fuerit
3222 4973 3555 5037 elucidata.

575 5060 641 5110 ’⁴'
665 5063 731 5107 ¹⁵·
867 5081 1084 5146 ventio
1123 5078 1354 5144 Christi
1399 5077 1479 5139 ad
1517 5072 1736 5150 Belial,
1768 5084 1834 5139 et
1875 5074 2036 5138 lucis
2079 5075 2159 5137 ad
2198 5081 2369 5138 tene-
2558 5072 2765 5136 Primo
2798 5073 2991 5154 igitur
3020 5091 3333 5154 ponemus
3362 5073 3519 5136 duas
3554 5091 3775 5137 causas
3804 5092 3979 5138 erro-

866 5181 1053 5244 bras‘l
1091 5176 1472 5242 Horribilius
1521 5192 1776 5257 quoque
1821 5173 2074 5237 videtur
2115 5190 2361 5248 sonare,
2472 5172 2563 5235 ris
2611 5170 3077 5245 haereticorum,
3116 5190 3231 5253 per
3276 5190 3433 5253 quas
3484 5172 3773 5253 impediti
3826 5182 3981 5235 sunt

863 5287 935 5342 ut
975 5298 1014 5341 a
1055 5276 1259 5341 brutis
1301 5274 1686 5341 concedatur
1726 5271 1892 5334 sumi
1937 5290 2010 5333 ac
2053 5271 2177 5333 edi.
2473 5271 2731 5335 credere
2760 5276 2826 5335 et
2854 5269 3073 5333 videre
3105 5269 3437 5333 veritatem
3476 5271 3859 5337 sacramenti
3893 5272 3973 5337 is-
