4267 6250
120 1678 207 1721 icor.
216 1694 237 1730 ι,
248 1684 299 1723 13.

1219 515 1397 563 mm
1438 517 1500 563 ιν
1540 514 2023 563 snm-aurianum
2064 532 2146 543 —
2185 514 2340 561 msr.
2381 514 2452 561 ιιι
3308 492 3389 557 95

317 682 389 746 ab
413 682 713 765 originali,
744 683 839 747 sic
868 683 1227 766 baptismus
1257 704 1449 767 quem
1481 704 1520 748 a
1544 686 1782 749 Ioanne
1812 687 1864 750 A
1892 685 1981 759 di,
2013 684 2316 769 baptizati
2356 684 2444 747 ita
2479 683 2562 747 ab
2604 683 2762 766 ipso.
2799 681 3090 747 Secundo
3120 678 3392 761 intelligi

318 782 593 863 suscepit,
624 800 749 845 non
778 781 905 844 fuit
932 782 1187 863 signum
1218 782 1492 864 alicujus
1527 783 1783 847 interio-
1893 789 2120 864 potest,
2153 782 2456 845 Joannem
2498 780 2848 863 baptizasse
2888 779 3146 863 proprio
3188 778 3392 861 bapti-

318 879 393 941 ris
436 878 679 942 lotionis
720 887 831 941 aut
877 880 1273 962 purgationis
1322 900 1451 943 suae
1492 900 1529 943 a
1571 881 1777 963 culpa.
1894 898 2032 943 smo
2060 881 2160 961 (ut
2189 880 2432 942 dictum
2463 879 2607 959 est),
2641 886 2705 940 ct
2741 877 2952 941 taliter
2982 876 3280 959 baptizati
3312 875 3392 939 ab

384 977 687 1040 Postremo
717 978 1379 1061 ScotuszDupliciter,
1414 978 1643 1061 inquit,
1679 998 1784 1061 po-
1893 996 1990 1051 eo,
2042 984 2224 1039 crant
2280 976 2644 1059 baptizandi
2696 976 3086 1057 Baptismate
3135 974 3388 1039 Christi.

318 1082 423 1137 test
466 1074 747 1157 intelligi,
786 1076 1093 1140 Ioannem
1142 1075 1513 1158 baptizasse.
1548 1077 1780 1151 Primo,
1892 1076 2035 1138 Haec
2076 1076 2318 1139 Scotus.
2352 1110 2435 1122 —-
2461 1076 2694 1137 Verum
2741 1091 2868 1136 non
2909 1091 3052 1136 reor
3085 1073 3392 1136 Ioannem

318 1173 373 1233 in
403 1173 589 1236 forma
620 1174 1028 1257 Baptismatis
1058 1173 1314 1249 Christi,
1348 1193 1537 1257 quam
1576 1176 1784 1257 potuit
1893 1173 2246 1255 baptizasse
2281 1174 2606 1255 Baptismo
2645 1172 2900 1245 Christi,
2934 1172 3085 1254 quia
3124 1190 3396 1254 praecur-

317 1271 459 1334 scire
496 1291 533 1333 a
572 1273 905 1356 discipulis
945 1273 1177 1337 Christi
1218 1281 1330 1336 aut
1364 1273 1505 1336 aliis
1540 1291 1555 1337 ι
1590 1283 1654 1337 et
1691 1275 1783 1338 sic
1893 1272 2054 1335 soris
2094 1271 2370 1335 habebat
2407 1270 2725 1345 officium,
2759 1277 2824 1332 ct
2861 1269 3186 1351 Scriptura
3211 1287 3393 1351 aper·

320 1388 426 1431 non
462 1370 773 1434 diceretur
810 1372 1069 1453 proprie
1109 1371 1465 1454 baptismus
1500 1373 1780 1448 Ioannis,
1892 1370 2140 1433 tissime
2187 1376 2572 1452 protestatur
2618 1388 2768 1431 eum
2827 1386 3014 1429 usum
3073 1366 3393 1449 baptismo

319 1468 463 1529 sicut
488 1487 653 1530 nunc
683 1487 811 1532 non
842 1469 1077 1531 dicitur
1104 1468 1460 1552 baptismus
1489 1470 1653 1533 Petri
1682 1478 1785 1533 aut
1893 1468 2193 1530 distincto
2232 1485 2304 1529 ac
2346 1466 2675 1529 differenti
2720 1485 2756 1528 a
2791 1466 3176 1547 Baptismate
3215 1464 3390 1527 Chri-

320 1564 489 1627 Pauli.
516 1566 725 1629 Talem
756 1585 1034 1649 namque
1062 1584 1341 1631 errorem
1376 1568 1785 1649 reprehendit
1892 1568 1993 1630 sti.
2025 1566 2156 1630 Nec
2189 1566 2318 1628 ulla
2353 1566 2694 1631 auctoritas
2725 1566 2979 1628 videtur
3017 1565 3138 1627 hoc
3168 1564 3390 1627 edoce·

321 1663 385 1723 ad
421 1662 763 1727 Corinthios
798 1665 1051 1728 Paulus.
1083 1665 1161 1727 Et
1200 1664 1252 1727 si
1294 1666 1415 1728 isto
1454 1666 1641 1728 modo
1682 1667 1785 1728 ba·
1893 1685 1983 1741 re,
2014 1665 2183 1749 quod
2211 1665 2480 1729 Joannes
2511 1652 2926 1747 baptizaverit
2957 1664 3021 1725 in
3055 1662 3259 1726 forma
3287 1663 3391 1725 ba·

322 1760 588 1842 ptizasset
611 1763 903 1837 IoanneS,
938 1782 1066 1826 non
1096 1762 1364 1826 fuissent
1388 1763 1787 1853 *rebaptizan-
1894 1764 2212 1847 ptismatis
2256 1783 2448 1847 quam
2491 1763 2750 1826 tradidit
2792 1762 3096 1827 Christus,

1234 2216 2142 2329 DISTINCTIO
2251 2218 2439 2327 III

1352 2535 1433 2599 A.
1492 2539 1673 2605 Quid
1716 2538 1817 2602 sit
1857 2538 2304 2612 Baptismus.

322 2766 677 3063 POST
724 2768 1277 2844 haec,videndu1n
1326 2770 1449 2848 est,
1490 2769 1650 2850 quid
1698 2770 1787 2832 sit
1832 2768 2238 2851 BaptismuS,
2273 2770 2338 2833 et
2387 2786 2536 2851 quae
2586 2770 2674 2833 sit
2729 2770 2963 2851 forma,
3005 2772 3070 2835 et
3123 2772 3384 2853 quando
3467 2798 3609 2856 nm,
3626 2800 3682 2843 α.

553 2885 923 2963 institutuS,
962 2886 1029 2947 et
1064 2901 1261 2947 causa
1305 2884 1765 2948 institutionis,
1806 2884 2189 2966 Baptismus
2230 2884 2471 2947 dicitur
2513 2885 2839 2966 intinctiO,
2881 2886 2950 2949 id
2997 2888 3098 2950 est
3135 2886 3384 2950 ablutio
3411 2861 3679 2981 ῗζζζῗέξ

554 3000 852 3082 corporis
879 3002 1185 3079 exterior,
1226 3000 1398 3063 facta
1427 3000 1553 3064 sub
1589 2999 1803 3063 forma
1840 2999 2192 3064 verborum
2229 3001 2631 3083 praescripta.
2671 3002 2743 3067 Si
2771 3003 2950 3065 enim
2985 3002 3234 3066 ablutio
3272 3003 3387 3067 fiat

318 3116 440 3181 sine
464 3118 677 3199 verb0,
718 3135 855 3182 non
883 3118 983 3182 est
1018 3117 1112 3181 ibi
1155 3118 1675 3200 sacramentum;
1715 3116 1831 3181 sed
1868 3116 2214 3181 accedente
2239 3116 2445 3182 verbo
2487 3118 2572 3182 ad
2608 3118 3031 3199 elementum,
3061 3119 3136 3184 fit
3171 3137 3386 3184 sacra-

318 3237 579 3299 mentum
620 3256 637 3298 ε
676 3253 815 3299 non
857 3237 1087 3318 utique
1122 3237 1347 3318 ipsum
1392 3237 1791 3301 elementum
1828 3231 1903 3298 fit
1946 3236 2453 3316 sacramentum,
2481 3236 2597 3300 sed
2637 3237 2887 3301 ablutio
2931 3237 3104 3302 facta
3149 3238 3222 3301 in
3258 3237 3386 3302 ele-

320 3353 529 3415 mento.
560 3351 751 3418 Unde
796 3351 1259 3433 Augustinus:
1292 3353 1511 3417 Verbo
1566 3352 1905 3435 Baptisma
1960 3353 2412 3434 consecratum
2442 3352 2712 3417 detrahe
2767 3354 3064 3432 verbum,
3104 3355 3168 3418 et
3222 3353 3384 3435 quid
3434 3373 3682 3430 Aminio-

320 3468 401 3530 est
438 3484 595 3550 aqua
637 3469 772 3532 nisi
818 3486 990 3550 aqua
1008 3469 1041 3530 ‘I
1070 3469 1338 3533 Accedit
1374 3470 1647 3533 verbum
1698 3469 1783 3532 ad
1828 3469 2252 3549 elementum,
2298 3469 2364 3532 et
2397 3469 2475 3532 fit
2512 3473 3018 3534 sacramentum.
3053 3470 3240 3534 Unde
3287 3473 3388 3534 est
3411 3440 3680 3553 ἓῗῇῗοι

318 3581 439 3646 haec
468 3587 639 3648 tanta
664 3586 882 3648 virtus
917 3602 1130 3666 aquae,
1169 3587 1247 3649 ut
1282 3602 1521 3666 corpus
1555 3586 1782 3666 tangat
1817 3585 1883 3648 et
1911 3602 2023 3648 cor
2059 3583 2304 3664 abluat,
2336 3585 2467 3648 nisi
2505 3585 2783 3650 faciente
2811 3586 3034 3665 verbo,
3061 3603 3194 3650 non
3231 3587 3389 3668 quia

318 3696 544 3780 dicitur,
576 3701 693 3765 sed
724 3701 882 3781 quia
919 3699 1254 3764 creditur?
1279 3701 1451 3764 Nam
1483 3703 1549 3765 et
1581 3701 1653 3763 in
1691 3701 1837 3782 ipso
1876 3701 2075 3764 verbo
2104 3700 2286 3764 aliud
2321 3703 2420 3764 est
2455 3718 2659 3766 sonus
2691 3703 3040 3782 transiens,
3068 3702 3252 3766 aliud
3287 3704 3389 3767 est

318 3812 498 3879 virtus
531 3817 711 3880 intus
748 3833 1044 3880 manens.
1069 3851 1159 3863 —
1192 3816 1269 3880 In
1298 3816 1559 3880 duobus
1596 3833 1751 3898 ergo
1796 3817 2099 3880 consistit
2136 3817 2620 3881 sacramentum
2649 3816 2998 3899 Baptismi,
3031 3818 3282 3882 scilicet
3316 3819 3387 3880 in

318 3929 485 3995 verbo
513 3935 578 3996 et
605 3933 955 3996 elemento.
994 3933 1167 4014 Ergo
1203 3933 1327 3998 etsi
1363 3933 1493 3996 alia
1529 3933 1747 3997 desint
1777 3951 1925 4014 quae
1969 3933 2050 3996 ad
2091 3932 2396 3997 decorem
2433 3934 2824 3997 sacramenti
2864 3934 3168 3997 instituta
3203 3934 3404 4014 sunt,.

318 4059 427 4107 non
458 4048 598 4112 ideo
636 4049 863 4112 minus
900 4050 1000 4113 est
1033 4066 1267 4113 verum
1302 4050 1787 4113 sacramentum
1833 4049 1899 4113 et
1944 4050 2268 4129 sanctum,
2311 4049 2369 4112 si
2407 4049 2682 4113 verbum
2719 4049 2808 4113 sit
2853 4049 2945 4112 ibi
2994 4050 3059 4114 et
3099 4050 3386 4113 elemen-

320 4160 459 4226 tum.
494 4164 663 4228 Nam
708 4166 776 4229 et
819 4165 890 4227 in
944 4165 1071 4228 hoc
1122 4166 1529 4229 sacramento
1581 4167 1648 4230 et
1694 4166 1764 4229 in
1816 4165 1987 4244 aliis,
2024 4167 2328 4247 quaedam
2376 4165 2590 4229 solent
2638 4166 2780 4230 fieri
2839 4167 2922 4229 ad
2967 4167 3266 4231 decorem
3321 4167 3389 4230 et

319 4273 692 4344 honestatem
729 4282 1146 4362 sacramenti,
1192 4283 1496 4362 quaedam
1532 4283 1615 4344 ad
1651 4281 2085 4345 substantiam
2126 4283 2190 4344 et
2233 4298 2498 4345 causam
2541 4283 2931 4346 sacramenti
2967 4283 3382 4364 pertinentia.

317 4391 399 4455 De
430 4395 781 4460 substantia
818 4397 1021 4478 hujus
1063 4397 1453 4461 sacramenti
1490 4398 1645 4461 sunt
1681 4396 1955 4460 verbum
1994 4397 2060 4460 et
2099 4397 2524 4475 elementum,
2566 4398 2780 4461 cetera
2808 4399 2889 4462 ad
2927 4399 3386 4463 solennitatem

322 4507 443 4588 eJ'us
480 4514 821 4593 pertinent.

1340 4737 1417 4800 B.
1468 4742 1569 4802 De
1612 4739 1864 4813 forma
1910 4739 2303 4813 Raptis-mi.

434 4957 549 5023 Sed
590 4960 766 5043 quod
808 4963 911 5024 aet
956 4961 1119 5024 illud
1176 4961 1474 5042 verbum,
1526 4979 1657 5042 quo
1710 4963 2054 5026 accedente
2109 4963 2192 5026 ad
2243 4962 2666 5041 elementum,
2723 4962 2798 5026 fit
2849 4961 3382 5026 sacramentum?

325 5068 549 5138 Veritas
579 5077 643 5140 te
678 5077 893 5156 docet,
934 5093 1083 5158 quae
1120 5076 1324 5157 hujus
1350 5077 1741 5141 sacramenti
1789 5076 2071 5140 formam
2112 5077 2398 5156 tradens,
2433 5075 2524 5139 ait
2569 5075 2912 5156 discipulis
2944 5096 2958 5138 τ
2993 5077 3113 5156 Ite,
3155 5076 3383 5143 docete
3461 5101 3637 5146 naeth.

328 5201 524 5253 omnae
548 5195 791 5274 gentes,
830 5191 1237 5274 baptizantes
1274 5209 1388 5257 eos
1416 5193 1487 5255 in
1523 5195 1789 5258 nomine
1817 5194 2033 5258 Patris
2071 5194 2136 5258 et
2172 5193 2328 5255 Filii
2355 5193 2422 5256 et
2456 5191 2742 5273 Spiritus
2769 5191 3012 5255 Sancti.
3044 5192 3381 5258 Invocatio
3408 5177 3552 5217 '‘m''
3576 5167 3642 5209 '⁹'

330 5300 501 5382 igitur
527 5307 860 5374 Trinitatis
896 5308 1173 5375 verbum
1219 5309 1461 5372 dicitur
1501 5326 1633 5391 quo
1670 5309 2009 5392 Baptisma
2051 5309 2502 5390 consecratur3
2550 5309 2617 5371 et
2658 5307 2802 5373 haec
2844 5308 2945 5373 est
2989 5305 3202 5374 forma
3237 5327 3383 5376 ver-
