<?xml version="1.0" encoding="UTF-8"?>
<!DOCTYPE html PUBLIC "-//W3C//DTD XHTML 1.0 Transitional//EN"
    "http://www.w3.org/TR/xhtml1/DTD/xhtml1-transitional.dtd">
<html xmlns="http://www.w3.org/1999/xhtml" xml:lang="en" lang="en">
 <head>
  <title>
</title>
<meta http-equiv="Content-Type" content="text/html;charset=utf-8" />
  <meta name='ocr-system' content='tesseract 3.04.00' />
  <meta name='ocr-capabilities' content='ocr_page ocr_carea ocr_par ocr_line ocrx_word'/>
</head>
<body>
  <div class='ocr_page' id='page_1' title='image "./doctorisecstati04unkngoog_0485.png"; bbox 0 0 4267 6250; ppageno 0'>
   <div class='ocr_carea' id='block_1_1' title="bbox 777 525 2922 586">
    <p class='ocr_par' dir='ltr' id='par_1_1' title="bbox 777 525 2922 586">
     <span class='ocr_line' id='line_1_1' title="bbox 777 525 2922 586; baseline -0.001 -11"><span class='ocrx_word' id='word_1_1' title='bbox 777 525 1094 575; x_wconf 73' lang='lat' dir='ltr'><strong>commo</strong></span> <span class='ocrx_word' id='word_1_2' title='bbox 1131 526 1276 585; x_wconf 80' lang='lat' dir='ltr'><strong>Qum</strong></span> <span class='ocrx_word' id='word_1_3' title='bbox 1316 528 1430 585; x_wconf 75' lang='lat'><strong>811⁸,</strong></span> <span class='ocrx_word' id='word_1_4' title='bbox 1473 526 1547 574; x_wconf 78' lang='lat' dir='ltr'><strong>m·</strong></span> <span class='ocrx_word' id='word_1_5' title='bbox 1585 526 1872 583; x_wconf 71' lang='lat' dir='ltr'><strong>Quouono</strong></span> <span class='ocrx_word' id='word_1_6' title='bbox 1910 526 2212 574; x_wconf 69' lang='lat' dir='ltr'><strong>mrrmr</strong></span> <span class='ocrx_word' id='word_1_7' title='bbox 2250 527 2332 573; x_wconf 73' lang='lat' dir='ltr'><strong>AB</strong></span> <span class='ocrx_word' id='word_1_8' title='bbox 2371 526 2756 586; x_wconf 69' lang='lat' dir='ltr'><strong>A&#39;rmmonn,</strong></span> <span class='ocrx_word' id='word_1_9' title='bbox 2794 526 2922 573; x_wconf 71' lang='lat' dir='ltr'><strong>nm.</strong></span> 
     </span>
    </p>
   </div>
   <div class='ocr_carea' id='block_1_2' title="bbox 3276 506 3397 571">
    <p class='ocr_par' dir='ltr' id='par_1_2' title="bbox 3276 506 3397 571">
     <span class='ocr_line' id='line_1_2' title="bbox 3276 506 3397 571; baseline 0 0"><span class='ocrx_word' id='word_1_10' title='bbox 3276 506 3397 571; x_wconf 74' lang='lat'><strong>459</strong></span> 
     </span>
    </p>
   </div>
   <div class='ocr_carea' id='block_1_3' title="bbox 287 696 3399 779">
    <p class='ocr_par' dir='ltr' id='par_1_3' title="bbox 287 696 3399 779">
     <span class='ocr_line' id='line_1_3' title="bbox 287 696 3399 779; baseline -0.001 -18"><span class='ocrx_word' id='word_1_11' title='bbox 287 706 410 761; x_wconf 90' lang='lat' dir='ltr'><strong>est.</strong></span> <span class='ocrx_word' id='word_1_12' title='bbox 459 698 670 761; x_wconf 88' lang='lat' dir='ltr'><strong>Tertia</strong></span> <span class='ocrx_word' id='word_1_13' title='bbox 722 698 998 761; x_wconf 81' lang='lat' dir='ltr'><strong>sumitur</strong></span> <span class='ocrx_word' id='word_1_14' title='bbox 1045 716 1124 760; x_wconf 85' lang='lat' dir='ltr'><strong>ex</strong></span> <span class='ocrx_word' id='word_1_15' title='bbox 1171 698 1386 761; x_wconf 89' lang='lat' dir='ltr'><strong>verbis</strong></span> <span class='ocrx_word' id='word_1_16' title='bbox 1433 697 1793 778; x_wconf 81' lang='lat' dir='ltr'><strong>Augustini,</strong></span> <span class='ocrx_word' id='word_1_17' title='bbox 1823 701 1876 766; x_wconf 83' lang='lat' dir='ltr'>A</span> <span class='ocrx_word' id='word_1_18' title='bbox 1901 705 2016 760; x_wconf 90' lang='lat' dir='ltr'><strong>est.</strong></span> <span class='ocrx_word' id='word_1_19' title='bbox 2057 698 2289 779; x_wconf 90' lang='lat' dir='ltr'><strong>Sicque</strong></span> <span class='ocrx_word' id='word_1_20' title='bbox 2338 698 2633 762; x_wconf 88' lang='lat' dir='ltr'><strong>contritio</strong></span> <span class='ocrx_word' id='word_1_21' title='bbox 2679 698 2801 761; x_wconf 87' lang='lat' dir='ltr'><strong>hoc</strong></span> <span class='ocrx_word' id='word_1_22' title='bbox 2848 698 3209 779; x_wconf 88' lang='lat' dir='ltr'><strong>designans,</strong></span> <span class='ocrx_word' id='word_1_23' title='bbox 3242 696 3399 759; x_wconf 87' lang='lat' dir='ltr'><strong>dicit</strong></span> 
     </span>
    </p>
   </div>
   <div class='ocr_carea' id='block_1_4' title="bbox 287 795 1802 1865">
    <p class='ocr_par' dir='ltr' id='par_1_4' title="bbox 287 795 1802 1865">
     <span class='ocr_line' id='line_1_4' title="bbox 287 795 1790 879; baseline -0.001 -21"><span class='ocrx_word' id='word_1_24' title='bbox 287 797 406 879; x_wconf 85' lang='lat' dir='ltr'><strong>qui</strong></span> <span class='ocrx_word' id='word_1_25' title='bbox 439 798 644 879; x_wconf 88' lang='lat' dir='ltr'><strong>tangit</strong></span> <span class='ocrx_word' id='word_1_26' title='bbox 671 795 982 860; x_wconf 85' lang='lat' dir='ltr'><strong>effectum</strong></span> <span class='ocrx_word' id='word_1_27' title='bbox 1011 796 1434 871; x_wconf 79' lang='lat' dir='ltr'><strong>contritioniS‚</strong></span> <span class='ocrx_word' id='word_1_28' title='bbox 1465 796 1790 860; x_wconf 88' lang='lat' dir='ltr'><strong>videlicet:</strong></span> 
     </span>
     <span class='ocr_line' id='line_1_5' title="bbox 289 894 1791 978; baseline -0.001 -20"><span class='ocrx_word' id='word_1_29' title='bbox 289 894 610 958; x_wconf 88' lang='lat' dir='ltr'><strong>Contritio</strong></span> <span class='ocrx_word' id='word_1_30' title='bbox 667 902 766 957; x_wconf 88' lang='lat' dir='ltr'><strong>est</strong></span> <span class='ocrx_word' id='word_1_31' title='bbox 821 894 1002 958; x_wconf 88' lang='lat' dir='ltr'><strong>dolor</strong></span> <span class='ocrx_word' id='word_1_32' title='bbox 1049 895 1380 958; x_wconf 90' lang='lat' dir='ltr'><strong>remittens</strong></span> <span class='ocrx_word' id='word_1_33' title='bbox 1439 902 1791 978; x_wconf 86' lang='lat' dir='ltr'><strong>peccatum.</strong></span> 
     </span>
     <span class='ocr_line' id='line_1_6' title="bbox 289 992 1800 1075; baseline 0 -20"><span class='ocrx_word' id='word_1_34' title='bbox 289 994 528 1067; x_wconf 83' lang='lat' dir='ltr'><strong>Quarta</strong></span> <span class='ocrx_word' id='word_1_35' title='bbox 555 1012 635 1055; x_wconf 89' lang='lat' dir='ltr'><strong>ex</strong></span> <span class='ocrx_word' id='word_1_36' title='bbox 665 992 882 1057; x_wconf 90' lang='lat' dir='ltr'><strong>verbis</strong></span> <span class='ocrx_word' id='word_1_37' title='bbox 913 992 1198 1075; x_wconf 82' lang='lat' dir='ltr'><strong>Gregorii</strong></span> <span class='ocrx_word' id='word_1_38' title='bbox 1227 994 1347 1057; x_wconf 88' lang='lat' dir='ltr'><strong>ista</strong></span> <span class='ocrx_word' id='word_1_39' title='bbox 1380 1001 1479 1057; x_wconf 82' lang='lat' dir='ltr'><strong>est</strong></span> <span class='ocrx_word' id='word_1_40' title='bbox 1511 1011 1525 1056; x_wconf 90' lang='lat'>:</span> <span class='ocrx_word' id='word_1_41' title='bbox 1559 993 1800 1058; x_wconf 89' lang='lat' dir='ltr'><strong>Contri-</strong></span> 
     </span>
     <span class='ocr_line' id='line_1_7' title="bbox 292 1091 1800 1175; baseline 0.001 -21"><span class='ocrx_word' id='word_1_42' title='bbox 292 1093 386 1155; x_wconf 87' lang='lat' dir='ltr'><strong>tio</strong></span> <span class='ocrx_word' id='word_1_43' title='bbox 409 1100 510 1155; x_wconf 53' lang='grc' dir='ltr'><strong>θεῖ</strong></span> <span class='ocrx_word' id='word_1_44' title='bbox 535 1091 869 1155; x_wconf 84' lang='lat' dir='ltr'><strong>humilitas</strong></span> <span class='ocrx_word' id='word_1_45' title='bbox 899 1092 1182 1174; x_wconf 78' lang='lat' dir='ltr'><strong>spirituS,</strong></span> <span class='ocrx_word' id='word_1_46' title='bbox 1196 1092 1558 1155; x_wconf 90' lang='lat' dir='ltr'><strong>annihilans</strong></span> <span class='ocrx_word' id='word_1_47' title='bbox 1590 1111 1800 1175; x_wconf 87' lang='lat' dir='ltr'><strong>pecca-</strong></span> 
     </span>
     <span class='ocr_line' id='line_1_8' title="bbox 290 1190 1802 1273; baseline 0.001 -22"><span class='ocrx_word' id='word_1_48' title='bbox 290 1199 460 1262; x_wconf 85' lang='lat' dir='ltr'><strong>tum,</strong></span> <span class='ocrx_word' id='word_1_49' title='bbox 484 1190 653 1253; x_wconf 88' lang='lat' dir='ltr'><strong>inter</strong></span> <span class='ocrx_word' id='word_1_50' title='bbox 681 1209 864 1273; x_wconf 90' lang='lat' dir='ltr'><strong>spem</strong></span> <span class='ocrx_word' id='word_1_51' title='bbox 895 1198 960 1253; x_wconf 90' lang='grc' dir='ltr'><strong>θῖ</strong></span> <span class='ocrx_word' id='word_1_52' title='bbox 988 1191 1304 1255; x_wconf 90' lang='lat' dir='ltr'><strong>timorem.</strong></span> <span class='ocrx_word' id='word_1_53' title='bbox 1331 1191 1408 1253; x_wconf 91' lang='lat' dir='ltr'><strong>Et</strong></span> <span class='ocrx_word' id='word_1_54' title='bbox 1436 1191 1570 1255; x_wconf 79' lang='lat' dir='ltr'><strong>haec</strong></span> <span class='ocrx_word' id='word_1_55' title='bbox 1601 1192 1802 1272; x_wconf 86' lang='lat' dir='ltr'><strong>tangit</strong></span> 
     </span>
     <span class='ocr_line' id='line_1_9' title="bbox 294 1288 1801 1372; baseline 0.002 -22"><span class='ocrx_word' id='word_1_56' title='bbox 294 1288 612 1351; x_wconf 89' lang='lat' dir='ltr'><strong>rationem</strong></span> <span class='ocrx_word' id='word_1_57' title='bbox 645 1289 928 1352; x_wconf 88' lang='lat' dir='ltr'><strong>nominis</strong></span> <span class='ocrx_word' id='word_1_58' title='bbox 967 1290 1035 1353; x_wconf 89' lang='lat' dir='ltr'><strong>in</strong></span> <span class='ocrx_word' id='word_1_59' title='bbox 1070 1290 1190 1353; x_wconf 90' lang='lat' dir='ltr'><strong>hoc</strong></span> <span class='ocrx_word' id='word_1_60' title='bbox 1227 1291 1398 1372; x_wconf 86' lang='lat' dir='ltr'><strong>quod</strong></span> <span class='ocrx_word' id='word_1_61' title='bbox 1435 1290 1612 1363; x_wconf 89' lang='lat' dir='ltr'><strong>dicit,</strong></span> <span class='ocrx_word' id='word_1_62' title='bbox 1647 1290 1801 1353; x_wconf 86' lang='lat' dir='ltr'><strong>Con·</strong></span> 
     </span>
     <span class='ocr_line' id='line_1_10' title="bbox 293 1387 1801 1470; baseline 0.001 -21"><span class='ocrx_word' id='word_1_63' title='bbox 293 1388 475 1451; x_wconf 89' lang='lat' dir='ltr'><strong>tritio</strong></span> <span class='ocrx_word' id='word_1_64' title='bbox 531 1395 631 1451; x_wconf 86' lang='lat' dir='ltr'><strong>est</strong></span> <span class='ocrx_word' id='word_1_65' title='bbox 679 1388 1010 1451; x_wconf 80' lang='lat' dir='ltr'><strong>humilitas</strong></span> <span class='ocrx_word' id='word_1_66' title='bbox 1058 1388 1360 1470; x_wconf 91' lang='lat' dir='ltr'><strong>spiritus;</strong></span> <span class='ocrx_word' id='word_1_67' title='bbox 1407 1396 1472 1451; x_wconf 85' lang='lat' dir='ltr'><strong>et</strong></span> <span class='ocrx_word' id='word_1_68' title='bbox 1527 1387 1801 1451; x_wconf 87' lang='lat' dir='ltr'><strong>effectus</strong></span> 
     </span>
     <span class='ocr_line' id='line_1_11' title="bbox 293 1486 1798 1570; baseline 0 -21"><span class='ocrx_word' id='word_1_69' title='bbox 293 1487 458 1568; x_wconf 85' lang='lat' dir='ltr'><strong>ejus,</strong></span> <span class='ocrx_word' id='word_1_70' title='bbox 475 1506 680 1569; x_wconf 91' lang='lat' dir='ltr'><strong>quum</strong></span> <span class='ocrx_word' id='word_1_71' title='bbox 709 1486 1410 1560; x_wconf 86' lang='lat' dir='ltr'><strong>subditur,Annihilans</strong></span> <span class='ocrx_word' id='word_1_72' title='bbox 1440 1494 1798 1570; x_wconf 83' lang='lat' dir='ltr'><strong>peccatum3</strong></span> 
     </span>
     <span class='ocr_line' id='line_1_12' title="bbox 291 1585 1796 1668; baseline 0 -21"><span class='ocrx_word' id='word_1_73' title='bbox 291 1593 489 1667; x_wconf 88' lang='lat' dir='ltr'><strong>atque</strong></span> <span class='ocrx_word' id='word_1_74' title='bbox 515 1586 834 1667; x_wconf 77' lang='lat' dir='ltr'><strong>originem</strong></span> <span class='ocrx_word' id='word_1_75' title='bbox 873 1586 1036 1668; x_wconf 81' lang='lat' dir='ltr'><strong>ejuS‚</strong></span> <span class='ocrx_word' id='word_1_76' title='bbox 1069 1586 1379 1660; x_wconf 89' lang='lat' dir='ltr'><strong>addendo,</strong></span> <span class='ocrx_word' id='word_1_77' title='bbox 1411 1585 1581 1648; x_wconf 90' lang='lat' dir='ltr'><strong>Inter</strong></span> <span class='ocrx_word' id='word_1_78' title='bbox 1617 1604 1796 1668; x_wconf 89' lang='lat' dir='ltr'><strong>spem</strong></span> 
     </span>
     <span class='ocr_line' id='line_1_13' title="bbox 295 1683 1802 1766; baseline 0 -21"><span class='ocrx_word' id='word_1_79' title='bbox 295 1690 360 1745; x_wconf 90' lang='lat' dir='ltr'><strong>et</strong></span> <span class='ocrx_word' id='word_1_80' title='bbox 399 1683 722 1747; x_wconf 87' lang='lat' dir='ltr'><strong>timorem.</strong></span> <span class='ocrx_word' id='word_1_81' title='bbox 757 1684 1002 1747; x_wconf 87' lang='lat' dir='ltr'><strong>Idcirco</strong></span> <span class='ocrx_word' id='word_1_82' title='bbox 1040 1702 1166 1747; x_wconf 88' lang='lat' dir='ltr'><strong>non</strong></span> <span class='ocrx_word' id='word_1_83' title='bbox 1207 1684 1416 1746; x_wconf 90' lang='lat' dir='ltr'><strong>solum</strong></span> <span class='ocrx_word' id='word_1_84' title='bbox 1451 1684 1631 1766; x_wconf 86' lang='lat' dir='ltr'><strong>ponit</strong></span> <span class='ocrx_word' id='word_1_85' title='bbox 1659 1703 1802 1746; x_wconf 93' lang='lat' dir='ltr'><strong>cau-</strong></span> 
     </span>
     <span class='ocr_line' id='line_1_14' title="bbox 295 1782 1802 1865; baseline 0.001 -21"><span class='ocrx_word' id='word_1_86' title='bbox 295 1802 434 1845; x_wconf 88' lang='lat' dir='ltr'><strong>sam</strong></span> <span class='ocrx_word' id='word_1_87' title='bbox 486 1782 935 1865; x_wconf 74' lang='lat' dir='ltr'><strong>principalem,</strong></span> <span class='ocrx_word' id='word_1_88' title='bbox 981 1802 1124 1865; x_wconf 81' lang='lat' dir='ltr'><strong>quae</strong></span> <span class='ocrx_word' id='word_1_89' title='bbox 1169 1790 1268 1845; x_wconf 91' lang='lat' dir='ltr'><strong>est</strong></span> <span class='ocrx_word' id='word_1_90' title='bbox 1313 1783 1526 1853; x_wconf 91' lang='lat' dir='ltr'><strong>timor,</strong></span> <span class='ocrx_word' id='word_1_91' title='bbox 1577 1784 1688 1845; x_wconf 90' lang='lat' dir='ltr'><strong>sed</strong></span> <span class='ocrx_word' id='word_1_92' title='bbox 1737 1790 1802 1847; x_wconf 91' lang='grc' dir='ltr'><strong>θῖ</strong></span> 
     </span>
    </p>
   </div>
   <div class='ocr_carea' id='block_1_5' title="bbox 1903 796 3411 1867">
    <p class='ocr_par' dir='ltr' id='par_1_5' title="bbox 1903 796 3411 1867">
     <span class='ocr_line' id='line_1_15' title="bbox 1904 796 3394 861; baseline -0.001 -2"><span class='ocrx_word' id='word_1_93' title='bbox 1904 797 2353 860; x_wconf 85' lang='lat' dir='ltr'><strong>rectitudinem</strong></span> <span class='ocrx_word' id='word_1_94' title='bbox 2392 797 2735 861; x_wconf 83' lang='lat' dir='ltr'><strong>voluntatis</strong></span> <span class='ocrx_word' id='word_1_95' title='bbox 2775 804 2839 860; x_wconf 91' lang='lat' dir='ltr'><strong>et</strong></span> <span class='ocrx_word' id='word_1_96' title='bbox 2876 804 3089 860; x_wconf 87' lang='lat' dir='ltr'><strong>actum</strong></span> <span class='ocrx_word' id='word_1_97' title='bbox 3120 796 3394 860; x_wconf 88' lang='lat' dir='ltr'><strong>virtutis.</strong></span> 
     </span>
     <span class='ocr_line' id='line_1_16' title="bbox 1903 895 3399 979; baseline 0 -22"><span class='ocrx_word' id='word_1_98' title='bbox 1903 896 2357 960; x_wconf 89' lang='lat' dir='ltr'><strong>Verumtamen</strong></span> <span class='ocrx_word' id='word_1_99' title='bbox 2388 895 2453 958; x_wconf 90' lang='lat' dir='ltr'><strong>in</strong></span> <span class='ocrx_word' id='word_1_100' title='bbox 2494 897 2874 960; x_wconf 85' lang='lat' dir='ltr'><strong>contritione</strong></span> <span class='ocrx_word' id='word_1_101' title='bbox 2903 896 3140 979; x_wconf 83' lang='lat' dir='ltr'><strong>duplex</strong></span> <span class='ocrx_word' id='word_1_102' title='bbox 3168 902 3267 957; x_wconf 88' lang='lat' dir='ltr'><strong>est</strong></span> <span class='ocrx_word' id='word_1_103' title='bbox 3293 895 3399 957; x_wconf 91' lang='lat' dir='ltr'><strong>do-</strong></span> 
     </span>
     <span class='ocr_line' id='line_1_17' title="bbox 1907 994 3399 1078; baseline 0 -21"><span class='ocrx_word' id='word_1_104' title='bbox 1907 995 2002 1057; x_wconf 93' lang='lat' dir='ltr'><strong>lor</strong></span> <span class='ocrx_word' id='word_1_105' title='bbox 2051 996 2128 1058; x_wconf 88' lang='lat' dir='ltr'><strong>de</strong></span> <span class='ocrx_word' id='word_1_106' title='bbox 2179 1004 2487 1078; x_wconf 89' lang='lat' dir='ltr'><strong>peccato:</strong></span> <span class='ocrx_word' id='word_1_107' title='bbox 2521 1016 2687 1059; x_wconf 90' lang='lat' dir='ltr'><strong>unus</strong></span> <span class='ocrx_word' id='word_1_108' title='bbox 2733 997 2798 1059; x_wconf 90' lang='lat' dir='ltr'><strong>in</strong></span> <span class='ocrx_word' id='word_1_109' title='bbox 2848 1004 3023 1077; x_wconf 88' lang='lat' dir='ltr'><strong>parte</strong></span> <span class='ocrx_word' id='word_1_110' title='bbox 3072 994 3399 1069; x_wconf 88' lang='lat' dir='ltr'><strong>sensitiva,</strong></span> 
     </span>
     <span class='ocr_line' id='line_1_18' title="bbox 1907 1092 3406 1178; baseline -0.001 -21"><span class='ocrx_word' id='word_1_111' title='bbox 1907 1102 1972 1157; x_wconf 89' lang='lat' dir='ltr'><strong>et</strong></span> <span class='ocrx_word' id='word_1_112' title='bbox 2023 1102 2120 1157; x_wconf 88' lang='lat' dir='ltr'><strong>est</strong></span> <span class='ocrx_word' id='word_1_113' title='bbox 2166 1095 2489 1178; x_wconf 86' lang='lat' dir='ltr'><strong>appetitus</strong></span> <span class='ocrx_word' id='word_1_114' title='bbox 2533 1094 2821 1158; x_wconf 88' lang='lat' dir='ltr'><strong>sensitivi</strong></span> <span class='ocrx_word' id='word_1_115' title='bbox 2866 1092 3099 1177; x_wconf 89' lang='lat' dir='ltr'><strong>passi0,</strong></span> <span class='ocrx_word' id='word_1_116' title='bbox 3140 1111 3267 1156; x_wconf 91' lang='lat' dir='ltr'><strong>non</strong></span> <span class='ocrx_word' id='word_1_117' title='bbox 3310 1112 3406 1155; x_wconf 92' lang='grc' dir='ltr'><strong>θε-</strong></span> 
     </span>
     <span class='ocr_line' id='line_1_19' title="bbox 1909 1193 3407 1276; baseline -0.001 -21"><span class='ocrx_word' id='word_1_118' title='bbox 1909 1193 2261 1256; x_wconf 90' lang='lat' dir='ltr'><strong>sentialiter</strong></span> <span class='ocrx_word' id='word_1_119' title='bbox 2308 1194 2447 1276; x_wconf 89' lang='lat' dir='ltr'><strong>ipsa</strong></span> <span class='ocrx_word' id='word_1_120' title='bbox 2494 1193 2791 1256; x_wconf 90' lang='lat' dir='ltr'><strong>contritio</strong></span> <span class='ocrx_word' id='word_1_121' title='bbox 2849 1200 3039 1275; x_wconf 88' lang='lat' dir='ltr'><strong>prout</strong></span> <span class='ocrx_word' id='word_1_122' title='bbox 3083 1200 3179 1255; x_wconf 90' lang='lat' dir='ltr'><strong>est</strong></span> <span class='ocrx_word' id='word_1_123' title='bbox 3228 1199 3407 1254; x_wconf 88' lang='lat' dir='ltr'><strong>actus</strong></span> 
     </span>
     <span class='ocr_line' id='line_1_20' title="bbox 1908 1290 3407 1373; baseline -0.003 -18"><span class='ocrx_word' id='word_1_124' title='bbox 1908 1292 2255 1355; x_wconf 84' lang='lat' dir='ltr'><strong>voluntatis</strong></span> <span class='ocrx_word' id='word_1_125' title='bbox 2300 1300 2491 1373; x_wconf 87' lang='lat' dir='ltr'><strong>atque</strong></span> <span class='ocrx_word' id='word_1_126' title='bbox 2537 1292 2810 1355; x_wconf 84' lang='lat' dir='ltr'><strong>virtutis.</strong></span> <span class='ocrx_word' id='word_1_127' title='bbox 2864 1290 3407 1366; x_wconf 82' lang='lat' dir='ltr'><strong>Quemadmodum</strong></span> 
     </span>
     <span class='ocr_line' id='line_1_21' title="bbox 1909 1389 3411 1473; baseline -0.001 -20"><span class='ocrx_word' id='word_1_128' title='bbox 1909 1390 2086 1453; x_wconf 89' lang='lat' dir='ltr'><strong>enim</strong></span> <span class='ocrx_word' id='word_1_129' title='bbox 2133 1390 2339 1453; x_wconf 88' lang='lat' dir='ltr'><strong>virtus</strong></span> <span class='ocrx_word' id='word_1_130' title='bbox 2397 1390 2791 1473; x_wconf 83' lang='lat' dir='ltr'><strong>poenitentiae</strong></span> <span class='ocrx_word' id='word_1_131' title='bbox 2848 1389 3227 1453; x_wconf 80' lang='lat' dir='ltr'><strong>exteriorem</strong></span> <span class='ocrx_word' id='word_1_132' title='bbox 3282 1406 3411 1471; x_wconf 86' lang='lat' dir='ltr'><strong>poe-</strong></span> 
     </span>
     <span class='ocr_line' id='line_1_22' title="bbox 1911 1488 3409 1572; baseline -0.001 -21"><span class='ocrx_word' id='word_1_133' title='bbox 1911 1508 2058 1551; x_wconf 89' lang='lat' dir='ltr'><strong>nam</strong></span> <span class='ocrx_word' id='word_1_134' title='bbox 2090 1490 2341 1572; x_wconf 89' lang='lat' dir='ltr'><strong>corpori</strong></span> <span class='ocrx_word' id='word_1_135' title='bbox 2374 1490 2741 1572; x_wconf 90' lang='lat' dir='ltr'><strong>poenitentis</strong></span> <span class='ocrx_word' id='word_1_136' title='bbox 2773 1489 3032 1570; x_wconf 83' lang='lat' dir='ltr'><strong>infligit,</strong></span> <span class='ocrx_word' id='word_1_137' title='bbox 3066 1488 3131 1550; x_wconf 92' lang='lat' dir='ltr'><strong>in</strong></span> <span class='ocrx_word' id='word_1_138' title='bbox 3171 1505 3409 1551; x_wconf 88' lang='lat' dir='ltr'><strong>recom-</strong></span> 
     </span>
     <span class='ocr_line' id='line_1_23' title="bbox 1912 1587 3409 1670; baseline -0.001 -20"><span class='ocrx_word' id='word_1_139' title='bbox 1912 1606 2175 1670; x_wconf 87' lang='lat' dir='ltr'><strong>pensam</strong></span> <span class='ocrx_word' id='word_1_140' title='bbox 2234 1588 2439 1670; x_wconf 80' lang='lat' dir='ltr'><strong>culpae</strong></span> <span class='ocrx_word' id='word_1_141' title='bbox 2494 1588 2561 1650; x_wconf 92' lang='lat' dir='ltr'><strong>in</strong></span> <span class='ocrx_word' id='word_1_142' title='bbox 2619 1587 2817 1651; x_wconf 91' lang='lat' dir='ltr'><strong>Deum</strong></span> <span class='ocrx_word' id='word_1_143' title='bbox 2880 1587 3237 1651; x_wconf 83' lang='lat' dir='ltr'><strong>commissae</strong></span> <span class='ocrx_word' id='word_1_144' title='bbox 3294 1605 3409 1668; x_wconf 90' lang='lat' dir='ltr'><strong>per</strong></span> 
     </span>
     <span class='ocr_line' id='line_1_24' title="bbox 1909 1685 3406 1770; baseline -0.001 -20"><span class='ocrx_word' id='word_1_145' title='bbox 1909 1705 2178 1770; x_wconf 91' lang='lat' dir='ltr'><strong>corpus;</strong></span> <span class='ocrx_word' id='word_1_146' title='bbox 2210 1687 2301 1750; x_wconf 90' lang='lat' dir='ltr'><strong>sic</strong></span> <span class='ocrx_word' id='word_1_147' title='bbox 2332 1695 2398 1750; x_wconf 91' lang='lat' dir='ltr'><strong>et</strong></span> <span class='ocrx_word' id='word_1_148' title='bbox 2424 1689 2485 1750; x_wconf 85' lang='lat' dir='ltr'><strong>vi</strong></span> <span class='ocrx_word' id='word_1_149' title='bbox 2528 1686 3015 1768; x_wconf 86' lang='lat' dir='ltr'><strong>concupiscibili</strong></span> <span class='ocrx_word' id='word_1_150' title='bbox 3051 1685 3245 1749; x_wconf 90' lang='lat' dir='ltr'><strong>infert</strong></span> <span class='ocrx_word' id='word_1_151' title='bbox 3275 1703 3406 1768; x_wconf 90' lang='lat' dir='ltr'><strong>poe-</strong></span> 
     </span>
     <span class='ocr_line' id='line_1_25' title="bbox 1911 1784 3407 1867; baseline -0.003 -18"><span class='ocrx_word' id='word_1_152' title='bbox 1911 1806 2058 1849; x_wconf 92' lang='lat' dir='ltr'><strong>nam</strong></span> <span class='ocrx_word' id='word_1_153' title='bbox 2091 1786 2377 1849; x_wconf 90' lang='lat' dir='ltr'><strong>sensitivi</strong></span> <span class='ocrx_word' id='word_1_154' title='bbox 2411 1785 2668 1860; x_wconf 79' lang='lat' dir='ltr'><strong>doloriS,</strong></span> <span class='ocrx_word' id='word_1_155' title='bbox 2702 1784 2853 1867; x_wconf 88' lang='lat' dir='ltr'><strong>quia</strong></span> <span class='ocrx_word' id='word_1_156' title='bbox 2882 1792 2947 1847; x_wconf 92' lang='grc' dir='ltr'><strong>θῖ</strong></span> <span class='ocrx_word' id='word_1_157' title='bbox 2984 1784 3123 1866; x_wconf 89' lang='lat' dir='ltr'><strong>ipsa</strong></span> <span class='ocrx_word' id='word_1_158' title='bbox 3155 1784 3233 1845; x_wconf 89' lang='lat' dir='ltr'><strong>ad</strong></span> <span class='ocrx_word' id='word_1_159' title='bbox 3264 1802 3407 1866; x_wconf 90' lang='lat' dir='ltr'><strong>pec-</strong></span> 
     </span>
    </p>
   </div>
   <div class='ocr_carea' id='block_1_6' title="bbox 297 1880 3408 1966">
    <p class='ocr_par' dir='ltr' id='par_1_6' title="bbox 297 1880 3408 1966">
     <span class='ocr_line' id='line_1_26' title="bbox 297 1880 3408 1966; baseline 0 -22"><span class='ocrx_word' id='word_1_160' title='bbox 297 1882 768 1955; x_wconf 86' lang='lat' dir='ltr'><strong>secundariam,</strong></span> <span class='ocrx_word' id='word_1_161' title='bbox 799 1902 944 1963; x_wconf 82' lang='lat' dir='ltr'><strong>quae</strong></span> <span class='ocrx_word' id='word_1_162' title='bbox 972 1889 1068 1945; x_wconf 90' lang='lat' dir='ltr'><strong>est</strong></span> <span class='ocrx_word' id='word_1_163' title='bbox 1097 1900 1264 1964; x_wconf 80' lang='lat' dir='ltr'><strong>speS‚</strong></span> <span class='ocrx_word' id='word_1_164' title='bbox 1288 1882 1426 1945; x_wconf 90' lang='lat' dir='ltr'><strong>sine</strong></span> <span class='ocrx_word' id='word_1_165' title='bbox 1455 1900 1582 1963; x_wconf 89' lang='lat' dir='ltr'><strong>qua</strong></span> <span class='ocrx_word' id='word_1_166' title='bbox 1609 1880 1801 1944; x_wconf 88' lang='lat' dir='ltr'><strong>timor</strong></span> <span class='ocrx_word' id='word_1_167' title='bbox 1827 1881 1875 1944; x_wconf 92' lang='grc' dir='ltr'><strong>Β</strong></span> <span class='ocrx_word' id='word_1_168' title='bbox 1911 1893 2122 1948; x_wconf 85' lang='lat' dir='ltr'><strong>catum</strong></span> <span class='ocrx_word' id='word_1_169' title='bbox 2182 1884 2657 1966; x_wconf 83' lang='lat' dir='ltr'><strong>cooperabatur.</strong></span> <span class='ocrx_word' id='word_1_170' title='bbox 2710 1884 3002 1946; x_wconf 89' lang='lat' dir='ltr'><strong>Attamen</strong></span> <span class='ocrx_word' id='word_1_171' title='bbox 3062 1882 3242 1946; x_wconf 91' lang='lat' dir='ltr'><strong>dolor</strong></span> <span class='ocrx_word' id='word_1_172' title='bbox 3288 1883 3408 1945; x_wconf 88' lang='lat' dir='ltr'><strong>iste</strong></span> 
     </span>
    </p>
   </div>
   <div class='ocr_carea' id='block_1_7' title="bbox 297 1980 1804 3050">
    <p class='ocr_par' dir='ltr' id='par_1_7' title="bbox 298 1980 1421 2061">
     <span class='ocr_line' id='line_1_27' title="bbox 298 1980 1421 2061; baseline 0 -19"><span class='ocrx_word' id='word_1_173' title='bbox 298 1980 812 2061; x_wconf 86' lang='lat' dir='ltr'><strong>desperationem</strong></span> <span class='ocrx_word' id='word_1_174' title='bbox 858 1980 1160 2043; x_wconf 88' lang='lat' dir='ltr'><strong>inducere</strong></span> <span class='ocrx_word' id='word_1_175' title='bbox 1191 1987 1421 2061; x_wconf 90' lang='lat' dir='ltr'><strong>posset.</strong></span> 
     </span>
    </p>

    <p class='ocr_par' dir='ltr' id='par_1_8' title="bbox 297 2077 1804 3050">
     <span class='ocr_line' id='line_1_28' title="bbox 377 2077 1802 2160; baseline 0.001 -19"><span class='ocrx_word' id='word_1_176' title='bbox 377 2077 444 2141; x_wconf 91' lang='lat' dir='ltr'><strong>Si</strong></span> <span class='ocrx_word' id='word_1_177' title='bbox 473 2086 694 2140; x_wconf 86' lang='lat' dir='ltr'><strong>autem</strong></span> <span class='ocrx_word' id='word_1_178' title='bbox 721 2077 1086 2157; x_wconf 88' lang='lat' dir='ltr'><strong>objiciatur,</strong></span> <span class='ocrx_word' id='word_1_179' title='bbox 1117 2078 1288 2160; x_wconf 89' lang='lat' dir='ltr'><strong>quod</strong></span> <span class='ocrx_word' id='word_1_180' title='bbox 1329 2077 1508 2141; x_wconf 89' lang='lat' dir='ltr'><strong>dolor</strong></span> <span class='ocrx_word' id='word_1_181' title='bbox 1545 2096 1673 2141; x_wconf 91' lang='lat' dir='ltr'><strong>non</strong></span> <span class='ocrx_word' id='word_1_182' title='bbox 1704 2087 1802 2142; x_wconf 90' lang='lat' dir='ltr'><strong>est</strong></span> 
     </span>
     <span class='ocr_line' id='line_1_29' title="bbox 297 2176 1798 2259; baseline 0 -20"><span class='ocrx_word' id='word_1_183' title='bbox 297 2177 422 2239; x_wconf 89' lang='lat' dir='ltr'><strong>nisi</strong></span> <span class='ocrx_word' id='word_1_184' title='bbox 473 2176 554 2238; x_wconf 90' lang='lat' dir='ltr'><strong>de</strong></span> <span class='ocrx_word' id='word_1_185' title='bbox 613 2176 908 2258; x_wconf 84' lang='lat' dir='ltr'><strong>praesenti</strong></span> <span class='ocrx_word' id='word_1_186' title='bbox 959 2176 1148 2251; x_wconf 90' lang='lat' dir='ltr'><strong>malo,</strong></span> <span class='ocrx_word' id='word_1_187' title='bbox 1200 2183 1532 2259; x_wconf 88' lang='lat' dir='ltr'><strong>peccatum</strong></span> <span class='ocrx_word' id='word_1_188' title='bbox 1583 2186 1798 2241; x_wconf 89' lang='lat' dir='ltr'><strong>autem</strong></span> 
     </span>
     <span class='ocr_line' id='line_1_30' title="bbox 299 2275 1798 2358; baseline 0 -21"><span class='ocrx_word' id='word_1_189' title='bbox 299 2284 592 2358; x_wconf 88' lang='lat' dir='ltr'><strong>tempore</strong></span> <span class='ocrx_word' id='word_1_190' title='bbox 637 2275 1039 2338; x_wconf 89' lang='lat' dir='ltr'><strong>contritionis</strong></span> <span class='ocrx_word' id='word_1_191' title='bbox 1089 2276 1480 2358; x_wconf 84' lang='lat' dir='ltr'><strong>praeteritum</strong></span> <span class='ocrx_word' id='word_1_192' title='bbox 1531 2282 1662 2355; x_wconf 90' lang='lat' dir='ltr'><strong>est;</strong></span> <span class='ocrx_word' id='word_1_193' title='bbox 1706 2276 1798 2338; x_wconf 92' lang='lat' dir='ltr'><strong>di-</strong></span> 
     </span>
     <span class='ocr_line' id='line_1_31' title="bbox 300 2373 1800 2456; baseline 0.001 -21"><span class='ocrx_word' id='word_1_194' title='bbox 300 2374 600 2447; x_wconf 84' lang='lat' dir='ltr'><strong>cendum,</strong></span> <span class='ocrx_word' id='word_1_195' title='bbox 619 2373 792 2455; x_wconf 89' lang='lat' dir='ltr'><strong>quod</strong></span> <span class='ocrx_word' id='word_1_196' title='bbox 821 2373 1030 2437; x_wconf 88' lang='lat' dir='ltr'><strong>adhuc</strong></span> <span class='ocrx_word' id='word_1_197' title='bbox 1059 2373 1274 2455; x_wconf 89' lang='lat' dir='ltr'><strong>aliquo</strong></span> <span class='ocrx_word' id='word_1_198' title='bbox 1305 2374 1492 2437; x_wconf 90' lang='lat' dir='ltr'><strong>modo</strong></span> <span class='ocrx_word' id='word_1_199' title='bbox 1522 2393 1800 2456; x_wconf 83' lang='lat' dir='ltr'><strong>praesens</strong></span> 
     </span>
     <span class='ocr_line' id='line_1_32' title="bbox 299 2470 1800 2555; baseline -0.001 -20"><span class='ocrx_word' id='word_1_200' title='bbox 299 2479 416 2547; x_wconf 88' lang='lat' dir='ltr'><strong>est,</strong></span> <span class='ocrx_word' id='word_1_201' title='bbox 457 2479 774 2555; x_wconf 87' lang='lat' dir='ltr'><strong>quantum</strong></span> <span class='ocrx_word' id='word_1_202' title='bbox 813 2472 892 2535; x_wconf 90' lang='lat' dir='ltr'><strong>ad</strong></span> <span class='ocrx_word' id='word_1_203' title='bbox 935 2490 1084 2535; x_wconf 92' lang='lat' dir='ltr'><strong>suos</strong></span> <span class='ocrx_word' id='word_1_204' title='bbox 1126 2470 1398 2536; x_wconf 88' lang='lat' dir='ltr'><strong>effectus</strong></span> <span class='ocrx_word' id='word_1_205' title='bbox 1441 2480 1507 2535; x_wconf 91' lang='lat' dir='ltr'><strong>et</strong></span> <span class='ocrx_word' id='word_1_206' title='bbox 1546 2472 1623 2534; x_wconf 88' lang='lat' dir='ltr'><strong>ad</strong></span> <span class='ocrx_word' id='word_1_207' title='bbox 1666 2491 1800 2534; x_wconf 92' lang='lat' dir='ltr'><strong>rea-</strong></span> 
     </span>
     <span class='ocr_line' id='line_1_33' title="bbox 299 2570 1801 2653; baseline 0 -21"><span class='ocrx_word' id='word_1_208' title='bbox 299 2578 433 2633; x_wconf 92' lang='lat' dir='ltr'><strong>tum</strong></span> <span class='ocrx_word' id='word_1_209' title='bbox 478 2590 556 2633; x_wconf 88' lang='lat' dir='ltr'><strong>ac</strong></span> <span class='ocrx_word' id='word_1_210' title='bbox 605 2570 946 2643; x_wconf 84' lang='lat' dir='ltr'><strong>maculam,</strong></span> <span class='ocrx_word' id='word_1_211' title='bbox 1011 2578 1202 2653; x_wconf 87' lang='lat' dir='ltr'><strong>atque</strong></span> <span class='ocrx_word' id='word_1_212' title='bbox 1247 2572 1326 2633; x_wconf 89' lang='lat' dir='ltr'><strong>ad</strong></span> <span class='ocrx_word' id='word_1_213' title='bbox 1374 2571 1681 2653; x_wconf 90' lang='lat' dir='ltr'><strong>temporis</strong></span> <span class='ocrx_word' id='word_1_214' title='bbox 1727 2589 1801 2633; x_wconf 90' lang='lat' dir='ltr'><strong>ac</strong></span> 
     </span>
     <span class='ocr_line' id='line_1_34' title="bbox 300 2669 1800 2752; baseline -0.001 -20"><span class='ocrx_word' id='word_1_215' title='bbox 300 2670 684 2733; x_wconf 84' lang='lat' dir='ltr'><strong>innocentiae</strong></span> <span class='ocrx_word' id='word_1_216' title='bbox 743 2669 1174 2733; x_wconf 90' lang='lat' dir='ltr'><strong>amissionem.</strong></span> <span class='ocrx_word' id='word_1_217' title='bbox 1238 2670 1482 2732; x_wconf 89' lang='lat' dir='ltr'><strong>Excitat</strong></span> <span class='ocrx_word' id='word_1_218' title='bbox 1545 2688 1800 2752; x_wconf 89' lang='lat' dir='ltr'><strong>quoque</strong></span> 
     </span>
     <span class='ocr_line' id='line_1_35' title="bbox 301 2767 1804 2851; baseline -0.001 -20"><span class='ocrx_word' id='word_1_219' title='bbox 301 2777 636 2851; x_wconf 88' lang='lat' dir='ltr'><strong>peccatum</strong></span> <span class='ocrx_word' id='word_1_220' title='bbox 668 2767 1345 2843; x_wconf 87' lang='lat' dir='ltr'><strong>dolorem‚secundum</strong></span> <span class='ocrx_word' id='word_1_221' title='bbox 1378 2769 1547 2849; x_wconf 90' lang='lat' dir='ltr'><strong>quod</strong></span> <span class='ocrx_word' id='word_1_222' title='bbox 1580 2769 1644 2831; x_wconf 91' lang='lat' dir='ltr'><strong>in</strong></span> <span class='ocrx_word' id='word_1_223' title='bbox 1679 2786 1804 2830; x_wconf 87' lang='lat' dir='ltr'><strong>me-</strong></span> 
     </span>
     <span class='ocr_line' id='line_1_36' title="bbox 303 2867 1802 2950; baseline 0 -21"><span class='ocrx_word' id='word_1_224' title='bbox 303 2868 502 2931; x_wconf 87' lang='lat' dir='ltr'><strong>moria</strong></span> <span class='ocrx_word' id='word_1_225' title='bbox 533 2876 598 2931; x_wconf 90' lang='lat' dir='ltr'><strong>et</strong></span> <span class='ocrx_word' id='word_1_226' title='bbox 627 2867 1131 2931; x_wconf 84' lang='lat' dir='ltr'><strong>consideratione</strong></span> <span class='ocrx_word' id='word_1_227' title='bbox 1163 2867 1645 2950; x_wconf 83' lang='lat' dir='ltr'><strong>praesentialiter</strong></span> <span class='ocrx_word' id='word_1_228' title='bbox 1673 2887 1802 2930; x_wconf 88' lang='lat' dir='ltr'><strong>ma-</strong></span> 
     </span>
     <span class='ocr_line' id='line_1_37' title="bbox 303 2967 1802 3050; baseline -0.001 -20"><span class='ocrx_word' id='word_1_229' title='bbox 303 2977 424 3032; x_wconf 89' lang='lat' dir='ltr'><strong>net.</strong></span> <span class='ocrx_word' id='word_1_230' title='bbox 459 2968 672 3031; x_wconf 86' lang='lat' dir='ltr'><strong>Potest</strong></span> <span class='ocrx_word' id='word_1_231' title='bbox 701 2968 890 3031; x_wconf 85' lang='lat' dir='ltr'><strong>etiam</strong></span> <span class='ocrx_word' id='word_1_232' title='bbox 920 2967 1073 3042; x_wconf 90' lang='lat' dir='ltr'><strong>dici,</strong></span> <span class='ocrx_word' id='word_1_233' title='bbox 1095 2968 1265 3050; x_wconf 90' lang='lat' dir='ltr'><strong>quod</strong></span> <span class='ocrx_word' id='word_1_234' title='bbox 1296 2967 1464 3030; x_wconf 91' lang='lat' dir='ltr'><strong>sicut</strong></span> <span class='ocrx_word' id='word_1_235' title='bbox 1494 2967 1802 3030; x_wconf 91' lang='lat' dir='ltr'><strong>memoria</strong></span> 
     </span>
    </p>
   </div>
   <div class='ocr_carea' id='block_1_8' title="bbox 1908 1982 3412 3049">
    <p class='ocr_par' dir='ltr' id='par_1_9' title="bbox 1908 1982 3412 3049">
     <span class='ocr_line' id='line_1_38' title="bbox 1911 1982 3409 2066; baseline -0.002 -21"><span class='ocrx_word' id='word_1_236' title='bbox 1911 1990 2118 2066; x_wconf 90' lang='lat' dir='ltr'><strong>potest</strong></span> <span class='ocrx_word' id='word_1_237' title='bbox 2166 1982 2486 2064; x_wconf 89' lang='lat' dir='ltr'><strong>pertinere</strong></span> <span class='ocrx_word' id='word_1_238' title='bbox 2541 1982 2620 2044; x_wconf 90' lang='lat' dir='ltr'><strong>ad</strong></span> <span class='ocrx_word' id='word_1_239' title='bbox 2680 1982 3124 2044; x_wconf 85' lang='lat' dir='ltr'><strong>contritionem</strong></span> <span class='ocrx_word' id='word_1_240' title='bbox 3186 1989 3256 2043; x_wconf 90' lang='lat' dir='ltr'><strong>ut</strong></span> <span class='ocrx_word' id='word_1_241' title='bbox 3312 1988 3409 2043; x_wconf 84' lang='lat' dir='ltr'><strong>est</strong></span> 
     </span>
     <span class='ocr_line' id='line_1_39' title="bbox 1909 2080 3407 2164; baseline -0.001 -21"><span class='ocrx_word' id='word_1_242' title='bbox 1909 2102 2055 2164; x_wconf 85' lang='lat' dir='ltr'><strong>pars</strong></span> <span class='ocrx_word' id='word_1_243' title='bbox 2085 2080 2466 2144; x_wconf 88' lang='lat' dir='ltr'><strong>sacramenti</strong></span> <span class='ocrx_word' id='word_1_244' title='bbox 2490 2080 2827 2163; x_wconf 87' lang='lat' dir='ltr'><strong>:quoniam</strong></span> <span class='ocrx_word' id='word_1_245' title='bbox 2858 2087 3253 2142; x_wconf 89' lang='lat' dir='ltr'><strong>sacramenta</strong></span> <span class='ocrx_word' id='word_1_246' title='bbox 3280 2096 3407 2141; x_wconf 88' lang='lat' dir='ltr'><strong>non</strong></span> 
     </span>
     <span class='ocr_line' id='line_1_40' title="bbox 1909 2177 3410 2253; baseline -0.002 -11"><span class='ocrx_word' id='word_1_247' title='bbox 1909 2180 2116 2243; x_wconf 89' lang='lat' dir='ltr'><strong>solum</strong></span> <span class='ocrx_word' id='word_1_248' title='bbox 2170 2180 2235 2242; x_wconf 89' lang='lat' dir='ltr'><strong>in</strong></span> <span class='ocrx_word' id='word_1_249' title='bbox 2285 2178 2695 2241; x_wconf 87' lang='lat' dir='ltr'><strong>interioribus</strong></span> <span class='ocrx_word' id='word_1_250' title='bbox 2739 2177 3012 2253; x_wconf 89' lang='lat' dir='ltr'><strong>actibus,</strong></span> <span class='ocrx_word' id='word_1_251' title='bbox 3058 2178 3167 2240; x_wconf 90' lang='lat' dir='ltr'><strong>sed</strong></span> <span class='ocrx_word' id='word_1_252' title='bbox 3216 2177 3410 2239; x_wconf 89' lang='lat' dir='ltr'><strong>etiam</strong></span> 
     </span>
     <span class='ocr_line' id='line_1_41' title="bbox 1911 2275 3409 2341; baseline -0.002 -1"><span class='ocrx_word' id='word_1_253' title='bbox 1911 2278 1977 2340; x_wconf 90' lang='lat' dir='ltr'><strong>in</strong></span> <span class='ocrx_word' id='word_1_254' title='bbox 2017 2277 2441 2341; x_wconf 85' lang='lat' dir='ltr'><strong>exterioribus</strong></span> <span class='ocrx_word' id='word_1_255' title='bbox 2478 2285 2543 2341; x_wconf 87' lang='lat' dir='ltr'><strong>et</strong></span> <span class='ocrx_word' id='word_1_256' title='bbox 2578 2276 2995 2340; x_wconf 89' lang='lat' dir='ltr'><strong>sensibilibus</strong></span> <span class='ocrx_word' id='word_1_257' title='bbox 3035 2275 3225 2339; x_wconf 88' lang='lat' dir='ltr'><strong>rebus</strong></span> <span class='ocrx_word' id='word_1_258' title='bbox 3264 2294 3409 2338; x_wconf 93' lang='lat' dir='ltr'><strong>con-</strong></span> 
     </span>
     <span class='ocr_line' id='line_1_42' title="bbox 1909 2374 3407 2456; baseline -0.002 -17"><span class='ocrx_word' id='word_1_259' title='bbox 1909 2376 2165 2439; x_wconf 88' lang='lat' dir='ltr'><strong>sistunt.</strong></span> <span class='ocrx_word' id='word_1_260' title='bbox 2206 2376 2385 2439; x_wconf 87' lang='lat' dir='ltr'><strong>Alius</strong></span> <span class='ocrx_word' id='word_1_261' title='bbox 2433 2376 2613 2439; x_wconf 90' lang='lat' dir='ltr'><strong>dolor</strong></span> <span class='ocrx_word' id='word_1_262' title='bbox 2653 2383 2749 2439; x_wconf 89' lang='lat' dir='ltr'><strong>est</strong></span> <span class='ocrx_word' id='word_1_263' title='bbox 2800 2375 2865 2437; x_wconf 92' lang='lat' dir='ltr'><strong>in</strong></span> <span class='ocrx_word' id='word_1_264' title='bbox 2909 2375 3257 2448; x_wconf 85' lang='lat' dir='ltr'><strong>voluntate,</strong></span> <span class='ocrx_word' id='word_1_265' title='bbox 3297 2374 3407 2456; x_wconf 91' lang='lat' dir='ltr'><strong>qui</strong></span> 
     </span>
     <span class='ocr_line' id='line_1_43' title="bbox 1909 2473 3411 2557; baseline -0.001 -21"><span class='ocrx_word' id='word_1_266' title='bbox 1909 2474 2000 2536; x_wconf 93' lang='lat' dir='ltr'><strong>nil</strong></span> <span class='ocrx_word' id='word_1_267' title='bbox 2040 2474 2215 2536; x_wconf 87' lang='lat' dir='ltr'><strong>aliud</strong></span> <span class='ocrx_word' id='word_1_268' title='bbox 2254 2482 2352 2537; x_wconf 91' lang='lat' dir='ltr'><strong>est</strong></span> <span class='ocrx_word' id='word_1_269' title='bbox 2392 2493 2585 2557; x_wconf 89' lang='lat' dir='ltr'><strong>quam</strong></span> <span class='ocrx_word' id='word_1_270' title='bbox 2626 2473 3032 2556; x_wconf 86' lang='lat' dir='ltr'><strong>displicentia</strong></span> <span class='ocrx_word' id='word_1_271' title='bbox 3072 2473 3151 2535; x_wconf 93' lang='lat' dir='ltr'><strong>de</strong></span> <span class='ocrx_word' id='word_1_272' title='bbox 3191 2491 3411 2555; x_wconf 89' lang='lat' dir='ltr'><strong>pccca-</strong></span> 
     </span>
     <span class='ocr_line' id='line_1_44' title="bbox 1909 2570 3409 2654; baseline -0.001 -18"><span class='ocrx_word' id='word_1_273' title='bbox 1909 2573 2013 2646; x_wconf 87' lang='lat' dir='ltr'><strong>tis,</strong></span> <span class='ocrx_word' id='word_1_274' title='bbox 2075 2572 2427 2635; x_wconf 88' lang='lat' dir='ltr'><strong>secundum</strong></span> <span class='ocrx_word' id='word_1_275' title='bbox 2496 2573 2665 2654; x_wconf 89' lang='lat' dir='ltr'><strong>quod</strong></span> <span class='ocrx_word' id='word_1_276' title='bbox 2730 2572 3073 2635; x_wconf 85' lang='lat' dir='ltr'><strong>voluntatis</strong></span> <span class='ocrx_word' id='word_1_277' title='bbox 3135 2570 3409 2634; x_wconf 84' lang='lat' dir='ltr'><strong>affectus</strong></span> 
     </span>
     <span class='ocr_line' id='line_1_45' title="bbox 1909 2668 3409 2753; baseline -0.003 -19"><span class='ocrx_word' id='word_1_278' title='bbox 1909 2671 2293 2753; x_wconf 87' lang='lat' dir='ltr'><strong>exprimitur</strong></span> <span class='ocrx_word' id='word_1_279' title='bbox 2342 2689 2455 2753; x_wconf 89' lang='lat' dir='ltr'><strong>per</strong></span> <span class='ocrx_word' id='word_1_280' title='bbox 2510 2670 2771 2732; x_wconf 89' lang='lat' dir='ltr'><strong>nomina</strong></span> <span class='ocrx_word' id='word_1_281' title='bbox 2829 2669 3219 2752; x_wconf 90' lang='lat' dir='ltr'><strong>passionum.</strong></span> <span class='ocrx_word' id='word_1_282' title='bbox 3280 2668 3409 2733; x_wconf 86' lang='lat' dir='ltr'><strong>Nec</strong></span> 
     </span>
     <span class='ocr_line' id='line_1_46' title="bbox 1911 2767 3410 2851; baseline -0.002 -18"><span class='ocrx_word' id='word_1_283' title='bbox 1911 2776 2159 2851; x_wconf 87' lang='lat' dir='ltr'><strong>oportet</strong></span> <span class='ocrx_word' id='word_1_284' title='bbox 2198 2768 2482 2832; x_wconf 91' lang='lat' dir='ltr'><strong>dolorem</strong></span> <span class='ocrx_word' id='word_1_285' title='bbox 2524 2768 2871 2851; x_wconf 89' lang='lat' dir='ltr'><strong>superioris</strong></span> <span class='ocrx_word' id='word_1_286' title='bbox 2910 2767 3231 2850; x_wconf 89' lang='lat' dir='ltr'><strong>appetitus</strong></span> <span class='ocrx_word' id='word_1_287' title='bbox 3270 2786 3410 2831; x_wconf 90' lang='lat' dir='ltr'><strong>esse</strong></span> 
     </span>
     <span class='ocr_line' id='line_1_47' title="bbox 1908 2866 3412 2949; baseline -0.002 -19"><span class='ocrx_word' id='word_1_288' title='bbox 1908 2869 2167 2931; x_wconf 87' lang='lat' dir='ltr'><strong>aliunde</strong></span> <span class='ocrx_word' id='word_1_289' title='bbox 2208 2868 2555 2941; x_wconf 91' lang='lat' dir='ltr'><strong>inflictum,</strong></span> <span class='ocrx_word' id='word_1_290' title='bbox 2588 2886 2789 2949; x_wconf 91' lang='lat' dir='ltr'><strong>quum</strong></span> <span class='ocrx_word' id='word_1_291' title='bbox 2819 2866 3139 2949; x_wconf 90' lang='lat' dir='ltr'><strong>appetitus</strong></span> <span class='ocrx_word' id='word_1_292' title='bbox 3176 2866 3283 2929; x_wconf 92' lang='lat' dir='ltr'><strong>ille</strong></span> <span class='ocrx_word' id='word_1_293' title='bbox 3313 2884 3412 2928; x_wconf 87' lang='lat' dir='ltr'><strong>ac-</strong></span> 
     </span>
     <span class='ocr_line' id='line_1_48' title="bbox 1910 2964 3412 3049; baseline -0.003 -20"><span class='ocrx_word' id='word_1_294' title='bbox 1910 2967 2083 3030; x_wconf 91' lang='lat' dir='ltr'><strong>tivus</strong></span> <span class='ocrx_word' id='word_1_295' title='bbox 2113 2968 2197 3030; x_wconf 89' lang='lat' dir='ltr'><strong>sit</strong></span> <span class='ocrx_word' id='word_1_296' title='bbox 2238 2966 2301 3029; x_wconf 90' lang='lat' dir='ltr'><strong>in</strong></span> <span class='ocrx_word' id='word_1_297' title='bbox 2334 2986 2403 3029; x_wconf 91' lang='lat' dir='ltr'><strong>se</strong></span> <span class='ocrx_word' id='word_1_298' title='bbox 2442 2966 2673 3049; x_wconf 92' lang='lat' dir='ltr'><strong>ipsum.</strong></span> <span class='ocrx_word' id='word_1_299' title='bbox 2706 3000 2788 3011; x_wconf 90' lang='lat'>—</span> <span class='ocrx_word' id='word_1_300' title='bbox 2816 2965 3005 3028; x_wconf 90' lang='lat' dir='ltr'><strong>Porro</strong></span> <span class='ocrx_word' id='word_1_301' title='bbox 3042 2964 3281 3027; x_wconf 89' lang='lat' dir='ltr'><strong>attritio</strong></span> <span class='ocrx_word' id='word_1_302' title='bbox 3320 2964 3412 3026; x_wconf 86' lang='lat' dir='ltr'><strong>di-</strong></span> 
     </span>
    </p>
   </div>
   <div class='ocr_carea' id='block_1_9' title="bbox 303 3062 3409 3150">
    <p class='ocr_par' dir='ltr' id='par_1_10' title="bbox 303 3062 3409 3150">
     <span class='ocr_line' id='line_1_49' title="bbox 303 3062 3409 3150; baseline -0.002 -18"><span class='ocrx_word' id='word_1_303' title='bbox 303 3074 490 3150; x_wconf 83' lang='lat' dir='ltr'><strong>prout</strong></span> <span class='ocrx_word' id='word_1_304' title='bbox 519 3074 620 3128; x_wconf 88' lang='lat' dir='ltr'><strong>est</strong></span> <span class='ocrx_word' id='word_1_305' title='bbox 660 3066 723 3128; x_wconf 91' lang='lat' dir='ltr'><strong>in</strong></span> <span class='ocrx_word' id='word_1_306' title='bbox 756 3074 933 3148; x_wconf 87' lang='lat' dir='ltr'><strong>parte</strong></span> <span class='ocrx_word' id='word_1_307' title='bbox 973 3066 1382 3140; x_wconf 89' lang='lat' dir='ltr'><strong>intellectiva,</strong></span> <span class='ocrx_word' id='word_1_308' title='bbox 1417 3073 1513 3128; x_wconf 89' lang='lat' dir='ltr'><strong>est</strong></span> <span class='ocrx_word' id='word_1_309' title='bbox 1550 3083 1676 3129; x_wconf 89' lang='lat' dir='ltr'><strong>non</strong></span> <span class='ocrx_word' id='word_1_310' title='bbox 1709 3083 1802 3130; x_wconf 91' lang='lat' dir='ltr'><strong>so-</strong></span> <span class='ocrx_word' id='word_1_311' title='bbox 1839 3064 1881 3128; x_wconf 91' lang='lat' dir='ltr'>C</span> <span class='ocrx_word' id='word_1_312' title='bbox 1913 3066 2000 3129; x_wconf 89' lang='lat' dir='ltr'><strong>cit</strong></span> <span class='ocrx_word' id='word_1_313' title='bbox 2047 3084 2378 3129; x_wconf 83' lang='lat' dir='ltr'><strong>accessum</strong></span> <span class='ocrx_word' id='word_1_314' title='bbox 2425 3066 2503 3128; x_wconf 93' lang='lat' dir='ltr'><strong>ad</strong></span> <span class='ocrx_word' id='word_1_315' title='bbox 2548 3064 2895 3149; x_wconf 83' lang='lat' dir='ltr'><strong>perfectam</strong></span> <span class='ocrx_word' id='word_1_316' title='bbox 2940 3062 3409 3127; x_wconf 88' lang='lat' dir='ltr'><strong>contritionem.</strong></span> 
     </span>
    </p>
   </div>
   <div class='ocr_carea' id='block_1_10' title="bbox 305 3165 1806 4230">
    <p class='ocr_par' dir='ltr' id='par_1_11' title="bbox 305 3165 1806 4230">
     <span class='ocr_line' id='line_1_50' title="bbox 307 3165 1798 3248; baseline -0.002 -18"><span class='ocrx_word' id='word_1_317' title='bbox 307 3168 435 3230; x_wconf 91' lang='lat' dir='ltr'><strong>lum</strong></span> <span class='ocrx_word' id='word_1_318' title='bbox 483 3165 975 3248; x_wconf 66' lang='lat' dir='ltr'><strong>praeteritorum,</strong></span> <span class='ocrx_word' id='word_1_319' title='bbox 1008 3165 1117 3228; x_wconf 90' lang='lat' dir='ltr'><strong>sed</strong></span> <span class='ocrx_word' id='word_1_320' title='bbox 1167 3165 1320 3228; x_wconf 92' lang='lat' dir='ltr'><strong>item</strong></span> <span class='ocrx_word' id='word_1_321' title='bbox 1368 3165 1798 3247; x_wconf 63' lang='lat' dir='ltr'><strong>praesentium,</strong></span> 
     </span>
     <span class='ocr_line' id='line_1_51' title="bbox 305 3263 1802 3346; baseline -0.001 -17"><span class='ocrx_word' id='word_1_322' title='bbox 305 3265 388 3328; x_wconf 83' lang='lat' dir='ltr'><strong>ita</strong></span> <span class='ocrx_word' id='word_1_323' title='bbox 429 3265 636 3338; x_wconf 88' lang='lat' dir='ltr'><strong>dolor,</strong></span> <span class='ocrx_word' id='word_1_324' title='bbox 671 3264 780 3345; x_wconf 90' lang='lat' dir='ltr'><strong>qui</strong></span> <span class='ocrx_word' id='word_1_325' title='bbox 823 3271 920 3326; x_wconf 90' lang='lat' dir='ltr'><strong>est</strong></span> <span class='ocrx_word' id='word_1_326' title='bbox 957 3263 1025 3326; x_wconf 90' lang='lat' dir='ltr'><strong>in</strong></span> <span class='ocrx_word' id='word_1_327' title='bbox 1067 3265 1354 3346; x_wconf 89' lang='lat' dir='ltr'><strong>appetitu</strong></span> <span class='ocrx_word' id='word_1_328' title='bbox 1399 3264 1802 3327; x_wconf 79' lang='lat' dir='ltr'><strong>intellectivae</strong></span> 
     </span>
     <span class='ocr_line' id='line_1_52' title="bbox 307 3363 1804 3446; baseline 0.001 -21"><span class='ocrx_word' id='word_1_329' title='bbox 307 3363 528 3446; x_wconf 87' lang='lat' dir='ltr'><strong>partis,</strong></span> <span class='ocrx_word' id='word_1_330' title='bbox 561 3369 771 3445; x_wconf 88' lang='lat' dir='ltr'><strong>potest</strong></span> <span class='ocrx_word' id='word_1_331' title='bbox 801 3380 940 3424; x_wconf 90' lang='grc' dir='ltr'><strong>θεεθ</strong></span> <span class='ocrx_word' id='word_1_332' title='bbox 967 3369 1032 3424; x_wconf 85' lang='grc' dir='ltr'><strong>θῖ</strong></span> <span class='ocrx_word' id='word_1_333' title='bbox 1061 3363 1525 3443; x_wconf 60' lang='lat' dir='ltr'><strong>prae-teritorum</strong></span> <span class='ocrx_word' id='word_1_334' title='bbox 1557 3369 1620 3423; x_wconf 88' lang='lat' dir='ltr'><strong>et</strong></span> <span class='ocrx_word' id='word_1_335' title='bbox 1652 3382 1804 3444; x_wconf 78' lang='lat' dir='ltr'><strong>prae-</strong></span> 
     </span>
     <span class='ocr_line' id='line_1_53' title="bbox 305 3459 1804 3543; baseline 0 -21"><span class='ocrx_word' id='word_1_336' title='bbox 305 3462 604 3523; x_wconf 89' lang='lat' dir='ltr'><strong>sentium.</strong></span> <span class='ocrx_word' id='word_1_337' title='bbox 640 3495 720 3505; x_wconf 91' lang='lat'>—</span> <span class='ocrx_word' id='word_1_338' title='bbox 751 3459 1076 3533; x_wconf 86' lang='lat' dir='ltr'><strong>Praeterea,</strong></span> <span class='ocrx_word' id='word_1_339' title='bbox 1116 3460 1410 3541; x_wconf 91' lang='lat' dir='ltr'><strong>quamvis</strong></span> <span class='ocrx_word' id='word_1_340' title='bbox 1447 3467 1580 3523; x_wconf 82' lang='lat' dir='ltr'><strong>tota</strong></span> <span class='ocrx_word' id='word_1_341' title='bbox 1617 3478 1804 3543; x_wconf 89' lang='lat' dir='ltr'><strong>poena</strong></span> 
     </span>
     <span class='ocr_line' id='line_1_54' title="bbox 307 3557 1806 3640; baseline -0.001 -19"><span class='ocrx_word' id='word_1_342' title='bbox 307 3567 566 3639; x_wconf 87' lang='lat' dir='ltr'><strong>peccato</strong></span> <span class='ocrx_word' id='word_1_343' title='bbox 596 3557 832 3630; x_wconf 80' lang='lat' dir='ltr'><strong>debita,</strong></span> <span class='ocrx_word' id='word_1_344' title='bbox 866 3557 1066 3639; x_wconf 91' lang='lat' dir='ltr'><strong>possit</strong></span> <span class='ocrx_word' id='word_1_345' title='bbox 1096 3577 1210 3640; x_wconf 90' lang='lat' dir='ltr'><strong>per</strong></span> <span class='ocrx_word' id='word_1_346' title='bbox 1239 3558 1683 3622; x_wconf 89' lang='lat' dir='ltr'><strong>contritionem</strong></span> <span class='ocrx_word' id='word_1_347' title='bbox 1716 3560 1806 3621; x_wconf 91' lang='lat' dir='ltr'><strong>di-</strong></span> 
     </span>
     <span class='ocr_line' id='line_1_55' title="bbox 307 3656 1806 3732; baseline 0.001 -14"><span class='ocrx_word' id='word_1_348' title='bbox 307 3657 498 3732; x_wconf 87' lang='lat' dir='ltr'><strong>mitti,</strong></span> <span class='ocrx_word' id='word_1_349' title='bbox 533 3665 747 3719; x_wconf 85' lang='lat' dir='ltr'><strong>tamen</strong></span> <span class='ocrx_word' id='word_1_350' title='bbox 782 3656 992 3719; x_wconf 88' lang='lat' dir='ltr'><strong>adhuc</strong></span> <span class='ocrx_word' id='word_1_351' title='bbox 1035 3657 1393 3719; x_wconf 86' lang='lat' dir='ltr'><strong>necessaria</strong></span> <span class='ocrx_word' id='word_1_352' title='bbox 1431 3665 1528 3719; x_wconf 92' lang='lat' dir='ltr'><strong>est</strong></span> <span class='ocrx_word' id='word_1_353' title='bbox 1559 3657 1806 3720; x_wconf 88' lang='lat' dir='ltr'><strong>confes-</strong></span> 
     </span>
     <span class='ocr_line' id='line_1_56' title="bbox 306 3753 1800 3836; baseline -0.001 -19"><span class='ocrx_word' id='word_1_354' title='bbox 306 3755 399 3817; x_wconf 85' lang='lat' dir='ltr'><strong>sio</strong></span> <span class='ocrx_word' id='word_1_355' title='bbox 427 3763 494 3818; x_wconf 89' lang='lat' dir='ltr'><strong>et</strong></span> <span class='ocrx_word' id='word_1_356' title='bbox 521 3753 872 3818; x_wconf 79' lang='lat' dir='ltr'><strong>satisfactio</strong></span> <span class='ocrx_word' id='word_1_357' title='bbox 905 3771 919 3816; x_wconf 72' lang='grc' dir='ltr'>ε</span> <span class='ocrx_word' id='word_1_358' title='bbox 953 3763 1090 3818; x_wconf 91' lang='lat' dir='ltr'><strong>tum</strong></span> <span class='ocrx_word' id='word_1_359' title='bbox 1123 3756 1426 3836; x_wconf 88' lang='lat' dir='ltr'><strong>quoniam</strong></span> <span class='ocrx_word' id='word_1_360' title='bbox 1456 3756 1647 3817; x_wconf 90' lang='lat' dir='ltr'><strong>homo</strong></span> <span class='ocrx_word' id='word_1_361' title='bbox 1676 3773 1800 3818; x_wconf 91' lang='lat' dir='ltr'><strong>non</strong></span> 
     </span>
     <span class='ocr_line' id='line_1_57' title="bbox 305 3853 1806 3934; baseline -0.001 -18"><span class='ocrx_word' id='word_1_362' title='bbox 305 3862 403 3916; x_wconf 89' lang='grc' dir='ltr'><strong>θεῖ</strong></span> <span class='ocrx_word' id='word_1_363' title='bbox 451 3861 661 3916; x_wconf 89' lang='lat' dir='ltr'><strong>certus</strong></span> <span class='ocrx_word' id='word_1_364' title='bbox 710 3853 790 3916; x_wconf 91' lang='lat' dir='ltr'><strong>de</strong></span> <span class='ocrx_word' id='word_1_365' title='bbox 837 3873 952 3915; x_wconf 90' lang='lat' dir='ltr'><strong>sua</strong></span> <span class='ocrx_word' id='word_1_366' title='bbox 1003 3853 1404 3925; x_wconf 88' lang='lat' dir='ltr'><strong>contritione,</strong></span> <span class='ocrx_word' id='word_1_367' title='bbox 1455 3853 1626 3934; x_wconf 91' lang='lat' dir='ltr'><strong>quod</strong></span> <span class='ocrx_word' id='word_1_368' title='bbox 1682 3853 1806 3915; x_wconf 83' lang='lat' dir='ltr'><strong>fuit</strong></span> 
     </span>
     <span class='ocr_line' id='line_1_58' title="bbox 307 3951 1804 4033; baseline 0 -21"><span class='ocrx_word' id='word_1_369' title='bbox 307 3951 644 4014; x_wconf 89' lang='lat' dir='ltr'><strong>sufficiens</strong></span> <span class='ocrx_word' id='word_1_370' title='bbox 673 3951 752 4012; x_wconf 90' lang='lat' dir='ltr'><strong>ad</strong></span> <span class='ocrx_word' id='word_1_371' title='bbox 781 3958 978 4013; x_wconf 87' lang='lat' dir='ltr'><strong>totam</strong></span> <span class='ocrx_word' id='word_1_372' title='bbox 1009 3970 1262 4033; x_wconf 87' lang='lat' dir='ltr'><strong>poenam</strong></span> <span class='ocrx_word' id='word_1_373' title='bbox 1295 3951 1650 4024; x_wconf 88' lang='lat' dir='ltr'><strong>delendam,</strong></span> <span class='ocrx_word' id='word_1_374' title='bbox 1677 3951 1804 4013; x_wconf 92' lang='lat' dir='ltr'><strong>imo</strong></span> 
     </span>
     <span class='ocr_line' id='line_1_59' title="bbox 307 4049 1806 4132; baseline -0.001 -21"><span class='ocrx_word' id='word_1_375' title='bbox 307 4068 426 4113; x_wconf 90' lang='lat' dir='ltr'><strong>nec</strong></span> <span class='ocrx_word' id='word_1_376' title='bbox 463 4050 544 4112; x_wconf 90' lang='lat' dir='ltr'><strong>de</strong></span> <span class='ocrx_word' id='word_1_377' title='bbox 585 4050 706 4112; x_wconf 91' lang='lat' dir='ltr'><strong>hoc</strong></span> <span class='ocrx_word' id='word_1_378' title='bbox 735 4049 904 4132; x_wconf 89' lang='lat' dir='ltr'><strong>quod</strong></span> <span class='ocrx_word' id='word_1_379' title='bbox 934 4049 962 4111; x_wconf 88' lang='lat' dir='ltr'><strong>f</strong></span> <span class='ocrx_word' id='word_1_380' title='bbox 967 4050 1060 4112; x_wconf 90' lang='lat' dir='ltr'><strong>uit</strong></span> <span class='ocrx_word' id='word_1_381' title='bbox 1101 4068 1251 4113; x_wconf 85' lang='lat' dir='ltr'><strong>vera</strong></span> <span class='ocrx_word' id='word_1_382' title='bbox 1289 4049 1604 4123; x_wconf 88' lang='lat' dir='ltr'><strong>contritio,</strong></span> <span class='ocrx_word' id='word_1_383' title='bbox 1639 4049 1806 4110; x_wconf 87' lang='lat' dir='ltr'><strong>sicut</strong></span> 
     </span>
     <span class='ocr_line' id='line_1_60' title="bbox 307 4147 1805 4230; baseline -0.001 -20"><span class='ocrx_word' id='word_1_384' title='bbox 307 4167 426 4212; x_wconf 86' lang='lat' dir='ltr'><strong>nec</strong></span> <span class='ocrx_word' id='word_1_385' title='bbox 455 4148 535 4211; x_wconf 95' lang='lat' dir='ltr'><strong>de</strong></span> <span class='ocrx_word' id='word_1_386' title='bbox 563 4149 684 4211; x_wconf 87' lang='lat' dir='ltr'><strong>hoc</strong></span> <span class='ocrx_word' id='word_1_387' title='bbox 723 4148 894 4230; x_wconf 89' lang='lat' dir='ltr'><strong>quod</strong></span> <span class='ocrx_word' id='word_1_388' title='bbox 932 4148 1015 4210; x_wconf 91' lang='lat' dir='ltr'><strong>sit</strong></span> <span class='ocrx_word' id='word_1_389' title='bbox 1047 4147 1110 4210; x_wconf 91' lang='lat' dir='ltr'><strong>in</strong></span> <span class='ocrx_word' id='word_1_390' title='bbox 1143 4148 1443 4226; x_wconf 85' lang='lat' dir='ltr'><strong>caritate3</strong></span> <span class='ocrx_word' id='word_1_391' title='bbox 1475 4155 1613 4210; x_wconf 91' lang='lat' dir='ltr'><strong>tum</strong></span> <span class='ocrx_word' id='word_1_392' title='bbox 1652 4147 1805 4230; x_wconf 87' lang='lat' dir='ltr'><strong>quia</strong></span> 
     </span>
    </p>
   </div>
   <div class='ocr_carea' id='block_1_11' title="bbox 1913 3162 3415 3247">
    <p class='ocr_par' dir='ltr' id='par_1_12' title="bbox 1913 3162 3415 3247">
     <span class='ocr_line' id='line_1_61' title="bbox 1913 3162 3415 3247; baseline -0.001 -19"><span class='ocrx_word' id='word_1_393' title='bbox 1913 3167 2090 3230; x_wconf 89' lang='lat' dir='ltr'><strong>Unde</strong></span> <span class='ocrx_word' id='word_1_394' title='bbox 2121 3166 2187 3227; x_wconf 91' lang='lat' dir='ltr'><strong>in</strong></span> <span class='ocrx_word' id='word_1_395' title='bbox 2226 3164 2661 3247; x_wconf 89' lang='lat' dir='ltr'><strong>corporalibus</strong></span> <span class='ocrx_word' id='word_1_396' title='bbox 2700 3162 3003 3226; x_wconf 91' lang='lat' dir='ltr'><strong>dicuntur</strong></span> <span class='ocrx_word' id='word_1_397' title='bbox 3032 3162 3245 3225; x_wconf 89' lang='lat' dir='ltr'><strong>attrita</strong></span> <span class='ocrx_word' id='word_1_398' title='bbox 3273 3183 3415 3245; x_wconf 72' lang='lat' dir='ltr'><strong>quae</strong></span> 
     </span>
    </p>
   </div>
   <div class='ocr_carea' id='block_1_12' title="bbox 1911 3262 3531 3346">
    <p class='ocr_par' dir='ltr' id='par_1_13' title="bbox 1911 3262 3531 3346">
     <span class='ocr_line' id='line_1_62' title="bbox 1911 3262 3531 3346; baseline -0.002 -19"><span class='ocrx_word' id='word_1_399' title='bbox 1911 3264 2296 3346; x_wconf 87' lang='lat' dir='ltr'><strong>aliqualiter,</strong></span> <span class='ocrx_word' id='word_1_400' title='bbox 2338 3281 2467 3326; x_wconf 90' lang='lat' dir='ltr'><strong>non</strong></span> <span class='ocrx_word' id='word_1_401' title='bbox 2515 3262 2813 3336; x_wconf 87' lang='lat' dir='ltr'><strong>totaliter,</strong></span> <span class='ocrx_word' id='word_1_402' title='bbox 2864 3269 3015 3324; x_wconf 90' lang='lat' dir='ltr'><strong>sunt</strong></span> <span class='ocrx_word' id='word_1_403' title='bbox 3058 3263 3415 3325; x_wconf 87' lang='lat' dir='ltr'><strong>comminu-</strong></span> <span class='ocrx_word' id='word_1_404' title='bbox 3521 3291 3531 3304; x_wconf 51' lang='grc' dir='ltr'><em>ι</em></span> 
     </span>
    </p>
   </div>
   <div class='ocr_carea' id='block_1_13' title="bbox 1912 3359 3417 4226">
    <p class='ocr_par' dir='ltr' id='par_1_14' title="bbox 1912 3359 3417 4226">
     <span class='ocr_line' id='line_1_63' title="bbox 1912 3359 3417 3442; baseline -0.002 -18"><span class='ocrx_word' id='word_1_405' title='bbox 1912 3371 1994 3424; x_wconf 87' lang='lat' dir='ltr'><strong>ta.</strong></span> <span class='ocrx_word' id='word_1_406' title='bbox 2029 3363 2187 3424; x_wconf 86' lang='lat' dir='ltr'><strong>Hinc</strong></span> <span class='ocrx_word' id='word_1_407' title='bbox 2227 3361 2466 3423; x_wconf 88' lang='lat' dir='ltr'><strong>attritio</strong></span> <span class='ocrx_word' id='word_1_408' title='bbox 2508 3361 2573 3421; x_wconf 91' lang='lat' dir='ltr'><strong>in</strong></span> <span class='ocrx_word' id='word_1_409' title='bbox 2612 3359 3051 3442; x_wconf 89' lang='lat' dir='ltr'><strong>spiritualibus</strong></span> <span class='ocrx_word' id='word_1_410' title='bbox 3094 3359 3417 3441; x_wconf 90' lang='lat' dir='ltr'><strong>significat</strong></span> 
     </span>
     <span class='ocr_line' id='line_1_64' title="bbox 1914 3457 3413 3543; baseline -0.001 -21"><span class='ocrx_word' id='word_1_411' title='bbox 1914 3460 2253 3543; x_wconf 89' lang='lat' dir='ltr'><strong>quamdam</strong></span> <span class='ocrx_word' id='word_1_412' title='bbox 2304 3458 2774 3541; x_wconf 88' lang='lat' dir='ltr'><strong>displicentiam</strong></span> <span class='ocrx_word' id='word_1_413' title='bbox 2824 3457 2902 3520; x_wconf 88' lang='lat' dir='ltr'><strong>de</strong></span> <span class='ocrx_word' id='word_1_414' title='bbox 2953 3458 3251 3540; x_wconf 78' lang='lat' dir='ltr'><strong>peccatiS,</strong></span> <span class='ocrx_word' id='word_1_415' title='bbox 3286 3475 3413 3520; x_wconf 92' lang='lat' dir='ltr'><strong>non</strong></span> 
     </span>
     <span class='ocr_line' id='line_1_65' title="bbox 1915 3555 3411 3641; baseline -0.001 -21"><span class='ocrx_word' id='word_1_416' title='bbox 1915 3557 2265 3641; x_wconf 88' lang='lat' dir='ltr'><strong>plenariam</strong></span> <span class='ocrx_word' id='word_1_417' title='bbox 2315 3564 2379 3619; x_wconf 89' lang='lat' dir='ltr'><strong>et</strong></span> <span class='ocrx_word' id='word_1_418' title='bbox 2426 3555 2795 3639; x_wconf 81' lang='lat' dir='ltr'><strong>perfectam.</strong></span> <span class='ocrx_word' id='word_1_419' title='bbox 2829 3591 2911 3601; x_wconf 89' lang='lat'><strong>—</strong></span> <span class='ocrx_word' id='word_1_420' title='bbox 2949 3555 3259 3620; x_wconf 89' lang='lat' dir='ltr'><strong>Contritio</strong></span> <span class='ocrx_word' id='word_1_421' title='bbox 3307 3555 3411 3618; x_wconf 92' lang='lat' dir='ltr'><strong>de-</strong></span> 
     </span>
     <span class='ocr_line' id='line_1_66' title="bbox 1915 3653 3414 3734; baseline -0.003 -16"><span class='ocrx_word' id='word_1_422' title='bbox 1915 3675 2090 3718; x_wconf 88' lang='lat' dir='ltr'><strong>mum</strong></span> <span class='ocrx_word' id='word_1_423' title='bbox 2154 3654 2509 3718; x_wconf 90' lang='lat' dir='ltr'><strong>secundum</strong></span> <span class='ocrx_word' id='word_1_424' title='bbox 2563 3671 2630 3716; x_wconf 89' lang='lat' dir='ltr'><strong>se</strong></span> <span class='ocrx_word' id='word_1_425' title='bbox 2690 3653 3107 3726; x_wconf 83' lang='lat' dir='ltr'><strong>considerata,</strong></span> <span class='ocrx_word' id='word_1_426' title='bbox 3158 3671 3414 3734; x_wconf 89' lang='lat' dir='ltr'><strong>semper</strong></span> 
     </span>
     <span class='ocr_line' id='line_1_67' title="bbox 1913 3751 3414 3832; baseline -0.003 -16"><span class='ocrx_word' id='word_1_427' title='bbox 1913 3753 2037 3816; x_wconf 87' lang='lat' dir='ltr'><strong>fuit</strong></span> <span class='ocrx_word' id='word_1_428' title='bbox 2075 3753 2300 3816; x_wconf 90' lang='lat' dir='ltr'><strong>eodem</strong></span> <span class='ocrx_word' id='word_1_429' title='bbox 2343 3752 2531 3814; x_wconf 90' lang='lat' dir='ltr'><strong>modo</strong></span> <span class='ocrx_word' id='word_1_430' title='bbox 2571 3751 2636 3813; x_wconf 89' lang='lat' dir='ltr'><strong>in</strong></span> <span class='ocrx_word' id='word_1_431' title='bbox 2678 3751 2815 3832; x_wconf 84' lang='lat' dir='ltr'><strong>lege</strong></span> <span class='ocrx_word' id='word_1_432' title='bbox 2855 3751 3124 3812; x_wconf 87' lang='lat' dir='ltr'><strong>naturali</strong></span> <span class='ocrx_word' id='word_1_433' title='bbox 3168 3757 3231 3813; x_wconf 93' lang='lat' dir='ltr'><strong>et</strong></span> <span class='ocrx_word' id='word_1_434' title='bbox 3260 3751 3414 3812; x_wconf 89' lang='lat' dir='ltr'><strong>scri-</strong></span> 
     </span>
     <span class='ocr_line' id='line_1_68' title="bbox 1913 3848 3416 3933; baseline -0.003 -19"><span class='ocrx_word' id='word_1_435' title='bbox 1913 3859 2020 3933; x_wconf 86' lang='lat' dir='ltr'><strong>pta</strong></span> <span class='ocrx_word' id='word_1_436' title='bbox 2049 3870 2120 3913; x_wconf 86' lang='lat' dir='ltr'><strong>ac</strong></span> <span class='ocrx_word' id='word_1_437' title='bbox 2153 3848 2520 3930; x_wconf 87' lang='lat' dir='ltr'><strong>evangelica</strong></span> <span class='ocrx_word' id='word_1_438' title='bbox 2542 3866 2556 3911; x_wconf 73' lang='grc' dir='ltr'>ε</span> <span class='ocrx_word' id='word_1_439' title='bbox 2579 3868 2727 3911; x_wconf 89' lang='lat' dir='ltr'><strong>nam</strong></span> <span class='ocrx_word' id='word_1_440' title='bbox 2760 3849 2927 3911; x_wconf 91' lang='lat' dir='ltr'><strong>sicut</strong></span> <span class='ocrx_word' id='word_1_441' title='bbox 2957 3855 3289 3931; x_wconf 90' lang='lat' dir='ltr'><strong>peccatum</strong></span> <span class='ocrx_word' id='word_1_442' title='bbox 3321 3848 3348 3909; x_wconf 88' lang='lat' dir='ltr'><strong>f</strong></span> <span class='ocrx_word' id='word_1_443' title='bbox 3352 3867 3416 3909; x_wconf 92' lang='lat' dir='ltr'><strong>u-</strong></span> 
     </span>
     <span class='ocr_line' id='line_1_69' title="bbox 1912 3944 3412 4028; baseline -0.002 -19"><span class='ocrx_word' id='word_1_444' title='bbox 1912 3956 2127 4010; x_wconf 90' lang='lat' dir='ltr'><strong>turum</strong></span> <span class='ocrx_word' id='word_1_445' title='bbox 2159 3953 2407 4028; x_wconf 89' lang='lat' dir='ltr'><strong>oportet</strong></span> <span class='ocrx_word' id='word_1_446' title='bbox 2435 3965 2689 4028; x_wconf 87' lang='lat' dir='ltr'><strong>semper</strong></span> <span class='ocrx_word' id='word_1_447' title='bbox 2716 3945 2939 4008; x_wconf 89' lang='lat' dir='ltr'><strong>eodem</strong></span> <span class='ocrx_word' id='word_1_448' title='bbox 2973 3944 3161 4008; x_wconf 88' lang='lat' dir='ltr'><strong>modo</strong></span> <span class='ocrx_word' id='word_1_449' title='bbox 3191 3945 3412 4019; x_wconf 85' lang='lat' dir='ltr'><strong>vitare,</strong></span> 
     </span>
     <span class='ocr_line' id='line_1_70' title="bbox 1914 4043 3416 4125; baseline -0.001 -17"><span class='ocrx_word' id='word_1_450' title='bbox 1914 4046 2000 4108; x_wconf 83' lang='lat' dir='ltr'><strong>ita</strong></span> <span class='ocrx_word' id='word_1_451' title='bbox 2037 4055 2100 4108; x_wconf 87' lang='lat' dir='ltr'><strong>et</strong></span> <span class='ocrx_word' id='word_1_452' title='bbox 2140 4046 2219 4108; x_wconf 89' lang='lat' dir='ltr'><strong>de</strong></span> <span class='ocrx_word' id='word_1_453' title='bbox 2258 4044 2600 4108; x_wconf 90' lang='lat' dir='ltr'><strong>commisso</strong></span> <span class='ocrx_word' id='word_1_454' title='bbox 2644 4043 2876 4106; x_wconf 90' lang='lat' dir='ltr'><strong>dolere.</strong></span> <span class='ocrx_word' id='word_1_455' title='bbox 2913 4043 3035 4106; x_wconf 88' lang='lat' dir='ltr'><strong>Sed</strong></span> <span class='ocrx_word' id='word_1_456' title='bbox 3074 4051 3265 4125; x_wconf 90' lang='lat' dir='ltr'><strong>prout</strong></span> <span class='ocrx_word' id='word_1_457' title='bbox 3300 4043 3416 4106; x_wconf 91' lang='lat' dir='ltr'><strong>im-</strong></span> 
     </span>
     <span class='ocr_line' id='line_1_71' title="bbox 1913 4140 3411 4226; baseline -0.003 -19"><span class='ocrx_word' id='word_1_458' title='bbox 1913 4151 2120 4226; x_wconf 89' lang='lat' dir='ltr'><strong>portat</strong></span> <span class='ocrx_word' id='word_1_459' title='bbox 2149 4143 2438 4206; x_wconf 91' lang='lat' dir='ltr'><strong>ordinem</strong></span> <span class='ocrx_word' id='word_1_460' title='bbox 2469 4142 2547 4203; x_wconf 91' lang='lat' dir='ltr'><strong>ad</strong></span> <span class='ocrx_word' id='word_1_461' title='bbox 2576 4142 2731 4204; x_wconf 89' lang='lat' dir='ltr'><strong>alias</strong></span> <span class='ocrx_word' id='word_1_462' title='bbox 2761 4140 3151 4224; x_wconf 82' lang='lat' dir='ltr'><strong>poenitentiae</strong></span> <span class='ocrx_word' id='word_1_463' title='bbox 3183 4149 3411 4223; x_wconf 86' lang='lat' dir='ltr'><strong>partes,</strong></span> 
     </span>
    </p>
   </div>
   <div class='ocr_carea' id='block_1_14' title="bbox 309 4240 3413 4328">
    <p class='ocr_par' dir='ltr' id='par_1_15' title="bbox 309 4240 3413 4328">
     <span class='ocr_line' id='line_1_72' title="bbox 309 4240 3413 4328; baseline -0.003 -19"><span class='ocrx_word' id='word_1_464' title='bbox 309 4246 627 4310; x_wconf 90' lang='lat' dir='ltr'><strong>confessio</strong></span> <span class='ocrx_word' id='word_1_465' title='bbox 660 4254 725 4309; x_wconf 93' lang='lat' dir='ltr'><strong>et</strong></span> <span class='ocrx_word' id='word_1_466' title='bbox 757 4246 1107 4310; x_wconf 79' lang='lat' dir='ltr'><strong>satisfactio</strong></span> <span class='ocrx_word' id='word_1_467' title='bbox 1136 4254 1286 4308; x_wconf 87' lang='lat' dir='ltr'><strong>sunt</strong></span> <span class='ocrx_word' id='word_1_468' title='bbox 1324 4247 1388 4307; x_wconf 89' lang='lat' dir='ltr'><strong>in</strong></span> <span class='ocrx_word' id='word_1_469' title='bbox 1435 4253 1750 4328; x_wconf 84' lang='lat' dir='ltr'><strong>praecepto</strong></span> <span class='ocrx_word' id='word_1_470' title='bbox 1787 4263 1798 4306; x_wconf 94' lang='lat'>:</span> <span class='ocrx_word' id='word_1_471' title='bbox 1835 4245 1885 4307; x_wconf 91' lang='lat' dir='ltr'><strong>D</strong></span> <span class='ocrx_word' id='word_1_472' title='bbox 1914 4262 2038 4306; x_wconf 91' lang='lat' dir='ltr'><strong>non</strong></span> <span class='ocrx_word' id='word_1_473' title='bbox 2071 4241 2311 4305; x_wconf 88' lang='lat' dir='ltr'><strong>exstitit</strong></span> <span class='ocrx_word' id='word_1_474' title='bbox 2341 4259 2593 4322; x_wconf 88' lang='lat' dir='ltr'><strong>semper</strong></span> <span class='ocrx_word' id='word_1_475' title='bbox 2623 4241 2845 4304; x_wconf 89' lang='lat' dir='ltr'><strong>eodem</strong></span> <span class='ocrx_word' id='word_1_476' title='bbox 2880 4240 3089 4314; x_wconf 90' lang='lat' dir='ltr'><strong>modo,</strong></span> <span class='ocrx_word' id='word_1_477' title='bbox 3112 4240 3413 4321; x_wconf 90' lang='lat' dir='ltr'><strong>quoniam</strong></span> 
     </span>
    </p>
   </div>
   <div class='ocr_carea' id='block_1_15' title="bbox 307 4345 1810 5414">
    <p class='ocr_par' dir='ltr' id='par_1_16' title="bbox 309 4345 1806 4526">
     <span class='ocr_line' id='line_1_73' title="bbox 309 4345 1806 4427; baseline 0 -19"><span class='ocrx_word' id='word_1_478' title='bbox 309 4347 550 4408; x_wconf 90' lang='lat' dir='ltr'><strong>idcirco</strong></span> <span class='ocrx_word' id='word_1_479' title='bbox 601 4353 1028 4426; x_wconf 88' lang='lat' dir='ltr'><strong>transgressor</strong></span> <span class='ocrx_word' id='word_1_480' title='bbox 1074 4345 1262 4407; x_wconf 87' lang='lat' dir='ltr'><strong>fieret</strong></span> <span class='ocrx_word' id='word_1_481' title='bbox 1309 4345 1419 4427; x_wconf 91' lang='lat' dir='ltr'><strong>qui</strong></span> <span class='ocrx_word' id='word_1_482' title='bbox 1469 4364 1575 4407; x_wconf 89' lang='lat' dir='ltr'><strong>eas</strong></span> <span class='ocrx_word' id='word_1_483' title='bbox 1623 4347 1806 4409; x_wconf 90' lang='lat' dir='ltr'><strong>omit-</strong></span> 
     </span>
     <span class='ocr_line' id='line_1_74' title="bbox 309 4443 1459 4526; baseline -0.002 -19"><span class='ocrx_word' id='word_1_484' title='bbox 309 4453 490 4519; x_wconf 81' lang='lat' dir='ltr'><strong>teret,</strong></span> <span class='ocrx_word' id='word_1_485' title='bbox 523 4463 724 4526; x_wconf 90' lang='lat' dir='ltr'><strong>quum</strong></span> <span class='ocrx_word' id='word_1_486' title='bbox 767 4451 867 4506; x_wconf 92' lang='lat' dir='ltr'><strong>est</strong></span> <span class='ocrx_word' id='word_1_487' title='bbox 904 4443 1172 4506; x_wconf 82' lang='lat' dir='ltr'><strong>facultas</strong></span> <span class='ocrx_word' id='word_1_488' title='bbox 1211 4445 1292 4506; x_wconf 89' lang='lat' dir='ltr'><strong>ad</strong></span> <span class='ocrx_word' id='word_1_489' title='bbox 1335 4464 1459 4507; x_wconf 88' lang='lat' dir='ltr'><strong>eas.</strong></span> 
     </span>
    </p>

    <p class='ocr_par' dir='ltr' id='par_1_17' title="bbox 307 4543 1810 5414">
     <span class='ocr_line' id='line_1_75' title="bbox 397 4543 1807 4625; baseline -0.001 -19"><span class='ocrx_word' id='word_1_490' title='bbox 397 4544 488 4606; x_wconf 83' lang='lat' dir='ltr'><strong>Ex</strong></span> <span class='ocrx_word' id='word_1_491' title='bbox 544 4543 648 4606; x_wconf 90' lang='lat' dir='ltr'><strong>his</strong></span> <span class='ocrx_word' id='word_1_492' title='bbox 707 4549 972 4616; x_wconf 91' lang='lat' dir='ltr'><strong>constat,</strong></span> <span class='ocrx_word' id='word_1_493' title='bbox 1033 4543 1202 4624; x_wconf 90' lang='lat' dir='ltr'><strong>quod</strong></span> <span class='ocrx_word' id='word_1_494' title='bbox 1263 4543 1560 4605; x_wconf 89' lang='lat' dir='ltr'><strong>contritio</strong></span> <span class='ocrx_word' id='word_1_495' title='bbox 1618 4551 1807 4625; x_wconf 90' lang='lat' dir='ltr'><strong>prout</strong></span> 
     </span>
     <span class='ocr_line' id='line_1_76' title="bbox 307 4640 1806 4714; baseline 0 -10"><span class='ocrx_word' id='word_1_496' title='bbox 307 4660 480 4704; x_wconf 87' lang='lat' dir='ltr'><strong>nunc</strong></span> <span class='ocrx_word' id='word_1_497' title='bbox 516 4641 816 4714; x_wconf 91' lang='lat' dir='ltr'><strong>sumitur,</strong></span> <span class='ocrx_word' id='word_1_498' title='bbox 849 4649 946 4703; x_wconf 89' lang='lat' dir='ltr'><strong>est</strong></span> <span class='ocrx_word' id='word_1_499' title='bbox 981 4648 1160 4703; x_wconf 87' lang='lat' dir='ltr'><strong>actus</strong></span> <span class='ocrx_word' id='word_1_500' title='bbox 1197 4640 1474 4714; x_wconf 90' lang='lat' dir='ltr'><strong>virtutis,</strong></span> <span class='ocrx_word' id='word_1_501' title='bbox 1506 4640 1806 4704; x_wconf 88' lang='lat' dir='ltr'><strong>videlicet</strong></span> 
     </span>
     <span class='ocr_line' id='line_1_77' title="bbox 307 4738 1806 4822; baseline 0.001 -22"><span class='ocrx_word' id='word_1_502' title='bbox 307 4739 572 4802; x_wconf 87' lang='lat' dir='ltr'><strong>actualis</strong></span> <span class='ocrx_word' id='word_1_503' title='bbox 602 4738 784 4802; x_wconf 91' lang='lat' dir='ltr'><strong>dolor</strong></span> <span class='ocrx_word' id='word_1_504' title='bbox 811 4739 890 4801; x_wconf 90' lang='lat' dir='ltr'><strong>de</strong></span> <span class='ocrx_word' id='word_1_505' title='bbox 927 4739 1117 4820; x_wconf 90' lang='lat' dir='ltr'><strong>culpa</strong></span> <span class='ocrx_word' id='word_1_506' title='bbox 1148 4739 1213 4801; x_wconf 90' lang='lat' dir='ltr'><strong>in</strong></span> <span class='ocrx_word' id='word_1_507' title='bbox 1252 4739 1568 4821; x_wconf 89' lang='lat' dir='ltr'><strong>superiori</strong></span> <span class='ocrx_word' id='word_1_508' title='bbox 1599 4739 1659 4801; x_wconf 87' lang='lat' dir='ltr'><strong>vi</strong></span> <span class='ocrx_word' id='word_1_509' title='bbox 1701 4759 1806 4822; x_wconf 87' lang='lat' dir='ltr'><strong>ap-</strong></span> 
     </span>
     <span class='ocr_line' id='line_1_78' title="bbox 310 4837 1807 4920; baseline 0.001 -21"><span class='ocrx_word' id='word_1_510' title='bbox 310 4837 588 4919; x_wconf 88' lang='lat' dir='ltr'><strong>petitiva.</strong></span> <span class='ocrx_word' id='word_1_511' title='bbox 605 4838 1154 4911; x_wconf 88' lang='lat' dir='ltr'><strong>Quemadmodum</strong></span> <span class='ocrx_word' id='word_1_512' title='bbox 1184 4837 1355 4900; x_wconf 88' lang='lat' dir='ltr'><strong>enim</strong></span> <span class='ocrx_word' id='word_1_513' title='bbox 1389 4837 1638 4900; x_wconf 89' lang='lat' dir='ltr'><strong>inflatio</strong></span> <span class='ocrx_word' id='word_1_514' title='bbox 1669 4856 1807 4920; x_wconf 88' lang='lat' dir='ltr'><strong>pro-</strong></span> 
     </span>
     <span class='ocr_line' id='line_1_79' title="bbox 311 4935 1808 5018; baseline 0.001 -22"><span class='ocrx_word' id='word_1_515' title='bbox 311 4937 464 5018; x_wconf 79' lang='lat' dir='ltr'><strong>priae</strong></span> <span class='ocrx_word' id='word_1_516' title='bbox 511 4936 855 5000; x_wconf 89' lang='lat' dir='ltr'><strong>voluntatis</strong></span> <span class='ocrx_word' id='word_1_517' title='bbox 909 4937 985 4999; x_wconf 89' lang='lat' dir='ltr'><strong>ad</strong></span> <span class='ocrx_word' id='word_1_518' title='bbox 1035 4935 1200 5000; x_wconf 90' lang='lat' dir='ltr'><strong>male</strong></span> <span class='ocrx_word' id='word_1_519' title='bbox 1255 4937 1594 5017; x_wconf 87' lang='lat' dir='ltr'><strong>agendum,</strong></span> <span class='ocrx_word' id='word_1_520' title='bbox 1647 4937 1808 4998; x_wconf 91' lang='lat' dir='ltr'><strong>desi-</strong></span> 
     </span>
     <span class='ocr_line' id='line_1_80' title="bbox 309 5034 1806 5115; baseline 0 -19"><span class='ocrx_word' id='word_1_521' title='bbox 309 5043 456 5115; x_wconf 86' lang='lat' dir='ltr'><strong>gnat</strong></span> <span class='ocrx_word' id='word_1_522' title='bbox 496 5035 736 5096; x_wconf 89' lang='lat' dir='ltr'><strong>malum</strong></span> <span class='ocrx_word' id='word_1_523' title='bbox 780 5052 858 5096; x_wconf 90' lang='lat' dir='ltr'><strong>ex</strong></span> <span class='ocrx_word' id='word_1_524' title='bbox 896 5052 1160 5114; x_wconf 85' lang='lat' dir='ltr'><strong>genere3</strong></span> <span class='ocrx_word' id='word_1_525' title='bbox 1193 5035 1285 5098; x_wconf 93' lang='lat' dir='ltr'><strong>sic</strong></span> <span class='ocrx_word' id='word_1_526' title='bbox 1324 5034 1702 5097; x_wconf 84' lang='lat' dir='ltr'><strong>annihilatio</strong></span> <span class='ocrx_word' id='word_1_527' title='bbox 1744 5043 1806 5097; x_wconf 89' lang='lat' dir='ltr'><strong>et</strong></span> 
     </span>
     <span class='ocr_line' id='line_1_81' title="bbox 312 5133 1810 5215; baseline 0.003 -21"><span class='ocrx_word' id='word_1_528' title='bbox 312 5133 731 5196; x_wconf 86' lang='lat' dir='ltr'><strong>comminutio</strong></span> <span class='ocrx_word' id='word_1_529' title='bbox 769 5133 1112 5195; x_wconf 84' lang='lat' dir='ltr'><strong>voluntatis</strong></span> <span class='ocrx_word' id='word_1_530' title='bbox 1153 5133 1324 5196; x_wconf 89' lang='lat' dir='ltr'><strong>illius</strong></span> <span class='ocrx_word' id='word_1_531' title='bbox 1365 5134 1667 5215; x_wconf 83' lang='lat' dir='ltr'><strong>importat</strong></span> <span class='ocrx_word' id='word_1_532' title='bbox 1704 5133 1810 5198; x_wconf 89' lang='lat' dir='ltr'><strong>bo-</strong></span> 
     </span>
     <span class='ocr_line' id='line_1_82' title="bbox 313 5232 1807 5314; baseline 0.001 -22"><span class='ocrx_word' id='word_1_533' title='bbox 313 5251 465 5294; x_wconf 90' lang='lat' dir='ltr'><strong>num</strong></span> <span class='ocrx_word' id='word_1_534' title='bbox 497 5250 574 5294; x_wconf 87' lang='lat' dir='ltr'><strong>ex</strong></span> <span class='ocrx_word' id='word_1_535' title='bbox 604 5249 860 5313; x_wconf 89' lang='lat' dir='ltr'><strong>genere,</strong></span> <span class='ocrx_word' id='word_1_536' title='bbox 892 5232 1062 5313; x_wconf 89' lang='lat' dir='ltr'><strong>quod</strong></span> <span class='ocrx_word' id='word_1_537' title='bbox 1093 5238 1189 5294; x_wconf 91' lang='lat' dir='ltr'><strong>est</strong></span> <span class='ocrx_word' id='word_1_538' title='bbox 1228 5232 1524 5294; x_wconf 83' lang='lat' dir='ltr'><strong>detestari</strong></span> <span class='ocrx_word' id='word_1_539' title='bbox 1564 5233 1807 5314; x_wconf 92' lang='lat' dir='ltr'><strong>propri-</strong></span> 
     </span>
     <span class='ocr_line' id='line_1_83' title="bbox 312 5331 1808 5414; baseline 0 -22"><span class='ocrx_word' id='word_1_540' title='bbox 312 5349 412 5394; x_wconf 89' lang='lat' dir='ltr'><strong>am</strong></span> <span class='ocrx_word' id='word_1_541' title='bbox 442 5331 997 5412; x_wconf 82' lang='lat' dir='ltr'><strong>voluntatem,qua</strong></span> <span class='ocrx_word' id='word_1_542' title='bbox 1026 5337 1360 5414; x_wconf 90' lang='lat' dir='ltr'><strong>peccatum</strong></span> <span class='ocrx_word' id='word_1_543' title='bbox 1392 5331 1808 5393; x_wconf 89' lang='lat' dir='ltr'><strong>commissum</strong></span> 
     </span>
    </p>
   </div>
   <div class='ocr_carea' id='block_1_16' title="bbox 1915 4339 3419 5400">
    <p class='ocr_par' dir='ltr' id='par_1_18' title="bbox 1915 4339 3417 4504">
     <span class='ocr_line' id='line_1_84' title="bbox 1915 4339 3417 4423; baseline -0.001 -19"><span class='ocrx_word' id='word_1_544' title='bbox 1915 4342 2039 4405; x_wconf 81' lang='lat' dir='ltr'><strong>illae</strong></span> <span class='ocrx_word' id='word_1_545' title='bbox 2087 4349 2298 4423; x_wconf 89' lang='lat' dir='ltr'><strong>partes</strong></span> <span class='ocrx_word' id='word_1_546' title='bbox 2341 4357 2469 4403; x_wconf 91' lang='lat' dir='ltr'><strong>non</strong></span> <span class='ocrx_word' id='word_1_547' title='bbox 2515 4359 2769 4423; x_wconf 90' lang='lat' dir='ltr'><strong>semper</strong></span> <span class='ocrx_word' id='word_1_548' title='bbox 2816 4342 3040 4404; x_wconf 89' lang='lat' dir='ltr'><strong>eodem</strong></span> <span class='ocrx_word' id='word_1_549' title='bbox 3086 4341 3276 4403; x_wconf 90' lang='lat' dir='ltr'><strong>modo</strong></span> <span class='ocrx_word' id='word_1_550' title='bbox 3320 4339 3417 4402; x_wconf 89' lang='lat' dir='ltr'><strong>fu-</strong></span> 
     </span>
     <span class='ocr_line' id='line_1_85' title="bbox 1915 4447 2121 4504; baseline -0.019 0"><span class='ocrx_word' id='word_1_551' title='bbox 1915 4447 2121 4504; x_wconf 87' lang='lat' dir='ltr'><strong>erunt.</strong></span> 
     </span>
    </p>

    <p class='ocr_par' dir='ltr' id='par_1_19' title="bbox 1915 4538 3419 5400">
     <span class='ocr_line' id='line_1_86' title="bbox 1996 4538 3419 4621; baseline -0.001 -20"><span class='ocrx_word' id='word_1_552' title='bbox 1996 4540 2264 4620; x_wconf 85' lang='lat' dir='ltr'><strong>Insuper</strong></span> <span class='ocrx_word' id='word_1_553' title='bbox 2305 4538 2384 4600; x_wconf 93' lang='lat' dir='ltr'><strong>de</strong></span> <span class='ocrx_word' id='word_1_554' title='bbox 2429 4539 2573 4612; x_wconf 91' lang='lat' dir='ltr'><strong>hoc,</strong></span> <span class='ocrx_word' id='word_1_555' title='bbox 2604 4557 2683 4600; x_wconf 88' lang='lat' dir='ltr'><strong>an</strong></span> <span class='ocrx_word' id='word_1_556' title='bbox 2733 4538 2974 4602; x_wconf 82' lang='lat' dir='ltr'><strong>attritio</strong></span> <span class='ocrx_word' id='word_1_557' title='bbox 3025 4538 3167 4602; x_wconf 84' lang='lat' dir='ltr'><strong>fieri</strong></span> <span class='ocrx_word' id='word_1_558' title='bbox 3216 4538 3419 4621; x_wconf 89' lang='lat' dir='ltr'><strong>possit</strong></span> 
     </span>
     <span class='ocr_line' id='line_1_87' title="bbox 1917 4636 3412 4719; baseline -0.001 -18"><span class='ocrx_word' id='word_1_559' title='bbox 1917 4638 2234 4711; x_wconf 90' lang='lat' dir='ltr'><strong>contritio,</strong></span> <span class='ocrx_word' id='word_1_560' title='bbox 2254 4644 2350 4699; x_wconf 90' lang='grc' dir='ltr'><strong>θεῖ</strong></span> <span class='ocrx_word' id='word_1_561' title='bbox 2378 4636 2614 4718; x_wconf 88' lang='lat' dir='ltr'><strong>duplex</strong></span> <span class='ocrx_word' id='word_1_562' title='bbox 2646 4636 2883 4718; x_wconf 90' lang='lat' dir='ltr'><strong>opinio.</strong></span> <span class='ocrx_word' id='word_1_563' title='bbox 2904 4637 3036 4700; x_wconf 90' lang='lat' dir='ltr'><strong>Una</strong></span> <span class='ocrx_word' id='word_1_564' title='bbox 3064 4639 3235 4719; x_wconf 90' lang='lat' dir='ltr'><strong>quod</strong></span> <span class='ocrx_word' id='word_1_565' title='bbox 3265 4637 3412 4709; x_wconf 90' lang='lat' dir='ltr'><strong>imo,</strong></span> 
     </span>
     <span class='ocr_line' id='line_1_88' title="bbox 1915 4735 3409 4819; baseline 0 -21"><span class='ocrx_word' id='word_1_566' title='bbox 1915 4737 2457 4819; x_wconf 91' lang='lat' dir='ltr'><strong>quemadmodum</strong></span> <span class='ocrx_word' id='word_1_567' title='bbox 2489 4735 2651 4798; x_wconf 86' lang='lat' dir='ltr'><strong>fides</strong></span> <span class='ocrx_word' id='word_1_568' title='bbox 2690 4735 2983 4798; x_wconf 86' lang='lat' dir='ltr'><strong>informis</strong></span> <span class='ocrx_word' id='word_1_569' title='bbox 3019 4735 3096 4797; x_wconf 88' lang='lat' dir='ltr'><strong>fit</strong></span> <span class='ocrx_word' id='word_1_570' title='bbox 3124 4736 3409 4798; x_wconf 82' lang='lat' dir='ltr'><strong>formata.</strong></span> 
     </span>
     <span class='ocr_line' id='line_1_89' title="bbox 1916 4831 3417 4915; baseline -0.001 -18"><span class='ocrx_word' id='word_1_571' title='bbox 1916 4835 2092 4910; x_wconf 88' lang='lat' dir='ltr'><strong>Quod</strong></span> <span class='ocrx_word' id='word_1_572' title='bbox 2123 4853 2249 4897; x_wconf 91' lang='lat' dir='ltr'><strong>non</strong></span> <span class='ocrx_word' id='word_1_573' title='bbox 2280 4834 2554 4908; x_wconf 88' lang='lat' dir='ltr'><strong>videtur,</strong></span> <span class='ocrx_word' id='word_1_574' title='bbox 2586 4831 2890 4914; x_wconf 87' lang='lat' dir='ltr'><strong>quoniam</strong></span> <span class='ocrx_word' id='word_1_575' title='bbox 2920 4834 3213 4915; x_wconf 88' lang='lat' dir='ltr'><strong>quamvis</strong></span> <span class='ocrx_word' id='word_1_576' title='bbox 3241 4833 3417 4896; x_wconf 89' lang='lat' dir='ltr'><strong>habi-</strong></span> 
     </span>
     <span class='ocr_line' id='line_1_90' title="bbox 1918 4931 3414 5013; baseline -0.001 -18"><span class='ocrx_word' id='word_1_577' title='bbox 1918 4941 2020 4995; x_wconf 89' lang='lat' dir='ltr'><strong>tus</strong></span> <span class='ocrx_word' id='word_1_578' title='bbox 2051 4932 2204 4995; x_wconf 84' lang='lat' dir='ltr'><strong>fidei</strong></span> <span class='ocrx_word' id='word_1_579' title='bbox 2238 4931 2530 4994; x_wconf 90' lang='lat' dir='ltr'><strong>informis</strong></span> <span class='ocrx_word' id='word_1_580' title='bbox 2570 4931 2682 4993; x_wconf 86' lang='lat' dir='ltr'><strong>fiat</strong></span> <span class='ocrx_word' id='word_1_581' title='bbox 2722 4931 3051 5005; x_wconf 81' lang='lat' dir='ltr'><strong>formatuS‚</strong></span> <span class='ocrx_word' id='word_1_582' title='bbox 3087 4951 3414 5013; x_wconf 88' lang='lat' dir='ltr'><strong>nunquam</strong></span> 
     </span>
     <span class='ocr_line' id='line_1_91' title="bbox 1917 5029 3418 5094; baseline -0.001 0"><span class='ocrx_word' id='word_1_583' title='bbox 1917 5039 2130 5094; x_wconf 86' lang='lat' dir='ltr'><strong>tamen</strong></span> <span class='ocrx_word' id='word_1_584' title='bbox 2171 5038 2347 5092; x_wconf 90' lang='lat' dir='ltr'><strong>actus</strong></span> <span class='ocrx_word' id='word_1_585' title='bbox 2392 5029 2546 5092; x_wconf 83' lang='lat' dir='ltr'><strong>fidei</strong></span> <span class='ocrx_word' id='word_1_586' title='bbox 2591 5029 2883 5092; x_wconf 83' lang='lat' dir='ltr'><strong>informis</strong></span> <span class='ocrx_word' id='word_1_587' title='bbox 2930 5029 3236 5093; x_wconf 89' lang='lat' dir='ltr'><strong>formatus</strong></span> <span class='ocrx_word' id='word_1_588' title='bbox 3277 5030 3418 5092; x_wconf 89' lang='lat' dir='ltr'><strong>effi-</strong></span> 
     </span>
     <span class='ocr_line' id='line_1_92' title="bbox 1919 5127 3419 5212; baseline 0 -19"><span class='ocrx_word' id='word_1_589' title='bbox 1919 5132 2106 5205; x_wconf 90' lang='lat' dir='ltr'><strong>citur,</strong></span> <span class='ocrx_word' id='word_1_590' title='bbox 2140 5129 2442 5212; x_wconf 85' lang='lat' dir='ltr'><strong>quoniam</strong></span> <span class='ocrx_word' id='word_1_591' title='bbox 2486 5137 2664 5191; x_wconf 88' lang='lat' dir='ltr'><strong>actus</strong></span> <span class='ocrx_word' id='word_1_592' title='bbox 2707 5128 2814 5190; x_wconf 91' lang='lat' dir='ltr'><strong>ille</strong></span> <span class='ocrx_word' id='word_1_593' title='bbox 2856 5127 3147 5192; x_wconf 85' lang='lat' dir='ltr'><strong>informis</strong></span> <span class='ocrx_word' id='word_1_594' title='bbox 3192 5131 3419 5193; x_wconf 90' lang='lat' dir='ltr'><strong>transit</strong></span> 
     </span>
     <span class='ocr_line' id='line_1_93' title="bbox 1919 5227 3417 5293; baseline -0.001 0"><span class='ocrx_word' id='word_1_595' title='bbox 1919 5250 2037 5293; x_wconf 91' lang='lat' dir='ltr'><strong>nec</strong></span> <span class='ocrx_word' id='word_1_596' title='bbox 2089 5235 2301 5291; x_wconf 88' lang='lat' dir='ltr'><strong>manet</strong></span> <span class='ocrx_word' id='word_1_597' title='bbox 2354 5227 2613 5290; x_wconf 89' lang='lat' dir='ltr'><strong>caritate</strong></span> <span class='ocrx_word' id='word_1_598' title='bbox 2660 5227 3055 5290; x_wconf 89' lang='lat' dir='ltr'><strong>adveniente.</strong></span> <span class='ocrx_word' id='word_1_599' title='bbox 3110 5228 3417 5291; x_wconf 90' lang='lat' dir='ltr'><strong>Contritio</strong></span> 
     </span>
     <span class='ocr_line' id='line_1_94' title="bbox 1918 5325 3414 5400; baseline -0.003 -8"><span class='ocrx_word' id='word_1_600' title='bbox 1918 5338 2132 5392; x_wconf 91' lang='lat' dir='ltr'><strong>autem</strong></span> <span class='ocrx_word' id='word_1_601' title='bbox 2173 5337 2235 5390; x_wconf 92' lang='grc' dir='ltr'><strong>θῖ</strong></span> <span class='ocrx_word' id='word_1_602' title='bbox 2272 5327 2513 5390; x_wconf 89' lang='lat' dir='ltr'><strong>attritio</strong></span> <span class='ocrx_word' id='word_1_603' title='bbox 2542 5326 2764 5388; x_wconf 89' lang='lat' dir='ltr'><strong>dicunt</strong></span> <span class='ocrx_word' id='word_1_604' title='bbox 2802 5333 3036 5400; x_wconf 90' lang='lat' dir='ltr'><strong>actum,</strong></span> <span class='ocrx_word' id='word_1_605' title='bbox 3071 5342 3197 5388; x_wconf 91' lang='lat' dir='ltr'><strong>non</strong></span> <span class='ocrx_word' id='word_1_606' title='bbox 3237 5325 3414 5388; x_wconf 90' lang='lat' dir='ltr'><strong>habi-</strong></span> 
     </span>
    </p>
   </div>
  </div>
 </body>
</html>
