4267 6250
73 3280 81 3298 Ἰ
73 3228 82 3266 ΛΤ
72 2981 88 3223 fflp—*u
74 2961 80 2970 -

564 510 648 557 an
688 509 838 557 sona
881 508 1049 566 Aona
1090 508 1349 557 smmx
1392 509 1485 555 srr
1525 507 1797 555 immam
1840 506 2227 556 sarnanum-rt
2266 509 2689 566 mausum,
2729 508 2803 554 m·
2845 506 2960 555 cun
2999 508 3118 556 noc
3277 488 3390 553 111

330 680 517 743 omnia
542 680 778 762 liquida
808 680 1085 744 maxime
1114 680 1197 743 sit
1225 677 1789 743 communiszhinc
1819 677 1868 741 A
1902 679 2205 760 potentia,
2237 680 2492 762 quando
2533 679 2766 762 aliquis
2809 679 3040 743 humor
3083 696 3208 741 non
3251 695 3396 741 con-

328 787 757 841 sacramentum
798 780 919 843 hoc
956 780 1023 841 in
1063 798 1229 861 aqua
1269 776 1793 843 convenientissi-

332 896 417 939 me
454 886 541 939 est
576 877 959 941 institutum.
990 877 1135 941 Haec
1178 877 1349 940 idem
1394 877 1503 940 ibi.

398 976 459 1037 In
490 975 647 1037 idem
688 976 855 1039 redit
882 977 1051 1058 quod
1092 977 1320 1040 asserit
1347 976 1611 1039 Thomas
1647 992 1661 1037 :
1697 973 1786 1036 Ex

331 1072 691 1135 institutione
726 1074 1005 1155 (dicens)
1042 1073 1261 1137 divina
1301 1072 1790 1155 congruentissi-

332 1191 485 1233 mum
513 1180 603 1234 est
630 1172 1023 1254 Baptismum
1052 1172 1327 1235 conferri
1362 1173 1425 1234 in
1457 1190 1639 1254 aqua.
1664 1170 1790 1233 Pri-

330 1287 437 1341 m0,
482 1269 771 1351 quoniam
822 1290 987 1352 aqua
1042 1270 1287 1333 ratione
1344 1288 1473 1332 suae
1532 1268 1789 1349 diapha·

328 1368 551 1431 neitatis
586 1368 825 1450 aliquid
870 1368 1061 1431 habet
1100 1369 1179 1431 de
1224 1368 1467 1430 lumine
1511 1387 1523 1429 :
1568 1367 1787 1449 sicque

328 1466 593 1529 convenit
618 1466 961 1549 Baptismo,
992 1467 1103 1549 qui
1144 1466 1337 1531 habet
1375 1466 1505 1528 vim
1548 1465 1787 1529 illumi-

327 1563 577 1627 nativam
622 1566 971 1629 secundum
1013 1566 1185 1648 quod
1224 1566 1289 1628 in
1333 1583 1411 1629 eo
1448 1564 1647 1646 gratia
1684 1564 1788 1626 da·

328 1670 431 1725 tur.
470 1664 768 1740 Secundo,
812 1664 1117 1747 quoniam
1160 1684 1325 1747 aqua
1372 1664 1615 1727 ratione
1657 1683 1787 1727 suae

328 1760 689 1824 humiditatis
736 1762 931 1825 habet
978 1764 1109 1826 vim
1168 1762 1519 1825 ablutivam
1576 1780 1589 1823 :
1644 1762 1785 1825 ideo

1900 777 2202 839 densatur
2230 786 2294 839 et
2321 778 2542 841 rarefit
2569 777 2776 841 calido
2805 777 2908 840 vel
2943 776 3195 857 frigido,
3229 776 3398 839 sicut

1900 892 2099 956 aqua3
2132 876 2242 937 sed
2281 876 2485 949 aliter,
2520 882 2590 937 ut
2629 882 2802 959 patet
2841 876 2908 938 in
2946 875 3109 949 oleo,
3143 873 3294 938 vino
3333 882 3397 937 et

1900 973 2081 1035 lacte.
2133 973 2442 1056 Denique,
2495 975 2574 1037 de
2623 974 2846 1037 lixivio
2901 973 3103 1056 aliqui
3149 973 3393 1047 dicunt,

1900 1072 2069 1153 quod
2118 1072 2398 1155 speciem
2453 1092 2636 1154 aquae
2681 1072 2917 1146 amisit,
2969 1073 3240 1154 ideoque
3289 1072 3398 1134 Ba-

1899 1169 2115 1251 ptismi
2171 1172 2432 1233 materia
2481 1190 2620 1235 esse
2671 1188 2796 1234 non
2849 1170 3066 1253 possit.
3111 1170 3231 1233 Sed
3275 1170 3396 1233 hoc

1899 1286 2025 1331 non
2087 1268 2363 1342 videtur,
2425 1270 2577 1351 quia
2638 1271 2859 1332 eadem
2927 1270 3172 1333 ratione
3231 1286 3397 1349 aqua

1898 1366 2212 1429 transiens
2257 1385 2372 1449 per
2413 1368 2689 1431 mineras
2731 1367 3050 1431 sulfureas
3093 1375 3158 1429 et
3199 1372 3398 1429 terras

1899 1465 2286 1539 combustaS,
2303 1467 2566 1529 materia
2595 1466 2906 1549 Baptismi
2935 1484 3076 1529 esse
3105 1482 3232 1529 non
3265 1482 3402 1547 pos-

1898 1572 1995 1627 set
2036 1584 2049 1627 :
2093 1565 2265 1645 quod
2308 1563 2543 1627 falsum
2587 1572 2702 1627 est.
2737 1563 3056 1627 Lixivium
3100 1562 3276 1626 enim
3317 1563 3400 1626 ab

1897 1664 2022 1725 alia
2072 1682 2240 1745 aqua
2291 1682 2418 1727 non
2465 1663 2707 1739 differt,
2759 1663 2884 1726 nisi
2941 1663 3006 1726 in
3059 1664 3180 1727 hoc
3229 1663 3400 1745 quod

1901 1782 2016 1845 per
2044 1762 2292 1825 cineres
2322 1762 2591 1825 transiit.
2627 1762 2871 1826 Idcirco
2899 1762 3153 1825 videtur
3185 1761 3399 1824 dicen-

328 1861 601 1942 competit
636 1860 980 1943 Baptismo,
1026 1862 1089 1924 in
1140 1880 1268 1943 quo
1316 1863 1531 1925 sordes
1581 1860 1787 1942 culpae
1824 1863 1871 1927 B
1901 1861 2077 1935 dum,
2110 1862 2280 1943 quod
2325 1862 2683 1943 Baptismus
2727 1862 2792 1923 in
2843 1860 3063 1924 lixivio
3108 1860 3250 1923 fieri
3294 1876 3401 1942 po-

330 1958 698 2021 mundantur.
740 1959 973 2033 Tertio,
1014 1961 1165 2041 quia
1214 1960 1455 2022 ratione
1498 1978 1629 2023 suae
1674 1959 1787 2022 fri·

328 2056 573 2135 giditatis
618 2057 807 2120 habet
853 2058 985 2120 vim
1048 2057 1572 2139 refrigerativam,
1622 2077 1791 2122 com-

331 2155 585 2237 petitque
621 2155 965 2237 Baptismo,
1001 2156 1067 2218 in
1110 2174 1241 2237 quo
1284 2156 1655 2219 incendium
1702 2155 1793 2219 fo-

332 2254 480 2315 mitis
526 2254 858 2334 mitigatur.
903 2254 1157 2329 Quart0,
1200 2254 1353 2337 quia
1403 2261 1472 2317 ut
1518 2254 1792 2337 septimo

329 2351 393 2413 de
417 2352 799 2415 Animalibus
836 2353 1094 2427 dicitur,
1124 2372 1291 2435 aqua
1332 2354 1607 2416 maxime
1648 2371 1795 2417 con·

330 2449 477 2511 venit
512 2442 894 2531 generationi
934 2459 997 2515 et
1034 2452 1534 2533 augmentationi
1573 2451 1790 2515 viven-

332 2547 486 2623 tium,
536 2557 787 2631 propter
836 2551 1006 2633 quod
1068 2550 1133 2613 in
1190 2550 1510 2633 principio
1567 2550 1789 2613 mundi

330 2646 593 2709 animalia
620 2667 695 2711 ex
722 2667 890 2732 aqua
922 2648 1221 2731 primitus
1252 2657 1401 2711 sunt
1430 2649 1737 2731 producta
1772 2666 1785 2711 :

332 2745 473 2807 unde
509 2747 799 2809 convenit
824 2746 1175 2828 Baptismo,
1210 2746 1322 2829 qui
1362 2754 1459 2809 est
1496 2746 1789 2829 spiritua-

332 2841 396 2903 lis
433 2845 829 2925 regeneratio.
874 2844 1127 2919 Quinto,
1169 2843 1475 2927 quoniam
1516 2863 1683 2927 aqna
1724 2845 1790 2908 in

332 2942 543 3005 cunctis
598 2944 822 3007 mundi
879 2942 1125 3007 finibus
1182 2944 1524 3007 invenitur.
1578 2944 1786 3018 Sexte,

1900 1966 2025 2021 test
2053 1960 2222 2022 sicut
2251 1960 2316 2021 in
2350 1961 2534 2041 aquis
2573 1958 2898 2033 sulfureiS,
2929 1966 3120 2041 atque
3151 1959 3215 2021 in
3255 1958 3400 2021 aliis

1900 2058 2085 2140 aquis
2130 2078 2276 2140 quae
2323 2077 2400 2121 ex
2449 2066 2616 2121 terra
2665 2077 2780 2140 per
2825 2077 3018 2140 quam
3067 2064 3402 2121 transeunt

1900 2164 2009 2219 aut
2056 2164 2314 2229 exeunt,
2349 2157 2789 2220 immutantur.

1980 2254 2294 2328 Quaeritur
2341 2272 2618 2337 quoque,
2662 2274 2740 2317 an
2791 2254 2856 2316 in
2906 2254 3193 2337 qualibet
3237 2272 3402 2337 aqua

1901 2352 2182 2433 simplici
2224 2352 2368 2415 fieri
2408 2360 2598 2436 queat
2628 2352 3005 2436 Baptismus.
3039 2354 3116 2416 Et
3145 2371 3403 2435 respon-

1902 2450 2206 2523 dendum,
2226 2451 2397 2533 quod
2426 2470 2735 2533 aquarum
2768 2452 3103 2515 diversitas
3132 2471 3276 2534 quae
3305 2457 3403 2513 est

1903 2568 2017 2631 per
2048 2549 2336 2612 diversos
2371 2550 2528 2612 situs
2559 2558 2623 2613 et
2653 2551 2810 2624 loca,
2843 2556 2940 2612 est
2965 2549 3398 2623 accidentaliS,

1904 2647 2143 2711 idcirco
2178 2667 2304 2712 non
2345 2656 2547 2712 mutat
2575 2648 2856 2732 speciem
2897 2668 3075 2731 aquae
3109 2668 3124 2713 :
3159 2648 3303 2712 ideo
3333 2648 3402 2711 in

1902 2747 2189 2830 qualibet
2229 2767 2394 2830 aqua
2434 2748 2568 2821 tali,
2599 2747 2900 2811 videlicet
2939 2746 3155 2823 maria,
3190 2747 3404 2810 flumi-

1902 2846 2025 2921 niS‚
2058 2846 2373 2920 cisternae,
2407 2845 2602 2909 sontis
2647 2854 2711 2909 et
2747 2846 2974 2928 stagni,
3006 2844 3152 2908 fieri
3196 2853 3405 2929 potest

1898 2944 2282 3027 Baptismus.
2320 2944 2511 3009 Porro
2541 2945 2825 3008 Salvator
2850 2945 3166 3026 tangendo
3197 2945 3262 3007 in
3301 2944 3403 3007 sui

333 3041 459 3121 quia
482 3041 747 3106 faciliter
774 3052 840 3106 et
868 3042 1009 3106 sine
1040 3043 1245 3127 pretio
1274 3051 1483 3127 potest
1508 3044 1786 3128 acquiri:
1822 3049 1866 3113 C
1903 3043 2328 3128 baptizatione
2368 3062 2564 3127 aquas
2591 3044 2903 3118 soi-danis,
2935 3061 3062 3106 non
3104 3042 3231 3106 illis
3267 3050 3402 3105 tan-

335 3139 452 3204 ideo
486 3144 775 3206 convenit
812 3143 1157 3226 Baptismo,
1190 3144 1361 3225 quod
1399 3153 1498 3208 est
1533 3162 1792 3226 genera-

332 3237 609 3304 lissimum
656 3250 724 3304 et
772 3243 1050 3304 maxime
1096 3243 1527 3305 necessarium
1589 3262 1791 3306 sacra-

333 3347 600 3402 mentum.

396 3436 659 3520 Insuper,
694 3439 849 3502 dum
895 3438 1221 3521 quaeritur,
1253 3458 1335 3501 an
1378 3438 1522 3501 fieri
1566 3439 1793 3502 debeat

332 3532 387 3594 in
420 3536 675 3619 simplici
702 3527 922 3620 'aqua3
955 3537 1319 3612 dicendum,
1355 3538 1523 3619 quod
1568 3537 1795 3599 mixtio

330 3651 481 3714 aquae
522 3643 723 3717 potest
764 3653 907 3698 esse
950 3636 1204 3718 duplex.
1250 3636 1404 3709 Una,
1446 3655 1589 3718 quae
1628 3636 1797 3699 tollit

332 3733 575 3812 speciem
602 3753 785 3816 aquae
820 3751 835 3794 ε
870 3734 1037 3796 sicut
1064 3735 1216 3796 dum
1248 3752 1363 3816 per
1393 3734 1797 3816 putrefactio-

330 3847 455 3892 nem
486 3839 587 3894 aut
613 3831 1035 3912 digestionem
1069 3831 1295 3895 transit
1326 3833 1390 3894 in
1426 3832 1615 3894 aliam
1652 3852 1793 3916 spe-

330 3926 489 3990 ciem.
518 3928 673 4004 Alia,
706 3949 851 4011 quae
894 3929 1177 4011 speciem
1220 3929 1361 4010 ejus
1404 3948 1533 3992 non
1574 3931 1742 3993 tollit
1776 3951 1790 3996 ε

332 4025 551 4090 utdum
590 4028 915 4090 modicum
954 4028 1215 4091 alterius
1249 4027 1341 4090 rei
1372 4028 1433 4090 ei
1466 4028 1789 4092 miscetur.

331 4121 519 4205 ltaque
560 4127 623 4188 in
680 4145 849 4208 aqua
904 4127 1114 4209 primo
1162 4126 1351 4191 modo
1402 4127 1601 4190 mixta
1648 4126 1792 4191 fieri

1900 3149 2063 3217 tum,
2097 3144 2208 3207 sed
2250 3143 2364 3205 toti
2403 3143 2642 3225 speciei
2683 3162 2862 3225 aquae
2901 3142 3402 3225 regenerativam

1902 3242 2035 3304 vim
2074 3242 2370 3315 contulit,
2405 3241 2796 3305 instituendo
2833 3260 2974 3304 earn
3017 3241 3404 3304 instrumen-

1902 3346 2037 3402 tum
2071 3341 2400 3422 Baptismi.
2435 3341 2505 3402 ln
2533 3358 2698 3422 aqua
2727 3357 2982 3422 quoque
3013 3339 3264 3422 paludis
3294 3358 3404 3422 po-

1904 3445 2028 3501 test
2066 3438 2202 3501 dari
2246 3438 2631 3520 BaptismuS‚
2665 3437 2790 3500 nisi
2837 3438 2902 3501 in
2946 3446 3196 3501 tantum
3236 3445 3406 3501 esset

1907 3536 2275 3617 ingrossata,
2300 3537 2469 3619 quod
2498 3555 2534 3598 a
2564 3555 2714 3598 vera
2741 3555 2922 3618 aquae
2953 3536 3206 3598 raritate
3238 3552 3406 3598 rece-

1904 3635 2102 3708 deret,
2139 3641 2209 3696 ut
2238 3635 2291 3697 si
2326 3635 2660 3698 exsisteret
2699 3634 2926 3696 lutum.
2961 3669 3040 3680 -
3069 3633 3214 3696 Hoec
3243 3633 3403 3696 Tho-

1906 3753 2041 3796 mas
2085 3733 2151 3795 in
2195 3733 2464 3814 Scripto.

1984 3833 2073 3894 De
2101 3832 2202 3894 his
2233 3831 2424 3894 etiam
2459 3829 2682 3892 scribit
2711 3829 2776 3891 in
2807 3829 2990 3891 tertia
3020 3837 3403 3911 parte,quae·

1905 3931 2107 3993 stione
2156 3928 2548 4011 sexagesima
2595 3935 2790 4001 sexta,
2842 3936 2907 3990 et
2953 3929 3127 3991 addit
3167 3946 3182 3991 :
3223 3929 3401 4010 Aqua
3481 3952 3627 3994 mi.

1904 4047 2084 4090 suam
2126 4027 2470 4109 puritatem
2500 4035 2564 4090 et
2593 4027 3071 4108 simplicitatem
3109 4026 3400 4088 amittere

1905 4133 2113 4208 potest
2152 4125 2497 4207 dupliciter
2529 4145 2544 4190 :
2579 4127 2808 4208 primo,
2847 4145 2964 4209 per
3005 4125 3402 4189 commixtio·

332 4223 527 4302 nequit
560 4225 943 4307 BaptismuS,
974 4225 1126 4306 quia
1160 4244 1288 4289 non
1330 4234 1662 4309 permanet
1691 4246 1793 4289 ve·
1822 4224 1873 4286 D
1904 4243 2052 4287 nem
2109 4223 2373 4287 alterius
2433 4225 2750 4306 corporis3
2801 4226 3101 4299 secundo,
3152 4242 3266 4307 per
3311 4224 3400 4286 al-

333 4337 389 4380 ra
410 4339 588 4404 aqua3
616 4323 728 4386 sed
760 4323 827 4386 in
852 4341 1018 4405 aqua
1047 4325 1327 4387 secundo
1358 4324 1545 4388 modo
1578 4326 1789 4389 mixta.

334 4416 395 4478 Ut
428 4429 622 4484 autem
666 4421 905 4485 sciatur
947 4421 1200 4503 quando
1236 4440 1401 4504 aqua
1444 4421 1526 4483 sit
1564 4422 1652 4483 ita
1691 4423 1791 4485 vel

334 4513 405 4577 ita
432 4519 631 4594 mixta,
666 4519 1089 4602 pensandum,
1124 4519 1294 4601 quod
1333 4519 1500 4581 sicut
1530 4519 1793 4582 diversi-

332 4619 495 4676 tatem
534 4615 767 4698 speciei
798 4616 865 4678 in
899 4615 1283 4679 animalibus
1320 4614 1685 4696 judicamus
1715 4635 1793 4679 ex

332 4709 661 4776 diversitate
688 4713 1169 4794 figurarum,ita
1197 4713 1631 4777 diversitatem
1662 4733 1796 4797 spe-

334 4806 555 4874 cificam
597 4813 661 4875 in
704 4812 1041 4876 elementis
1090 4813 1535 4893 cognoscimus
1582 4832 1661 4876 ex
1704 4814 1795 4876 di-

332 4908 595 4972 versitate
638 4911 763 4972 rari
806 4917 871 4973 et
910 4911 1089 4973 densi
1125 4928 1139 4972 :
1174 4911 1325 4973 hinc
1368 4912 1423 4973 si
1464 4912 1583 4975 fiat
1622 4919 1795 4975 tanta

330 5003 583 5072 alteratio
610 5009 744 5072 sive
776 5009 1116 5092 permixtio
1144 5012 1520 5092 aquae‚quod
1552 5012 1797 5074 receda-

336 5107 417 5162 tur
448 5123 481 5166 a
515 5108 778 5171 termino
819 5107 1091 5170 raritatis
1130 5116 1195 5170 et
1232 5109 1557 5172 densitatis
1588 5128 1787 5191 aquae,

338 5197 391 5260 iu
426 5211 559 5268 actu
595 5206 693 5268 vel
740 5207 809 5269 in
853 5205 1158 5288 potentia,
1192 5206 1447 5288 signum
1490 5215 1587 5270 est
1624 5207 1792 5288 quod

338 5297 409 5360 sit
437 5304 667 5384 species
704 5323 889 5387 aquae
927 5311 1366 5368 transmutata.
1409 5305 1486 5368 Et
1526 5304 1692 5381 dico,
1724 5305 1791 5369 in

1900 4323 2297 4387 terationem.
2355 4323 2632 4398 Quorum
2695 4331 3034 4405 utrumque
3092 4323 3403 4404 contingit

1902 4423 2262 4504 dupliciter,
2299 4430 2518 4505 utpote
2565 4440 2678 4504 per
2721 4429 2920 4484 artem
2963 4429 3026 4482 et
3067 4439 3182 4503 per
3223 4428 3402 4484 natu-

1903 4538 2058 4580 ram.
2094 4520 2210 4582 Ars
2250 4539 2402 4583 vero
2441 4519 2664 4582 deficit
2700 4517 2780 4580 ab
2821 4517 3185 4600 operatione
3225 4525 3404 4581 natu-

1902 4617 2176 4699 rae,quia
2205 4625 2428 4680 natura
2457 4620 2562 4682 dat
2591 4618 2860 4681 sormam
2893 4615 3398 4692 substantialem,

1902 4735 2001 4780 ars
2044 4716 2526 4788 accidentalem,
2551 4715 2844 4798 quamvis
2881 4712 3261 4796 applicando
3297 4733 3402 4777 ac-

1904 4815 2033 4876 tiva
2088 4822 2152 4876 et
2207 4813 2460 4895 passiva
2521 4813 2598 4875 ad
2664 4813 2961 4884 invicem,
3023 4811 3401 4893 dispositive

1902 4919 2280 4993 cooperetur
2310 4911 2389 4973 ad
2429 4909 2862 4972 substantialis
2903 4908 3126 4971 sormae
3167 4910 3400 4991 produ·

1904 5009 2200 5072 ctionem.
2233 5009 2646 5090 Quacumque
2683 5023 2832 5088 ergo
2867 5007 3398 5070 transmutatione

1904 5108 2072 5170 circa
2108 5127 2340 5190 aquam
2382 5107 2548 5170 facta
2587 5124 2699 5188 per
2735 5113 2935 5168 artem
2981 5105 3400 5169 commiscen-

1902 5207 1983 5270 do
2026 5225 2139 5268 seu
2185 5207 2530 5280 alterando,
2573 5223 2700 5268 non
2748 5211 3210 5268 transmutatur
3255 5223 3396 5286 spe-

1902 5305 2035 5368 cies
2080 5322 2278 5385 aquae.
2325 5303 2472 5366 ldeo
2517 5303 2586 5365 in
2631 5302 2742 5364 tali
2791 5301 2931 5366 sieri
2977 5300 3145 5364 valet
3191 5301 3398 5384 Bapti-
