<?xml version="1.0" encoding="UTF-8"?>
<!DOCTYPE html PUBLIC "-//W3C//DTD XHTML 1.0 Transitional//EN"
    "http://www.w3.org/TR/xhtml1/DTD/xhtml1-transitional.dtd">
<html xmlns="http://www.w3.org/1999/xhtml" xml:lang="en" lang="en">
 <head>
  <title>
</title>
<meta http-equiv="Content-Type" content="text/html;charset=utf-8" />
  <meta name='ocr-system' content='tesseract 3.04.00' />
  <meta name='ocr-capabilities' content='ocr_page ocr_carea ocr_par ocr_line ocrx_word'/>
</head>
<body>
  <div class='ocr_page' id='page_1' title='image "./doctorisecstati04unkngoog_0419.png"; bbox 0 0 4267 6250; ppageno 0'>
   <div class='ocr_carea' id='block_1_1' title="bbox 28 5577 30 6200">
    <p class='ocr_par' dir='ltr' id='par_1_1' title="bbox 28 5577 30 6200">
     <span class='ocr_line' id='line_1_1' title="bbox 28 5577 30 6200; baseline 0 0"><span class='ocrx_word' id='word_1_1' title='bbox 28 5577 30 6200; x_wconf 95' lang='lat' dir='ltr'><strong> </strong></span> 
     </span>
    </p>
   </div>
   <div class='ocr_carea' id='block_1_2' title="bbox 721 518 3052 579">
    <p class='ocr_par' dir='ltr' id='par_1_2' title="bbox 721 518 3052 579">
     <span class='ocr_line' id='line_1_2' title="bbox 721 518 3052 579; baseline 0 -12"><span class='ocrx_word' id='word_1_2' title='bbox 721 518 811 567; x_wconf 68' lang='lat' dir='ltr'><strong>AN</strong></span> <span class='ocrx_word' id='word_1_3' title='bbox 847 520 1196 571; x_wconf 70' lang='lat' dir='ltr'><strong>nsssnwrlo</strong></span> <span class='ocrx_word' id='word_1_4' title='bbox 1237 522 1332 569; x_wconf 79' lang='lat' dir='ltr'><strong>Sl&#39;l&#39;</strong></span> <span class='ocrx_word' id='word_1_5' title='bbox 1369 520 1526 569; x_wconf 70' lang='lat' dir='ltr'>PARS</span> <span class='ocrx_word' id='word_1_6' title='bbox 1566 520 2076 579; x_wconf 62' lang='lat' dir='ltr'><strong>sarlsumouls,</strong></span> <span class='ocrx_word' id='word_1_7' title='bbox 2115 520 2193 567; x_wconf 77' lang='lat' dir='ltr'><strong>m·</strong></span> <span class='ocrx_word' id='word_1_8' title='bbox 2232 520 2609 569; x_wconf 63' lang='lat' dir='ltr'><strong>Nsscltssuua</strong></span> <span class='ocrx_word' id='word_1_9' title='bbox 2647 521 2736 568; x_wconf 75' lang='lat' dir='ltr'><strong>An</strong></span> <span class='ocrx_word' id='word_1_10' title='bbox 2776 520 3052 569; x_wconf 63' lang='lat' dir='ltr'><strong>sanum!</strong></span> 
     </span>
    </p>
   </div>
   <div class='ocr_carea' id='block_1_3' title="bbox 3317 499 3435 565">
    <p class='ocr_par' dir='ltr' id='par_1_3' title="bbox 3317 499 3435 565">
     <span class='ocr_line' id='line_1_3' title="bbox 3317 499 3435 565; baseline -0.017 0"><span class='ocrx_word' id='word_1_11' title='bbox 3317 499 3435 565; x_wconf 75' lang='lat'><strong>401</strong></span> 
     </span>
    </p>
   </div>
   <div class='ocr_carea' id='block_1_4' title="bbox 335 684 3436 773">
    <p class='ocr_par' dir='ltr' id='par_1_4' title="bbox 335 684 3436 773">
     <span class='ocr_line' id='line_1_4' title="bbox 335 684 3436 773; baseline -0.001 -23"><span class='ocrx_word' id='word_1_12' title='bbox 335 685 754 766; x_wconf 70' lang='lat' dir='ltr'><strong>praeinductis</strong></span> <span class='ocrx_word' id='word_1_13' title='bbox 801 695 866 751; x_wconf 88' lang='lat' dir='ltr'><strong>et</strong></span> <span class='ocrx_word' id='word_1_14' title='bbox 911 689 1390 753; x_wconf 78' lang='lat' dir='ltr'><strong>introducendis</strong></span> <span class='ocrx_word' id='word_1_15' title='bbox 1436 689 1588 752; x_wconf 84' lang='lat' dir='ltr'><strong>satis</strong></span> <span class='ocrx_word' id='word_1_16' title='bbox 1637 688 1836 751; x_wconf 90' lang='lat' dir='ltr'><strong>conti·</strong></span> <span class='ocrx_word' id='word_1_17' title='bbox 1864 687 1917 752; x_wconf 81' lang='lat' dir='ltr'>A</span> <span class='ocrx_word' id='word_1_18' title='bbox 1949 688 2147 752; x_wconf 91' lang='lat' dir='ltr'><strong>mittit</strong></span> <span class='ocrx_word' id='word_1_19' title='bbox 2178 696 2421 772; x_wconf 89' lang='lat' dir='ltr'><strong>partem</strong></span> <span class='ocrx_word' id='word_1_20' title='bbox 2463 691 2748 755; x_wconf 79' lang='lat' dir='ltr'><strong>emendae</strong></span> <span class='ocrx_word' id='word_1_21' title='bbox 2781 695 3043 773; x_wconf 89' lang='lat' dir='ltr'><strong>propter</strong></span> <span class='ocrx_word' id='word_1_22' title='bbox 3083 688 3229 762; x_wconf 90' lang='lat' dir='ltr'><strong>hoc,</strong></span> <span class='ocrx_word' id='word_1_23' title='bbox 3265 684 3436 769; x_wconf 91' lang='lat' dir='ltr'><strong>quod</strong></span> 
     </span>
    </p>
   </div>
   <div class='ocr_carea' id='block_1_5' title="bbox 331 784 1837 1849">
    <p class='ocr_par' dir='ltr' id='par_1_5' title="bbox 332 784 886 850">
     <span class='ocr_line' id='line_1_5' title="bbox 332 784 886 850; baseline 0.011 -6"><span class='ocrx_word' id='word_1_24' title='bbox 332 784 478 847; x_wconf 86' lang='lat' dir='ltr'><strong>neri</strong></span> <span class='ocrx_word' id='word_1_25' title='bbox 521 794 886 850; x_wconf 80' lang='lat' dir='ltr'><strong>censentur.</strong></span> 
     </span>
    </p>

    <p class='ocr_par' dir='ltr' id='par_1_6' title="bbox 331 882 1837 1731">
     <span class='ocr_line' id='line_1_6' title="bbox 419 882 1834 967; baseline 0.003 -23"><span class='ocrx_word' id='word_1_26' title='bbox 419 882 508 945; x_wconf 90' lang='lat' dir='ltr'><strong>De</strong></span> <span class='ocrx_word' id='word_1_27' title='bbox 559 882 662 945; x_wconf 92' lang='lat' dir='ltr'><strong>his</strong></span> <span class='ocrx_word' id='word_1_28' title='bbox 717 885 940 948; x_wconf 89' lang='lat' dir='ltr'><strong>Petrus</strong></span> <span class='ocrx_word' id='word_1_29' title='bbox 997 904 1126 950; x_wconf 92' lang='lat' dir='ltr'><strong>non</strong></span> <span class='ocrx_word' id='word_1_30' title='bbox 1186 886 1430 961; x_wconf 82' lang='lat' dir='ltr'><strong>scribit,</strong></span> <span class='ocrx_word' id='word_1_31' title='bbox 1481 885 1608 949; x_wconf 90' lang='lat' dir='ltr'><strong>nisi</strong></span> <span class='ocrx_word' id='word_1_32' title='bbox 1663 885 1834 967; x_wconf 88' lang='lat' dir='ltr'><strong>quod</strong></span> 
     </span>
     <span class='ocr_line' id='line_1_7' title="bbox 331 980 1835 1067; baseline 0.003 -26"><span class='ocrx_word' id='word_1_33' title='bbox 331 980 588 1060; x_wconf 79' lang='lat' dir='ltr'><strong>quaerit,</strong></span> <span class='ocrx_word' id='word_1_34' title='bbox 639 988 860 1046; x_wconf 86' lang='lat' dir='ltr'><strong>utrum</strong></span> <span class='ocrx_word' id='word_1_35' title='bbox 908 985 1224 1047; x_wconf 67' lang='lat' dir='ltr'><strong>restitutio</strong></span> <span class='ocrx_word' id='word_1_36' title='bbox 1270 985 1356 1046; x_wconf 91' lang='lat' dir='ltr'><strong>sit</strong></span> <span class='ocrx_word' id='word_1_37' title='bbox 1400 1003 1546 1067; x_wconf 90' lang='lat' dir='ltr'><strong>pars</strong></span> <span class='ocrx_word' id='word_1_38' title='bbox 1593 981 1835 1046; x_wconf 87' lang='lat' dir='ltr'><strong>satisfa-</strong></span> 
     </span>
     <span class='ocr_line' id='line_1_8' title="bbox 331 1075 1836 1163; baseline 0.003 -26"><span class='ocrx_word' id='word_1_39' title='bbox 331 1075 588 1140; x_wconf 83' lang='lat' dir='ltr'><strong>ctionis.</strong></span> <span class='ocrx_word' id='word_1_40' title='bbox 643 1079 721 1141; x_wconf 90' lang='lat' dir='ltr'><strong>Et</strong></span> <span class='ocrx_word' id='word_1_41' title='bbox 767 1082 1130 1163; x_wconf 80' lang='lat' dir='ltr'><strong>respondet,</strong></span> <span class='ocrx_word' id='word_1_42' title='bbox 1178 1082 1350 1163; x_wconf 89' lang='lat' dir='ltr'><strong>quod</strong></span> <span class='ocrx_word' id='word_1_43' title='bbox 1398 1100 1543 1163; x_wconf 89' lang='lat' dir='ltr'><strong>pars</strong></span> <span class='ocrx_word' id='word_1_44' title='bbox 1592 1080 1836 1144; x_wconf 86' lang='lat' dir='ltr'><strong>satisfa-</strong></span> 
     </span>
     <span class='ocr_line' id='line_1_9' title="bbox 332 1174 1834 1262; baseline 0.004 -27"><span class='ocrx_word' id='word_1_45' title='bbox 332 1174 566 1237; x_wconf 86' lang='lat' dir='ltr'><strong>ctionis</strong></span> <span class='ocrx_word' id='word_1_46' title='bbox 623 1176 863 1239; x_wconf 89' lang='lat' dir='ltr'><strong>dicitur</strong></span> <span class='ocrx_word' id='word_1_47' title='bbox 916 1177 1160 1261; x_wconf 88' lang='lat' dir='ltr'><strong>aliquid</strong></span> <span class='ocrx_word' id='word_1_48' title='bbox 1210 1178 1570 1262; x_wconf 82' lang='lat' dir='ltr'><strong>dupliciter.</strong></span> <span class='ocrx_word' id='word_1_49' title='bbox 1623 1178 1834 1242; x_wconf 91' lang='lat' dir='ltr'><strong>Primo</strong></span> 
     </span>
     <span class='ocr_line' id='line_1_10' title="bbox 331 1275 1837 1358; baseline 0.003 -23"><span class='ocrx_word' id='word_1_50' title='bbox 331 1275 791 1349; x_wconf 87' lang='lat' dir='ltr'><strong>communiter,</strong></span> <span class='ocrx_word' id='word_1_51' title='bbox 824 1276 977 1358; x_wconf 89' lang='lat' dir='ltr'><strong>quia</strong></span> <span class='ocrx_word' id='word_1_52' title='bbox 1018 1276 1096 1339; x_wconf 88' lang='lat' dir='ltr'><strong>ad</strong></span> <span class='ocrx_word' id='word_1_53' title='bbox 1145 1276 1425 1340; x_wconf 84' lang='lat' dir='ltr'><strong>debitam</strong></span> <span class='ocrx_word' id='word_1_54' title='bbox 1464 1276 1837 1339; x_wconf 87' lang='lat' dir='ltr'><strong>satisfactio-</strong></span> 
     </span>
     <span class='ocr_line' id='line_1_11' title="bbox 332 1372 1834 1457; baseline 0.003 -25"><span class='ocrx_word' id='word_1_55' title='bbox 332 1388 484 1433; x_wconf 85' lang='lat' dir='ltr'><strong>nem</strong></span> <span class='ocrx_word' id='word_1_56' title='bbox 533 1372 816 1453; x_wconf 84' lang='lat' dir='ltr'><strong>exigitur</strong></span> <span class='ocrx_word' id='word_1_57' title='bbox 857 1390 872 1435; x_wconf 85' lang='lat'><strong>:</strong></span> <span class='ocrx_word' id='word_1_58' title='bbox 921 1373 1144 1456; x_wconf 89' lang='lat' dir='ltr'><strong>sicque</strong></span> <span class='ocrx_word' id='word_1_59' title='bbox 1191 1374 1640 1438; x_wconf 79' lang='lat' dir='ltr'><strong>satisfactionis</strong></span> <span class='ocrx_word' id='word_1_60' title='bbox 1690 1393 1834 1457; x_wconf 87' lang='lat' dir='ltr'><strong>pars</strong></span> 
     </span>
     <span class='ocr_line' id='line_1_12' title="bbox 333 1470 1834 1555; baseline 0.002 -23"><span class='ocrx_word' id='word_1_61' title='bbox 333 1470 660 1533; x_wconf 82' lang='lat' dir='ltr'><strong>restitutio</strong></span> <span class='ocrx_word' id='word_1_62' title='bbox 697 1470 826 1533; x_wconf 88' lang='lat' dir='ltr'><strong>dici</strong></span> <span class='ocrx_word' id='word_1_63' title='bbox 861 1478 1086 1554; x_wconf 82' lang='lat' dir='ltr'><strong>potest.</strong></span> <span class='ocrx_word' id='word_1_64' title='bbox 1131 1472 1424 1537; x_wconf 89' lang='lat' dir='ltr'><strong>Secundo</strong></span> <span class='ocrx_word' id='word_1_65' title='bbox 1455 1473 1734 1555; x_wconf 83' lang='lat' dir='ltr'><strong>proprie,</strong></span> <span class='ocrx_word' id='word_1_66' title='bbox 1769 1472 1834 1535; x_wconf 92' lang='lat' dir='ltr'><strong>id</strong></span> 
     </span>
     <span class='ocr_line' id='line_1_13' title="bbox 335 1567 1834 1653; baseline 0.003 -24"><span class='ocrx_word' id='word_1_67' title='bbox 335 1567 406 1629; x_wconf 91' lang='lat' dir='ltr'><strong>in</strong></span> <span class='ocrx_word' id='word_1_68' title='bbox 435 1585 566 1651; x_wconf 89' lang='lat' dir='ltr'><strong>quo</strong></span> <span class='ocrx_word' id='word_1_69' title='bbox 594 1568 946 1634; x_wconf 73' lang='lat' dir='ltr'><strong>satisfactio</strong></span> <span class='ocrx_word' id='word_1_70' title='bbox 975 1571 1116 1653; x_wconf 87' lang='lat' dir='ltr'><strong>ipsa</strong></span> <span class='ocrx_word' id='word_1_71' title='bbox 1143 1571 1470 1636; x_wconf 82' lang='lat' dir='ltr'><strong>consistit:</strong></span> <span class='ocrx_word' id='word_1_72' title='bbox 1497 1578 1563 1634; x_wconf 88' lang='lat' dir='ltr'><strong>et</strong></span> <span class='ocrx_word' id='word_1_73' title='bbox 1591 1570 1677 1633; x_wconf 90' lang='lat' dir='ltr'><strong>ita</strong></span> <span class='ocrx_word' id='word_1_74' title='bbox 1705 1587 1834 1634; x_wconf 91' lang='lat' dir='ltr'><strong>non</strong></span> 
     </span>
     <span class='ocr_line' id='line_1_14' title="bbox 335 1666 916 1731; baseline 0.007 -4"><span class='ocrx_word' id='word_1_75' title='bbox 335 1674 456 1728; x_wconf 87' lang='lat' dir='ltr'><strong>est.</strong></span> <span class='ocrx_word' id='word_1_76' title='bbox 487 1666 638 1730; x_wconf 78' lang='lat' dir='ltr'><strong>Haec</strong></span> <span class='ocrx_word' id='word_1_77' title='bbox 675 1668 916 1731; x_wconf 88' lang='lat' dir='ltr'><strong>Petrus.</strong></span> 
     </span>
    </p>

    <p class='ocr_par' dir='ltr' id='par_1_7' title="bbox 416 1764 1832 1849">
     <span class='ocr_line' id='line_1_15' title="bbox 416 1764 1832 1849; baseline 0.003 -22"><span class='ocrx_word' id='word_1_78' title='bbox 416 1764 596 1837; x_wconf 84' lang='lat' dir='ltr'><strong>Quod</strong></span> <span class='ocrx_word' id='word_1_79' title='bbox 644 1772 860 1829; x_wconf 88' lang='lat' dir='ltr'><strong>autem</strong></span> <span class='ocrx_word' id='word_1_80' title='bbox 917 1766 984 1829; x_wconf 91' lang='lat' dir='ltr'><strong>in</strong></span> <span class='ocrx_word' id='word_1_81' title='bbox 1041 1766 1410 1849; x_wconf 78' lang='lat' dir='ltr'><strong>praehabitis</strong></span> <span class='ocrx_word' id='word_1_82' title='bbox 1465 1767 1527 1830; x_wconf 89' lang='lat' dir='ltr'><strong>S.</strong></span> <span class='ocrx_word' id='word_1_83' title='bbox 1577 1767 1832 1831; x_wconf 83' lang='lat' dir='ltr'><strong>Thomae</strong></span> 
     </span>
    </p>
   </div>
   <div class='ocr_carea' id='block_1_6' title="bbox 335 1962 1836 3031">
    <p class='ocr_par' dir='ltr' id='par_1_8' title="bbox 335 1962 1836 3031">
     <span class='ocr_line' id='line_1_16' title="bbox 337 1962 1834 2045; baseline 0.003 -20"><span class='ocrx_word' id='word_1_84' title='bbox 337 1962 462 2025; x_wconf 90' lang='lat' dir='ltr'><strong>nisi</strong></span> <span class='ocrx_word' id='word_1_85' title='bbox 501 1982 541 2025; x_wconf 89' lang='lat' dir='ltr'><strong>a</strong></span> <span class='ocrx_word' id='word_1_86' title='bbox 578 1970 842 2045; x_wconf 89' lang='lat' dir='ltr'><strong>peccato</strong></span> <span class='ocrx_word' id='word_1_87' title='bbox 873 1982 1143 2039; x_wconf 86' lang='lat' dir='ltr'><strong>cessare,</strong></span> <span class='ocrx_word' id='word_1_88' title='bbox 1175 1981 1302 2028; x_wconf 90' lang='lat' dir='ltr'><strong>non</strong></span> <span class='ocrx_word' id='word_1_89' title='bbox 1339 1965 1594 2028; x_wconf 87' lang='lat' dir='ltr'><strong>videtur</strong></span> <span class='ocrx_word' id='word_1_90' title='bbox 1628 1967 1834 2029; x_wconf 91' lang='lat' dir='ltr'><strong>omni-</strong></span> 
     </span>
     <span class='ocr_line' id='line_1_17' title="bbox 337 2060 1836 2145; baseline 0.002 -23"><span class='ocrx_word' id='word_1_91' title='bbox 337 2060 498 2124; x_wconf 87' lang='lat' dir='ltr'><strong>farie</strong></span> <span class='ocrx_word' id='word_1_92' title='bbox 526 2080 755 2125; x_wconf 88' lang='lat' dir='ltr'><strong>verum</strong></span> <span class='ocrx_word' id='word_1_93' title='bbox 789 2080 805 2124; x_wconf 72' lang='grc' dir='ltr'>ι</span> <span class='ocrx_word' id='word_1_94' title='bbox 839 2062 992 2144; x_wconf 89' lang='lat' dir='ltr'><strong>quia</strong></span> <span class='ocrx_word' id='word_1_95' title='bbox 1017 2063 1172 2126; x_wconf 90' lang='lat' dir='ltr'><strong>dum</strong></span> <span class='ocrx_word' id='word_1_96' title='bbox 1203 2063 1350 2145; x_wconf 90' lang='lat' dir='ltr'><strong>quis</strong></span> <span class='ocrx_word' id='word_1_97' title='bbox 1381 2063 1554 2127; x_wconf 89' lang='lat' dir='ltr'><strong>dolet</strong></span> <span class='ocrx_word' id='word_1_98' title='bbox 1588 2081 1668 2126; x_wconf 84' lang='lat' dir='ltr'><strong>ex</strong></span> <span class='ocrx_word' id='word_1_99' title='bbox 1702 2081 1836 2127; x_wconf 88' lang='lat' dir='ltr'><strong>cor-</strong></span> 
     </span>
     <span class='ocr_line' id='line_1_18' title="bbox 339 2159 1836 2241; baseline 0.002 -19"><span class='ocrx_word' id='word_1_100' title='bbox 339 2160 420 2223; x_wconf 90' lang='lat' dir='ltr'><strong>de</strong></span> <span class='ocrx_word' id='word_1_101' title='bbox 457 2160 538 2223; x_wconf 90' lang='lat' dir='ltr'><strong>de</strong></span> <span class='ocrx_word' id='word_1_102' title='bbox 578 2160 818 2241; x_wconf 84' lang='lat' dir='ltr'><strong>injusta</strong></span> <span class='ocrx_word' id='word_1_103' title='bbox 856 2159 1174 2224; x_wconf 87' lang='lat' dir='ltr'><strong>ablatione</strong></span> <span class='ocrx_word' id='word_1_104' title='bbox 1203 2167 1267 2224; x_wconf 86' lang='lat' dir='ltr'><strong>et</strong></span> <span class='ocrx_word' id='word_1_105' title='bbox 1295 2162 1658 2225; x_wconf 86' lang='lat' dir='ltr'><strong>detentione</strong></span> <span class='ocrx_word' id='word_1_106' title='bbox 1685 2162 1836 2225; x_wconf 88' lang='lat' dir='ltr'><strong>alie-</strong></span> 
     </span>
     <span class='ocr_line' id='line_1_19' title="bbox 339 2259 1836 2343; baseline 0.003 -24"><span class='ocrx_word' id='word_1_107' title='bbox 339 2259 432 2332; x_wconf 92' lang='lat' dir='ltr'><strong>ni,</strong></span> <span class='ocrx_word' id='word_1_108' title='bbox 481 2266 548 2320; x_wconf 90' lang='lat' dir='ltr'><strong>et</strong></span> <span class='ocrx_word' id='word_1_109' title='bbox 592 2259 928 2323; x_wconf 86' lang='lat' dir='ltr'><strong>restituere</strong></span> <span class='ocrx_word' id='word_1_110' title='bbox 975 2259 1136 2321; x_wconf 87' lang='lat' dir='ltr'><strong>illud</strong></span> <span class='ocrx_word' id='word_1_111' title='bbox 1191 2261 1496 2342; x_wconf 86' lang='lat' dir='ltr'><strong>proponit</strong></span> <span class='ocrx_word' id='word_1_112' title='bbox 1545 2266 1836 2343; x_wconf 87' lang='lat' dir='ltr'><strong>tempore</strong></span> 
     </span>
     <span class='ocr_line' id='line_1_20' title="bbox 335 2357 1834 2442; baseline 0.002 -23"><span class='ocrx_word' id='word_1_113' title='bbox 335 2364 720 2439; x_wconf 91' lang='lat' dir='ltr'><strong>opportuno,</strong></span> <span class='ocrx_word' id='word_1_114' title='bbox 749 2357 880 2439; x_wconf 85' lang='lat' dir='ltr'><strong>jam</strong></span> <span class='ocrx_word' id='word_1_115' title='bbox 916 2366 1122 2421; x_wconf 86' lang='lat' dir='ltr'><strong>cessat</strong></span> <span class='ocrx_word' id='word_1_116' title='bbox 1147 2358 1228 2421; x_wconf 91' lang='lat' dir='ltr'><strong>ab</strong></span> <span class='ocrx_word' id='word_1_117' title='bbox 1258 2358 1370 2420; x_wconf 93' lang='lat' dir='ltr'><strong>illo</strong></span> <span class='ocrx_word' id='word_1_118' title='bbox 1399 2367 1681 2442; x_wconf 88' lang='lat' dir='ltr'><strong>peccato,</strong></span> <span class='ocrx_word' id='word_1_119' title='bbox 1705 2376 1834 2422; x_wconf 91' lang='lat' dir='ltr'><strong>non</strong></span> 
     </span>
     <span class='ocr_line' id='line_1_21' title="bbox 339 2455 1836 2540; baseline 0.001 -22"><span class='ocrx_word' id='word_1_120' title='bbox 339 2464 552 2518; x_wconf 84' lang='lat' dir='ltr'><strong>tamen</strong></span> <span class='ocrx_word' id='word_1_121' title='bbox 587 2455 890 2531; x_wconf 85' lang='lat' dir='ltr'><strong>restituit,</strong></span> <span class='ocrx_word' id='word_1_122' title='bbox 927 2456 1218 2520; x_wconf 88' lang='lat' dir='ltr'><strong>absolute</strong></span> <span class='ocrx_word' id='word_1_123' title='bbox 1263 2456 1601 2540; x_wconf 86' lang='lat' dir='ltr'><strong>loquendo.</strong></span> <span class='ocrx_word' id='word_1_124' title='bbox 1639 2458 1836 2522; x_wconf 87' lang='lat' dir='ltr'><strong>Resti-</strong></span> 
     </span>
     <span class='ocr_line' id='line_1_22' title="bbox 341 2555 1834 2638; baseline 0.001 -21"><span class='ocrx_word' id='word_1_125' title='bbox 341 2562 520 2617; x_wconf 89' lang='lat' dir='ltr'><strong>tuere</strong></span> <span class='ocrx_word' id='word_1_126' title='bbox 547 2572 804 2638; x_wconf 89' lang='lat' dir='ltr'><strong>quoque</strong></span> <span class='ocrx_word' id='word_1_127' title='bbox 834 2555 992 2618; x_wconf 88' lang='lat' dir='ltr'><strong>dicit</strong></span> <span class='ocrx_word' id='word_1_128' title='bbox 1018 2563 1233 2618; x_wconf 89' lang='lat' dir='ltr'><strong>actum</strong></span> <span class='ocrx_word' id='word_1_129' title='bbox 1247 2574 1266 2635; x_wconf 91' lang='lat'>;</span> <span class='ocrx_word' id='word_1_130' title='bbox 1296 2574 1426 2619; x_wconf 91' lang='lat' dir='ltr'><strong>non</strong></span> <span class='ocrx_word' id='word_1_131' title='bbox 1453 2564 1670 2619; x_wconf 89' lang='lat' dir='ltr'><strong>autem</strong></span> <span class='ocrx_word' id='word_1_132' title='bbox 1701 2575 1834 2620; x_wconf 88' lang='lat' dir='ltr'><strong>ces-</strong></span> 
     </span>
     <span class='ocr_line' id='line_1_23' title="bbox 339 2654 1834 2738; baseline 0.002 -23"><span class='ocrx_word' id='word_1_133' title='bbox 339 2671 480 2715; x_wconf 87' lang='lat' dir='ltr'><strong>sare</strong></span> <span class='ocrx_word' id='word_1_134' title='bbox 525 2672 565 2715; x_wconf 89' lang='lat' dir='ltr'><strong>a</strong></span> <span class='ocrx_word' id='word_1_135' title='bbox 607 2654 820 2737; x_wconf 87' lang='lat' dir='ltr'><strong>culpa,</strong></span> <span class='ocrx_word' id='word_1_136' title='bbox 869 2654 1166 2736; x_wconf 85' lang='lat' dir='ltr'><strong>quamvis</strong></span> <span class='ocrx_word' id='word_1_137' title='bbox 1224 2654 1634 2718; x_wconf 86' lang='lat' dir='ltr'><strong>materialiter</strong></span> <span class='ocrx_word' id='word_1_138' title='bbox 1691 2673 1834 2738; x_wconf 91' lang='lat' dir='ltr'><strong>pos-</strong></span> 
     </span>
     <span class='ocr_line' id='line_1_24' title="bbox 339 2751 1831 2836; baseline 0.002 -23"><span class='ocrx_word' id='word_1_139' title='bbox 339 2752 425 2814; x_wconf 87' lang='lat' dir='ltr'><strong>sit</strong></span> <span class='ocrx_word' id='word_1_140' title='bbox 467 2758 684 2814; x_wconf 90' lang='lat' dir='ltr'><strong>actum</strong></span> <span class='ocrx_word' id='word_1_141' title='bbox 735 2751 1082 2815; x_wconf 83' lang='lat' dir='ltr'><strong>includere.</strong></span> <span class='ocrx_word' id='word_1_142' title='bbox 1135 2751 1343 2815; x_wconf 86' lang='lat' dir='ltr'><strong>Potest</strong></span> <span class='ocrx_word' id='word_1_143' title='bbox 1388 2754 1580 2816; x_wconf 89' lang='lat' dir='ltr'><strong>etiam</strong></span> <span class='ocrx_word' id='word_1_144' title='bbox 1627 2754 1831 2836; x_wconf 79' lang='lat' dir='ltr'><strong>accipi</strong></span> 
     </span>
     <span class='ocr_line' id='line_1_25' title="bbox 339 2848 1830 2932; baseline 0.001 -21"><span class='ocrx_word' id='word_1_145' title='bbox 339 2848 632 2931; x_wconf 77' lang='lat' dir='ltr'><strong>negative</strong></span> <span class='ocrx_word' id='word_1_146' title='bbox 689 2868 764 2913; x_wconf 90' lang='lat' dir='ltr'><strong>ac</strong></span> <span class='ocrx_word' id='word_1_147' title='bbox 823 2850 1156 2932; x_wconf 79' lang='lat' dir='ltr'><strong>privative.</strong></span> <span class='ocrx_word' id='word_1_148' title='bbox 1218 2886 1300 2897; x_wconf 94' lang='lat'><strong>—-</strong></span> <span class='ocrx_word' id='word_1_149' title='bbox 1353 2850 1580 2914; x_wconf 88' lang='lat' dir='ltr'><strong>Verius</strong></span> <span class='ocrx_word' id='word_1_150' title='bbox 1639 2852 1830 2914; x_wconf 89' lang='lat' dir='ltr'><strong>etiam</strong></span> 
     </span>
     <span class='ocr_line' id='line_1_26' title="bbox 341 2947 1832 3031; baseline 0.003 -22"><span class='ocrx_word' id='word_1_151' title='bbox 341 2965 503 3022; x_wconf 88' lang='lat' dir='ltr'><strong>reor,</strong></span> <span class='ocrx_word' id='word_1_152' title='bbox 533 2948 705 3031; x_wconf 91' lang='lat' dir='ltr'><strong>quod</strong></span> <span class='ocrx_word' id='word_1_153' title='bbox 739 2947 1059 3010; x_wconf 88' lang='lat' dir='ltr'><strong>restitutio</strong></span> <span class='ocrx_word' id='word_1_154' title='bbox 1087 2947 1171 3011; x_wconf 89' lang='lat' dir='ltr'><strong>sit</strong></span> <span class='ocrx_word' id='word_1_155' title='bbox 1200 2967 1345 3030; x_wconf 89' lang='lat' dir='ltr'><strong>pars</strong></span> <span class='ocrx_word' id='word_1_156' title='bbox 1379 2947 1832 3013; x_wconf 82' lang='lat' dir='ltr'><strong>satisfactionis</strong></span> 
     </span>
    </p>
   </div>
   <div class='ocr_carea' id='block_1_7' title="bbox 1940 784 3440 1854">
    <p class='ocr_par' dir='ltr' id='par_1_9' title="bbox 1940 784 3440 1854">
     <span class='ocr_line' id='line_1_27' title="bbox 1943 784 3440 871; baseline -0.002 -22"><span class='ocrx_word' id='word_1_157' title='bbox 1943 787 2225 851; x_wconf 87' lang='lat' dir='ltr'><strong>fideliter</strong></span> <span class='ocrx_word' id='word_1_158' title='bbox 2259 788 2519 853; x_wconf 84' lang='lat' dir='ltr'><strong>exhibet</strong></span> <span class='ocrx_word' id='word_1_159' title='bbox 2554 790 2687 871; x_wconf 84' lang='lat' dir='ltr'><strong>regi</strong></span> <span class='ocrx_word' id='word_1_160' title='bbox 2724 788 3107 871; x_wconf 85' lang='lat' dir='ltr'><strong>obsequium</strong></span> <span class='ocrx_word' id='word_1_161' title='bbox 3156 784 3327 869; x_wconf 91' lang='lat' dir='ltr'><strong>quod</strong></span> <span class='ocrx_word' id='word_1_162' title='bbox 3374 791 3440 847; x_wconf 90' lang='lat' dir='ltr'><strong>et</strong></span> 
     </span>
     <span class='ocr_line' id='line_1_28' title="bbox 1943 886 3439 969; baseline -0.003 -20"><span class='ocrx_word' id='word_1_163' title='bbox 1943 886 2100 949; x_wconf 88' lang='lat' dir='ltr'><strong>alias</strong></span> <span class='ocrx_word' id='word_1_164' title='bbox 2142 887 2513 969; x_wconf 89' lang='lat' dir='ltr'><strong>impendere</strong></span> <span class='ocrx_word' id='word_1_165' title='bbox 2556 887 2907 951; x_wconf 89' lang='lat' dir='ltr'><strong>tenebatur.</strong></span> <span class='ocrx_word' id='word_1_166' title='bbox 2951 886 3073 951; x_wconf 88' lang='lat' dir='ltr'><strong>Sed</strong></span> <span class='ocrx_word' id='word_1_167' title='bbox 3117 903 3232 967; x_wconf 90' lang='lat' dir='ltr'><strong>per</strong></span> <span class='ocrx_word' id='word_1_168' title='bbox 3268 900 3439 947; x_wconf 91' lang='lat' dir='ltr'><strong>com·</strong></span> 
     </span>
     <span class='ocr_line' id='line_1_29' title="bbox 1944 983 3439 1068; baseline -0.003 -21"><span class='ocrx_word' id='word_1_169' title='bbox 1944 984 2337 1068; x_wconf 89' lang='lat' dir='ltr'><strong>parationem</strong></span> <span class='ocrx_word' id='word_1_170' title='bbox 2376 986 2455 1048; x_wconf 91' lang='lat' dir='ltr'><strong>ad</strong></span> <span class='ocrx_word' id='word_1_171' title='bbox 2490 986 2805 1066; x_wconf 87' lang='lat' dir='ltr'><strong>justitiam</strong></span> <span class='ocrx_word' id='word_1_172' title='bbox 2845 984 2956 1049; x_wconf 90' lang='lat' dir='ltr'><strong>Dei</strong></span> <span class='ocrx_word' id='word_1_173' title='bbox 2995 983 3277 1047; x_wconf 88' lang='lat' dir='ltr'><strong>secundo</strong></span> <span class='ocrx_word' id='word_1_174' title='bbox 3308 998 3439 1043; x_wconf 92' lang='lat' dir='ltr'><strong>mo-</strong></span> 
     </span>
     <span class='ocr_line' id='line_1_30' title="bbox 1943 1079 3439 1169; baseline -0.003 -23"><span class='ocrx_word' id='word_1_175' title='bbox 1943 1084 2024 1146; x_wconf 92' lang='lat' dir='ltr'><strong>do</strong></span> <span class='ocrx_word' id='word_1_176' title='bbox 2051 1092 2411 1169; x_wconf 71' lang='lat' dir='ltr'><strong>acceptam,</strong></span> <span class='ocrx_word' id='word_1_177' title='bbox 2438 1084 2755 1147; x_wconf 84' lang='lat' dir='ltr'><strong>restitutio</strong></span> <span class='ocrx_word' id='word_1_178' title='bbox 2784 1100 2911 1146; x_wconf 92' lang='lat' dir='ltr'><strong>non</strong></span> <span class='ocrx_word' id='word_1_179' title='bbox 2948 1090 3047 1145; x_wconf 90' lang='lat' dir='ltr'><strong>est</strong></span> <span class='ocrx_word' id='word_1_180' title='bbox 3083 1100 3231 1164; x_wconf 86' lang='lat' dir='ltr'><strong>pars</strong></span> <span class='ocrx_word' id='word_1_181' title='bbox 3260 1079 3439 1143; x_wconf 88' lang='lat' dir='ltr'><strong>satis-</strong></span> 
     </span>
     <span class='ocr_line' id='line_1_31' title="bbox 1942 1177 3439 1263; baseline -0.001 -20"><span class='ocrx_word' id='word_1_182' title='bbox 1942 1180 2279 1244; x_wconf 87' lang='lat' dir='ltr'><strong>factionis:</strong></span> <span class='ocrx_word' id='word_1_183' title='bbox 2306 1181 2458 1263; x_wconf 89' lang='lat' dir='ltr'><strong>quia</strong></span> <span class='ocrx_word' id='word_1_184' title='bbox 2488 1181 2841 1244; x_wconf 88' lang='lat' dir='ltr'><strong>secundum</strong></span> <span class='ocrx_word' id='word_1_185' title='bbox 2870 1182 3146 1261; x_wconf 80' lang='lat' dir='ltr'><strong>rigorem</strong></span> <span class='ocrx_word' id='word_1_186' title='bbox 3172 1177 3439 1260; x_wconf 68' lang='lat' dir='ltr'><strong>iustitiae</strong></span> 
     </span>
     <span class='ocr_line' id='line_1_32' title="bbox 1940 1275 3437 1361; baseline -0.003 -19"><span class='ocrx_word' id='word_1_187' title='bbox 1940 1297 2067 1342; x_wconf 91' lang='lat' dir='ltr'><strong>non</strong></span> <span class='ocrx_word' id='word_1_188' title='bbox 2110 1286 2320 1361; x_wconf 88' lang='lat' dir='ltr'><strong>potest</strong></span> <span class='ocrx_word' id='word_1_189' title='bbox 2358 1279 2723 1343; x_wconf 83' lang='lat' dir='ltr'><strong>satisfacere</strong></span> <span class='ocrx_word' id='word_1_190' title='bbox 2762 1280 2955 1343; x_wconf 91' lang='lat' dir='ltr'><strong>homo</strong></span> <span class='ocrx_word' id='word_1_191' title='bbox 3001 1296 3118 1361; x_wconf 89' lang='lat' dir='ltr'><strong>per</strong></span> <span class='ocrx_word' id='word_1_192' title='bbox 3158 1295 3322 1359; x_wconf 90' lang='lat' dir='ltr'><strong>opus</strong></span> <span class='ocrx_word' id='word_1_193' title='bbox 3358 1275 3437 1338; x_wconf 89' lang='lat' dir='ltr'><strong>ad</strong></span> 
     </span>
     <span class='ocr_line' id='line_1_33' title="bbox 1941 1372 3439 1459; baseline -0.002 -21"><span class='ocrx_word' id='word_1_194' title='bbox 1941 1377 2111 1459; x_wconf 91' lang='lat' dir='ltr'><strong>quod</strong></span> <span class='ocrx_word' id='word_1_195' title='bbox 2143 1376 2511 1440; x_wconf 90' lang='lat' dir='ltr'><strong>faciendum</strong></span> <span class='ocrx_word' id='word_1_196' title='bbox 2543 1377 2786 1440; x_wconf 84' lang='lat' dir='ltr'><strong>exstitit</strong></span> <span class='ocrx_word' id='word_1_197' title='bbox 2814 1376 3145 1458; x_wconf 63' lang='lat' dir='ltr'><strong>obligatus</strong></span> <span class='ocrx_word' id='word_1_198' title='bbox 3160 1374 3353 1438; x_wconf 89' lang='lat' dir='ltr'><strong>etiam</strong></span> <span class='ocrx_word' id='word_1_199' title='bbox 3382 1372 3439 1436; x_wconf 93' lang='lat' dir='ltr'><strong>si</strong></span> 
     </span>
     <span class='ocr_line' id='line_1_34' title="bbox 1941 1476 3439 1558; baseline -0.002 -20"><span class='ocrx_word' id='word_1_200' title='bbox 1941 1493 2069 1538; x_wconf 91' lang='lat' dir='ltr'><strong>non</strong></span> <span class='ocrx_word' id='word_1_201' title='bbox 2119 1483 2465 1558; x_wconf 88' lang='lat' dir='ltr'><strong>peccasset,</strong></span> <span class='ocrx_word' id='word_1_202' title='bbox 2517 1476 2619 1539; x_wconf 82' lang='lat' dir='ltr'><strong>vel</strong></span> <span class='ocrx_word' id='word_1_203' title='bbox 2669 1476 2723 1538; x_wconf 90' lang='lat' dir='ltr'><strong>si</strong></span> <span class='ocrx_word' id='word_1_204' title='bbox 2770 1482 2969 1539; x_wconf 89' lang='lat' dir='ltr'><strong>totam</strong></span> <span class='ocrx_word' id='word_1_205' title='bbox 3016 1492 3273 1558; x_wconf 89' lang='lat' dir='ltr'><strong>poenam</strong></span> <span class='ocrx_word' id='word_1_206' title='bbox 3322 1489 3439 1555; x_wconf 92' lang='lat' dir='ltr'><strong>pro</strong></span> 
     </span>
     <span class='ocr_line' id='line_1_35' title="bbox 1942 1573 3439 1657; baseline -0.001 -20"><span class='ocrx_word' id='word_1_207' title='bbox 1942 1576 2221 1657; x_wconf 86' lang='lat' dir='ltr'><strong>peccatis</strong></span> <span class='ocrx_word' id='word_1_208' title='bbox 2266 1575 2546 1637; x_wconf 88' lang='lat' dir='ltr'><strong>debitam</strong></span> <span class='ocrx_word' id='word_1_209' title='bbox 2595 1574 2990 1639; x_wconf 87' lang='lat' dir='ltr'><strong>exsolvisset.</strong></span> <span class='ocrx_word' id='word_1_210' title='bbox 3036 1573 3136 1637; x_wconf 88' lang='lat' dir='ltr'><strong>Ab</strong></span> <span class='ocrx_word' id='word_1_211' title='bbox 3177 1574 3296 1636; x_wconf 87' lang='lat' dir='ltr'><strong>bac</strong></span> <span class='ocrx_word' id='word_1_212' title='bbox 3342 1591 3439 1635; x_wconf 89' lang='lat' dir='ltr'><strong>re-</strong></span> 
     </span>
     <span class='ocr_line' id='line_1_36' title="bbox 1941 1671 3435 1756; baseline -0.001 -21"><span class='ocrx_word' id='word_1_213' title='bbox 1941 1672 2283 1755; x_wconf 89' lang='lat' dir='ltr'><strong>sponsione</strong></span> <span class='ocrx_word' id='word_1_214' title='bbox 2328 1692 2555 1756; x_wconf 87' lang='lat' dir='ltr'><strong>parum</strong></span> <span class='ocrx_word' id='word_1_215' title='bbox 2591 1680 2701 1736; x_wconf 89' lang='lat' dir='ltr'><strong>aut</strong></span> <span class='ocrx_word' id='word_1_216' title='bbox 2742 1672 2905 1737; x_wconf 89' lang='lat' dir='ltr'><strong>nihil</strong></span> <span class='ocrx_word' id='word_1_217' title='bbox 2945 1671 3167 1735; x_wconf 87' lang='lat' dir='ltr'><strong>differt</strong></span> <span class='ocrx_word' id='word_1_218' title='bbox 3203 1671 3435 1754; x_wconf 91' lang='lat' dir='ltr'><strong>positio</strong></span> 
     </span>
     <span class='ocr_line' id='line_1_37' title="bbox 1943 1769 3437 1854; baseline -0.001 -21"><span class='ocrx_word' id='word_1_219' title='bbox 1943 1770 2318 1845; x_wconf 85' lang='lat' dir='ltr'><strong>dicentium,</strong></span> <span class='ocrx_word' id='word_1_220' title='bbox 2360 1773 2531 1854; x_wconf 92' lang='lat' dir='ltr'><strong>quod</strong></span> <span class='ocrx_word' id='word_1_221' title='bbox 2578 1770 2895 1835; x_wconf 90' lang='lat' dir='ltr'><strong>restitutio</strong></span> <span class='ocrx_word' id='word_1_222' title='bbox 2939 1778 3038 1833; x_wconf 89' lang='lat' dir='ltr'><strong>est</strong></span> <span class='ocrx_word' id='word_1_223' title='bbox 3075 1789 3222 1852; x_wconf 88' lang='lat' dir='ltr'><strong>pars</strong></span> <span class='ocrx_word' id='word_1_224' title='bbox 3260 1769 3437 1833; x_wconf 89' lang='lat' dir='ltr'><strong>satis·</strong></span> 
     </span>
    </p>
   </div>
   <div class='ocr_carea' id='block_1_8' title="bbox 209 1863 3435 1952">
    <p class='ocr_par' dir='ltr' id='par_1_10' title="bbox 209 1863 3435 1952">
     <span class='ocr_line' id='line_1_38' title="bbox 209 1863 3435 1952; baseline 0.001 -27"><span class='ocrx_word' id='word_1_225' title='bbox 209 1882 232 1893; x_wconf 90' lang='lat'><strong>·</strong></span> <span class='ocrx_word' id='word_1_226' title='bbox 275 1913 289 1924; x_wconf 93' lang='lat'><strong>.</strong></span> <span class='ocrx_word' id='word_1_227' title='bbox 337 1863 555 1926; x_wconf 87' lang='lat' dir='ltr'><strong>verbis</strong></span> <span class='ocrx_word' id='word_1_228' title='bbox 596 1866 925 1940; x_wconf 87' lang='lat' dir='ltr'><strong>asseritur,</strong></span> <span class='ocrx_word' id='word_1_229' title='bbox 969 1865 1140 1948; x_wconf 91' lang='lat' dir='ltr'><strong>quod</strong></span> <span class='ocrx_word' id='word_1_230' title='bbox 1185 1867 1518 1929; x_wconf 87' lang='lat' dir='ltr'><strong>restituere</strong></span> <span class='ocrx_word' id='word_1_231' title='bbox 1559 1884 1687 1930; x_wconf 91' lang='lat' dir='ltr'><strong>non</strong></span> <span class='ocrx_word' id='word_1_232' title='bbox 1735 1875 1833 1929; x_wconf 88' lang='lat' dir='ltr'><strong>est</strong></span> <span class='ocrx_word' id='word_1_233' title='bbox 1866 1869 1915 1933; x_wconf 91' lang='lat' dir='ltr'><strong>B</strong></span> <span class='ocrx_word' id='word_1_234' title='bbox 1945 1869 2241 1933; x_wconf 89' lang='lat' dir='ltr'><strong>factionis</strong></span> <span class='ocrx_word' id='word_1_235' title='bbox 2278 1888 2357 1932; x_wconf 85' lang='lat' dir='ltr'><strong>ex</strong></span> <span class='ocrx_word' id='word_1_236' title='bbox 2398 1870 2832 1933; x_wconf 88' lang='lat' dir='ltr'><strong>misericordia</strong></span> <span class='ocrx_word' id='word_1_237' title='bbox 2865 1869 3079 1952; x_wconf 90' lang='lat' dir='ltr'><strong>potius</strong></span> <span class='ocrx_word' id='word_1_238' title='bbox 3120 1886 3313 1951; x_wconf 90' lang='lat' dir='ltr'><strong>quam</strong></span> <span class='ocrx_word' id='word_1_239' title='bbox 3356 1887 3435 1931; x_wconf 88' lang='lat' dir='ltr'><strong>ex</strong></span> 
     </span>
    </p>
   </div>
   <div class='ocr_carea' id='block_1_9' title="bbox 1940 1968 3442 3035">
    <p class='ocr_par' dir='ltr' id='par_1_11' title="bbox 1940 1968 2805 2049">
     <span class='ocr_line' id='line_1_39' title="bbox 1940 1968 2805 2049; baseline -0.001 -18"><span class='ocrx_word' id='word_1_240' title='bbox 1940 1968 2207 2049; x_wconf 85' lang='lat' dir='ltr'><strong>justitia.</strong></span> <span class='ocrx_word' id='word_1_241' title='bbox 2250 1968 2395 2031; x_wconf 84' lang='lat' dir='ltr'><strong>Haec</strong></span> <span class='ocrx_word' id='word_1_242' title='bbox 2436 1968 2805 2031; x_wconf 87' lang='lat' dir='ltr'><strong>Richardus.</strong></span> 
     </span>
    </p>

    <p class='ocr_par' dir='ltr' id='par_1_12' title="bbox 1941 2064 3442 3035">
     <span class='ocr_line' id='line_1_40' title="bbox 2022 2064 3437 2149; baseline -0.001 -21"><span class='ocrx_word' id='word_1_243' title='bbox 2022 2067 2142 2141; x_wconf 86' lang='lat' dir='ltr'><strong>Qui</strong></span> <span class='ocrx_word' id='word_1_244' title='bbox 2180 2067 2445 2149; x_wconf 89' lang='lat' dir='ltr'><strong>insuper</strong></span> <span class='ocrx_word' id='word_1_245' title='bbox 2480 2066 2728 2149; x_wconf 84' lang='lat' dir='ltr'><strong>quaerit,</strong></span> <span class='ocrx_word' id='word_1_246' title='bbox 2762 2074 2980 2129; x_wconf 87' lang='lat' dir='ltr'><strong>utrum</strong></span> <span class='ocrx_word' id='word_1_247' title='bbox 3011 2064 3437 2128; x_wconf 88' lang='lat' dir='ltr'><strong>damnificans</strong></span> 
     </span>
     <span class='ocr_line' id='line_1_41' title="bbox 1941 2165 3438 2251; baseline -0.001 -23"><span class='ocrx_word' id='word_1_248' title='bbox 1941 2166 2140 2228; x_wconf 86' lang='lat' dir='ltr'><strong>alium</strong></span> <span class='ocrx_word' id='word_1_249' title='bbox 2174 2165 2457 2251; x_wconf 90' lang='lat' dir='ltr'><strong>inbonis</strong></span> <span class='ocrx_word' id='word_1_250' title='bbox 2485 2166 2714 2229; x_wconf 80' lang='lat' dir='ltr'><strong>animae</strong></span> <span class='ocrx_word' id='word_1_251' title='bbox 2742 2174 2853 2228; x_wconf 90' lang='lat' dir='ltr'><strong>aut</strong></span> <span class='ocrx_word' id='word_1_252' title='bbox 2889 2166 3195 2248; x_wconf 81' lang='lat' dir='ltr'><strong>corporiS,</strong></span> <span class='ocrx_word' id='word_1_253' title='bbox 3228 2172 3438 2227; x_wconf 87' lang='lat' dir='ltr'><strong>tenea-</strong></span> 
     </span>
     <span class='ocr_line' id='line_1_42' title="bbox 1945 2262 3441 2347; baseline 0 -22"><span class='ocrx_word' id='word_1_254' title='bbox 1945 2272 2050 2326; x_wconf 88' lang='lat' dir='ltr'><strong>tur</strong></span> <span class='ocrx_word' id='word_1_255' title='bbox 2091 2264 2172 2327; x_wconf 87' lang='lat' dir='ltr'><strong>ad</strong></span> <span class='ocrx_word' id='word_1_256' title='bbox 2220 2264 2709 2327; x_wconf 88' lang='lat' dir='ltr'><strong>restitutionem.</strong></span> <span class='ocrx_word' id='word_1_257' title='bbox 2762 2264 3125 2347; x_wconf 86' lang='lat' dir='ltr'><strong>Respondet</strong></span> <span class='ocrx_word' id='word_1_258' title='bbox 3175 2281 3190 2326; x_wconf 75' lang='grc' dir='ltr'><strong><em>ε</em></strong></span> <span class='ocrx_word' id='word_1_259' title='bbox 3240 2262 3441 2325; x_wconf 90' lang='lat' dir='ltr'><strong>Nemo</strong></span> 
     </span>
     <span class='ocr_line' id='line_1_43' title="bbox 1945 2360 3441 2445; baseline -0.001 -20"><span class='ocrx_word' id='word_1_260' title='bbox 1945 2370 2156 2445; x_wconf 90' lang='lat' dir='ltr'><strong>potest</strong></span> <span class='ocrx_word' id='word_1_261' title='bbox 2198 2364 2400 2426; x_wconf 89' lang='lat' dir='ltr'><strong>alium</strong></span> <span class='ocrx_word' id='word_1_262' title='bbox 2452 2363 2871 2427; x_wconf 84' lang='lat' dir='ltr'><strong>damnificare</strong></span> <span class='ocrx_word' id='word_1_263' title='bbox 2928 2363 2995 2425; x_wconf 90' lang='lat' dir='ltr'><strong>in</strong></span> <span class='ocrx_word' id='word_1_264' title='bbox 3050 2362 3265 2425; x_wconf 89' lang='lat' dir='ltr'><strong>anima</strong></span> <span class='ocrx_word' id='word_1_265' title='bbox 3314 2360 3441 2423; x_wconf 90' lang='lat' dir='ltr'><strong>nisi</strong></span> 
     </span>
     <span class='ocr_line' id='line_1_44' title="bbox 1945 2459 3440 2545; baseline -0.001 -22"><span class='ocrx_word' id='word_1_266' title='bbox 1945 2461 2341 2545; x_wconf 87' lang='lat' dir='ltr'><strong>dispositive,</strong></span> <span class='ocrx_word' id='word_1_267' title='bbox 2392 2470 2611 2545; x_wconf 89' lang='lat' dir='ltr'><strong>utpote</strong></span> <span class='ocrx_word' id='word_1_268' title='bbox 2670 2462 3039 2525; x_wconf 88' lang='lat' dir='ltr'><strong>inclinando</strong></span> <span class='ocrx_word' id='word_1_269' title='bbox 3095 2462 3309 2543; x_wconf 90' lang='lat' dir='ltr'><strong>ipsum</strong></span> <span class='ocrx_word' id='word_1_270' title='bbox 3360 2459 3440 2522; x_wconf 86' lang='lat' dir='ltr'><strong>ad</strong></span> 
     </span>
     <span class='ocr_line' id='line_1_45' title="bbox 1945 2558 3442 2642; baseline -0.003 -20"><span class='ocrx_word' id='word_1_271' title='bbox 1945 2560 2201 2642; x_wconf 88' lang='lat' dir='ltr'><strong>culpam</strong></span> <span class='ocrx_word' id='word_1_272' title='bbox 2233 2561 2549 2642; x_wconf 88' lang='lat' dir='ltr'><strong>exemp10‚</strong></span> <span class='ocrx_word' id='word_1_273' title='bbox 2582 2560 2781 2623; x_wconf 88' lang='lat' dir='ltr'><strong>verbo</strong></span> <span class='ocrx_word' id='word_1_274' title='bbox 2816 2568 2928 2623; x_wconf 89' lang='lat' dir='ltr'><strong>aut</strong></span> <span class='ocrx_word' id='word_1_275' title='bbox 2962 2560 3327 2623; x_wconf 89' lang='lat' dir='ltr'><strong>omissione.</strong></span> <span class='ocrx_word' id='word_1_276' title='bbox 3365 2558 3442 2619; x_wconf 87' lang='lat' dir='ltr'><strong>Et</strong></span> 
     </span>
     <span class='ocr_line' id='line_1_46' title="bbox 1944 2655 3439 2741; baseline -0.003 -20"><span class='ocrx_word' id='word_1_277' title='bbox 1944 2658 2089 2721; x_wconf 85' lang='lat' dir='ltr'><strong>talis</strong></span> <span class='ocrx_word' id='word_1_278' title='bbox 2120 2676 2237 2741; x_wconf 90' lang='lat' dir='ltr'><strong>pro</strong></span> <span class='ocrx_word' id='word_1_279' title='bbox 2266 2659 2668 2721; x_wconf 88' lang='lat' dir='ltr'><strong>restitutione</strong></span> <span class='ocrx_word' id='word_1_280' title='bbox 2695 2665 2949 2721; x_wconf 91' lang='lat' dir='ltr'><strong>tenetur</strong></span> <span class='ocrx_word' id='word_1_281' title='bbox 2981 2675 3099 2739; x_wconf 91' lang='lat' dir='ltr'><strong>pro</strong></span> <span class='ocrx_word' id='word_1_282' title='bbox 3138 2674 3323 2739; x_wconf 89' lang='lat' dir='ltr'><strong>posse</strong></span> <span class='ocrx_word' id='word_1_283' title='bbox 3366 2655 3439 2717; x_wconf 90' lang='lat' dir='ltr'><strong>il-</strong></span> 
     </span>
     <span class='ocr_line' id='line_1_47' title="bbox 1945 2756 3439 2840; baseline -0.002 -21"><span class='ocrx_word' id='word_1_284' title='bbox 1945 2756 2080 2819; x_wconf 92' lang='lat' dir='ltr'><strong>lum</strong></span> <span class='ocrx_word' id='word_1_285' title='bbox 2111 2758 2451 2840; x_wconf 88' lang='lat' dir='ltr'><strong>disponere</strong></span> <span class='ocrx_word' id='word_1_286' title='bbox 2478 2756 2675 2819; x_wconf 88' lang='lat' dir='ltr'><strong>verbo</strong></span> <span class='ocrx_word' id='word_1_287' title='bbox 2708 2764 2775 2819; x_wconf 88' lang='lat' dir='ltr'><strong>et</strong></span> <span class='ocrx_word' id='word_1_288' title='bbox 2808 2756 3105 2838; x_wconf 87' lang='lat' dir='ltr'><strong>exemplo</strong></span> <span class='ocrx_word' id='word_1_289' title='bbox 3141 2756 3221 2818; x_wconf 89' lang='lat' dir='ltr'><strong>ad</strong></span> <span class='ocrx_word' id='word_1_290' title='bbox 3260 2772 3439 2817; x_wconf 88' lang='lat' dir='ltr'><strong>recu-</strong></span> 
     </span>
     <span class='ocr_line' id='line_1_48' title="bbox 1944 2854 3441 2937; baseline -0.001 -20"><span class='ocrx_word' id='word_1_291' title='bbox 1944 2855 2298 2937; x_wconf 90' lang='lat' dir='ltr'><strong>perandum</strong></span> <span class='ocrx_word' id='word_1_292' title='bbox 2334 2854 2569 2917; x_wconf 88' lang='lat' dir='ltr'><strong>amissa</strong></span> <span class='ocrx_word' id='word_1_293' title='bbox 2604 2854 2833 2918; x_wconf 80' lang='lat' dir='ltr'><strong>animae</strong></span> <span class='ocrx_word' id='word_1_294' title='bbox 2868 2854 3057 2929; x_wconf 89' lang='lat' dir='ltr'><strong>bona,</strong></span> <span class='ocrx_word' id='word_1_295' title='bbox 3096 2860 3285 2935; x_wconf 88' lang='lat' dir='ltr'><strong>atque</strong></span> <span class='ocrx_word' id='word_1_296' title='bbox 3324 2870 3441 2935; x_wconf 89' lang='lat' dir='ltr'><strong>pro</strong></span> 
     </span>
     <span class='ocr_line' id='line_1_49' title="bbox 1945 2952 3441 3035; baseline -0.001 -21"><span class='ocrx_word' id='word_1_297' title='bbox 1945 2952 2085 3035; x_wconf 88' lang='lat' dir='ltr'><strong>ipso</strong></span> <span class='ocrx_word' id='word_1_298' title='bbox 2123 2954 2383 3026; x_wconf 91' lang='lat' dir='ltr'><strong>orando,</strong></span> <span class='ocrx_word' id='word_1_299' title='bbox 2430 2960 2493 3015; x_wconf 88' lang='lat' dir='ltr'><strong>et</strong></span> <span class='ocrx_word' id='word_1_300' title='bbox 2528 2952 2800 3016; x_wconf 89' lang='lat' dir='ltr'><strong>aliorum</strong></span> <span class='ocrx_word' id='word_1_301' title='bbox 2850 2953 3165 3016; x_wconf 88' lang='lat' dir='ltr'><strong>orationes</strong></span> <span class='ocrx_word' id='word_1_302' title='bbox 3212 2969 3441 3034; x_wconf 88' lang='lat' dir='ltr'><strong>procu-</strong></span> 
     </span>
    </p>
   </div>
   <div class='ocr_carea' id='block_1_10' title="bbox 341 3044 3443 3137">
    <p class='ocr_par' dir='ltr' id='par_1_13' title="bbox 341 3044 3443 3137">
     <span class='ocr_line' id='line_1_50' title="bbox 341 3044 3443 3137; baseline 0.003 -30"><span class='ocrx_word' id='word_1_303' title='bbox 341 3046 594 3128; x_wconf 89' lang='lat' dir='ltr'><strong>proprie</strong></span> <span class='ocrx_word' id='word_1_304' title='bbox 635 3044 972 3129; x_wconf 88' lang='lat' dir='ltr'><strong>loquendo.</strong></span> <span class='ocrx_word' id='word_1_305' title='bbox 1026 3045 1148 3109; x_wconf 91' lang='lat' dir='ltr'><strong>Sed</strong></span> <span class='ocrx_word' id='word_1_306' title='bbox 1196 3065 1343 3130; x_wconf 88' lang='lat' dir='ltr'><strong>pars</strong></span> <span class='ocrx_word' id='word_1_307' title='bbox 1392 3046 1834 3131; x_wconf 89' lang='lat' dir='ltr'><strong>multipliciter</strong></span> <span class='ocrx_word' id='word_1_308' title='bbox 1869 3053 1912 3118; x_wconf 87' lang='lat' dir='ltr'>C</span> <span class='ocrx_word' id='word_1_309' title='bbox 1947 3052 2145 3114; x_wconf 85' lang='lat' dir='ltr'><strong>raudo</strong></span> <span class='ocrx_word' id='word_1_310' title='bbox 2176 3070 2291 3136; x_wconf 92' lang='lat' dir='ltr'><strong>pro</strong></span> <span class='ocrx_word' id='word_1_311' title='bbox 2322 3052 2479 3135; x_wconf 91' lang='lat' dir='ltr'><strong>ipso.</strong></span> <span class='ocrx_word' id='word_1_312' title='bbox 2518 3052 2641 3115; x_wconf 92' lang='lat' dir='ltr'><strong>Sed</strong></span> <span class='ocrx_word' id='word_1_313' title='bbox 2683 3052 2749 3114; x_wconf 93' lang='lat' dir='ltr'><strong>in</strong></span> <span class='ocrx_word' id='word_1_314' title='bbox 2786 3051 2973 3115; x_wconf 89' lang='lat' dir='ltr'><strong>bonis</strong></span> <span class='ocrx_word' id='word_1_315' title='bbox 3012 3052 3294 3136; x_wconf 91' lang='lat' dir='ltr'><strong>corporis</strong></span> <span class='ocrx_word' id='word_1_316' title='bbox 3334 3070 3443 3137; x_wconf 93' lang='lat' dir='ltr'><strong>po-</strong></span> 
     </span>
    </p>
   </div>
   <div class='ocr_carea' id='block_1_11' title="bbox 334 3144 1838 4207">
    <p class='ocr_par' dir='ltr' id='par_1_14' title="bbox 334 3144 1838 4207">
     <span class='ocr_line' id='line_1_51' title="bbox 339 3144 1834 3227; baseline 0.002 -21"><span class='ocrx_word' id='word_1_317' title='bbox 339 3144 594 3218; x_wconf 88' lang='lat' dir='ltr'><strong>dicitur,</strong></span> <span class='ocrx_word' id='word_1_318' title='bbox 627 3151 848 3226; x_wconf 88' lang='lat' dir='ltr'><strong>utpote</strong></span> <span class='ocrx_word' id='word_1_319' title='bbox 888 3164 1036 3227; x_wconf 88' lang='lat' dir='ltr'><strong>pars</strong></span> <span class='ocrx_word' id='word_1_320' title='bbox 1065 3144 1414 3226; x_wconf 83' lang='lat' dir='ltr'><strong>integralis,</strong></span> <span class='ocrx_word' id='word_1_321' title='bbox 1447 3165 1594 3227; x_wconf 86' lang='lat' dir='ltr'><strong>pars</strong></span> <span class='ocrx_word' id='word_1_322' title='bbox 1621 3153 1834 3210; x_wconf 85' lang='lat' dir='ltr'><strong>essen-</strong></span> 
     </span>
     <span class='ocr_line' id='line_1_52' title="bbox 334 3240 1829 3325; baseline 0.003 -23"><span class='ocrx_word' id='word_1_323' title='bbox 334 3240 528 3315; x_wconf 90' lang='lat' dir='ltr'><strong>tialis,</strong></span> <span class='ocrx_word' id='word_1_324' title='bbox 587 3260 736 3324; x_wconf 88' lang='lat' dir='ltr'><strong>pars</strong></span> <span class='ocrx_word' id='word_1_325' title='bbox 791 3241 1170 3322; x_wconf 72' lang='lat' dir='ltr'><strong>subJectiva,</strong></span> <span class='ocrx_word' id='word_1_326' title='bbox 1231 3261 1378 3325; x_wconf 89' lang='lat' dir='ltr'><strong>pars</strong></span> <span class='ocrx_word' id='word_1_327' title='bbox 1433 3245 1829 3325; x_wconf 85' lang='lat' dir='ltr'><strong>potestativa.</strong></span> 
     </span>
     <span class='ocr_line' id='line_1_53' title="bbox 339 3339 1838 3421; baseline 0.001 -19"><span class='ocrx_word' id='word_1_328' title='bbox 339 3339 512 3402; x_wconf 89' lang='lat' dir='ltr'><strong>Unde</strong></span> <span class='ocrx_word' id='word_1_329' title='bbox 541 3339 798 3402; x_wconf 84' lang='lat' dir='ltr'><strong>videtur</strong></span> <span class='ocrx_word' id='word_1_330' title='bbox 825 3357 973 3421; x_wconf 90' lang='lat' dir='ltr'><strong>pars</strong></span> <span class='ocrx_word' id='word_1_331' title='bbox 1009 3339 1457 3404; x_wconf 80' lang='lat' dir='ltr'><strong>satisfactionis</strong></span> <span class='ocrx_word' id='word_1_332' title='bbox 1491 3358 1506 3402; x_wconf 71' lang='grc' dir='ltr'><strong><em>ε</em></strong></span> <span class='ocrx_word' id='word_1_333' title='bbox 1539 3341 1704 3404; x_wconf 91' lang='lat' dir='ltr'><strong>sicut</strong></span> <span class='ocrx_word' id='word_1_334' title='bbox 1733 3342 1838 3404; x_wconf 88' lang='lat' dir='ltr'><strong>de-</strong></span> 
     </span>
     <span class='ocr_line' id='line_1_54' title="bbox 339 3437 1735 3519; baseline 0.002 -21"><span class='ocrx_word' id='word_1_335' title='bbox 339 3437 577 3501; x_wconf 89' lang='lat' dir='ltr'><strong>clinare</strong></span> <span class='ocrx_word' id='word_1_336' title='bbox 605 3457 644 3500; x_wconf 88' lang='lat' dir='ltr'><strong>a</strong></span> <span class='ocrx_word' id='word_1_337' title='bbox 673 3437 860 3511; x_wconf 85' lang='lat' dir='ltr'><strong>malo,</strong></span> <span class='ocrx_word' id='word_1_338' title='bbox 893 3455 1042 3519; x_wconf 87' lang='lat' dir='ltr'><strong>pars</strong></span> <span class='ocrx_word' id='word_1_339' title='bbox 1069 3437 1427 3519; x_wconf 87' lang='lat' dir='ltr'><strong>appellatur</strong></span> <span class='ocrx_word' id='word_1_340' title='bbox 1453 3438 1735 3519; x_wconf 83' lang='lat' dir='ltr'><strong>justitiae.</strong></span> 
     </span>
     <span class='ocr_line' id='line_1_55' title="bbox 425 3535 1833 3601; baseline 0.002 -3"><span class='ocrx_word' id='word_1_341' title='bbox 425 3535 778 3599; x_wconf 86' lang='lat' dir='ltr'><strong>Richardus</strong></span> <span class='ocrx_word' id='word_1_342' title='bbox 823 3542 1038 3598; x_wconf 89' lang='lat' dir='ltr'><strong>autem</strong></span> <span class='ocrx_word' id='word_1_343' title='bbox 1085 3537 1164 3598; x_wconf 89' lang='lat' dir='ltr'><strong>de</strong></span> <span class='ocrx_word' id='word_1_344' title='bbox 1217 3535 1318 3598; x_wconf 91' lang='lat' dir='ltr'><strong>his</strong></span> <span class='ocrx_word' id='word_1_345' title='bbox 1369 3537 1596 3600; x_wconf 88' lang='lat' dir='ltr'><strong>scribit</strong></span> <span class='ocrx_word' id='word_1_346' title='bbox 1637 3537 1833 3601; x_wconf 91' lang='lat' dir='ltr'><strong>diffu-</strong></span> 
     </span>
     <span class='ocr_line' id='line_1_56' title="bbox 340 3633 1834 3718; baseline 0.002 -22"><span class='ocrx_word' id='word_1_347' title='bbox 340 3653 408 3696; x_wconf 86' lang='lat' dir='ltr'><strong>se</strong></span> <span class='ocrx_word' id='word_1_348' title='bbox 465 3653 481 3697; x_wconf 91' lang='lat'>:</span> <span class='ocrx_word' id='word_1_349' title='bbox 542 3634 716 3716; x_wconf 86' lang='lat' dir='ltr'><strong>Opus</strong></span> <span class='ocrx_word' id='word_1_350' title='bbox 769 3633 1128 3717; x_wconf 87' lang='lat' dir='ltr'><strong>(inquiens)</strong></span> <span class='ocrx_word' id='word_1_351' title='bbox 1185 3633 1435 3716; x_wconf 86' lang='lat' dir='ltr'><strong>poenale</strong></span> <span class='ocrx_word' id='word_1_352' title='bbox 1493 3653 1609 3717; x_wconf 86' lang='lat' dir='ltr'><strong>per</strong></span> <span class='ocrx_word' id='word_1_353' title='bbox 1663 3637 1834 3718; x_wconf 90' lang='lat' dir='ltr'><strong>quod</strong></span> 
     </span>
     <span class='ocr_line' id='line_1_57' title="bbox 337 3731 1834 3812; baseline 0.002 -18"><span class='ocrx_word' id='word_1_354' title='bbox 337 3732 692 3795; x_wconf 83' lang='lat' dir='ltr'><strong>secundum</strong></span> <span class='ocrx_word' id='word_1_355' title='bbox 731 3731 1016 3794; x_wconf 87' lang='lat' dir='ltr'><strong>divinam</strong></span> <span class='ocrx_word' id='word_1_356' title='bbox 1050 3731 1366 3812; x_wconf 83' lang='lat' dir='ltr'><strong>justitiam</strong></span> <span class='ocrx_word' id='word_1_357' title='bbox 1410 3733 1678 3796; x_wconf 88' lang='lat' dir='ltr'><strong>solvitur</strong></span> <span class='ocrx_word' id='word_1_358' title='bbox 1718 3753 1834 3796; x_wconf 90' lang='lat' dir='ltr'><strong>seu</strong></span> 
     </span>
     <span class='ocr_line' id='line_1_58' title="bbox 339 3829 1830 3914; baseline 0.001 -21"><span class='ocrx_word' id='word_1_359' title='bbox 339 3829 690 3894; x_wconf 89' lang='lat' dir='ltr'><strong>remittitur</strong></span> <span class='ocrx_word' id='word_1_360' title='bbox 717 3849 862 3912; x_wconf 90' lang='lat' dir='ltr'><strong>pars</strong></span> <span class='ocrx_word' id='word_1_361' title='bbox 893 3848 1099 3912; x_wconf 82' lang='lat' dir='ltr'><strong>poenae</strong></span> <span class='ocrx_word' id='word_1_362' title='bbox 1130 3829 1361 3894; x_wconf 84' lang='lat' dir='ltr'><strong>debitae</strong></span> <span class='ocrx_word' id='word_1_363' title='bbox 1396 3849 1512 3914; x_wconf 92' lang='lat' dir='ltr'><strong>pro</strong></span> <span class='ocrx_word' id='word_1_364' title='bbox 1545 3839 1830 3914; x_wconf 86' lang='lat' dir='ltr'><strong>peccato,</strong></span> 
     </span>
     <span class='ocr_line' id='line_1_59' title="bbox 339 3927 1832 4012; baseline 0.003 -21"><span class='ocrx_word' id='word_1_365' title='bbox 339 3937 608 4012; x_wconf 88' lang='lat' dir='ltr'><strong>estpars</strong></span> <span class='ocrx_word' id='word_1_366' title='bbox 636 3927 1108 3992; x_wconf 87' lang='lat' dir='ltr'><strong>satisfactionis.</strong></span> <span class='ocrx_word' id='word_1_367' title='bbox 1139 3929 1172 3992; x_wconf 83' lang='lat' dir='ltr'>J</span> <span class='ocrx_word' id='word_1_368' title='bbox 1177 3929 1393 3992; x_wconf 89' lang='lat' dir='ltr'><strong>ustitia</strong></span> <span class='ocrx_word' id='word_1_369' title='bbox 1420 3946 1574 3992; x_wconf 85' lang='lat' dir='ltr'><strong>vero</strong></span> <span class='ocrx_word' id='word_1_370' title='bbox 1607 3930 1674 3992; x_wconf 92' lang='lat' dir='ltr'><strong>in</strong></span> <span class='ocrx_word' id='word_1_371' title='bbox 1703 3930 1832 3995; x_wconf 90' lang='lat' dir='ltr'><strong>Deo</strong></span> 
     </span>
     <span class='ocr_line' id='line_1_60' title="bbox 338 4026 1831 4110; baseline 0.001 -20"><span class='ocrx_word' id='word_1_372' title='bbox 338 4026 682 4110; x_wconf 89' lang='lat' dir='ltr'><strong>dupliciter</strong></span> <span class='ocrx_word' id='word_1_373' title='bbox 721 4027 1018 4102; x_wconf 86' lang='lat' dir='ltr'><strong>sumitur,</strong></span> <span class='ocrx_word' id='word_1_374' title='bbox 1059 4027 1414 4090; x_wconf 89' lang='lat' dir='ltr'><strong>secundum</strong></span> <span class='ocrx_word' id='word_1_375' title='bbox 1455 4027 1831 4092; x_wconf 88' lang='lat' dir='ltr'><strong>Anselmum</strong></span> 
     </span>
     <span class='ocr_line' id='line_1_61' title="bbox 340 4123 1834 4207; baseline 0.001 -21"><span class='ocrx_word' id='word_1_376' title='bbox 340 4123 404 4187; x_wconf 88' lang='lat' dir='ltr'><strong>in</strong></span> <span class='ocrx_word' id='word_1_377' title='bbox 433 4123 801 4205; x_wconf 77' lang='lat' dir='ltr'><strong>Proslogion</strong></span> <span class='ocrx_word' id='word_1_378' title='bbox 837 4141 850 4186; x_wconf 93' lang='lat'><strong>:</strong></span> <span class='ocrx_word' id='word_1_379' title='bbox 883 4123 1114 4206; x_wconf 90' lang='lat' dir='ltr'><strong>primo,</strong></span> <span class='ocrx_word' id='word_1_380' title='bbox 1138 4142 1256 4207; x_wconf 87' lang='lat' dir='ltr'><strong>pro</strong></span> <span class='ocrx_word' id='word_1_381' title='bbox 1285 4125 1699 4188; x_wconf 87' lang='lat' dir='ltr'><strong>condecentia</strong></span> <span class='ocrx_word' id='word_1_382' title='bbox 1727 4126 1834 4189; x_wconf 91' lang='lat' dir='ltr'><strong>bo-</strong></span> 
     </span>
    </p>
   </div>
   <div class='ocr_carea' id='block_1_12' title="bbox 1941 3151 3445 4214">
    <p class='ocr_par' dir='ltr' id='par_1_15' title="bbox 1943 3151 3445 3812">
     <span class='ocr_line' id='line_1_62' title="bbox 1943 3151 3441 3233; baseline 0.001 -21"><span class='ocrx_word' id='word_1_383' title='bbox 1943 3158 2068 3213; x_wconf 90' lang='lat' dir='ltr'><strong>test</strong></span> <span class='ocrx_word' id='word_1_384' title='bbox 2115 3170 2283 3213; x_wconf 92' lang='lat' dir='ltr'><strong>unus</strong></span> <span class='ocrx_word' id='word_1_385' title='bbox 2331 3151 2529 3213; x_wconf 90' lang='lat' dir='ltr'><strong>alium</strong></span> <span class='ocrx_word' id='word_1_386' title='bbox 2588 3151 2970 3233; x_wconf 89' lang='lat' dir='ltr'><strong>simpliciter</strong></span> <span class='ocrx_word' id='word_1_387' title='bbox 3026 3151 3441 3215; x_wconf 86' lang='lat' dir='ltr'><strong>damnificare</strong></span> 
     </span>
     <span class='ocr_line' id='line_1_63' title="bbox 1945 3249 3445 3333; baseline 0.001 -22"><span class='ocrx_word' id='word_1_388' title='bbox 1945 3249 2315 3324; x_wconf 87' lang='lat' dir='ltr'><strong>occidend0,</strong></span> <span class='ocrx_word' id='word_1_389' title='bbox 2351 3249 2634 3312; x_wconf 83' lang='lat' dir='ltr'><strong>laedendo</strong></span> <span class='ocrx_word' id='word_1_390' title='bbox 2668 3257 2779 3311; x_wconf 89' lang='lat' dir='ltr'><strong>aut</strong></span> <span class='ocrx_word' id='word_1_391' title='bbox 2814 3249 3165 3331; x_wconf 90' lang='lat' dir='ltr'><strong>spoliando.</strong></span> <span class='ocrx_word' id='word_1_392' title='bbox 3198 3251 3269 3312; x_wconf 90' lang='lat' dir='ltr'><strong>In</strong></span> <span class='ocrx_word' id='word_1_393' title='bbox 3307 3249 3445 3333; x_wconf 90' lang='lat' dir='ltr'><strong>qui-</strong></span> 
     </span>
     <span class='ocr_line' id='line_1_64' title="bbox 1944 3345 3443 3429; baseline 0.001 -21"><span class='ocrx_word' id='word_1_394' title='bbox 1944 3345 2066 3408; x_wconf 90' lang='lat' dir='ltr'><strong>bus</strong></span> <span class='ocrx_word' id='word_1_395' title='bbox 2125 3346 2420 3428; x_wconf 89' lang='lat' dir='ltr'><strong>quamvis</strong></span> <span class='ocrx_word' id='word_1_396' title='bbox 2478 3363 2606 3409; x_wconf 90' lang='lat' dir='ltr'><strong>non</strong></span> <span class='ocrx_word' id='word_1_397' title='bbox 2665 3354 2857 3429; x_wconf 90' lang='lat' dir='ltr'><strong>queat</strong></span> <span class='ocrx_word' id='word_1_398' title='bbox 2912 3347 3273 3409; x_wconf 89' lang='lat' dir='ltr'><strong>membrum</strong></span> <span class='ocrx_word' id='word_1_399' title='bbox 3331 3355 3443 3410; x_wconf 86' lang='lat' dir='ltr'><strong>aut</strong></span> 
     </span>
     <span class='ocr_line' id='line_1_65' title="bbox 1944 3443 3443 3518; baseline 0 -12"><span class='ocrx_word' id='word_1_400' title='bbox 1944 3445 2141 3506; x_wconf 85' lang='lat' dir='ltr'><strong>vitam</strong></span> <span class='ocrx_word' id='word_1_401' title='bbox 2204 3461 2317 3506; x_wconf 87' lang='lat' dir='ltr'><strong>seu</strong></span> <span class='ocrx_word' id='word_1_402' title='bbox 2380 3443 2715 3506; x_wconf 85' lang='lat' dir='ltr'><strong>sanitatem</strong></span> <span class='ocrx_word' id='word_1_403' title='bbox 2773 3443 3128 3518; x_wconf 88' lang='lat' dir='ltr'><strong>restituere,</strong></span> <span class='ocrx_word' id='word_1_404' title='bbox 3189 3452 3443 3508; x_wconf 89' lang='lat' dir='ltr'><strong>tenetur</strong></span> 
     </span>
     <span class='ocr_line' id='line_1_66' title="bbox 1944 3540 3436 3624; baseline 0.001 -20"><span class='ocrx_word' id='word_1_405' title='bbox 1944 3548 2155 3604; x_wconf 83' lang='lat' dir='ltr'><strong>tamen</strong></span> <span class='ocrx_word' id='word_1_406' title='bbox 2185 3541 2523 3605; x_wconf 90' lang='lat' dir='ltr'><strong>refundere</strong></span> <span class='ocrx_word' id='word_1_407' title='bbox 2553 3541 2677 3603; x_wconf 89' lang='lat' dir='ltr'><strong>alia</strong></span> <span class='ocrx_word' id='word_1_408' title='bbox 2704 3540 2869 3604; x_wconf 90' lang='lat' dir='ltr'><strong>bona</strong></span> <span class='ocrx_word' id='word_1_409' title='bbox 2898 3560 3013 3624; x_wconf 91' lang='lat' dir='ltr'><strong>pro</strong></span> <span class='ocrx_word' id='word_1_410' title='bbox 3042 3543 3274 3606; x_wconf 92' lang='lat' dir='ltr'><strong>damno</strong></span> <span class='ocrx_word' id='word_1_411' title='bbox 3303 3543 3436 3617; x_wconf 77' lang='lat' dir='ltr'><strong>illo,</strong></span> 
     </span>
     <span class='ocr_line' id='line_1_67' title="bbox 1945 3639 3437 3724; baseline 0.001 -22"><span class='ocrx_word' id='word_1_412' title='bbox 1945 3639 2226 3722; x_wconf 89' lang='lat' dir='ltr'><strong>pensatis</strong></span> <span class='ocrx_word' id='word_1_413' title='bbox 2255 3639 2557 3721; x_wconf 81' lang='lat' dir='ltr'><strong>qualitate</strong></span> <span class='ocrx_word' id='word_1_414' title='bbox 2588 3639 2717 3703; x_wconf 80' lang='lat' dir='ltr'><strong>laesi</strong></span> <span class='ocrx_word' id='word_1_415' title='bbox 2753 3640 3231 3724; x_wconf 86' lang='lat' dir='ltr'><strong>quantitateque</strong></span> <span class='ocrx_word' id='word_1_416' title='bbox 3262 3642 3437 3704; x_wconf 85' lang='lat' dir='ltr'><strong>dam·-</strong></span> 
     </span>
     <span class='ocr_line' id='line_1_68' title="bbox 1943 3736 2932 3812; baseline 0.001 -13"><span class='ocrx_word' id='word_1_417' title='bbox 1943 3738 2034 3812; x_wconf 90' lang='lat' dir='ltr'><strong>ni,</strong></span> <span class='ocrx_word' id='word_1_418' title='bbox 2066 3744 2131 3799; x_wconf 91' lang='lat' dir='ltr'><strong>et</strong></span> <span class='ocrx_word' id='word_1_419' title='bbox 2158 3737 2407 3800; x_wconf 88' lang='lat' dir='ltr'><strong>viribus</strong></span> <span class='ocrx_word' id='word_1_420' title='bbox 2437 3736 2932 3800; x_wconf 80' lang='lat' dir='ltr'><strong>damnificantiS.</strong></span> 
     </span>
    </p>

    <p class='ocr_par' dir='ltr' id='par_1_16' title="bbox 1941 3836 3440 4214">
     <span class='ocr_line' id='line_1_69' title="bbox 2023 3836 3436 3918; baseline 0.003 -21"><span class='ocrx_word' id='word_1_421' title='bbox 2023 3837 2259 3910; x_wconf 85' lang='lat' dir='ltr'><strong>Quaerit</strong></span> <span class='ocrx_word' id='word_1_422' title='bbox 2306 3853 2582 3918; x_wconf 90' lang='lat' dir='ltr'><strong>quoque,</strong></span> <span class='ocrx_word' id='word_1_423' title='bbox 2635 3841 2851 3897; x_wconf 90' lang='lat' dir='ltr'><strong>utrum</strong></span> <span class='ocrx_word' id='word_1_424' title='bbox 2901 3836 3137 3917; x_wconf 76' lang='lat' dir='ltr'><strong>injuste</strong></span> <span class='ocrx_word' id='word_1_425' title='bbox 3191 3838 3436 3903; x_wconf 89' lang='lat' dir='ltr'><strong>damni-</strong></span> 
     </span>
     <span class='ocr_line' id='line_1_70' title="bbox 1941 3932 3437 4007; baseline 0.003 -11"><span class='ocrx_word' id='word_1_426' title='bbox 1941 3933 2147 3997; x_wconf 87' lang='lat' dir='ltr'><strong>ficans</strong></span> <span class='ocrx_word' id='word_1_427' title='bbox 2176 3933 2376 3996; x_wconf 91' lang='lat' dir='ltr'><strong>alium</strong></span> <span class='ocrx_word' id='word_1_428' title='bbox 2406 3934 2472 3996; x_wconf 92' lang='lat' dir='ltr'><strong>in</strong></span> <span class='ocrx_word' id='word_1_429' title='bbox 2502 3932 2685 4007; x_wconf 87' lang='lat' dir='ltr'><strong>fama,</strong></span> <span class='ocrx_word' id='word_1_430' title='bbox 2700 3940 2991 3997; x_wconf 89' lang='lat' dir='ltr'><strong>teneatur</strong></span> <span class='ocrx_word' id='word_1_431' title='bbox 3016 3935 3077 3996; x_wconf 88' lang='lat' dir='ltr'><strong>ei</strong></span> <span class='ocrx_word' id='word_1_432' title='bbox 3109 3936 3437 4001; x_wconf 88' lang='lat' dir='ltr'><strong>restituere</strong></span> 
     </span>
     <span class='ocr_line' id='line_1_71' title="bbox 1941 4032 3436 4115; baseline 0.003 -21"><span class='ocrx_word' id='word_1_433' title='bbox 1941 4032 2199 4095; x_wconf 87' lang='lat' dir='ltr'><strong>famam.</strong></span> <span class='ocrx_word' id='word_1_434' title='bbox 2234 4032 2326 4094; x_wconf 89' lang='lat' dir='ltr'><strong>Ad</strong></span> <span class='ocrx_word' id='word_1_435' title='bbox 2368 4033 2537 4115; x_wconf 91' lang='lat' dir='ltr'><strong>quod</strong></span> <span class='ocrx_word' id='word_1_436' title='bbox 2577 4032 2920 4115; x_wconf 90' lang='lat' dir='ltr'><strong>respondet</strong></span> <span class='ocrx_word' id='word_1_437' title='bbox 2956 4033 3124 4095; x_wconf 87' lang='lat' dir='ltr'><strong>sicut</strong></span> <span class='ocrx_word' id='word_1_438' title='bbox 3160 4053 3238 4096; x_wconf 87' lang='lat' dir='ltr'><strong>ex</strong></span> <span class='ocrx_word' id='word_1_439' title='bbox 3276 4035 3436 4099; x_wconf 92' lang='lat' dir='ltr'><strong>Tho-</strong></span> 
     </span>
     <span class='ocr_line' id='line_1_72' title="bbox 1943 4130 3440 4214; baseline 0.002 -20"><span class='ocrx_word' id='word_1_440' title='bbox 1943 4150 2048 4194; x_wconf 88' lang='lat' dir='ltr'><strong>ma</strong></span> <span class='ocrx_word' id='word_1_441' title='bbox 2075 4148 2456 4214; x_wconf 89' lang='lat' dir='ltr'><strong>responsum</strong></span> <span class='ocrx_word' id='word_1_442' title='bbox 2486 4136 2603 4205; x_wconf 89' lang='lat' dir='ltr'><strong>est,</strong></span> <span class='ocrx_word' id='word_1_443' title='bbox 2636 4137 2701 4193; x_wconf 89' lang='lat' dir='ltr'><strong>et</strong></span> <span class='ocrx_word' id='word_1_444' title='bbox 2736 4130 2913 4192; x_wconf 88' lang='lat' dir='ltr'><strong>addit</strong></span> <span class='ocrx_word' id='word_1_445' title='bbox 2946 4147 2961 4192; x_wconf 90' lang='lat'>:</span> <span class='ocrx_word' id='word_1_446' title='bbox 2994 4131 3111 4206; x_wconf 86' lang='lat' dir='ltr'><strong>Qui</strong></span> <span class='ocrx_word' id='word_1_447' title='bbox 3146 4131 3440 4197; x_wconf 86' lang='lat' dir='ltr'><strong>diffamat</strong></span> 
     </span>
    </p>
   </div>
   <div class='ocr_carea' id='block_1_13' title="bbox 337 4222 3439 4312">
    <p class='ocr_par' dir='ltr' id='par_1_17' title="bbox 337 4222 3439 4312">
     <span class='ocr_line' id='line_1_73' title="bbox 337 4222 3439 4312; baseline 0.003 -25"><span class='ocrx_word' id='word_1_448' title='bbox 337 4223 554 4287; x_wconf 85' lang='lat' dir='ltr'><strong>nitatis</strong></span> <span class='ocrx_word' id='word_1_449' title='bbox 604 4222 880 4302; x_wconf 79' lang='lat' dir='ltr'><strong>divinae3</strong></span> <span class='ocrx_word' id='word_1_450' title='bbox 929 4223 1231 4299; x_wconf 86' lang='lat' dir='ltr'><strong>secundo,</strong></span> <span class='ocrx_word' id='word_1_451' title='bbox 1284 4240 1402 4306; x_wconf 92' lang='lat' dir='ltr'><strong>pro</strong></span> <span class='ocrx_word' id='word_1_452' title='bbox 1449 4224 1832 4290; x_wconf 87' lang='lat' dir='ltr'><strong>rectitudine</strong></span> <span class='ocrx_word' id='word_1_453' title='bbox 1861 4234 1912 4297; x_wconf 89' lang='lat' dir='ltr'>D</span> <span class='ocrx_word' id='word_1_454' title='bbox 1939 4229 2138 4293; x_wconf 85' lang='lat' dir='ltr'><strong>alium</strong></span> <span class='ocrx_word' id='word_1_455' title='bbox 2178 4230 2257 4293; x_wconf 90' lang='lat' dir='ltr'><strong>de</strong></span> <span class='ocrx_word' id='word_1_456' title='bbox 2296 4229 2437 4312; x_wconf 91' lang='lat' dir='ltr'><strong>ipso</strong></span> <span class='ocrx_word' id='word_1_457' title='bbox 2474 4227 2633 4293; x_wconf 88' lang='lat' dir='ltr'><strong>falsa</strong></span> <span class='ocrx_word' id='word_1_458' title='bbox 2670 4229 2960 4305; x_wconf 88' lang='lat' dir='ltr'><strong>dicend0,</strong></span> <span class='ocrx_word' id='word_1_459' title='bbox 3001 4229 3148 4294; x_wconf 87' lang='lat' dir='ltr'><strong>talis</strong></span> <span class='ocrx_word' id='word_1_460' title='bbox 3184 4237 3439 4296; x_wconf 89' lang='lat' dir='ltr'><strong>tenetur</strong></span> 
     </span>
    </p>
   </div>
   <div class='ocr_carea' id='block_1_14' title="bbox 337 4321 1835 5395">
    <p class='ocr_par' dir='ltr' id='par_1_18' title="bbox 337 4321 1835 5395">
     <span class='ocr_line' id='line_1_74' title="bbox 338 4321 1834 4404; baseline 0.002 -19"><span class='ocrx_word' id='word_1_461' title='bbox 338 4321 684 4385; x_wconf 78' lang='lat' dir='ltr'><strong>voluntatis</strong></span> <span class='ocrx_word' id='word_1_462' title='bbox 713 4321 794 4384; x_wconf 87' lang='lat' dir='ltr'><strong>ad</strong></span> <span class='ocrx_word' id='word_1_463' title='bbox 829 4321 1312 4385; x_wconf 88' lang='lat' dir='ltr'><strong>retribuendum</strong></span> <span class='ocrx_word' id='word_1_464' title='bbox 1351 4321 1702 4404; x_wconf 89' lang='lat' dir='ltr'><strong>unicuique</strong></span> <span class='ocrx_word' id='word_1_465' title='bbox 1739 4343 1834 4388; x_wconf 91' lang='lat' dir='ltr'><strong>se-</strong></span> 
     </span>
     <span class='ocr_line' id='line_1_75' title="bbox 340 4420 1835 4487; baseline 0.001 -2"><span class='ocrx_word' id='word_1_466' title='bbox 340 4423 620 4486; x_wconf 89' lang='lat' dir='ltr'><strong>cundum</strong></span> <span class='ocrx_word' id='word_1_467' title='bbox 653 4420 884 4484; x_wconf 87' lang='lat' dir='ltr'><strong>merita</strong></span> <span class='ocrx_word' id='word_1_468' title='bbox 911 4439 1043 4483; x_wconf 91' lang='lat' dir='ltr'><strong>sua.</strong></span> <span class='ocrx_word' id='word_1_469' title='bbox 1062 4421 1273 4483; x_wconf 87' lang='lat' dir='ltr'><strong>Primo</strong></span> <span class='ocrx_word' id='word_1_470' title='bbox 1305 4422 1490 4486; x_wconf 88' lang='lat' dir='ltr'><strong>modo</strong></span> <span class='ocrx_word' id='word_1_471' title='bbox 1519 4423 1835 4487; x_wconf 90' lang='lat' dir='ltr'><strong>restitutio</strong></span> 
     </span>
     <span class='ocr_line' id='line_1_76' title="bbox 339 4518 1833 4604; baseline 0.001 -20"><span class='ocrx_word' id='word_1_472' title='bbox 339 4530 435 4584; x_wconf 90' lang='lat' dir='ltr'><strong>est</strong></span> <span class='ocrx_word' id='word_1_473' title='bbox 471 4539 620 4604; x_wconf 85' lang='lat' dir='ltr'><strong>pars</strong></span> <span class='ocrx_word' id='word_1_474' title='bbox 659 4518 1133 4594; x_wconf 80' lang='lat' dir='ltr'><strong>satisfactioniS,</strong></span> <span class='ocrx_word' id='word_1_475' title='bbox 1173 4520 1474 4602; x_wconf 89' lang='lat' dir='ltr'><strong>quoniam</strong></span> <span class='ocrx_word' id='word_1_476' title='bbox 1527 4522 1833 4585; x_wconf 85' lang='lat' dir='ltr'><strong>condecet</strong></span> 
     </span>
     <span class='ocr_line' id='line_1_77' title="bbox 340 4618 1830 4695; baseline 0.001 -12"><span class='ocrx_word' id='word_1_477' title='bbox 340 4620 688 4684; x_wconf 86' lang='lat' dir='ltr'><strong>bonitatem</strong></span> <span class='ocrx_word' id='word_1_478' title='bbox 733 4619 872 4695; x_wconf 90' lang='lat' dir='ltr'><strong>Dei,</strong></span> <span class='ocrx_word' id='word_1_479' title='bbox 915 4626 986 4681; x_wconf 90' lang='lat' dir='ltr'><strong>ut</strong></span> <span class='ocrx_word' id='word_1_480' title='bbox 1027 4619 1272 4682; x_wconf 89' lang='lat' dir='ltr'><strong>homini</strong></span> <span class='ocrx_word' id='word_1_481' title='bbox 1314 4618 1574 4682; x_wconf 89' lang='lat' dir='ltr'><strong>facienti</strong></span> <span class='ocrx_word' id='word_1_482' title='bbox 1617 4629 1830 4684; x_wconf 91' lang='lat' dir='ltr'><strong>actum</strong></span> 
     </span>
     <span class='ocr_line' id='line_1_78' title="bbox 339 4718 1835 4802; baseline 0.001 -21"><span class='ocrx_word' id='word_1_483' title='bbox 339 4737 530 4800; x_wconf 89' lang='lat' dir='ltr'><strong>quem</strong></span> <span class='ocrx_word' id='word_1_484' title='bbox 569 4719 866 4802; x_wconf 81' lang='lat' dir='ltr'><strong>praecipit</strong></span> <span class='ocrx_word' id='word_1_485' title='bbox 900 4718 1090 4793; x_wconf 78' lang='lat' dir='ltr'><strong>DeuS,</strong></span> <span class='ocrx_word' id='word_1_486' title='bbox 1124 4734 1250 4782; x_wconf 91' lang='lat' dir='ltr'><strong>non</strong></span> <span class='ocrx_word' id='word_1_487' title='bbox 1279 4725 1528 4781; x_wconf 91' lang='lat' dir='ltr'><strong>tantum</strong></span> <span class='ocrx_word' id='word_1_488' title='bbox 1559 4719 1835 4802; x_wconf 90' lang='lat' dir='ltr'><strong>imputet</strong></span> 
     </span>
     <span class='ocr_line' id='line_1_79' title="bbox 338 4816 1832 4898; baseline 0.003 -19"><span class='ocrx_word' id='word_1_489' title='bbox 338 4817 462 4880; x_wconf 78' lang='lat' dir='ltr'><strong>sibi</strong></span> <span class='ocrx_word' id='word_1_490' title='bbox 507 4825 724 4881; x_wconf 90' lang='lat' dir='ltr'><strong>actum</strong></span> <span class='ocrx_word' id='word_1_491' title='bbox 763 4817 948 4880; x_wconf 92' lang='lat' dir='ltr'><strong>illum</strong></span> <span class='ocrx_word' id='word_1_492' title='bbox 987 4817 1064 4880; x_wconf 89' lang='lat' dir='ltr'><strong>ad</strong></span> <span class='ocrx_word' id='word_1_493' title='bbox 1105 4816 1406 4880; x_wconf 89' lang='lat' dir='ltr'><strong>meritum</strong></span> <span class='ocrx_word' id='word_1_494' title='bbox 1448 4818 1686 4898; x_wconf 82' lang='lat' dir='ltr'><strong>gratiae,</strong></span> <span class='ocrx_word' id='word_1_495' title='bbox 1720 4820 1832 4882; x_wconf 89' lang='lat' dir='ltr'><strong>sed</strong></span> 
     </span>
     <span class='ocr_line' id='line_1_80' title="bbox 337 4915 1831 5000; baseline 0.002 -22"><span class='ocrx_word' id='word_1_496' title='bbox 337 4917 530 4980; x_wconf 89' lang='lat' dir='ltr'><strong>etiam</strong></span> <span class='ocrx_word' id='word_1_497' title='bbox 577 4917 860 4980; x_wconf 86' lang='lat' dir='ltr'><strong>remittat</strong></span> <span class='ocrx_word' id='word_1_498' title='bbox 905 4915 1032 4979; x_wconf 90' lang='lat' dir='ltr'><strong>sibi</strong></span> <span class='ocrx_word' id='word_1_499' title='bbox 1081 4934 1196 4998; x_wconf 90' lang='lat' dir='ltr'><strong>pro</strong></span> <span class='ocrx_word' id='word_1_500' title='bbox 1237 4923 1384 4979; x_wconf 86' lang='lat' dir='ltr'><strong>actu</strong></span> <span class='ocrx_word' id='word_1_501' title='bbox 1435 4917 1545 4980; x_wconf 89' lang='lat' dir='ltr'><strong>illo</strong></span> <span class='ocrx_word' id='word_1_502' title='bbox 1587 4917 1831 5000; x_wconf 87' lang='lat' dir='ltr'><strong>aliquid</strong></span> 
     </span>
     <span class='ocr_line' id='line_1_81' title="bbox 339 5013 1833 5097; baseline 0.002 -20"><span class='ocrx_word' id='word_1_503' title='bbox 339 5033 542 5097; x_wconf 81' lang='lat' dir='ltr'><strong>poenae</strong></span> <span class='ocrx_word' id='word_1_504' title='bbox 580 5014 812 5078; x_wconf 80' lang='lat' dir='ltr'><strong>debitae</strong></span> <span class='ocrx_word' id='word_1_505' title='bbox 847 5030 965 5096; x_wconf 91' lang='lat' dir='ltr'><strong>pro</strong></span> <span class='ocrx_word' id='word_1_506' title='bbox 1002 5020 1280 5096; x_wconf 87' lang='lat' dir='ltr'><strong>peccato.</strong></span> <span class='ocrx_word' id='word_1_507' title='bbox 1325 5013 1502 5077; x_wconf 89' lang='lat' dir='ltr'><strong>Sicut</strong></span> <span class='ocrx_word' id='word_1_508' title='bbox 1534 5014 1833 5080; x_wconf 88' lang='lat' dir='ltr'><strong>videmus</strong></span> 
     </span>
     <span class='ocr_line' id='line_1_82' title="bbox 337 5111 1832 5197; baseline 0.001 -21"><span class='ocrx_word' id='word_1_509' title='bbox 337 5114 506 5197; x_wconf 91' lang='lat' dir='ltr'><strong>quod</strong></span> <span class='ocrx_word' id='word_1_510' title='bbox 553 5131 666 5177; x_wconf 85' lang='lat' dir='ltr'><strong>rex</strong></span> <span class='ocrx_word' id='word_1_511' title='bbox 703 5113 942 5195; x_wconf 89' lang='lat' dir='ltr'><strong>aliquis</strong></span> <span class='ocrx_word' id='word_1_512' title='bbox 981 5111 1284 5189; x_wconf 88' lang='lat' dir='ltr'><strong>liberalis,</strong></span> <span class='ocrx_word' id='word_1_513' title='bbox 1321 5112 1512 5175; x_wconf 90' lang='lat' dir='ltr'><strong>militi</strong></span> <span class='ocrx_word' id='word_1_514' title='bbox 1552 5130 1669 5177; x_wconf 90' lang='lat' dir='ltr'><strong>suo</strong></span> <span class='ocrx_word' id='word_1_515' title='bbox 1707 5115 1832 5178; x_wconf 89' lang='lat' dir='ltr'><strong>sibi</strong></span> 
     </span>
     <span class='ocr_line' id='line_1_83' title="bbox 338 5210 1832 5296; baseline 0.001 -20"><span class='ocrx_word' id='word_1_516' title='bbox 338 5213 770 5286; x_wconf 85' lang='lat' dir='ltr'><strong>reconciliato,</strong></span> <span class='ocrx_word' id='word_1_517' title='bbox 801 5219 1083 5275; x_wconf 88' lang='lat' dir='ltr'><strong>attamen</strong></span> <span class='ocrx_word' id='word_1_518' title='bbox 1121 5210 1398 5294; x_wconf 82' lang='lat' dir='ltr'><strong>obligato</strong></span> <span class='ocrx_word' id='word_1_519' title='bbox 1435 5212 1513 5274; x_wconf 90' lang='lat' dir='ltr'><strong>ad</strong></span> <span class='ocrx_word' id='word_1_520' title='bbox 1551 5212 1832 5296; x_wconf 90' lang='lat' dir='ltr'><strong>aliquam</strong></span> 
     </span>
     <span class='ocr_line' id='line_1_84' title="bbox 337 5309 1832 5395; baseline 0 -19"><span class='ocrx_word' id='word_1_521' title='bbox 337 5313 674 5376; x_wconf 86' lang='lat' dir='ltr'><strong>emendam</strong></span> <span class='ocrx_word' id='word_1_522' title='bbox 718 5328 836 5395; x_wconf 90' lang='lat' dir='ltr'><strong>pro</strong></span> <span class='ocrx_word' id='word_1_523' title='bbox 882 5309 1098 5393; x_wconf 86' lang='lat' dir='ltr'><strong>aliquo</strong></span> <span class='ocrx_word' id='word_1_524' title='bbox 1138 5309 1328 5384; x_wconf 81' lang='lat' dir='ltr'><strong>facte,</strong></span> <span class='ocrx_word' id='word_1_525' title='bbox 1369 5309 1692 5375; x_wconf 85' lang='lat' dir='ltr'><strong>interdum</strong></span> <span class='ocrx_word' id='word_1_526' title='bbox 1737 5332 1832 5376; x_wconf 88' lang='lat' dir='ltr'><strong>re-</strong></span> 
     </span>
    </p>
   </div>
   <div class='ocr_carea' id='block_1_15' title="bbox 583 5445 766 5499">
    <p class='ocr_par' dir='ltr' id='par_1_19' title="bbox 583 5445 766 5499">
     <span class='ocr_line' id='line_1_85' title="bbox 583 5445 766 5499; baseline -0.011 0"><span class='ocrx_word' id='word_1_527' title='bbox 583 5445 649 5499; x_wconf 79' lang='lat' dir='ltr'><strong>T.</strong></span> <span class='ocrx_word' id='word_1_528' title='bbox 684 5445 766 5498; x_wconf 79' lang='lat'><strong>24.</strong></span> 
     </span>
    </p>
   </div>
   <div class='ocr_carea' id='block_1_16' title="bbox 1941 4326 3439 5394">
    <p class='ocr_par' dir='ltr' id='par_1_20' title="bbox 1941 4326 3439 5394">
     <span class='ocr_line' id='line_1_86' title="bbox 1941 4326 3439 4410; baseline 0.002 -20"><span class='ocrx_word' id='word_1_529' title='bbox 1941 4327 2153 4392; x_wconf 87' lang='lat' dir='ltr'><strong>facere</strong></span> <span class='ocrx_word' id='word_1_530' title='bbox 2192 4344 2378 4410; x_wconf 92' lang='lat' dir='ltr'><strong>posse</strong></span> <span class='ocrx_word' id='word_1_531' title='bbox 2418 4346 2608 4390; x_wconf 91' lang='lat' dir='ltr'><strong>suum</strong></span> <span class='ocrx_word' id='word_1_532' title='bbox 2638 4326 2939 4404; x_wconf 87' lang='lat' dir='ltr'><strong>fideliter,</strong></span> <span class='ocrx_word' id='word_1_533' title='bbox 2972 4335 3044 4390; x_wconf 91' lang='lat' dir='ltr'><strong>ut</strong></span> <span class='ocrx_word' id='word_1_534' title='bbox 3074 4326 3168 4391; x_wconf 91' lang='lat' dir='ltr'><strong>illi</strong></span> <span class='ocrx_word' id='word_1_535' title='bbox 3199 4347 3315 4392; x_wconf 88' lang='lat' dir='ltr'><strong>sua</strong></span> <span class='ocrx_word' id='word_1_536' title='bbox 3350 4328 3439 4394; x_wconf 88' lang='lat' dir='ltr'><strong>fa-</strong></span> 
     </span>
     <span class='ocr_line' id='line_1_87' title="bbox 1943 4425 3433 4504; baseline 0.002 -15"><span class='ocrx_word' id='word_1_537' title='bbox 1943 4445 2046 4489; x_wconf 89' lang='lat' dir='ltr'><strong>ma</strong></span> <span class='ocrx_word' id='word_1_538' title='bbox 2077 4425 2470 4499; x_wconf 88' lang='lat' dir='ltr'><strong>restituatur,</strong></span> <span class='ocrx_word' id='word_1_539' title='bbox 2502 4425 2772 4490; x_wconf 89' lang='lat' dir='ltr'><strong>dicendo</strong></span> <span class='ocrx_word' id='word_1_540' title='bbox 2802 4445 2869 4489; x_wconf 92' lang='lat' dir='ltr'><strong>se</strong></span> <span class='ocrx_word' id='word_1_541' title='bbox 2908 4425 3145 4491; x_wconf 87' lang='lat' dir='ltr'><strong>falsum</strong></span> <span class='ocrx_word' id='word_1_542' title='bbox 3174 4427 3433 4504; x_wconf 81' lang='lat' dir='ltr'><strong>dixisse,</strong></span> 
     </span>
     <span class='ocr_line' id='line_1_88' title="bbox 1943 4523 3435 4608; baseline 0.002 -21"><span class='ocrx_word' id='word_1_543' title='bbox 1943 4524 2238 4608; x_wconf 88' lang='lat' dir='ltr'><strong>quamvis</strong></span> <span class='ocrx_word' id='word_1_544' title='bbox 2277 4543 2355 4587; x_wconf 85' lang='lat' dir='ltr'><strong>ex</strong></span> <span class='ocrx_word' id='word_1_545' title='bbox 2396 4523 2517 4586; x_wconf 91' lang='lat' dir='ltr'><strong>hoc</strong></span> <span class='ocrx_word' id='word_1_546' title='bbox 2559 4524 2929 4588; x_wconf 88' lang='lat' dir='ltr'><strong>redderetur</strong></span> <span class='ocrx_word' id='word_1_547' title='bbox 2966 4525 3244 4589; x_wconf 89' lang='lat' dir='ltr'><strong>infamis.</strong></span> <span class='ocrx_word' id='word_1_548' title='bbox 3278 4527 3435 4590; x_wconf 87' lang='lat' dir='ltr'><strong>Nam</strong></span> 
     </span>
     <span class='ocr_line' id='line_1_89' title="bbox 1941 4624 3435 4708; baseline 0.003 -22"><span class='ocrx_word' id='word_1_549' title='bbox 1941 4625 2237 4707; x_wconf 88' lang='lat' dir='ltr'><strong>quamvis</strong></span> <span class='ocrx_word' id='word_1_550' title='bbox 2276 4625 2469 4688; x_wconf 91' lang='lat' dir='ltr'><strong>homo</strong></span> <span class='ocrx_word' id='word_1_551' title='bbox 2504 4631 2799 4686; x_wconf 86' lang='lat' dir='ltr'><strong>teneatur</strong></span> <span class='ocrx_word' id='word_1_552' title='bbox 2834 4624 3160 4708; x_wconf 89' lang='lat' dir='ltr'><strong>propriam</strong></span> <span class='ocrx_word' id='word_1_553' title='bbox 3198 4624 3435 4690; x_wconf 87' lang='lat' dir='ltr'><strong>famam</strong></span> 
     </span>
     <span class='ocr_line' id='line_1_90' title="bbox 1943 4723 3431 4805; baseline 0.001 -19"><span class='ocrx_word' id='word_1_554' title='bbox 1943 4723 2145 4805; x_wconf 82' lang='lat' dir='ltr'><strong>magis</strong></span> <span class='ocrx_word' id='word_1_555' title='bbox 2187 4723 2353 4786; x_wconf 89' lang='lat' dir='ltr'><strong>tueri</strong></span> <span class='ocrx_word' id='word_1_556' title='bbox 2390 4730 2455 4785; x_wconf 92' lang='lat' dir='ltr'><strong>et</strong></span> <span class='ocrx_word' id='word_1_557' title='bbox 2493 4740 2870 4786; x_wconf 88' lang='lat' dir='ltr'><strong>conservare</strong></span> <span class='ocrx_word' id='word_1_558' title='bbox 2902 4742 3096 4805; x_wconf 88' lang='lat' dir='ltr'><strong>quam</strong></span> <span class='ocrx_word' id='word_1_559' title='bbox 3134 4723 3431 4800; x_wconf 89' lang='lat' dir='ltr'><strong>alienam,</strong></span> 
     </span>
     <span class='ocr_line' id='line_1_91' title="bbox 1942 4820 3437 4904; baseline -0.001 -18"><span class='ocrx_word' id='word_1_560' title='bbox 1942 4822 2171 4886; x_wconf 90' lang='lat' dir='ltr'><strong>ceteris</strong></span> <span class='ocrx_word' id='word_1_561' title='bbox 2201 4820 2484 4904; x_wconf 79' lang='lat' dir='ltr'><strong>paribuS,</strong></span> <span class='ocrx_word' id='word_1_562' title='bbox 2504 4821 2705 4902; x_wconf 82' lang='lat' dir='ltr'><strong>magis</strong></span> <span class='ocrx_word' id='word_1_563' title='bbox 2734 4828 2947 4884; x_wconf 86' lang='lat' dir='ltr'><strong>tamen</strong></span> <span class='ocrx_word' id='word_1_564' title='bbox 2975 4828 3227 4885; x_wconf 86' lang='lat' dir='ltr'><strong>tenetur</strong></span> <span class='ocrx_word' id='word_1_565' title='bbox 3252 4823 3437 4886; x_wconf 86' lang='lat' dir='ltr'><strong>alteri</strong></span> 
     </span>
     <span class='ocr_line' id='line_1_92' title="bbox 1942 4918 3434 5002; baseline 0 -18"><span class='ocrx_word' id='word_1_566' title='bbox 1942 4940 2194 4984; x_wconf 89' lang='lat' dir='ltr'><strong>servare</strong></span> <span class='ocrx_word' id='word_1_567' title='bbox 2231 4920 2469 4983; x_wconf 87' lang='lat' dir='ltr'><strong>famam</strong></span> <span class='ocrx_word' id='word_1_568' title='bbox 2508 4938 2688 4982; x_wconf 89' lang='lat' dir='ltr'><strong>suam</strong></span> <span class='ocrx_word' id='word_1_569' title='bbox 2726 4918 2919 5000; x_wconf 89' lang='lat' dir='ltr'><strong>juste,</strong></span> <span class='ocrx_word' id='word_1_570' title='bbox 2951 4938 3144 5002; x_wconf 89' lang='lat' dir='ltr'><strong>quam</strong></span> <span class='ocrx_word' id='word_1_571' title='bbox 3181 4939 3434 4985; x_wconf 86' lang='lat' dir='ltr'><strong>servare</strong></span> 
     </span>
     <span class='ocr_line' id='line_1_93' title="bbox 1943 5016 3437 5102; baseline 0.001 -22"><span class='ocrx_word' id='word_1_572' title='bbox 1943 5018 2265 5102; x_wconf 87' lang='lat' dir='ltr'><strong>propriam</strong></span> <span class='ocrx_word' id='word_1_573' title='bbox 2322 5017 2560 5080; x_wconf 87' lang='lat' dir='ltr'><strong>famam</strong></span> <span class='ocrx_word' id='word_1_574' title='bbox 2620 5016 2857 5097; x_wconf 87' lang='lat' dir='ltr'><strong>injuste</strong></span> <span class='ocrx_word' id='word_1_575' title='bbox 2910 5034 2925 5079; x_wconf 73' lang='grc' dir='ltr'><strong><em>ε</em></strong></span> <span class='ocrx_word' id='word_1_576' title='bbox 2974 5017 3126 5099; x_wconf 84' lang='lat' dir='ltr'><strong>quia</strong></span> <span class='ocrx_word' id='word_1_577' title='bbox 3180 5024 3437 5081; x_wconf 88' lang='lat' dir='ltr'><strong>tenetur</strong></span> 
     </span>
     <span class='ocr_line' id='line_1_94' title="bbox 1943 5114 3437 5200; baseline 0.001 -21"><span class='ocrx_word' id='word_1_578' title='bbox 1943 5117 2184 5180; x_wconf 89' lang='lat' dir='ltr'><strong>bonum</strong></span> <span class='ocrx_word' id='word_1_579' title='bbox 2213 5116 2443 5179; x_wconf 83' lang='lat' dir='ltr'><strong>animae</strong></span> <span class='ocrx_word' id='word_1_580' title='bbox 2473 5135 2603 5180; x_wconf 81' lang='lat' dir='ltr'><strong>suae</strong></span> <span class='ocrx_word' id='word_1_581' title='bbox 2634 5114 2932 5198; x_wconf 84' lang='lat' dir='ltr'><strong>praeferre</strong></span> <span class='ocrx_word' id='word_1_582' title='bbox 2963 5115 3129 5180; x_wconf 91' lang='lat' dir='ltr'><strong>bono</strong></span> <span class='ocrx_word' id='word_1_583' title='bbox 3162 5117 3437 5200; x_wconf 79' lang='lat' dir='ltr'><strong>propriae</strong></span> 
     </span>
     <span class='ocr_line' id='line_1_95' title="bbox 1943 5213 3437 5298; baseline 0.001 -22"><span class='ocrx_word' id='word_1_584' title='bbox 1943 5214 2147 5278; x_wconf 82' lang='lat' dir='ltr'><strong>famae.</strong></span> <span class='ocrx_word' id='word_1_585' title='bbox 2198 5215 2524 5277; x_wconf 90' lang='lat' dir='ltr'><strong>Interdum</strong></span> <span class='ocrx_word' id='word_1_586' title='bbox 2571 5231 2825 5297; x_wconf 89' lang='lat' dir='ltr'><strong>quoque</strong></span> <span class='ocrx_word' id='word_1_587' title='bbox 2871 5213 3242 5278; x_wconf 85' lang='lat' dir='ltr'><strong>damnificat</strong></span> <span class='ocrx_word' id='word_1_588' title='bbox 3290 5215 3437 5298; x_wconf 91' lang='lat' dir='ltr'><strong>quis</strong></span> 
     </span>
     <span class='ocr_line' id='line_1_96' title="bbox 1943 5311 3435 5394; baseline 0.001 -18"><span class='ocrx_word' id='word_1_589' title='bbox 1943 5313 2145 5376; x_wconf 83' lang='lat' dir='ltr'><strong>alium</strong></span> <span class='ocrx_word' id='word_1_590' title='bbox 2183 5315 2250 5377; x_wconf 90' lang='lat' dir='ltr'><strong>in</strong></span> <span class='ocrx_word' id='word_1_591' title='bbox 2285 5313 2455 5378; x_wconf 83' lang='lat' dir='ltr'><strong>fama</strong></span> <span class='ocrx_word' id='word_1_592' title='bbox 2492 5331 2607 5376; x_wconf 89' lang='lat' dir='ltr'><strong>sua</strong></span> <span class='ocrx_word' id='word_1_593' title='bbox 2644 5311 2881 5394; x_wconf 85' lang='lat' dir='ltr'><strong>injuste</strong></span> <span class='ocrx_word' id='word_1_594' title='bbox 2919 5311 3247 5391; x_wconf 84' lang='lat' dir='ltr'><strong>indirecte,</strong></span> <span class='ocrx_word' id='word_1_595' title='bbox 3279 5315 3435 5378; x_wconf 89' lang='lat' dir='ltr'><strong>dum</strong></span> 
     </span>
    </p>
   </div>
   <div class='ocr_carea' id='block_1_17' title="bbox 3121 5449 3185 5501">
    <p class='ocr_par' dir='ltr' id='par_1_21' title="bbox 3121 5449 3185 5501">
     <span class='ocr_line' id='line_1_97' title="bbox 3121 5449 3185 5501; baseline 0.016 -1"><span class='ocrx_word' id='word_1_596' title='bbox 3121 5449 3185 5501; x_wconf 81' lang='lat'><strong>26</strong></span> 
     </span>
    </p>
   </div>
   <div class='ocr_carea' id='block_1_18' title="bbox 3488 4062 3700 4120">
    <p class='ocr_par' dir='ltr' id='par_1_22' title="bbox 3488 4062 3700 4120">
     <span class='ocr_line' id='line_1_98' title="bbox 3488 4062 3700 4120; baseline 0.014 -12"><span class='ocrx_word' id='word_1_597' title='bbox 3488 4077 3532 4120; x_wconf 82' lang='lat' dir='ltr'><strong>p.</strong></span> <span class='ocrx_word' id='word_1_598' title='bbox 3550 4065 3627 4108; x_wconf 72' lang='lat'><strong>8⁹7</strong></span> <span class='ocrx_word' id='word_1_599' title='bbox 3637 4062 3700 4111; x_wconf 82' lang='lat' dir='ltr'><strong>C&#39;.</strong></span> 
     </span>
    </p>
   </div>
  </div>
 </body>
</html>
