4267 6250
1274 503 1451 553 mn
1490 504 1553 551 tv
1592 502 2074 553 smmum.
2114 522 2198 535 -
2236 506 2392 553 msr.
2432 506 2588 553 xxm
3351 492 3476 557 589

376 680 673 764 liquores
710 681 963 745 mixtos
995 678 1217 761 habet,
1256 679 1479 744 oleum
1522 680 1774 745 scilicet
1808 682 1875 745 et
1906 679 2278 745 balsamum
2317 700 2336 743 :
2377 680 2596 746 oleum
2633 682 3074 763 conscientiae,
3109 683 3480 748 balsamum

374 797 569 863 bonae
604 797 827 864 famae.
858 797 1165 861 Chrisma
1198 813 1357 861 vero
1389 796 1641 878 Graece,
1672 798 1895 861 unctio
1928 796 2164 862 Latine
2199 798 2460 861 dicitur.
2493 798 2628 862 Nec
2653 800 2876 862 tamen
2905 816 3102 863 omne
3139 799 3360 863 oleum
3397 800 3482 863 ad

375 915 759 979 unctionem
800 914 1285 979 sanctificatum
1321 913 1610 977 chrisma
1643 915 1939 995 vocatur,
1970 914 2087 977 sed
2123 913 2290 978 illud
2325 914 2544 978 solum
2583 916 2762 995 quod
2798 916 3112 980 miscetur
3148 934 3300 981 cum
3341 916 3484 981 bal-

374 1047 561 1095 samo
605 1051 619 1091 :
667 1048 803 1113 quo
848 1031 1065 1111 capita
1111 1046 1344 1111 regum
1390 1030 1457 1092 et
1498 1029 1886 1111 pontificum
1935 1030 2296 1111 unguntur,
2339 1046 2474 1111 quo
2518 1031 2718 1094 etiam
2773 1032 3136 1114 baptizatos
3179 1032 3482 1097 sacerdos

374 1148 567 1229 ungit
601 1148 673 1210 in
709 1148 978 1227 vertice,
1011 1148 1077 1211 et
1106 1145 1409 1227 pontifex
1442 1164 1561 1228 per
1596 1147 2088 1229 impositionem
2124 1162 2364 1210 manus
2398 1142 2882 1212 confirmandos
2916 1150 3109 1231 ungit
3133 1149 3203 1211 in
3238 1148 3476 1213 fronte.

375 1264 495 1327 Est
533 1265 601 1328 et
635 1264 767 1327 alia
797 1263 1049 1343 unctio,
1079 1280 1211 1344 qua
1243 1263 1695 1328 catechumeni
1724 1265 1790 1326 et
1814 1263 2132 1345 neophyti
2170 1264 2508 1345 unguntur
2543 1266 2614 1327 in
2639 1266 2902 1347 pectore
2939 1267 3006 1329 et
3041 1266 3211 1329 inter
3245 1282 3481 1347 scapu-

377 1380 477 1443 las
512 1380 585 1442 in
620 1380 1043 1463 perceptione
1076 1378 1428 1461 Baptismi.
1459 1380 1679 1444 Tertia
1714 1396 1869 1443 vero
1898 1380 2123 1444 unctio
2161 1381 2283 1459 aet,
2315 1396 2466 1460 quae
2501 1380 2744 1444 dicitur
2778 1381 2999 1446 oleum
3035 1381 3474 1463 intirmorum,

379 1497 463 1560 de
498 1512 633 1577 qua
674 1513 853 1561 nunc
896 1496 1139 1578 agitur.

986 1727 1063 1791 Β.
1102 1731 1163 1791 Α
1208 1731 1471 1807 quibus
1513 1730 1933 1793 institutum
1974 1731 2076 1793 sit
2118 1732 2254 1793 hoc
2295 1733 2878 1796 sacramentum.

511 1942 659 2007 Hoc
705 1943 1189 2006 sacramentum
1244 1940 1593 2006 Unctionis
1644 1936 2059 2006 infirmorum
2112 1941 2196 2006 ab
2244 1941 2584 2025 Apostolis
2627 1943 3007 2009 institutum
3051 1943 3312 2027 legitur.
3361 1945 3478 2009 Ait
3555 1962 3694 2020 ungo.
3715 1964 3774 2008 a·

382 2058 561 2123 enim
604 2058 893 2122 Jacobus
934 2077 951 2119 ε
992 2058 1373 2121 Infirmatur
1411 2058 1563 2140 quis
1602 2058 1669 2121 in
1716 2058 1907 2122 vobis
1928 2057 1961 2120 ἵ
2006 2058 2282 2123 Inducat
2327 2058 2746 2141 presbyteros
2791 2059 3126 2141 Ecclesiae,
3177 2064 3242 2126 et
3289 2064 3476 2126 orent
3499 2024 3770 2143 mg&

380 2193 581 2258 super
624 2192 803 2255 eum,
841 2176 1163 2256 ungentes
1200 2192 1355 2239 eum
1402 2174 1547 2240 oleo
1584 2176 1653 2238 in
1700 2175 1966 2239 nomine
2006 2174 2304 2255 Domini,
2344 2176 2410 2239 et
2444 2175 2778 2240 alleviabit
2823 2194 2976 2241 eum
3011 2178 3370 2260 Dominus3
3409 2180 3476 2243 et
3499 2150 3770 2257 sffffi'*

378 2291 437 2355 si
478 2292 551 2354 in
592 2292 882 2374 peccatis
919 2290 1141 2369 fuerit,
1181 2290 1597 2355 dimittentur
1632 2292 1715 2355 ei.
1748 2292 1825 2355 In
1867 2307 2001 2372 quo
2042 2291 2431 2371 ostenditur,
2463 2291 2712 2373 duplici
2751 2310 2834 2357 ex
2879 2311 3076 2359 causa
3111 2312 3480 2360 sacramen-

378 2409 527 2472 tum
565 2408 693 2472 hoc
726 2407 1133 2487 institutum,
1168 2407 1421 2471 scilicet
1458 2408 1543 2471 ad
1586 2409 2006 2489 peccatorum
2053 2407 2535 2488 remissionem,
2575 2409 2642 2471 et
2681 2409 2766 2471 ad
2801 2411 3158 2492 corporalis
3203 2408 3481 2475 infirmi-

381 2524 539 2587 tatis
594 2522 1105 2587 alleviat-ionem.
1165 2523 1357 2588 Unde
1414 2525 1670 2588 constat
1729 2540 1883 2587 eum
1942 2522 2059 2604 qui
2115 2523 2288 2586 hanc
2337 2522 2718 2587 unctionem
2781 2520 3059 2590 fideliter
3115 2527 3480 2610 devoteque

381 2640 689 2722 percipit,
729 2641 797 2703 et
836 2638 909 2701 in
954 2656 1225 2721 corpore
1262 2640 1329 2704 et
1364 2640 1435 2703 in
1477 2640 1699 2703 anima
1743 2638 2060 2720 alleviari,
2100 2639 2160 2703 si
2201 2640 2422 2703 tamen
2468 2641 2734 2723 expedit
2767 2642 2846 2706 ut
2882 2643 2954 2706 in
2998 2645 3278 2726 utroque
3321 2644 3482 2709 alle·

380 2758 623 2823 vietur.
666 2756 861 2831 Quod
896 2756 955 2820 si
994 2756 1163 2820 forte
1208 2756 1503 2838 corporis
1538 2756 1981 2821 valetudinem
2022 2755 2124 2819 illi
2169 2756 2408 2821 habere
2453 2774 2586 2821 non
2634 2759 2920 2841 expedit,
2962 2759 3146 2823 illam
3191 2777 3340 2842 quae
3381 2763 3483 2825 est

380 2875 623 2938 animae
661 2874 1121 2937 sanitatem'in
1166 2873 1293 2937 hoc
1337 2874 1746 2939 sacramento
1786 2874 2087 2955 acquirit.
2139 2874 2226 2937 Et
2265 2874 2439 2938 sicut
2481 2874 2552 2938 in
2595 2874 2746 2939 aliis
2789 2877 3240 2957 sacramentis,
3277 2878 3374 2941 ita
3415 2880 3482 2942 et
3509 2895 3776 2953 angos-n-

380 2990 449 3053 in
488 2991 621 3054 isto
658 2988 839 3053 aliud
886 2992 989 3053 est
1032 2991 1542 3070 sacramentum,
1580 2989 1760 3053 aliud
1794 3006 1903 3053 res
1946 2992 2362 3055 sacramenti.
2404 2991 2900 3057 Sacramentum
2937 2995 3038 3057 est
3073 2993 3218 3075 ipsa
3256 2994 3481 3058 unctio
3507 2958 3772 3073 ἴαεζιζ

381 3106 693 3186 exterior,
741 3122 849 3170 res
898 3106 1291 3170 sacramenti
1336 3105 1562 3171 unctio
1609 3106 1901 3188 interior,
1952 3125 2101 3189 quae
2148 3108 2568 3190 peccatorum
2613 3108 3001 3175 remissione
3047 3112 3114 3176 et
3159 3111 3482 3176 virtutum
3509 3088 3578 3130 ¹⁵·

378 3221 811 3304 ampliatione
850 3216 1210 3303 perficitur.
1250 3220 1339 3284 Et
1378 3221 1439 3285 si
1484 3239 1569 3285 ex
1615 3222 1997 3304 contemptu
2033 3221 2140 3285 vel
2185 3222 2583 3305 negligentia
2627 3227 3110 3290 sacramentum
3154 3227 3282 3292 hoc
3317 3246 3484 3311 prae-

381 3336 793 3418 'termittitur,
832 3336 1280 3419 periculosum
1324 3339 1425 3401 est
1469 3339 1535 3401 et
1577 3336 1969 3402 damnabile.

1211 3579 1285 3642 C.
1326 3583 1429 3644 De
1473 3581 1875 3645 iteratione
1919 3581 2147 3656 hujus
2187 3583 2672 3646 sacramenti.

514 3795 839 3870 Quaerunt
892 3792 1122 3874 aliqui,
1170 3793 1229 3856 si
1278 3794 1406 3857 hoc
1451 3795 1934 3858 sacramentum
1990 3794 2214 3858 iterari
2266 3795 2501 3876 possit,
2552 3811 2760 3874 quum
2810 3793 3192 3876 Baptismus
3237 3800 3304 3861 et
3354 3799 3486 3862 alia

379 3911 691 3994 quaedam
736 3911 1143 3974 sacramenta
1190 3910 1397 3975 semel
1432 3911 1737 3992 suscepta
1780 3927 1915 3973 non
1962 3911 2300 3974 iterentur.
2345 3911 2758 3992 Augustinus
2797 3911 2959 3974 dicit
2998 3915 3484 3978 sacramentum
3510 3932 3774 3990 augmen.

378 4041 517 4091 non
552 4025 953 4107 iterandum,
995 4029 1061 4091 et
1097 4027 1507 4092 sacramento
1541 4042 1671 4090 non
1715 4025 2083 4090 faciendam
2121 4043 2266 4090 esse
2300 4026 2636 4108 injuriam.
2669 4027 2800 4091 Sed
2838 4028 2966 4092 hoc
3001 4028 3163 4092 dicit
3197 4029 3312 4094 ubi
3347 4031 3484 4112 agit
3508 3996 3778 4102 ἓξὲξ,

379 4143 462 4206 de
499 4143 912 4206 sacramento
952 4141 1279 4225 Baptismi
1326 4143 1389 4206 et
1438 4142 1909 4208 ordinationis.
1952 4143 2142 4206 Unde
2185 4160 2318 4206 non
2363 4142 2624 4206 videtur
2671 4143 2838 4207 illud
2875 4145 3266 4226 generaliter
3309 4147 3482 4210 acci-
3507 4119 3776 4228 &32:⁶³2

378 4257 727 4340 piendum,
766 4258 884 4322 sed
931 4258 1012 4322 de
1053 4258 1461 4322 sacramento
1496 4257 1847 4340 Baptismi,
1890 4257 2424 4322 confirmationis
2464 4259 2528 4321 et
2565 4258 3036 4340 OrdinationiS,
3077 4278 3228 4342 quae
3272 4262 3487 4327 nulla-

378 4376 577 4439 tenus
604 4377 761 4438 sunt
788 4374 1177 4456 repetenda:
1201 4375 1359 4456 quia
1386 4375 1589 4438 semel
1618 4375 1875 4438 tantum
1903 4376 1969 4438 et
1994 4391 2129 4438 non
2157 4375 2403 4456 saepius
2430 4375 2624 4440 datur
2639 4375 3044 4458 BaptismuS,
3058 4377 3483 4445 Confirmatio

380 4493 447 4554 et
503 4489 869 4556 Ordinatio.
919 4491 1417 4555 Sacramentum
1468 4506 1624 4553 vero
1679 4490 1905 4554 altaris
1952 4492 2017 4553 et
2063 4491 2478 4556 Poenitentiae
2540 4494 2605 4556 et
2662 4491 2971 4575 Conjugii
3033 4511 3210 4576 saepe
3262 4495 3484 4560 iterari

379 4606 645 4670 videtur
676 4625 693 4666 ε
725 4605 883 4687 quia
920 4622 1095 4687 saepe
1132 4605 1630 4670 Sacramentum
1667 4603 1961 4686 corporis
1995 4605 2378 4686 percipitur,
2415 4605 2788 4688 frequenter
2820 4608 3205 4690 poenitentia
3241 4610 3480 4691 agitur,

380 4720 769 4804 conjugium
820 4738 998 4804 saepe
1044 4721 1475 4785 contrahitur.
1531 4720 1749 4794 Quare
1802 4736 1957 4802 ergo
2008 4721 2246 4785 Unctio
2293 4721 2600 4786 similiter
2642 4739 2777 4786 non
2820 4725 3040 4806 potest
3091 4725 3313 4789 iterari
3331 4725 3364 4788 Ῥ
3409 4726 3480 4791 Si
3547 4745 3691 4803 nugo,
3717 4748 3776 4822 a.

378 4837 655 4902 morbus
690 4853 825 4901 non
865 4837 1251 4918 revertitur,
1280 4837 1607 4901 medicina
1641 4854 1774 4901 non
1815 4837 2107 4902 iteretur.
2142 4838 2216 4902 Si
2243 4855 2398 4902 vero
2435 4838 2707 4903 morbus
2737 4856 2869 4904 non
2909 4841 3128 4922 potest
3161 4841 3476 4924 cohiberi,
3503 4807 3774 4926 πῇ·

379 4970 585 5035 quare
633 4951 962 5016 medicina
1011 4951 1206 5017 debet
1250 4951 1637 5035 prohiberi?
1672 4952 1857 5017 Sicut
1904 4953 2113 5016 oratio
2158 4953 2382 5017 iterari
2429 4955 2667 5034 potest,
2713 4954 2808 5018 ita
2856 4957 2922 5020 et
2971 4955 3210 5020 Unctio
3257 4958 3479 5022 iterari

378 5088 576 5154 posse
612 5070 876 5135 videtur
916 5090 932 5132 ε
973 5072 1251 5152 utraque
1288 5071 1467 5134 enim
1502 5069 1641 5133 illic
1682 5072 2155 5134 commemorat
2192 5069 2502 5151 Jacobus,
2534 5072 2600 5135 et
2634 5073 2989 5152 utrumque
3023 5072 3213 5137 alteri
3248 5090 3484 5157 coope-

380 5190 562 5252 ratur
588 5187 673 5250 ad
700 5186 1161 5251 conferendam
1199 5186 1686 5250 alleviationem
1724 5187 2016 5269 corporis
2053 5189 2119 5250 et
2153 5187 2416 5252 animae.
2444 5187 2577 5250 Cur
2611 5204 2765 5269 ergo
2791 5190 3066 5270 negetur
3100 5191 3480 5255 unctionem

382 5321 583 5388 super
616 5303 959 5369 infirmum
994 5319 1190 5386 posse
1226 5303 1471 5384 iterari,
1498 5303 1582 5366 ad
1617 5303 2095 5386 impetrandam
2132 5302 2380 5385 saepius
2416 5304 2764 5369 sanitatem
2799 5304 3042 5370 mentis
3069 5306 3135 5370 et
3161 5306 3480 5392 corporis,
