4267 6250
109 679 261 729 ιαμ,
279 681 345 722 is.
372 658 639 739 angelus
667 660 805 735 Dei,
840 662 971 725 imo
998 670 1063 725 et
1090 681 1162 727 os
1196 664 1362 746 ejuS,
1395 683 1694 747 separans
1734 683 1873 747 pre·
1902 664 1956 728 Α
1982 666 2212 730 Praeter
2237 664 2606 748 opinionem
2636 684 2830 747 quam
2858 664 3154 746 Magister
3181 661 3378 727 refert
3406 661 3474 724 in
3521 688 3591 745 cf,
3607 692 3760 744 μσς,

130 2735 345 2792 ΕῇμδὸΒ.

148 3439 187 3481 p.
201 3430 249 3471 57
259 3428 302 3475 B.

104 4513 277 4573 Cfipm
288 4519 335 4566 Β.

806 490 895 537 ΔΝ
934 492 1237 539 tonsus
1276 491 1541 539 cuvmn
1582 492 1655 539 SR
1692 492 2015 540 kunnun·
2054 493 2142 539 An
2179 492 2592 541 missmm
2631 492 2858 551 CULPAE,
2897 490 3027 537 mc.

373 756 611 819 tiosum
654 776 693 819 a
732 759 865 821 vili.
900 760 979 823 Et
1016 761 1081 823 in
1123 769 1435 844 quantum
1474 764 1759 826 ascendit
1794 764 1873 825 ad

374 853 599 929 Deum,
634 855 829 920 habet
872 877 943 921 se
984 878 1099 941 per
1140 860 1403 924 modum
1450 861 1770 924 inferioris
1812 869 1877 924 et

372 954 835 1036 supplicantis3
868 956 935 1019 in
978 967 1290 1039 quantum
1329 978 1483 1023 vero
1523 960 1873 1034 descendit,

372 1050 564 1114 habet
606 1072 677 1115 se
726 1073 842 1137 per
882 1056 1145 1119 modum
1194 1058 1542 1140 superioris
1588 1077 1663 1121 ac
1706 1059 1875 1140 judi-

372 1151 597 1213 cantis.
632 1152 999 1217 Secundum
1039 1155 1325 1237 primum
1364 1157 1627 1219 modum
1669 1164 1876 1239 potest

372 1247 747 1313 hominibus
785 1252 1057 1333 gratiam
1106 1254 1483 1337 impetrare3
1520 1255 1874 1317 secundum

372 1344 571 1409 alium
638 1350 900 1412 modum
956 1359 1166 1433 potest
1212 1352 1519 1415 alienatos
1576 1353 1874 1416 Ecclesiae

372 1445 810 1509 reconciliare.
844 1448 915 1509 In
948 1448 1179 1512 horum
1209 1450 1771 1531 significationem,
1806 1451 1873 1513 in

370 1540 579 1604 forma
634 1543 1056 1609 absolutionis
1114 1548 1525 1629 praemittitur
1580 1549 1874 1631 depreca-

371 1640 461 1701 tio
506 1658 627 1722 per
666 1643 930 1706 modum
966 1644 1467 1727 deprecativam,
1500 1654 1565 1709 et
1610 1646 1875 1727 subjun-

368 1738 541 1817 gitur
588 1739 908 1806 absolutio
944 1761 1059 1825 per
1109 1744 1371 1807 modum
1410 1743 1870 1822 indicativum3

3347 472 3470 537 509

1982 763 2214 839 littera,
2254 764 2424 847 quod
2473 765 2720 827 scilicet
2765 764 3057 827 sacerdos
3105 781 3222 846 per
3267 762 3476 824 claves

1984 862 2272 926 absolvat
2305 882 2344 925 a
2388 880 2576 944 poena
2621 870 2876 936 aeterna‚
2907 868 3057 924 sunt
3101 860 3310 923 adbuc
3351 867 3480 921 tres

1984 960 2341 1042 opiniones,
2361 962 2513 1029 Una.
2532 961 2702 1042 quod
2731 961 3023 1023 sacerdos
3050 958 3326 1022 absolvit
3352 974 3482 1019 non

1984 1077 2023 1120 a
2050 1077 2261 1142 poena,
2295 1060 2407 1121 sed
2443 1078 2481 1122 a
2517 1058 2778 1121 vinculo
2817 1058 3258 1131 confessioniS,
3288 1056 3486 1137 ligan-

1985 1156 2066 1220 do
2112 1158 2190 1219 ad
2241 1175 2496 1239 poenam
2555 1155 3022 1219 satisfactionis,
3075 1155 3222 1228 Quae
3267 1154 3487 1236 opinio

1985 1254 2148 1317 trahi
2194 1255 2448 1318 videtur
2487 1272 2566 1315 ex
2614 1253 2828 1316 verbis
2871 1252 3154 1334 Hugonis
3205 1252 3271 1314 in
3321 1250 3486 1313 libro

1984 1354 2063 1415 de
2112 1354 2422 1416 Potestate
2470 1352 2730 1433 ligandi,
2774 1351 2885 1414 ubi
2933 1358 3178 1434 septem
3227 1348 3488 1413 vincula

1984 1451 2469 1531 distinguuntur
2501 1468 2514 1511 :
2550 1451 2834 1532 primum
2873 1457 2972 1511 est
3008 1448 3340 1511 vinculum
3373 1446 3484 1510 ob-

1983 1548 2375 1626 durationis3
2408 1547 2785 1622 secundum,
2809 1546 3166 1625 servitutis;
3199 1546 3478 1619 tertium,

1984 1646 2402 1728 captivitatis3
2433 1653 2755 1727 quartum,
2778 1652 3028 1708 aeternae
3057 1642 3483 1706 damnationis

1982 1744 2117 1806 sive
2161 1742 2551 1825 punitionis;
2583 1742 2903 1824 quintum,
2937 1749 3262 1825 perpetum
3308 1739 3480 1803 dete-

370 1844 435 1898 et
478 1838 847 1920 deprecatio
882 1841 1151 1920 gratiam
1200 1841 1519 1925 impetrat,
1558 1841 1873 1905 absolutio
1906 1842 1953 1905 B
1982 1841 2273 1904 stationis
2331 1840 2574 1924 peccati
2609 1858 2627 1919 ;
2677 1846 2952 1914 sextum,
3001 1838 3421 1903 confessionis
3459 1856 3476 1918 ;

370 1953 522 1998 vero
552 1955 697 1999 eam
728 1939 1052 2021 supponit.
1084 1940 1425 2022 Nunquam
1454 1940 1630 2004 enim
1668 1958 1875 2003 sacer-

370 2034 483 2097 dos
512 2034 877 2099 absolveret
904 2037 1185 2119 aliquem
1217 2039 1296 2101 de
1326 2057 1453 2121 quo
1484 2058 1610 2103 non
1641 2058 1875 2122 praesu-

373 2142 577 2196 meret
612 2134 787 2216 quod
830 2143 1001 2199 esset
1036 2135 1363 2199 absolutus
1400 2156 1438 2200 a
1474 2139 1622 2201 Deo.
1655 2139 1873 2219 Itaque

371 2240 651 2313 potestas
711 2232 987 2297 clavium
1038 2253 1107 2297 se
1152 2243 1363 2317 potest
1408 2236 1748 2299 extendere
1793 2236 1873 2298 ad

372 2330 815 2395 dimissionem
854 2332 1059 2415 culpae
1093 2352 1209 2415 per
1239 2336 1502 2398 modum
1530 2335 1875 2417 deprecan-

370 2428 451 2490 tis
480 2448 555 2491 ac
586 2429 1011 2511 impetrantiS,
1044 2449 1173 2495 non
1206 2451 1319 2514 per
1348 2433 1611 2495 modum
1641 2433 1876 2515 imper-

372 2527 611 2590 tientis.
646 2563 727 2576 —
754 2528 899 2591 Haec
940 2529 1399 2594 Bonaventura.

450 2626 651 2707 Cujus
681 2626 1011 2709 responsio
1050 2628 1337 2710 procedit
1362 2630 1544 2711 juxta
1578 2630 1703 2692 alia
1732 2628 1872 2710 ejus

371 2724 563 2799 dicta,
624 2724 861 2806 quibus
914 2725 1198 2789 affirmat
1256 2729 1425 2809 quod
1480 2735 1874 2790 sacramenta

372 2822 757 2904 evangelicae
811 2823 971 2905 legis
1026 2841 1155 2887 non
1217 2826 1545 2888 continent
1604 2826 1871 2906 gratiam

370 2940 581 3003 neque
622 2929 909 2997 causant,
942 2922 1065 2985 nisi
1098 2942 1213 3005 per
1242 2924 1507 2987 modum
1534 2924 1871 3005 cujusdam

1982 1940 2352 2022 septimum,
2403 1940 2674 2022 poenalis
2720 1938 3122 2021 expiationis.
3175 1938 3480 2001 Sacerdos

1981 2046 2195 2102 autem
2231 2037 2424 2101 solvit
2462 2046 2883 2121 peccatorem,
2917 2045 2989 2100 ut
3024 2054 3154 2101 non
3191 2044 3482 2099 teneatur

1984 2136 2218 2199 iterum
2265 2136 2488 2199 eadem
2537 2135 2854 2209 confiteri,
2895 2143 2960 2199 et
3005 2134 3157 2216 ligat
3203 2153 3354 2197 eum
3401 2133 3480 2197 ad

1981 2235 2314 2298 vinculum
2375 2234 2846 2298 satisfactionis.
2911 2233 3033 2297 Sed
3089 2233 3308 2316 opinio
3363 2233 3483 2296 ista

1984 2350 2110 2396 non
2160 2334 2350 2407 valet,
2381 2333 2532 2415 quia
2574 2334 2868 2395 sacerdos
2915 2332 3304 2395 absolvendo
3351 2350 3482 2395 non

1982 2431 2160 2506 dicit,
2191 2430 2470 2494 Absolvo
2499 2439 2560 2493 te
2587 2449 2624 2493 a
2655 2430 3075 2505 confessione,
3098 2431 3232 2506 sed,
3255 2430 3306 2493 A
3335 2448 3482 2513 pec-

1984 2530 2162 2592 catiS.
2195 2529 2292 2592 Ab
2331 2530 2462 2592 illis
2505 2547 2655 2610 ergo
2691 2529 2986 2603 absolvit,
3019 2528 3123 2592 vel
3167 2536 3478 2611 quantum

1982 2629 2062 2691 ad
2110 2646 2388 2710 poenam,
2434 2627 2537 2690 vel
2585 2635 2898 2710 quantum
2945 2627 3024 2690 ad
3075 2628 3351 2710 culpam.
3399 2662 3479 2671 —

1980 2726 2142 2789 Hinc
2190 2725 2468 2789 secunda
2525 2726 2744 2808 opinio
2789 2733 2908 2801 est,
2960 2726 3127 2808 quod
3185 2725 3478 2788 sacerdos

1980 2823 2254 2887 absolvit
2283 2824 2475 2887 etiam
2507 2832 2818 2906 quantum
2844 2824 2922 2886 ad
2963 2842 3218 2905 poenam
3248 2842 3477 2906 purga-

1980 2923 2232 2997 toriam,
2265 2941 2393 2986 non
2441 2923 2520 2986 de
2567 2941 2642 2985 ea
2689 2921 2932 3004 aliquid
2975 2921 3336 2996 relaxando,
3367 2920 3476 2984 sed

370 3020 541 3101 pacti
591 3020 706 3082 Dei
755 3039 903 3083 cum
953 3021 1237 3085 Ecclesia
1284 3021 1597 3086 militante
1646 3031 1711 3087 et
1756 3043 1871 3105 per
1902 3020 1945 3085 C
1981 3021 2190 3084 solum
2231 3021 2718 3102 commutand03
2749 3029 2814 3083 et
2841 3020 2985 3096 hoc,
3017 3020 3138 3083 sub
3172 3020 3479 3083 conditio-

366 3118 809 3182 adsistentiam
838 3119 1179 3201 quamdam
1204 3139 1221 3182 z
1245 3121 1395 3204 quia
1424 3121 1751 3204 perhibuit
1780 3131 1871 3185 at-

366 3235 495 3300 que
550 3217 826 3280 asseruit
880 3235 950 3280 se
1005 3219 1273 3299 gratiam
1332 3221 1713 3284 collaturum
1770 3221 1871 3285 his

367 3315 607 3398 quibus
636 3315 1023 3379 adhibentur
1050 3317 1481 3382 ecclesiastica
1516 3337 1870 3382 sacramen-

368 3421 447 3477 ta.
496 3415 649 3488 Quae
696 3415 936 3496 opinio,
987 3415 1155 3478 sicut
1199 3425 1525 3480 ostensum
1577 3425 1694 3492 est,
1740 3436 1869 3481 non

366 3513 625 3576 videtur
662 3512 1063 3577 sufficienter
1100 3515 1343 3578 salvare
1386 3515 1757 3596 dignitatem
1796 3536 1869 3579 ac

366 3612 783 3676 eminentiam
814 3613 1197 3693 evangelicae
1226 3613 1399 3696 legis.
1413 3615 1723 3696 Denique,
1744 3633 1871 3677 mo-

366 3710 447 3774 do
478 3729 653 3774 nunc
680 3717 849 3780 tacto
877 3711 1071 3774 etiam
1102 3712 1459 3775 sacerdotes
1495 3712 1729 3775 veteris
1759 3713 1868 3775 Te-

366 3809 669 3873 stamenti
701 3809 1129 3893 impetrabant
1156 3811 1423 3891 gratiam
1454 3811 1651 3895 plebi,
1684 3829 1865 3874 oran-

364 3909 469 3983 do,
502 3907 898 3972 immolando
924 3916 987 3972 et
1016 3910 1431 3992 procurando.
1445 3910 1575 3972 lmo
1602 3917 1665 3972 et
1694 3929 1865 3972 nunc

364 4007 433 4069 in
460 4006 833 4088 evangelica
862 4006 999 4087 lege
1027 4025 1143 4091 per
1174 4008 1436 4070 modum
1466 4007 1865 4090 deprecantis

363 4112 428 4168 et
468 4105 893 4187 impetrantiS,
926 4104 1217 4168 homines
1255 4104 1523 4169 virtuosi
1560 4124 1635 4168 ac
1674 4105 1867 4168 fervi-

1982 3139 2084 3195 ne,
2116 3121 2172 3184 si
2221 3120 2486 3203 impleat
2531 3119 3028 3184 satisfactionem
3073 3119 3428 3201 injunctam
3462 3138 3478 3182 ε

1982 3238 2123 3301 quae
2153 3220 2205 3281 si
2240 3219 2434 3282 fuerit
2461 3219 2798 3282 sufficiens
2828 3225 2889 3282 et
2921 3218 3255 3300 condigna,
3279 3219 3484 3282 absol·

1982 3317 2073 3378 vit
2101 3337 2139 3379 a
2167 3324 2328 3397 tota3
2360 3324 2424 3380 et
2453 3317 2506 3380 si
2545 3336 2696 3392 non,
2729 3317 3004 3380 absolvit
3033 3336 3070 3380 a
3109 3324 3300 3380 tanta.
3335 3317 3484 3380 Ideo

1981 3415 2035 3477 si
2100 3423 2393 3498 peccator
2451 3415 2761 3479 moriatur
2822 3422 2970 3478 ante
3031 3416 3483 3478 satisfactionis

1981 3515 2476 3596 completionem
2523 3513 2873 3594 condignae,
2917 3521 3166 3595 oportet
3211 3533 3360 3577 eum
3413 3515 3480 3576 in

1980 3613 2345 3694 purgatorio
2383 3613 2711 3676 residuum
2753 3611 3018 3675 solvere.
3054 3612 3173 3674 Sed
3211 3631 3330 3675 nec
3361 3613 3480 3675 ista

1978 3711 2148 3774 valet
2183 3711 2424 3793 opinio,
2456 3711 2608 3792 quia
2645 3717 2941 3794 peccator
2968 3711 3088 3773 iste
3126 3718 3271 3792 post
3296 3710 3478 3774 abso·

1980 3809 2288 3873 lutionem
2335 3808 2618 3871 divinam
2667 3826 2796 3873 non
2845 3809 3044 3890 magis
3097 3815 3349 3872 tenetur
3394 3811 3471 3872 ad

1977 3907 2406 3990 purgatoriam
2433 3925 2689 3990 poenam
2716 3926 2902 3989 quam
2923 3907 3002 3970 ad
3025 3907 3234 3970 aliam.
3253 3907 3329 3970 Et
3351 3908 3470 3971 hoc

1977 4013 2171 4089 patet,
2205 4006 2356 4087 quia
2385 4005 2450 4067 in
2479 4013 2728 4068 tantum
2758 4005 3000 4068 conteri
3030 4013 3266 4089 posset,
3299 4007 3470 4088 quod

1975 4105 2142 4166 Deus
2190 4110 2388 4166 totam
2436 4120 2691 4185 poenam
2743 4101 3092 4167 dimitteret
3138 4104 3216 4167 ei.
3251 4139 3331 4150 —
3362 4105 3472 4167 Est

363 4204 451 4278 di,
485 4203 841 4286 praesertim
881 4202 1149 4285 perfecti
1188 4212 1253 4266 et
1280 4203 1504 4278 sancti,
1535 4210 1687 4266 sunt
1722 4222 1864 4286 pec·
1893 4203 1943 4264 D
1973 4219 2123 4283 ergo
2153 4202 2336 4264 tertia
2365 4201 2598 4284 positio
2627 4202 2830 4282 magis
2861 4219 3132 4264 consona
3161 4201 3313 4264 fidei
3345 4203 3472 4284 pie·

363 4301 689 4364 catoribus
749 4320 955 4365 causae
1015 4301 1406 4384 dispositivae
1460 4302 1539 4365 ad
1594 4302 1863 4383 gratiam

363 4400 835 4484 impetrandam
863 4419 937 4463 ac
966 4419 1223 4483 poenam
1257 4400 1759 4476 diminuendam,
1794 4410 1865 4464 ut

362 4502 557 4564 etiam
598 4499 665 4562 in
701 4499 913 4562 littera
947 4499 1241 4582 Magister
1278 4519 1355 4562 ex
1384 4500 1737 4582 Augustino
1774 4501 1861 4563 al-

362 4600 547 4680 legat.
584 4597 662 4660 Et
705 4598 792 4661 ita
834 4598 1125 4660 sacerdos
1174 4616 1252 4661 ex
1298 4598 1363 4661 vi
1412 4598 1689 4662 clavium
1732 4618 1859 4662 non

363 4698 507 4781 plus
566 4703 785 4779 posset
828 4715 1021 4777 quam
1078 4695 1237 4759 tales
1294 4714 1421 4759 non
1479 4697 1854 4760 sacerdotes.

360 4797 733 4860 Tenendum
764 4812 935 4875 ergo,
968 4795 1137 4877 quod
1168 4795 1549 4876 evangelicae
1579 4795 1737 4877 legis
1766 4815 1859 4858 sa-

360 4902 688 4959 cramenta
744 4892 1074 4957 continent
1128 4893 1419 4973 gratiam,
1470 4901 1660 4976 atque
1714 4894 1856 4956 effi-

358 4995 539 5058 ciunt
581 4993 752 5076 quod
796 4991 1149 5072 designant.

437 5093 919 5173 consequenter
945 5090 1386 5154 Bonaventura
1419 5090 1859 5172 respondendo

354 5192 436 5255 ad
466 5189 663 5264 istud,
687 5197 905 5252 utrum
934 5195 1213 5272 potestas
1242 5188 1519 5251 clavium
1548 5207 1617 5252 se
1646 5196 1861 5252 exten-

358 5290 467 5354 dat
520 5290 603 5352 ad
660 5305 869 5370 poenae
922 5285 1438 5363 diminutionem,
1496 5286 1782 5350 affirmat
1838 5306 1854 5351 :

1974 4301 2110 4375 tati,
2149 4301 2320 4382 quod
2371 4299 2616 4363 scilicet
2663 4300 2956 4364 sacerdos
3001 4300 3282 4382 aliquam
3331 4320 3471 4383 par·

1972 4407 2101 4462 tem
2139 4419 2344 4483 poenae
2381 4399 2650 4462 dimittit
2690 4399 2755 4462 vi
2805 4399 3106 4473 clavium,
3141 4399 3470 4464 absolven-

1972 4499 2071 4562 do.
2107 4498 2314 4571 Quum
2345 4498 2518 4561 enim
2559 4498 2872 4562 universae
2902 4497 3022 4562 viae
3054 4499 3309 4562 Domini
3341 4499 3470 4563 sint
3494 4522 3760 4577 ramulo.

1974 4597 2412 4660 misericordia
2451 4604 2516 4659 et
2554 4596 2810 4670 veritas,
2844 4597 3080 4660 idcirco
3122 4597 3188 4660 in
3233 4597 3470 4679 justifi-

1972 4696 2241 4770 catione,
2273 4714 2414 4777 quae
2443 4713 2604 4777 opus
2635 4701 2730 4757 est
2759 4694 3231 4771 misericordiae,
3255 4696 3342 4759 ita
3371 4716 3467 4760 re-

1968 4792 2168 4855 mittit
2215 4791 2492 4873 culpam,
2526 4799 2596 4853 ut
2643 4809 2770 4854 non
2817 4791 3096 4855 totaliter
3136 4800 3467 4875 praetereat

1965 4892 2232 4973 justitiae
2279 4892 2562 4971 regulam
2615 4906 2629 4951 ε
2681 4890 2824 4954 ideo
2880 4890 3244 4954 confessum
3292 4900 3466 4957 tenet

1968 4989 2178 5052 adhuc
2224 4988 2576 5069 obligatum
2617 4988 2697 5050 ad
2740 5006 3018 5069 poenam,
3051 5008 3192 5071 quae
3239 5009 3464 5056 secun-

1968 5089 2123 5150 dum
2155 5087 2427 5167 rigorem
2464 5086 2730 5167 justitiae
2768 5086 3332 5170 improportionata
3369 5099 3468 5154 est

1970 5185 2219 5251 viribus
2249 5185 2504 5260 nostris,
2534 5203 2610 5248 ac
2647 5193 2878 5248 nostrae
2915 5186 3262 5266 cognitioni
3292 5188 3466 5269 igno-

1968 5294 2068 5368 ta;
2100 5294 2166 5349 et
2207 5303 2325 5370 pro
2363 5284 2472 5348 illa
2513 5291 2762 5369 oportet
2800 5283 3016 5368 aliquo
3057 5285 3246 5350 modo
3285 5289 3464 5352 satis-
