4267 6250
807 516 896 564 AN
933 516 1104 565 nouo
1143 514 1346 574 omm-
1385 514 1792 565 sarianum
1833 514 1950 565 rao
1989 516 2111 565 uno
2151 516 2417 565 racemo
2458 490 2598 565 611111
2636 517 2800 579 mo,
2840 516 2969 566 mc.

3321 498 3439 567 391

331 685 672 751 bonorum.
721 688 880 763 Quia
927 696 1142 751 tamen
1190 690 1312 752 hoc
1362 688 1661 751 meritum
1709 705 1838 750 non
1868 687 1919 751 A
1949 707 2090 752 esse
2132 706 2261 751 non
2301 688 2491 765 valet,
2524 690 2675 772 quia
2715 689 3087 755 fortificatio
3128 709 3269 755 esse
3314 708 3442 754 non

331 787 591 869 proprie
651 788 958 852 meritum
1003 786 1385 870 appellatur,
1437 786 1580 849 ideo
1627 787 1840 869 potius

331 886 842 960 concedendum,
875 886 1045 969 quod
1086 885 1457 967 hujusmodi
1489 902 1681 967 opera
1709 902 1838 947 non

331 984 463 1045 sint
517 985 847 1047 meritoria
893 985 1170 1066 alicujus
1219 984 1394 1057 boni,
1427 1002 1618 1065 quam
1669 984 1837 1065 quod

331 1082 466 1144 sint
523 1083 870 1145 meritoria.
922 1083 1232 1165 Denique,
1277 1082 1427 1163 quia
1484 1081 1838 1144 secundum

331 1179 792 1263 Philosophum
821 1188 1047 1244 octavo
1085 1180 1478 1255 Ethicorum,
1511 1178 1690 1241 filius
1725 1197 1839 1261 per

333 1279 552 1341 omnia
599 1298 744 1361 quae
791 1278 967 1353 facit,
1016 1296 1144 1341 non
1195 1286 1404 1361 potest
1449 1276 1838 1360 aequivalens

333 1377 604 1439 reddere
642 1376 744 1439 his
772 1368 926 1459 2111ae
956 1395 994 1440 a
1033 1385 1211 1460 patre
1247 1393 1366 1439 suo
1403 1376 1666 1459 recepit,
1700 1393 1838 1458 pro-

334 1482 476 1556 pter
505 1476 682 1557 quod
714 1481 896 1557 pater
925 1494 1251 1559 nunquam
1283 1474 1564 1539 efficitur
1589 1473 1840 1536 debitor

331 1572 454 1635 filii
483 1573 590 1635 sui
611 1590 629 1651 3
661 1580 728 1637 et
758 1572 962 1635 multo
1001 1574 1216 1636 minus
1257 1579 1464 1655 potest
1500 1572 1691 1635 homo
1723 1590 1838 1653 per

331 1670 853 1753 aequivalentiam
903 1671 1114 1734 meriti
1176 1671 1376 1734 Deum
1424 1670 1549 1733 sibi
1605 1669 1839 1733 consti-

331 1776 508 1831 tuere
559 1768 917 1831 debitorem
965 1786 980 1831 t
1020 1769 1173 1832 hinc
1219 1768 1470 1831 nullum
1518 1786 1680 1850 opus
1726 1785 1838 1829 no-

1949 794 2159 869 potest
2185 787 2309 849 uisi
2350 806 2428 850 ex
2458 787 2777 851 ablatione
2815 788 3274 871 passibilitatis.
3308 789 3446 852 Pas-

1949 884 2221 947 sibilitas
2250 903 2402 948 vero
2430 893 2528 948 est
2556 886 2909 949 secundum
2950 887 3155 969 culpae
3194 904 3447 949 mensu-

1949 1001 2106 1045 ram.
2142 984 2289 1046 Ideo
2336 984 2389 1047 si
2436 1002 2564 1047 non
2615 985 2931 1048 minuitur
2975 985 3185 1066 culpa,
3231 983 3445 1066 subje-

1951 1087 2125 1143 ctum
2176 1099 2303 1144 non
2351 1081 2754 1145 fortificatur.
2808 1082 2930 1145 Alii
2980 1082 3225 1157 dicunt,
3274 1084 3487 1164 quod.

1951 1178 2267 1241 minuitur
2311 1180 2501 1261 culpa
2557 1187 2865 1263 quantum
2912 1180 2991 1243 ad
3041 1180 3448 1243 conscientiae

1950 1294 2259 1350 vermem,
2310 1277 2463 1340 licet
2518 1296 2645 1341 non
2704 1286 3015 1360 quantum
3070 1278 3149 1341 ad
3208 1278 3441 1359 ignem.

1947 1373 2124 1447 Quod
2155 1375 2349 1438 etiam
2379 1375 2543 1438 nihil
2572 1384 2688 1450 est,
2722 1376 3025 1459 quoniam
3064 1375 3232 1439 sicut
3262 1393 3448 1458 poena

1950 1472 2114 1553 ignis
2144 1481 2434 1555 aequatur
2462 1473 2684 1555 culpae,
2706 1474 2791 1536 ita
2820 1481 2885 1537 et
2913 1492 3101 1557 poena
3128 1492 3448 1537 remorsus

1947 1572 2374 1635 conscientiae.
2423 1607 2504 1617 —
2544 1572 2690 1636 Haec
2738 1572 3009 1635 Thomas
3058 1572 3125 1634 in
3172 1572 3442 1654 Scripto.

2028 1669 2343 1733 Consonat
2398 1670 2637 1733 Petrus,
2700 1669 2778 1731 Et
2834 1670 3009 1733 addit
3070 1670 3443 1743 RicharduS,

1947 1767 2116 1849 quod
2170 1767 2487 1849 loquendo
2529 1768 2609 1831 de
2656 1768 3087 1831 satisfactione
3133 1776 3443 1851 quantum

331 1875 532 1929 strum
583 1886 663 1930 ex
701 1866 1058 1949 quantitate
1104 1887 1234 1931 suae
1273 1866 1574 1930 bonitatis
1621 1865 1833 1940 habet,
1863 1864 1911 1927 B
1945 1866 2024 1928 ad
2053 1873 2267 1928 actum
2307 1866 2684 1929 exteriorem
2726 1866 3273 1947 temporalemque
3315 1884 3445 1948 poe-

331 1966 500 2047 quod
530 1964 782 2046 aliquid
815 1972 1154 2039 mereatur,
1189 1965 1300 2027 sed
1329 1984 1407 2027 ex
1437 1965 1500 2026 vi
1533 1962 1834 2037 caritatiS,

330 2082 470 2144 quae
529 2062 690 2125 facit
745 2082 822 2125 ea
877 2082 1021 2145 quae
1078 2070 1228 2125 sunt
1284 2062 1640 2125 amicorum
1698 2080 1838 2124 esse

332 2160 724 2223 communia.
758 2160 1212 2223 Verumtamen
1259 2178 1422 2242 opus
1471 2160 1710 2223 malum
1760 2178 1838 2221 ex

333 2258 688 2340 quantitate
715 2278 848 2321 suae
889 2258 1146 2323 malitia)
1179 2258 1532 2321 secundum
1564 2258 1837 2340 aequiva-

337 2356 598 2419 lentiam
649 2364 934 2419 meretur
978 2374 1234 2439 poenam
1277 2373 1292 2417 ε
1333 2357 1485 2437 quia
1532 2375 1610 2418 ex
1661 2361 1838 2438 parte

335 2456 446 2518 Dei
475 2472 608 2518 non
639 2462 790 2519 sunt
819 2454 1007 2517 nobis
1035 2454 1250 2537 aliqua
1279 2454 1445 2517 mala
1480 2454 1648 2517 facta
1675 2454 1842 2517 sicut

335 2553 522 2617 bona.

415 2654 628 2727 Porro,
673 2654 829 2716 dum
874 2653 1203 2735 quaeritur,
1244 2672 1326 2715 an
1369 2652 1494 2715 tale
1531 2669 1692 2735 opus
1735 2651 1842 2714 bo-

337 2770 494 2813 num
531 2760 708 2814 extra
751 2751 1102 2825 caritatem,
1138 2750 1348 2813 valeat
1387 2750 1463 2813 ad
1509 2749 1840 2812 infernalis

339 2866 546 2931 poenae
595 2848 1099 2929 mitigationem3
1129 2848 1496 2921 dicendum,
1539 2848 1708 2929 quod
1749 2847 1840 2909 di-

337 2948 631 3009 minuere
668 2964 928 3028 poenam
967 2936 1291 3019 aeternam,
1325 2945 1596 3027 intelligi
1636 2952 1844 3028 potest

1947 1983 2118 2037 nam,
2153 1964 2345 2027 homo
2376 1970 2581 2046 potest
2620 1964 2986 2027 satisfacere
3024 1965 3105 2027 de
3136 1982 3262 2027 uno
3302 1983 3446 2047 pec-

1948 2070 2108 2135 cat0,
2142 2081 2269 2126 non
2310 2063 2389 2125 de
2426 2062 2591 2137 aliis,
2626 2062 2954 2145 implendo
2993 2080 3245 2145 poenam
3276 2063 3449 2125 debi-

1946 2168 2076 2223 tam
2119 2162 2231 2223 uni
2273 2168 2553 2244 peccato,
2587 2177 2715 2222 non
2754 2160 2920 2234 aliia,
2954 2161 3301 2224 dummodo
3334 2179 3451 2244 pro

1947 2258 2090 2321 aliis
2121 2258 2487 2322 satisfacere
2516 2266 2803 2341 tempore
2832 2266 3193 2342 opportuno
3223 2277 3453 2341 propo-

1949 2364 2075 2419 nat.
2108 2356 2267 2420 Nam
2312 2356 2614 2438 obligatio
2656 2358 2735 2420 ad
2784 2357 2972 2421 talem
3024 2375 3280 2439 poenam
3328 2365 3453 2419 stat

1949 2453 2145 2517 simul
2187 2473 2335 2517 cum
2379 2455 2657 2517 caritate.
2707 2455 2851 2518 Haec
2894 2454 3265 2519 RicharduS.

2029 2552 2333 2616 Praeterea
2362 2552 2513 2614 huic
2544 2552 2941 2635 responsioni
2971 2552 3266 2616 Richardi
3304 2570 3451 2616 con-

1951 2650 2146 2713 sentit
2174 2650 2419 2723 Scotus,
2453 2656 2517 2712 et
2543 2650 2739 2725 addit,
2763 2651 2935 2732 quod
2964 2650 3157 2712 etiam
3192 2649 3449 2731 loquen-

1949 2748 2032 2811 do
2061 2747 2140 2810 de
2178 2747 2609 2810 satisfactione
2648 2756 2958 2830 quantum
2991 2747 3068 2809 ad
3106 2755 3322 2809 actum
3353 2747 3447 2809 in-

1951 2846 2273 2919 teriorem,
2326 2846 2437 2927 qui
2484 2853 2583 2908 est
2629 2845 2948 2918 contritio,
3001 2852 3211 2929 potest
3256 2846 3449 2909 homo

1949 2942 2316 3005 satisfacere
2346 2951 2410 3005 et
2436 2942 2651 3005 dolere
2678 2943 3012 3006 actualiter
3040 2943 3119 3005 de
3148 2959 3279 3006 uno
3309 2961 3452 3025 pec-

335 3044 702 3127 dupliciter.
737 3044 972 3117 Primo,
1006 3044 1094 3105 ita
1136 3043 1306 3126 quod
1345 3044 1491 3126 quis
1535 3043 1844 3107 liberetur
1872 3042 1915 3106 C
1951 3049 2111 3115 cato,
2145 3058 2273 3103 non
2313 3040 2607 3103 habendo
2648 3042 3095 3104 contritionem
3126 3047 3236 3103 aut
3272 3041 3453 3103 satis-

337 3165 374 3207 a
405 3161 597 3226 poena
623 3161 818 3226 quam
849 3143 1363 3225 meruitzsicque
1393 3161 1594 3224 quum
1625 3144 1841 3206 nullus

336 3243 650 3305 liberetur
685 3261 723 3304 a
761 3259 952 3323 poena
993 3241 1116 3304 nisi
1157 3242 1239 3304 sit
1277 3241 1606 3305 absolutus
1645 3261 1682 3305 a
1711 3241 1842 3304 cul-

339 3363 442 3424 pa,
495 3341 649 3424 quia
696 3340 972 3404 effectus
1021 3358 1148 3403 non
1209 3341 1589 3403 minuuntur
1633 3358 1844 3422 neque

339 3441 656 3503 tolluntur
693 3439 818 3502 nisi
858 3457 1050 3501 causa
1085 3439 1170 3500 sit
1198 3439 1514 3501 diminuta
1540 3445 1651 3500 aut
1679 3437 1846 3500 abla-

339 3548 400 3602 ta
453 3557 469 3602 :
519 3539 674 3600 hinc
728 3556 845 3620 per
902 3554 1094 3618 opera
1141 3544 1318 3599 extra
1369 3537 1696 3599 caritatem
1755 3535 1846 3598 fa-

339 3646 464 3710 cta,
495 3655 642 3719 quae
681 3654 803 3698 nec
843 3636 1100 3716 culpam
1138 3634 1362 3698 tollere
1401 3653 1518 3697 nec
1555 3637 1844 3697 minuere

337 3743 606 3818 queunt,
651 3753 844 3817 poena
887 3732 1122 3795 inferni
1168 3732 1445 3814 mitigari
1485 3751 1614 3796 non
1652 3733 1838 3795 valet.

339 3835 647 3908 Secundo,
667 3834 754 3896 ita
783 3833 953 3916 quod
986 3833 1282 3895 meritum
1311 3849 1514 3914 poenae
1544 3831 1845 3914 impedia-

335 3940 460 3995 tur.
495 3932 734 4014 Sicque
762 3948 958 4013 opera
986 3929 1095 3992 illa
1134 3928 1513 3992 infernalem
1547 3930 1846 3991 minuunt

339 4047 594 4111 poenam
652 4045 668 4090 τ
719 4027 954 4110 primo,
1004 4027 1308 4108 quoniam
1357 4027 1550 4089 homo
1597 4033 1842 4088 reatum

339 4127 708 4190 omissionis
749 4125 984 4197 evadit,
1019 4126 1129 4207 qui
1170 4141 1364 4206 opera
1407 4123 1517 4185 illa
1555 4129 1842 4201 exercet3

1951 3139 2295 3204 factionem
2336 3141 2669 3204 actualiter
2698 3139 2775 3203 de
2816 3140 2959 3203 aliis
2992 3157 3005 3202 :
3041 3141 3452 3223 quemadmo-

1953 3240 2107 3302 dum
2138 3239 2331 3302 etiam
2364 3247 2572 3322 potest
2610 3239 2886 3319 cogitare
2915 3239 2994 3302 (16
3030 3256 3180 3314 11110,
3216 3257 3342 3302 11011
3372 3240 3452 3302 (16

1952 3337 2116 3399 aliis.
2152 3337 2388 3399 Tamen
2432 3336 2496 3398 in
2538 3336 2649 3399 tali
2689 3336 2923 3398 actuali
2962 3337 3345 3400 contritione
3374 3338 3455 3400 de

1957 3452 2106 3508 uno,
2142 3433 2587 3496 contritionem
2618 3432 2810 3495 habet
2840 3435 2917 3496 de
2946 3433 3089 3496 aliis
3120 3434 3346 3498 saltem
3386 3435 3453 3498 in

1956 3531 2197 3594 habitu.
2251 3532 2385 3593 Imo
2432 3530 2833 3613 impossibile
2882 3539 2980 3594 est
3028 3531 3307 3613 aliquem
3360 3551 3455 3596 re-

1955 3629 2283 3692 conciliari
2320 3629 2451 3691 Deo
2488 3629 2566 3690 de
2606 3646 2736 3690 uno
2774 3637 3057 3710 peccato,
3090 3636 3156 3691 et
3194 3649 3451 3693 manere

1957 3729 2022 3790 in
2052 3729 2197 3790 alio.
2232 3727 2407 3790 Unde
2446 3727 2837 3807 Augustinus
2882 3728 2962 3790 de
2992 3728 3154 3791 Vera
3190 3735 3255 3791 et
3291 3727 3453 3790 falsa

1955 3825 2331 3910 poenitentia
2384 3843 2399 3887 ε
2454 3825 2599 3888 Scio
2654 3825 2856 3887 Deum
2914 3843 3055 3888 esse
3114 3825 3451 3888 inimicum

1955 3926 2130 3988 omni
2180 3923 2559 4002 criminos03
2605 3924 2926 4004 quomodo
2972 3941 3123 4004 ergo
3171 3923 3283 4006 qui
3333 3925 3453 3986 cri-

1958 4043 2106 4086 men
2154 4028 2455 4094 reservat,
2497 4021 2575 4083 de
2622 4020 2838 4103 aliquo
2887 4021 3155 4103 recipiet
3201 4021 3453 4085 veniam

1956 4122 2094 4184 sine
2138 4120 2251 4183 Dei
2300 4136 2536 4193 amore,
2570 4119 2707 4182 sine
2755 4135 2883 4200 quo
2932 4137 3123 4182 nemo
3171 4138 3456 4202 unquam

339 4225 645 4298 secundo,
678 4223 981 4306 quoniam
1023 4240 1216 4305 opera
1258 4222 1366 4285 illa
1405 4222 1620 4304 aliquo
1660 4221 1848 4285 modo
1875 4217 1926 4280 D
1959 4219 2206 4282 invenit
2251 4218 2563 4300 gratiam?
2603 4216 3005 4280 Infidelitatis
3048 4217 3295 4300 species
3337 4226 3455 4294 est,

344 4324 697 4406 disponunt
743 4322 823 4385 ad
871 4320 1138 4394 bonum,
1177 4321 1262 4383 ita
1310 4320 1480 4402 quod
1529 4320 1721 4383 homo
1769 4338 1847 4382 ex

347 4421 580 4484 minori
614 4426 840 4502 peccat
875 4425 1269 4500 contemptu,
1305 4419 1434 4481 imo
1464 4425 1529 4481 et
1565 4438 1602 4481 a
1631 4418 1849 4480 multis

348 4519 695 4583 retrahitur
724 4517 1022 4599 peccatis.
1049 4517 1428 4579 Dilationem
1461 4533 1716 4598 quoque
1742 4525 1854 4579 aut

351 4617 849 4680 diminutionem
911 4615 1284 4696 temporalis
1343 4633 1547 4697 poenae
1609 4633 1723 4697 per
1779 4635 1854 4678 ea

32 4769 34 4802 ;
107 4725 312 4832 “Quem
353 4723 658 4790 meretur,
682 4721 756 4776 ut
782 4714 972 4777 tertio
1001 4714 1238 4793 Regum
1273 4712 1350 4776 de
1379 4711 1594 4776 Achab
1625 4713 1856 4776 descri-

353 4813 551 4889 bitur,
581 4813 808 4876 eodem
856 4812 1046 4875 modo
1087 4811 1255 4875 sicut
1299 4818 1362 4873 et
1403 4810 1854 4892 temporalium

355 4912 873 4976 consecutionem
917 4909 1250 4972 bonorum.
1285 4909 1551 4983 Quidam
1582 4927 1735 4972 vero
1772 4909 1858 4969 af-

354 5011 642 5083 firmant,
679 5008 850 5092 quod
890 5007 1263 5070 diminuunt
1297 5024 1550 5089 poenam
1597 5006 1854 5080 inferni,

355 5126 483 5171 non
528 5109 608 5171 (16
655 5126 730 5170 ea
777 5105 1023 5188 aliquid
1073 5104 1505 5167 subtrahendo
1551 5112 1860 5186 quantum

357 5208 435 5270 ad
466 5207 608 5288 ejus
649 5203 1097 5276 substantiam,
1130 5202 1242 5265 sed
1282 5202 1690 5266 fortificando
1719 5201 1864 5265 sub-

353 5307 598 5388 jectum
631 5311 704 5367 ut
731 5302 965 5366 melius
995 5301 1203 5366 valeat
1231 5301 1564 5364 sustinere.
1591 5300 1712 5364 Sed
1744 5300 1863 5366 hoc

1959 4337 1996 4380 a
2057 4317 2189 4380 Deo
2249 4317 2503 4379 veniam
2570 4334 2825 4399 sperare
2893 4315 3247 4378 dimidiam.
3313 4316 3457 4380 Haec

1963 4417 2207 4479 Scotus.

2042 4513 2159 4588 Qui
2219 4519 2681 4595 consequenter
2728 4513 2970 4595 aliquid
3029 4513 3207 4576 addit
3262 4513 3460 4577 disso-

1963 4633 2120 4676 num
2170 4631 2209 4674 a
2260 4611 2581 4695 praedictis
2632 4627 2647 4673 t
2700 4611 2851 4674 Dico
2906 4611 3268 4694 (inquiens)
3323 4611 3462 4675 sine

1965 4710 2359 4793 praejudiciO,
2394 4709 2564 4791 quod
2601 4709 2712 4789 qui
2754 4709 2954 4771 semel
2993 4709 3263 4791 poenitet
3290 4729 3461 4783 vere,

1964 4816 2027 4872 et
2076 4806 2306 4890 recipit
2353 4805 2795 4888 poenitentiam
2844 4806 2968 4868 sibi
3018 4825 3053 4868 a
3102 4806 3465 4870 confessore

1967 4907 2345 4988 injunctam,
2370 4911 2961 4986 quantumcumque
2993 4913 3210 4986 postea
3239 4905 3467 4968 recidi·

1967 5013 2095 5078 vet,
2128 5021 2457 5084 nunquam
2488 5001 2810 5065 tenebitur
2839 5001 2962 5064 nisi
3004 5003 3081 5064 ad
3120 5003 3295 5065 illam
3326 5005 3467 5066 uni-

1969 5121 2110 5164 cam
2150 5101 2647 5163 satisfactionem
2692 5100 3104 5182 implendam.
3141 5102 3217 5163 Et
3254 5103 3306 5164 si
3350 5102 3468 5165 im-

1971 5201 2141 5282 pleat
2171 5217 2313 5260 eam
2345 5198 2409 5260 in
2441 5197 2721 5272 caritate,
2746 5197 2866 5260 hoc
2897 5198 3129 5261 melius
3157 5207 3254 5261 est
3280 5201 3469 5281 :quia

1976 5316 2102 5361 non
2135 5304 2381 5360 tantum
2413 5296 2603 5359 solvit
2632 5297 3038 5379 poenam,sed
3070 5305 3135 5359 et
3162 5306 3461 5378 meretur.
3488 5349 3493 5354 .
3593 5343 3601 5349 .
3648 5337 3655 5344 .
