4267 6250
853 473 934 539 18
1607 489 1886 538 ustrou
1927 486 2395 535 msrmcrlomm
2434 487 2594 534 unm
2634 487 2697 534 tv
2738 487 3203 535 sum-summunt

849 664 1050 720 tamen
1089 655 1362 734 processu
1386 659 1668 735 temporis
1696 677 1902 718 omnes
1939 654 2190 733 pene'ad
2225 657 2350 716 ido·
2378 657 2429 722 A
2455 659 2547 715 ter
2584 659 2819 732 propter
2857 658 2969 715 hoc
3010 657 3261 717 alterum
3310 643 3513 732 potest*
3540 657 3855 716 dimittere.
3900 659 3961 715 Si

851 752 908 809 la
937 751 1326 818 declinabant,
1359 752 1638 809 divinitus
1665 751 1997 808 consultum
2029 753 2132 815 est,
2157 753 2351 823 patres

851 841 1048 914 plures
1086 842 1317 907 ducere,
1350 857 1424 898 ne
1453 841 1552 898 Dei
1593 841 1783 898 cultus
1822 842 1879 897 et
1906 839 2114 896 notitia
2152 857 2222 897 ex
2261 855 2351 896 eo·

851 946 986 987 rum
1025 931 1316 1003 paucitate
1345 929 1632 988 deficeret.
1663 929 1828 986 Unde
1857 933 1916 986 et
1943 929 2257 987 maledicta
2290 928 2349 984 in

852 1018 977 1092 lege
997 1019 1210 1076 sterilis
1233 1020 1575 1077 habebatur.
1599 1018 1744 1075 Hinc
1764 1018 1940 1075 etiam
1965 1035 2083 1075 non
2105 1017 2351 1090 imparis

851 1109 1046 1166 meriti
1089 1109 1414 1166 {estimatur
1455 1109 1688 1165 castitas
1735 1108 2060 1181 conjugalis
2105 1107 2353 1164 Abrahoe

853 1198 1102 1254 castitati
1143 1198 1414 1271 virginali
1454 1197 1709 1263 loannis,
1742 1213 1926 1270 quum
1957 1200 2205 1269 utraque
2236 1198 2349 1253 Deo

851 1304 955 1360 pro
983 1291 1244 1361 tempore
1275 1287 1628 1344 militaverit.
1660 1288 1775 1343 Nec
1805 1291 1997 1359 patres
2027 1287 2203 1343 fidem
2238 1284 2348 1342 tori

839 1393 954 1450 -per
980 1376 1090 1434 hoc
1117 1377 1427 1443 violarunt,
1443 1379 1601 1449 quod
1631 1377 1745 1434 Deo
1772 1377 1999 1433 volente
2030 1376 2223 1449 plures
2249 1375 2351 1430 ha-

850 1466 1066 1523 bebant
1093 1482 1303 1524 uxores
1323 1465 1494 1538 :quia
1521 1465 1642 1521 suis
1672 1465 1846 1522 fidem
1879 1466 2203 1522 servabant.
2232 1465 2349 1520 Sub

849 1555 974 1628 lege
1003 1555 1177 1612 etiam
1220 1557 1292 1612 de
1328 1555 1601 1628 conjugio
1631 1555 1820 1628 magis
1850 1571 2189 1626 expressum
2222 1553 2347 1611 fuit.

849 1643 914 1700 Iu
955 1660 1103 1700 nova
1130 1646 1324 1700 autem
1349 1643 1474 1717 lege
1504 1642 1844 1700 fecunditati
1873 1643 2175 1715 virginitas
2206 1659 2351 1715 prae-

849 1732 1049 1797 fertur,
1065 1737 1121 1790 et
1138 1732 1536 1790 sacerdotibus
1551 1733 1786 1789 castitas
1801 1733 2092 1797 indicitur,
2107 1749 2176 1790 eo
2197 1733 2351 1805 quod

854 1839 957 1895 per
983 1824 1174 1879 totum
1204 1824 1495 1879 mundum
1527 1821 1670 1878 fides
1689 1823 1818 1895 jam
1849 1824 1937 1879 est
1964 1821 2276 1894 publicata.

825 1929 998 1980 -Cura
1026 1913 1205 1980 sacroe
1232 1927 1462 1989 sobolis,
1496 1942 1606 1981 non
1637 1929 1986 1980 exsecranda
2011 1929 2203 1989 libido,

911 1999 1176 2052 Patribus
1205 2015 1412 2053 uxores
1443 2001 1627 2052 suasit
1653 2001 1858 2052 habere
1888 2001 2052 2052 duas.

1235 2162 1662 2226 DISTlNGTIO
1703 2162 1962 2226 XXXIV.

1065 2287 1248 2351 Nunc
1290 2294 1581 2370 superest
1620 2287 1968 2362 attendere,
2007 2293 2126 2348 etc.

978 2450 1025 2505 D
1052 2447 1517 2505 contrahendum
1537 2447 1974 2504 Matrimonium
1997 2447 2211 2520 aliquoe
2231 2463 2355 2519 per-

1004 2552 1163 2594 sonae
1209 2540 1348 2595 sunt
1392 2537 1558 2610 plene
1608 2536 1903 2610 legitimae,
1953 2536 2177 2593 scilicet
2224 2536 2351 2593 sine

849 2627 1014 2685 omni
1071 2627 1494 2700 impedimento
1512 2645 1526 2693 ;
1584 2626 1797 2700 aliquae
1851 2630 2048 2684 autem
2105 2643 2176 2683 ex
2230 2628 2350 2682 toto

847 2716 1191 2791 illegitimae,
1222 2720 1289 2774 ut
1328 2717 1606 2774 habentes
1649 2715 2144 2788 impedimentum
2184 2715 2352 2773 Ordi-

849 2807 941 2864 nis
968 2805 1362 2870 sacerdotalis,
1385 2809 1490 2862 aut
1515 2806 1852 2879 hujusmodi
1866 2825 1881 2873 ;
1915 2808 2186 2878 quaedam
2215 2822 2351 2862 vero

850 2896 1047 2954 medio
1064 2896 1241 2953 modo
1261 2912 1322 2952 se
1343 2896 1575 2961 habent,
1589 2895 1758 2952 aliter
1775 2899 1974 2952 tamen
1992 2912 2152 2952 nunc
2170 2911 2350 2968 quam

2457 764 2593 805 vero
2638 751 2875 821 propter
2927 748 3282 806 adulterium
3338 749 3514 806 unius
3568 749 3819 822 separati
3874 747 3963 806 fu-

2459 836 2629 900 erint,
2668 840 2875 894 neuter
2914 837 3097 894 alium
3144 840 3355 896 ducere
3394 841 3583 910 potest
3616 837 3731 894 alio
3771 838 3965 894 adhuc

2458 926 2720 993 vivente,
2760 930 3005 998 possunt
3040 930 3237 983 autem
3279 927 3529 984 invicem
3576 926 3961 984 reconciliari.

2460 1015 2627 1080 Quod
2656 1016 2703 1072 si
2732 1016 2821 1072 vir
2847 1016 3175 1073 adulteram
3206 1016 3609 1090 poenitentiam
3640 1033 3757 1073 non
3787 1033 3965 1090 agen-

2459 1109 2577 1162 tem
2608 1106 2857 1163 retinere
2884 1106 3071 1172 vellet,
3105 1107 3165 1162 in
3196 1106 3444 1164 crimine
3472 1107 3582 1164 sibi
3614 1106 3962 1179 participare

2458 1195 2787 1262 videretur3
2818 1196 3113 1268 repulsam
3143 1200 3339 1253 tamen
3382 1197 3559 1252 etiam
3590 1199 3649 1254 et
3676 1197 3961 1269 poeniten-

2458 1288 2579 1342 tem
2608 1284 2986 1343 reconciliare
3013 1285 3121 1341 sibi
3164 1286 3389 1358 poterit,
3423 1287 3533 1342 nisi
3572 1303 3723 1359 saepe
3753 1285 3962 1343 recidi·

2460 1378 2569 1432 vet.
2598 1376 2713 1432 Nec
2743 1379 2929 1448 potest
2957 1375 3169 1448 aliquis
3202 1375 3262 1431 in
3304 1393 3548 1433 uxorem
3580 1379 3790 1434 ducere
3827 1393 3958 1433 eam

2462 1481 2637 1536 quam
2671 1464 2831 1536 prius
2861 1481 2964 1537 per
2982 1465 3337 1522 adulterium
3370 1465 3657 1538 polluit,si
3688 1465 3813 1538 ipsa
3844 1482 3965 1521 ma-

2459 1553 2696 1610 chinata
2732 1554 2894 1610 sitin
2936 1557 3185 1611 mortem
3224 1555 3435 1627 prioris
3472 1554 3689 1618 mariti,
3722 1557 3780 1611 et
3817 1555 3965 1611 alter

2460 1643 2645 1708 alteri,
2676 1644 2872 1701 adhuc
2913 1644 3103 1717 priore
3147 1644 3357 1701 marito
3396 1645 3638 1710 vivente,
3670 1644 3847 1702 fidem
3891 1647 3963 1702 de

2463 1733 2730 1789 ducendo
2769 1732 3014 1790 dederit.

2384 1823 2431 1885 Β
2460 1839 2821 1890 Nonmoechae
2846 1840 3146 1900 moechum,
3170 1839 3218 1890 si
3240 1840 3378 1901 vult,
3400 1843 3589 1891 tamen
3614 1839 3828 1906 absque
3854 1839 3960 1890 ‘viri

2522 1911 2663 1963 Vivo
2688 1911 2783 1963 illo
2812 1910 3065 1972 alterius,
3090 1911 3309 1964 mittere
3334 1913 3466 1976 ,iura
3496 1912 3705 1964 sinunt.
3840 1912 3962 1978 {spe

2844 2074 3273 2137 DISTINCTIO
3317 2073 3575 2138 XXXVI.

2458 2277 2461 2280 ἦ
2570 2196 2753 2260 Nunc
2795 2198 2873 2261 de
2918 2198 3283 2262 conditione
3326 2198 3682 2275 videamuS‚
3727 2207 3849 2263 etc.

2602 2359 2811 2416 ULIER
2848 2358 3030 2415 libera
3058 2375 3289 2416 servum
3321 2361 3532 2416 ducere
3562 2362 3765 2431 potest,
3796 2359 3963 2416 simi-

2629 2447 2763 2504 liter
2801 2449 2860 2504 et
2897 2446 2988 2503 vir
3031 2447 3321 2520 ingenuus
3364 2447 3658 2504 ancillam.
3699 2451 3866 2516 Quod
3913 2450 3963 2506 si

2458 2535 2642 2594 libero
2670 2538 2741 2593 de
2770 2535 3041 2593 servitute
3069 2536 3311 2594 alterius
3338 2537 3614 2603 constitit,
3638 2537 3821 2594 fixum
3852 2538 3965 2595 erit

2458 2625 2893 2682 Matrimonium
2912 2643 2927 2692 ;
2968 2625 3057 2682 sin
3096 2629 3293 2683 autem
3324 2628 3599 2700 deceptus
3627 2630 3731 2692 est,
3764 2628 3965 2706 dimit-

2459 2719 2579 2772 tere
2614 2718 2801 2788 potest
2827 2715 3098 2788 junctam
3138 2715 3248 2772 sibi
3287 2733 3617 2788 personam,
3650 2721 3961 2791 postquam

2458 2805 2607 2862 scire
2652 2804 2873 2876 incipit.
2917 2806 3110 2862 Potest
3149 2809 3207 2861 et
3250 2822 3373 2863 esse
3418 2807 3759 2880 conjugium
3810 2808 3966 2864 inter

2460 2894 2651 2951 virum
2682 2897 2740 2950 et
2766 2893 3094 2960 mulierem,
3126 2893 3175 2949 si
3214 2895 3389 2951 ambo
3426 2895 3650 2952 servilis
3686 2896 3804 2952 sint
3830 2913 3965 2953 con-

845 2985 1013 3051 olim,
1045 2987 1112 3042 ut
1145 2985 1357 3058 quibus
1397 2985 1587 3040 obstat
1615 2984 1904 3057 frigiditas
1930 2985 2020 3042 vel
2059 2985 2349 3058 cognatio.
2381 2981 2426 3045 C
2463 2982 2717 3046 ditionis,
2751 2985 3075 3040 dummodo
3104 2982 3369 3040 voluntas
3400 2985 3777 3042 dominorum
3816 2986 3961 3043 utri-

853 3076 1024 3141 Quod
1053 3075 1101 3131 si
1132 3074 1262 3148 quis
1292 3090 1468 3131 causa
1496 3073 1832 3147 frigiditatis
1861 3073 2122 3132 debitum
2156 3076 2357 3132 redde-

851 3182 916 3222 re
944 3182 1060 3220 non
1089 3168 1293 3237 potest,
1317 3165 1364 3220 si
1388 3164 1649 3238 utrisque
1679 3164 1882 3237 placet,
1905 3164 2083 3222 simul
2115 3181 2353 3222 manere

847 3256 1110 3327 possunt.
1152 3254 1319 3320 Quod
1366 3254 1414 3309 si
1463 3252 1678 3311 mulier
1711 3253 1836 3311 vult
1879 3271 2003 3311 esse
2050 3256 2257 3319 mater,
2298 3256 2357 3312 et

849 3360 1157 3417 nunquam
1187 3346 1601 3409 convenerunt,
1619 3346 1677 3400 et
1703 3343 1813 3399 hoc
1841 3343 2100 3416 legitime
2129 3345 2350 3416 probet,

851 3431 1196 3489 contrahere
1234 3449 1370 3490 cum
1413 3432 1529 3489 alio
1567 3431 1944 3505 permittitur,
1979 3432 2092 3489 nisi
2131 3436 2187 3489 et
2228 3432 2353 3505 ipsa

851 3522 929 3577 sit
955 3521 1255 3578 inhabilis,
1287 3523 1454 3589 Quod
1482 3521 1529 3577 si
1560 3539 1632 3578 ex
1662 3522 1950 3579 maleficio
1975 3522 2352 3595 impediatur,

851 3611 1127 3683 poeniteat
1148 3613 1218 3667 de
1241 3611 1490 3690 peccatis
1514 3612 1653 3676 suis,
1678 3615 1733 3669 et
1759 3628 1862 3683 per
1879 3612 2237 3670 exorcismos
2256 3613 2355 3669 Ec-

851 3700 1042 3757 clesiae
1081 3700 1423 3757 restituatur
1452 3716 1466 3756 τ
1497 3717 1599 3773 per
1635 3718 1780 3774 quos
1817 3699 1864 3756 si
1905 3716 2022 3757 non
2051 3700 2348 3768 liberetur,

851 3791 1041 3861 potest
1066 3788 1231 3845 alteri
1271 3790 1508 3854 nubere,
1533 3789 1760 3863 judicio
1799 3790 2068 3847 Ecclesiae
2106 3790 2352 3847 interve·

847 3880 1046 3937 niente
1080 3894 1094 3936 :
1127 3878 1230 3936 ubi
1259 3878 1306 3934 si
1350 3878 1725 3943 convaluerit,
1741 3894 1858 3935 non
1887 3882 2076 3951 potest
2093 3881 2169 3935 ad
2198 3879 2351 3950 prio-

849 3985 975 4027 rem
1007 3969 1196 4027 redire
1227 3968 1339 4025 nisi
1358 3968 1885 4042 Ecclesiaejudicio.
1917 3969 2141 4025 Furiosi
2173 3967 2348 4025 etiam

845 4062 905 4115 et
929 4062 1211 4122 amentes,
1231 4060 1298 4115 ut
1316 4056 1418 4123 sic,
1438 4056 1779 4114 contrahere
1809 4073 1926 4112 non
1958 4061 2217 4130 possunt.
2238 4059 2349 4115 Sed

2462 3089 2646 3145 usque
2692 3071 3001 3129 accesserit
3040 3090 3054 3130 :
3094 3071 3233 3136 imo,
3274 3075 3601 3131 secundum
3648 3076 3957 3147 quosdam,

2465 3161 2720 3219 dominis
2768 3162 2945 3219 etiam
2994 3162 3489 3220 dissentientibus
3530 3166 3604 3219 At
3648 3164 3695 3220 si
3745 3165 3960 3238 conjux

2463 3251 2609 3308 liber
2652 3268 2884 3309 servum
2929 3268 2990 3308 se
3032 3250 3232 3308 fecerit
3278 3255 3488 3324 praeter
3526 3252 3792 3327 conjugis
3838 3270 3962 3310 suoe

2464 3356 2829 3407 consensum,
2880 3358 2982 3413 per
3036 3342 3145 3397 hoc
3200 3358 3306 3398 nec
3360 3342 3804 3414 separabuntur,
3854 3359 3964 3400 nec

2462 3430 2589 3503 ipsa
2632 3448 2797 3488 serva
2834 3430 3098 3489 efficitur.
3128 3430 3563 3488 Matrimonium
3604 3432 3779 3489 etiam
3824 3448 3961 3489 con·

2460 3520 2617 3577 trahi
2648 3536 2765 3577 non
2794 3524 2996 3593 potest,
3013 3520 3122 3577 nisi
3154 3520 3451 3577 masculus
3471 3522 3768 3578 decimum
3792 3538 3964 3595 quar-

2461 3614 2587 3667 tum
2634 3611 2847 3667 habeat
2886 3626 3129 3675 annum,
3160 3612 3219 3667 et
3256 3610 3451 3682 puella
3493 3611 3910 3668 duodecimum
3946 3628 3960 3667 :

2461 3699 2606 3757 alias
2651 3699 2909 3771 separari
2956 3703 3216 3771 possunt,
3249 3700 3516 3772 quamvis
3556 3717 3627 3757 ex
3671 3717 3961 3758 consensu

2458 3793 2767 3862 parentum
2798 3788 2861 3844 id
2890 3787 3117 3847 factum
3138 3788 3231 3844 sit.
3254 3789 3444 3847 Juncti
3471 3806 3606 3848 vero
3635 3793 3965 3862 praeceden·

2456 3882 2563 3944 ter,
2594 3878 2643 3934 si
2683 3882 2813 3951 post
2839 3878 3203 3935 discretionis
3241 3895 3427 3935 annos
3453 3879 3744 3936 voluerint
3778 3880 3960 3937 simul

2460 3983 2719 4033 manere,
2752 3970 2995 4040 possunt
3012 3985 3027 4035 ;
3058 3970 3193 4024 ante
3221 3968 3592 4040 septennium
3621 3971 3821 4025 tamen
3851 3984 3961 4025 nec

2458 4056 2754 4129 sponsalia
2790 4057 3055 4113 contrahi
3097 4060 3357 4129 possunt,
3390 4075 3572 4130 quum
3613 4059 3963 4116 contrahen-

845 4151 904 4205 et
931 4148 1026 4205 ille
1056 4147 1154 4222 qui
1185 4165 1320 4205 cum
1352 4164 1549 4204 sorore
1576 4146 1776 4204 uxoris
1804 4164 1925 4204 suoe
1956 4148 2193 4211 dormit,
2212 4163 2350 4205 neu·
2379 4144 2430 4205 D
2457 4150 2544 4203 tes
2582 4147 2789 4203 saltem
2828 4146 3151 4219 intelligere
3194 4147 3448 4203 habeant
3485 4147 3627 4219 quid
3666 4151 3892 4222 agatur.
3962 4166 3972 4172 ·

841 4240 996 4293 tram
1018 4236 1254 4292 illarum
1280 4236 1494 4292 habere
1524 4236 1711 4298 debet,
1733 4239 1792 4292 et
1819 4238 2063 4308 uterque
2092 4235 2220 4292 sine
2248 4253 2347 4308 spe

843 4324 1102 4398 conjugii
1121 4324 1464 4382 remanebit.
1478 4325 1674 4397 Neque
1694 4341 1828 4381 vero
1850 4327 2084 4397 propter
2105 4323 2352 4381 infirmi-

843 4416 1021 4471 tatem
1041 4411 1402 4485 corporalem
1426 4412 1720 4470 dimittere
1739 4412 1876 4470 licet
1901 4414 2349 4486 conjugem,sed

845 4501 1034 4575 magis
1054 4501 1200 4559 alter
1216 4500 1382 4558 alteri
1405 4500 1625 4558 auxilio
1646 4518 1770 4559 esse
1793 4502 1964 4559 debet
1979 4502 2039 4557 in
2060 4503 2171 4559 hoc
2190 4520 2345 4560 casu.

845 4609 951 4668 Qui
988 4609 1103 4660 sint
1129 4608 1426 4661 connubiis
1455 4607 1593 4674 apti,
1627 4622 1754 4674 quae
1781 4612 1950 4675 pacta
1979 4610 2290 4661 secundum

907 4682 1112 4745 Legem
1142 4682 1258 4734 ullo
1287 4686 1386 4733 aut
1413 4680 1569 4734 nullo
1601 4681 1714 4732 sint
1742 4682 2055 4734 dirimenda
2082 4682 2191 4733 die.

1234 4841 1664 4906 DISTINCTIO
1702 4842 1936 4905 XXXV.

1118 4968 1248 5032 Hoc
1291 4969 1484 5031 etiam
1529 4969 1900 5043 notandum,
1942 4976 2061 5031 etc.

845 5170 852 5183 .
975 5129 1212 5187 XOREM
1238 5128 1329 5186 vir
1355 5128 1650 5187 dimittere
1687 5131 1878 5201 potest
1913 5131 2150 5202 propter
2180 5129 2345 5187 adul-

1001 5218 1212 5276 terium
1263 5235 1278 5275 :
1326 5220 1384 5276 et
1427 5218 1556 5283 hoc,
1605 5218 1655 5273 si
1703 5217 1824 5289 ipse
1869 5217 2051 5275 simili
2097 5218 2345 5277 crimine

841 5307 1102 5381 pollutus
1130 5325 1246 5365 non
1273 5307 1366 5365 sit.
1384 5309 1552 5374 Quod
1580 5306 1629 5363 si
1658 5310 1900 5383 uterque
1927 5307 2183 5385 reus-sit,
2204 5324 2345 5368 neu-

2458 4253 2750 4312 Quomodo
2771 4254 2899 4319 conj
2908 4252 3102 4316 ugium
3124 4252 3394 4318 impediat
3413 4266 3636 4304 servum
3660 4267 3807 4316 esse,
3824 4269 3961 4321 quo·

2520 4325 2734 4391 Cuique
2763 4340 2911 4377 anno
2940 4324 3110 4377 liceat
3136 4325 3326 4376 foedus
3356 4322 3495 4375 inire
3516 4325 3643 4377 tori.
3766 4326 3959 4393 [toque

2829 4487 3256 4551 DISTINCTIO
3295 4488 3583 4551 XXXVII.

2766 4612 2925 4675 Sunt
2968 4612 3163 4695 igitur
3207 4610 3490 4694 quidam,
3531 4620 3650 4676 etc.

2602 4773 2919 4832 Ordinibus
2957 4774 3155 4839 sacris,
3188 4773 3412 4831 scilicet
3436 4773 3861 4834 subdiaconatu
3901 4781 3961 4834 et

2551 4880 2730 4936 supra
2776 4864 3141 4929 constitutuS,
3188 4863 3532 4938 conjugium
3580 4880 3957 4937 nequaquam

2454 4952 2795 5009 contrahere
2842 4953 3060 5023 potest3
3111 4954 3167 5009 et
3212 4952 3261 5007 si
3309 4954 3378 5009 de
3426 4951 3577 5009 facto
3628 4954 3956 5019 contrahat,

2454 5041 2686 5099 nullum
2728 5042 2832 5103 est,
2862 5042 2921 5097 et
2948 5040 3265 5098 dirimitur.
3299 5042 3361 5097 ln
3399 5041 3531 5097 aliis
3558 5056 3693 5098 vero
3724 5042 3959 5099 Ordini-

2452 5131 2561 5187 bus
2589 5128 2855 5187 contrahi
2884 5129 3245 5202 permittitur
3285 5131 3646 5204 conjugium,
3678 5130 3793 5187 nisi
3820 5132 3957 5189 reli·

2453 5218 2643 5292 gionis
2684 5219 2951 5277 habitum
2994 5220 3355 5292 sumpserint
3392 5220 3666 5287 ordinati,
3694 5220 3793 5279 vel·
3822 5238 3958 5278 con·

2450 5308 2713 5366 tinentiae
2752 5312 2953 5367 votum
3000 5309 3321 5367 emiserint.
3360 5309 3733 5369 interdicitur
3773 5312 3954 5375 etiam
