<?xml version="1.0" encoding="UTF-8"?>
<!DOCTYPE html PUBLIC "-//W3C//DTD XHTML 1.0 Transitional//EN"
    "http://www.w3.org/TR/xhtml1/DTD/xhtml1-transitional.dtd">
<html xmlns="http://www.w3.org/1999/xhtml" xml:lang="en" lang="en">
 <head>
  <title>
</title>
<meta http-equiv="Content-Type" content="text/html;charset=utf-8" />
  <meta name='ocr-system' content='tesseract 3.04.00' />
  <meta name='ocr-capabilities' content='ocr_page ocr_carea ocr_par ocr_line ocrx_word'/>
</head>
<body>
  <div class='ocr_page' id='page_1' title='image "./doctorisecstati04unkngoog_0460.png"; bbox 0 0 4267 6250; ppageno 0'>
   <div class='ocr_carea' id='block_1_1' title="bbox 811 462 3009 536">
    <p class='ocr_par' dir='ltr' id='par_1_1' title="bbox 811 462 3009 536">
     <span class='ocr_line' id='line_1_1' title="bbox 811 462 3009 536; baseline 0.004 -8"><span class='ocrx_word' id='word_1_1' title='bbox 811 462 934 529; x_wconf 65' lang='lat'><strong>442</strong></span> <span class='ocrx_word' id='word_1_2' title='bbox 1717 485 1893 532; x_wconf 71' lang='lat' dir='ltr'><strong>man</strong></span> <span class='ocrx_word' id='word_1_3' title='bbox 1933 486 1996 533; x_wconf 79' lang='lat' dir='ltr'><strong>tv</strong></span> <span class='ocrx_word' id='word_1_4' title='bbox 2036 484 2520 533; x_wconf 66' lang='lat' dir='ltr'><strong>smmum.</strong></span> <span class='ocrx_word' id='word_1_5' title='bbox 2562 504 2645 517; x_wconf 91' lang='lat'><strong>—</strong></span> <span class='ocrx_word' id='word_1_6' title='bbox 2684 487 2837 535; x_wconf 81' lang='lat' dir='ltr'><strong>msr.</strong></span> <span class='ocrx_word' id='word_1_7' title='bbox 2878 489 3009 536; x_wconf 83' lang='lat' dir='ltr'><strong>xvn</strong></span> 
     </span>
    </p>
   </div>
   <div class='ocr_carea' id='block_1_2' title="bbox 537 659 3923 2243">
    <p class='ocr_par' dir='ltr' id='par_1_2' title="bbox 812 659 3913 747">
     <span class='ocr_line' id='line_1_2' title="bbox 812 659 3913 747; baseline 0.001 -23"><span class='ocrx_word' id='word_1_8' title='bbox 812 660 1028 725; x_wconf 88' lang='lat' dir='ltr'><strong>cordis</strong></span> <span class='ocrx_word' id='word_1_9' title='bbox 1064 661 1170 725; x_wconf 88' lang='lat' dir='ltr'><strong>vel</strong></span> <span class='ocrx_word' id='word_1_10' title='bbox 1206 660 1290 725; x_wconf 91' lang='lat' dir='ltr'><strong>ad</strong></span> <span class='ocrx_word' id='word_1_11' title='bbox 1328 660 1704 726; x_wconf 89' lang='lat' dir='ltr'><strong>interiorem</strong></span> <span class='ocrx_word' id='word_1_12' title='bbox 1742 678 2005 744; x_wconf 88' lang='lat' dir='ltr'><strong>poenam</strong></span> <span class='ocrx_word' id='word_1_13' title='bbox 2043 659 2382 726; x_wconf 85' lang='lat' dir='ltr'><strong>referenda</strong></span> <span class='ocrx_word' id='word_1_14' title='bbox 2417 664 2595 742; x_wconf 88' lang='lat' dir='ltr'><strong>sunt,</strong></span> <span class='ocrx_word' id='word_1_15' title='bbox 2637 662 2810 727; x_wconf 87' lang='lat' dir='ltr'><strong>sicut</strong></span> <span class='ocrx_word' id='word_1_16' title='bbox 2847 663 3012 728; x_wconf 91' lang='lat' dir='ltr'><strong>illud</strong></span> <span class='ocrx_word' id='word_1_17' title='bbox 3050 663 3429 747; x_wconf 78' lang='lat' dir='ltr'><strong>Augustini,</strong></span> <span class='ocrx_word' id='word_1_18' title='bbox 3461 664 3641 747; x_wconf 88' lang='lat' dir='ltr'><strong>quod</strong></span> <span class='ocrx_word' id='word_1_19' title='bbox 3686 662 3913 729; x_wconf 89' lang='lat' dir='ltr'><strong>nullus</strong></span> 
     </span>
    </p>

    <p class='ocr_par' dir='ltr' id='par_1_3' title="bbox 812 777 3914 865">
     <span class='ocr_line' id='line_1_3' title="bbox 812 777 3914 865; baseline 0.001 -25"><span class='ocrx_word' id='word_1_20' title='bbox 812 777 1054 842; x_wconf 89' lang='lat' dir='ltr'><strong>dicitur</strong></span> <span class='ocrx_word' id='word_1_21' title='bbox 1089 779 1351 843; x_wconf 88' lang='lat' dir='ltr'><strong>veniam</strong></span> <span class='ocrx_word' id='word_1_22' title='bbox 1389 780 1726 861; x_wconf 79' lang='lat' dir='ltr'><strong>consequi,</strong></span> <span class='ocrx_word' id='word_1_23' title='bbox 1757 778 1887 843; x_wconf 90' lang='lat' dir='ltr'><strong>nisi</strong></span> <span class='ocrx_word' id='word_1_24' title='bbox 1930 778 2116 861; x_wconf 91' lang='lat' dir='ltr'><strong>prius</strong></span> <span class='ocrx_word' id='word_1_25' title='bbox 2158 778 2831 861; x_wconf 79' lang='lat' dir='ltr'><strong>quantulamcumque</strong></span> <span class='ocrx_word' id='word_1_26' title='bbox 2868 782 3117 863; x_wconf 90' lang='lat' dir='ltr'><strong>peccati</strong></span> <span class='ocrx_word' id='word_1_27' title='bbox 3153 782 3425 847; x_wconf 85' lang='lat' dir='ltr'><strong>solverit</strong></span> <span class='ocrx_word' id='word_1_28' title='bbox 3465 799 3763 865; x_wconf 85' lang='lat' dir='ltr'><strong>poenam3</strong></span> <span class='ocrx_word' id='word_1_29' title='bbox 3806 780 3914 845; x_wconf 87' lang='lat' dir='ltr'><strong>vel</strong></span> 
     </span>
    </p>

    <p class='ocr_par' dir='ltr' id='par_1_4' title="bbox 811 893 3915 979">
     <span class='ocr_line' id='line_1_4' title="bbox 811 893 3915 979; baseline 0.001 -22"><span class='ocrx_word' id='word_1_30' title='bbox 811 893 892 958; x_wconf 91' lang='lat' dir='ltr'><strong>de</strong></span> <span class='ocrx_word' id='word_1_31' title='bbox 921 894 1227 958; x_wconf 82' lang='lat' dir='ltr'><strong>exteriori</strong></span> <span class='ocrx_word' id='word_1_32' title='bbox 1258 912 1451 976; x_wconf 86' lang='lat' dir='ltr'><strong>poena</strong></span> <span class='ocrx_word' id='word_1_33' title='bbox 1489 895 1867 976; x_wconf 89' lang='lat' dir='ltr'><strong>accipienda</strong></span> <span class='ocrx_word' id='word_1_34' title='bbox 1893 896 2051 958; x_wconf 90' lang='lat' dir='ltr'><strong>sunt</strong></span> <span class='ocrx_word' id='word_1_35' title='bbox 2077 896 2144 958; x_wconf 89' lang='lat' dir='ltr'><strong>et</strong></span> <span class='ocrx_word' id='word_1_36' title='bbox 2172 895 2255 959; x_wconf 87' lang='lat' dir='ltr'><strong>ad</strong></span> <span class='ocrx_word' id='word_1_37' title='bbox 2284 896 2776 960; x_wconf 84' lang='lat' dir='ltr'><strong>contemnentes</strong></span> <span class='ocrx_word' id='word_1_38' title='bbox 2805 896 2908 961; x_wconf 90' lang='lat' dir='ltr'><strong>vel</strong></span> <span class='ocrx_word' id='word_1_39' title='bbox 2936 897 3343 979; x_wconf 82' lang='lat' dir='ltr'><strong>negligentes</strong></span> <span class='ocrx_word' id='word_1_40' title='bbox 3370 898 3708 963; x_wconf 82' lang='lat' dir='ltr'><strong>referenda</strong></span> <span class='ocrx_word' id='word_1_41' title='bbox 3734 898 3915 977; x_wconf 86' lang='lat' dir='ltr'><strong>sunt,</strong></span> 
     </span>
    </p>

    <p class='ocr_par' dir='ltr' id='par_1_5' title="bbox 812 1010 3919 1097">
     <span class='ocr_line' id='line_1_5' title="bbox 812 1010 3919 1097; baseline 0.001 -22"><span class='ocrx_word' id='word_1_42' title='bbox 812 1010 986 1075; x_wconf 90' lang='lat' dir='ltr'><strong>sicut</strong></span> <span class='ocrx_word' id='word_1_43' title='bbox 1013 1011 1177 1075; x_wconf 90' lang='lat' dir='ltr'><strong>illud</strong></span> <span class='ocrx_word' id='word_1_44' title='bbox 1221 1032 1236 1073; x_wconf 77' lang='grc' dir='ltr'><strong><em>ε</em></strong></span> <span class='ocrx_word' id='word_1_45' title='bbox 1277 1011 1490 1074; x_wconf 92' lang='lat' dir='ltr'><strong>Nemo</strong></span> <span class='ocrx_word' id='word_1_46' title='bbox 1528 1011 1725 1089; x_wconf 88' lang='lat' dir='ltr'><strong>dicat,</strong></span> <span class='ocrx_word' id='word_1_47' title='bbox 1767 1011 2038 1076; x_wconf 90' lang='lat' dir='ltr'><strong>Occulte</strong></span> <span class='ocrx_word' id='word_1_48' title='bbox 2075 1028 2222 1093; x_wconf 82' lang='lat' dir='ltr'><strong>age,</strong></span> <span class='ocrx_word' id='word_1_49' title='bbox 2266 1012 2391 1075; x_wconf 92' lang='lat' dir='ltr'><strong>etc.</strong></span> <span class='ocrx_word' id='word_1_50' title='bbox 2430 1011 2751 1076; x_wconf 90' lang='lat' dir='ltr'><strong>Nonnulli</strong></span> <span class='ocrx_word' id='word_1_51' title='bbox 2798 1014 2977 1077; x_wconf 91' lang='lat' dir='ltr'><strong>enim</strong></span> <span class='ocrx_word' id='word_1_52' title='bbox 3022 1014 3091 1077; x_wconf 91' lang='lat' dir='ltr'><strong>in</strong></span> <span class='ocrx_word' id='word_1_53' title='bbox 3130 1015 3267 1079; x_wconf 86' lang='lat' dir='ltr'><strong>vita</strong></span> <span class='ocrx_word' id='word_1_54' title='bbox 3312 1016 3578 1097; x_wconf 83' lang='lat' dir='ltr'><strong>peccata</strong></span> <span class='ocrx_word' id='word_1_55' title='bbox 3620 1010 3919 1079; x_wconf 86' lang='lat' dir='ltr'><strong>confiteri</strong></span> 
     </span>
    </p>

    <p class='ocr_par' dir='ltr' id='par_1_6' title="bbox 811 1124 3921 1213">
     <span class='ocr_line' id='line_1_6' title="bbox 811 1124 3921 1213; baseline 0.001 -22"><span class='ocrx_word' id='word_1_56' title='bbox 811 1128 1154 1209; x_wconf 88' lang='lat' dir='ltr'><strong>negligunt</strong></span> <span class='ocrx_word' id='word_1_57' title='bbox 1190 1128 1293 1191; x_wconf 86' lang='lat' dir='ltr'><strong>vel</strong></span> <span class='ocrx_word' id='word_1_58' title='bbox 1331 1124 1748 1209; x_wconf 80' lang='lat' dir='ltr'><strong>erubescunt,</strong></span> <span class='ocrx_word' id='word_1_59' title='bbox 1783 1129 1848 1191; x_wconf 88' lang='lat' dir='ltr'><strong>et</strong></span> <span class='ocrx_word' id='word_1_60' title='bbox 1883 1128 2031 1192; x_wconf 91' lang='lat' dir='ltr'><strong>ideo</strong></span> <span class='ocrx_word' id='word_1_61' title='bbox 2070 1145 2203 1191; x_wconf 92' lang='lat' dir='ltr'><strong>non</strong></span> <span class='ocrx_word' id='word_1_62' title='bbox 2248 1129 2581 1192; x_wconf 90' lang='lat' dir='ltr'><strong>merentur</strong></span> <span class='ocrx_word' id='word_1_63' title='bbox 2610 1125 2983 1209; x_wconf 86' lang='lat' dir='ltr'><strong>justificari.</strong></span> <span class='ocrx_word' id='word_1_64' title='bbox 3017 1131 3203 1196; x_wconf 90' lang='lat' dir='ltr'><strong>Sicut</strong></span> <span class='ocrx_word' id='word_1_65' title='bbox 3238 1132 3415 1195; x_wconf 90' lang='lat' dir='ltr'><strong>enim</strong></span> <span class='ocrx_word' id='word_1_66' title='bbox 3456 1132 3783 1213; x_wconf 70' lang='lat' dir='ltr'><strong>praecepta</strong></span> <span class='ocrx_word' id='word_1_67' title='bbox 3818 1133 3921 1195; x_wconf 88' lang='lat' dir='ltr'><strong>est</strong></span> 
     </span>
    </p>

    <p class='ocr_par' dir='ltr' id='par_1_7' title="bbox 812 1244 3916 1329">
     <span class='ocr_line' id='line_1_7' title="bbox 812 1244 3916 1329; baseline 0.001 -22"><span class='ocrx_word' id='word_1_68' title='bbox 812 1244 1006 1309; x_wconf 88' lang='lat' dir='ltr'><strong>nobis</strong></span> <span class='ocrx_word' id='word_1_69' title='bbox 1032 1246 1304 1308; x_wconf 84' lang='lat' dir='ltr'><strong>interior</strong></span> <span class='ocrx_word' id='word_1_70' title='bbox 1331 1245 1738 1326; x_wconf 88' lang='lat' dir='ltr'><strong>poenitentia,</strong></span> <span class='ocrx_word' id='word_1_71' title='bbox 1754 1246 1847 1308; x_wconf 90' lang='lat' dir='ltr'><strong>ita</strong></span> <span class='ocrx_word' id='word_1_72' title='bbox 1875 1248 1942 1309; x_wconf 90' lang='lat' dir='ltr'><strong>et</strong></span> <span class='ocrx_word' id='word_1_73' title='bbox 1971 1246 2104 1310; x_wconf 91' lang='lat' dir='ltr'><strong>oris</strong></span> <span class='ocrx_word' id='word_1_74' title='bbox 2133 1244 2461 1310; x_wconf 88' lang='lat' dir='ltr'><strong>confessio</strong></span> <span class='ocrx_word' id='word_1_75' title='bbox 2493 1247 2558 1309; x_wconf 88' lang='lat' dir='ltr'><strong>et</strong></span> <span class='ocrx_word' id='word_1_76' title='bbox 2588 1246 2874 1311; x_wconf 87' lang='lat' dir='ltr'><strong>exterior</strong></span> <span class='ocrx_word' id='word_1_77' title='bbox 2900 1247 3287 1329; x_wconf 81' lang='lat' dir='ltr'><strong>satisfactiO,</strong></span> <span class='ocrx_word' id='word_1_78' title='bbox 3314 1249 3373 1313; x_wconf 90' lang='lat' dir='ltr'><strong>si</strong></span> <span class='ocrx_word' id='word_1_79' title='bbox 3402 1249 3576 1313; x_wconf 88' lang='lat' dir='ltr'><strong>adsit</strong></span> <span class='ocrx_word' id='word_1_80' title='bbox 3613 1248 3916 1312; x_wconf 80' lang='lat' dir='ltr'><strong>facultas,</strong></span> 
     </span>
    </p>

    <p class='ocr_par' dir='ltr' id='par_1_8' title="bbox 818 1361 3919 1447">
     <span class='ocr_line' id='line_1_8' title="bbox 818 1361 3919 1447; baseline 0.001 -23"><span class='ocrx_word' id='word_1_81' title='bbox 818 1361 1004 1424; x_wconf 85' lang='lat' dir='ltr'><strong>Unde</strong></span> <span class='ocrx_word' id='word_1_82' title='bbox 1051 1378 1170 1424; x_wconf 89' lang='lat' dir='ltr'><strong>nec</strong></span> <span class='ocrx_word' id='word_1_83' title='bbox 1217 1378 1370 1425; x_wconf 89' lang='lat' dir='ltr'><strong>vere</strong></span> <span class='ocrx_word' id='word_1_84' title='bbox 1420 1361 1744 1443; x_wconf 88' lang='lat' dir='ltr'><strong>poenitens</strong></span> <span class='ocrx_word' id='word_1_85' title='bbox 1796 1364 1897 1425; x_wconf 90' lang='lat' dir='ltr'><strong>est</strong></span> <span class='ocrx_word' id='word_1_86' title='bbox 1945 1361 2059 1443; x_wconf 91' lang='lat' dir='ltr'><strong>qui</strong></span> <span class='ocrx_word' id='word_1_87' title='bbox 2109 1361 2545 1426; x_wconf 86' lang='lat' dir='ltr'><strong>confessionis</strong></span> <span class='ocrx_word' id='word_1_88' title='bbox 2584 1364 2813 1426; x_wconf 84' lang='lat' dir='ltr'><strong>votum</strong></span> <span class='ocrx_word' id='word_1_89' title='bbox 2860 1380 2993 1427; x_wconf 91' lang='lat' dir='ltr'><strong>non</strong></span> <span class='ocrx_word' id='word_1_90' title='bbox 3045 1364 3263 1429; x_wconf 89' lang='lat' dir='ltr'><strong>habet.</strong></span> <span class='ocrx_word' id='word_1_91' title='bbox 3314 1365 3402 1429; x_wconf 90' lang='lat' dir='ltr'><strong>Et</strong></span> <span class='ocrx_word' id='word_1_92' title='bbox 3444 1365 3619 1429; x_wconf 92' lang='lat' dir='ltr'><strong>sicut</strong></span> <span class='ocrx_word' id='word_1_93' title='bbox 3666 1365 3919 1447; x_wconf 87' lang='lat' dir='ltr'><strong>peccati</strong></span> 
     </span>
    </p>

    <p class='ocr_par' dir='ltr' id='par_1_9' title="bbox 815 1478 3919 1563">
     <span class='ocr_line' id='line_1_9' title="bbox 815 1478 3919 1563; baseline 0.001 -22"><span class='ocrx_word' id='word_1_94' title='bbox 815 1478 1119 1541; x_wconf 81' lang='lat' dir='ltr'><strong>remissio</strong></span> <span class='ocrx_word' id='word_1_95' title='bbox 1171 1495 1414 1542; x_wconf 91' lang='lat' dir='ltr'><strong>munus</strong></span> <span class='ocrx_word' id='word_1_96' title='bbox 1450 1478 1574 1541; x_wconf 92' lang='lat' dir='ltr'><strong>Dei</strong></span> <span class='ocrx_word' id='word_1_97' title='bbox 1622 1479 1742 1557; x_wconf 89' lang='lat' dir='ltr'><strong>est,</strong></span> <span class='ocrx_word' id='word_1_98' title='bbox 1786 1480 1876 1541; x_wconf 89' lang='lat' dir='ltr'><strong>ita</strong></span> <span class='ocrx_word' id='word_1_99' title='bbox 1926 1478 2311 1560; x_wconf 88' lang='lat' dir='ltr'><strong>poenitentia</strong></span> <span class='ocrx_word' id='word_1_100' title='bbox 2356 1478 2423 1542; x_wconf 90' lang='lat' dir='ltr'><strong>et</strong></span> <span class='ocrx_word' id='word_1_101' title='bbox 2468 1478 2794 1544; x_wconf 88' lang='lat' dir='ltr'><strong>confessio</strong></span> <span class='ocrx_word' id='word_1_102' title='bbox 2844 1498 2962 1563; x_wconf 89' lang='lat' dir='ltr'><strong>per</strong></span> <span class='ocrx_word' id='word_1_103' title='bbox 3006 1498 3207 1563; x_wconf 89' lang='lat' dir='ltr'><strong>quam</strong></span> <span class='ocrx_word' id='word_1_104' title='bbox 3252 1482 3593 1563; x_wconf 85' lang='lat' dir='ltr'><strong>peccatum</strong></span> <span class='ocrx_word' id='word_1_105' title='bbox 3638 1482 3919 1563; x_wconf 84' lang='lat' dir='ltr'><strong>deletur,</strong></span> 
     </span>
    </p>

    <p class='ocr_par' dir='ltr' id='par_1_10' title="bbox 537 1594 3923 1679">
     <span class='ocr_line' id='line_1_10' title="bbox 537 1594 3923 1679; baseline 0 -18"><span class='ocrx_word' id='word_1_106' title='bbox 537 1618 707 1674; x_wconf 53' lang='lat' dir='ltr'><strong>nugs..</strong></span> <span class='ocrx_word' id='word_1_107' title='bbox 722 1630 789 1673; x_wconf 64' lang='lat' dir='ltr'><strong>ps.</strong></span> <span class='ocrx_word' id='word_1_108' title='bbox 819 1611 950 1657; x_wconf 89' lang='lat' dir='ltr'><strong>non</strong></span> <span class='ocrx_word' id='word_1_109' title='bbox 986 1595 1206 1677; x_wconf 86' lang='lat' dir='ltr'><strong>potest</strong></span> <span class='ocrx_word' id='word_1_110' title='bbox 1239 1611 1382 1658; x_wconf 90' lang='lat' dir='ltr'><strong>esse</strong></span> <span class='ocrx_word' id='word_1_111' title='bbox 1423 1594 1552 1657; x_wconf 88' lang='lat' dir='ltr'><strong>nisi</strong></span> <span class='ocrx_word' id='word_1_112' title='bbox 1591 1612 1630 1657; x_wconf 91' lang='lat' dir='ltr'><strong>a</strong></span> <span class='ocrx_word' id='word_1_113' title='bbox 1665 1594 1830 1675; x_wconf 87' lang='lat' dir='ltr'><strong>Dec,</strong></span> <span class='ocrx_word' id='word_1_114' title='bbox 1863 1596 1938 1658; x_wconf 89' lang='lat' dir='ltr'><strong>ut</strong></span> <span class='ocrx_word' id='word_1_115' title='bbox 1971 1594 2387 1675; x_wconf 82' lang='lat' dir='ltr'><strong>Augustinus</strong></span> <span class='ocrx_word' id='word_1_116' title='bbox 2432 1595 2546 1657; x_wconf 88' lang='lat' dir='ltr'><strong>ait.</strong></span> <span class='ocrx_word' id='word_1_117' title='bbox 2586 1596 2760 1676; x_wconf 79' lang='lat' dir='ltr'><strong>Jam,</strong></span> <span class='ocrx_word' id='word_1_118' title='bbox 2803 1596 3041 1678; x_wconf 90' lang='lat' dir='ltr'><strong>inquit,</strong></span> <span class='ocrx_word' id='word_1_119' title='bbox 3081 1598 3331 1661; x_wconf 89' lang='lat' dir='ltr'><strong>donum</strong></span> <span class='ocrx_word' id='word_1_120' title='bbox 3371 1597 3658 1679; x_wconf 88' lang='lat' dir='ltr'><strong>Spiritus</strong></span> <span class='ocrx_word' id='word_1_121' title='bbox 3696 1597 3923 1661; x_wconf 84' lang='lat' dir='ltr'><strong>Sancti</strong></span> 
     </span>
    </p>

    <p class='ocr_par' dir='ltr' id='par_1_11' title="bbox 724 1706 3920 1795">
     <span class='ocr_line' id='line_1_11' title="bbox 724 1706 3920 1795; baseline 0.001 -20"><span class='ocrx_word' id='word_1_122' title='bbox 724 1711 736 1723; x_wconf 89' lang='lat'>&#39;</span> <span class='ocrx_word' id='word_1_123' title='bbox 817 1711 1014 1775; x_wconf 89' lang='lat' dir='ltr'><strong>habet</strong></span> <span class='ocrx_word' id='word_1_124' title='bbox 1041 1711 1156 1792; x_wconf 92' lang='lat' dir='ltr'><strong>qui</strong></span> <span class='ocrx_word' id='word_1_125' title='bbox 1194 1706 1540 1774; x_wconf 87' lang='lat' dir='ltr'><strong>confitetur</strong></span> <span class='ocrx_word' id='word_1_126' title='bbox 1567 1712 1634 1774; x_wconf 92' lang='lat' dir='ltr'><strong>et</strong></span> <span class='ocrx_word' id='word_1_127' title='bbox 1660 1711 1954 1791; x_wconf 88' lang='lat' dir='ltr'><strong>poenitet,</strong></span> <span class='ocrx_word' id='word_1_128' title='bbox 1987 1711 2145 1792; x_wconf 90' lang='lat' dir='ltr'><strong>quia</strong></span> <span class='ocrx_word' id='word_1_129' title='bbox 2172 1728 2305 1773; x_wconf 92' lang='lat' dir='ltr'><strong>non</strong></span> <span class='ocrx_word' id='word_1_130' title='bbox 2334 1712 2553 1793; x_wconf 90' lang='lat' dir='ltr'><strong>potest</strong></span> <span class='ocrx_word' id='word_1_131' title='bbox 2587 1729 2731 1776; x_wconf 91' lang='lat' dir='ltr'><strong>esse</strong></span> <span class='ocrx_word' id='word_1_132' title='bbox 2759 1712 3086 1777; x_wconf 86' lang='lat' dir='ltr'><strong>confessio</strong></span> <span class='ocrx_word' id='word_1_133' title='bbox 3123 1714 3373 1795; x_wconf 89' lang='lat' dir='ltr'><strong>peccati</strong></span> <span class='ocrx_word' id='word_1_134' title='bbox 3402 1714 3467 1778; x_wconf 91' lang='lat' dir='ltr'><strong>et</strong></span> <span class='ocrx_word' id='word_1_135' title='bbox 3496 1713 3920 1795; x_wconf 88' lang='lat' dir='ltr'><strong>compunctio</strong></span> 
     </span>
    </p>

    <p class='ocr_par' dir='ltr' id='par_1_12' title="bbox 817 1827 3922 1912">
     <span class='ocr_line' id='line_1_12' title="bbox 817 1827 3922 1912; baseline 0 -20"><span class='ocrx_word' id='word_1_136' title='bbox 817 1829 885 1892; x_wconf 90' lang='lat' dir='ltr'><strong>in</strong></span> <span class='ocrx_word' id='word_1_137' title='bbox 932 1829 1202 1892; x_wconf 89' lang='lat' dir='ltr'><strong>homine</strong></span> <span class='ocrx_word' id='word_1_138' title='bbox 1247 1846 1332 1893; x_wconf 84' lang='lat' dir='ltr'><strong>ex</strong></span> <span class='ocrx_word' id='word_1_139' title='bbox 1375 1846 1446 1892; x_wconf 92' lang='lat' dir='ltr'><strong>se</strong></span> <span class='ocrx_word' id='word_1_140' title='bbox 1495 1828 1664 1910; x_wconf 89' lang='lat' dir='ltr'><strong>ipso.</strong></span> <span class='ocrx_word' id='word_1_141' title='bbox 1709 1828 1930 1902; x_wconf 88' lang='lat' dir='ltr'><strong>Quum</strong></span> <span class='ocrx_word' id='word_1_142' title='bbox 1985 1828 2163 1892; x_wconf 89' lang='lat' dir='ltr'><strong>enim</strong></span> <span class='ocrx_word' id='word_1_143' title='bbox 2210 1827 2515 1893; x_wconf 78' lang='lat' dir='ltr'><strong>irascitur</strong></span> <span class='ocrx_word' id='word_1_144' title='bbox 2562 1828 2691 1893; x_wconf 91' lang='lat' dir='ltr'><strong>sibi</strong></span> <span class='ocrx_word' id='word_1_145' title='bbox 2740 1828 3023 1911; x_wconf 86' lang='lat' dir='ltr'><strong>quisque</strong></span> <span class='ocrx_word' id='word_1_146' title='bbox 3070 1831 3136 1894; x_wconf 89' lang='lat' dir='ltr'><strong>et</strong></span> <span class='ocrx_word' id='word_1_147' title='bbox 3183 1829 3511 1912; x_wconf 88' lang='lat' dir='ltr'><strong>displicet,</strong></span> <span class='ocrx_word' id='word_1_148' title='bbox 3552 1830 3695 1895; x_wconf 88' lang='lat' dir='ltr'><strong>sine</strong></span> <span class='ocrx_word' id='word_1_149' title='bbox 3744 1830 3922 1894; x_wconf 91' lang='lat' dir='ltr'><strong>dono</strong></span> 
     </span>
    </p>

    <p class='ocr_par' dir='ltr' id='par_1_13' title="bbox 817 1940 3923 2028">
     <span class='ocr_line' id='line_1_13' title="bbox 817 1940 3923 2028; baseline -0.001 -17"><span class='ocrx_word' id='word_1_150' title='bbox 817 1945 1103 2028; x_wconf 87' lang='lat' dir='ltr'><strong>Spiritus</strong></span> <span class='ocrx_word' id='word_1_151' title='bbox 1140 1944 1362 2010; x_wconf 85' lang='lat' dir='ltr'><strong>Sancti</strong></span> <span class='ocrx_word' id='word_1_152' title='bbox 1405 1962 1539 2008; x_wconf 90' lang='lat' dir='ltr'><strong>non</strong></span> <span class='ocrx_word' id='word_1_153' title='bbox 1587 1946 1707 2009; x_wconf 91' lang='lat' dir='ltr'><strong>est.</strong></span> <span class='ocrx_word' id='word_1_154' title='bbox 1753 1944 2030 2025; x_wconf 89' lang='lat' dir='ltr'><strong>Oportet</strong></span> <span class='ocrx_word' id='word_1_155' title='bbox 2074 1961 2229 2025; x_wconf 86' lang='lat' dir='ltr'><strong>ergo</strong></span> <span class='ocrx_word' id='word_1_156' title='bbox 2277 1944 2703 2026; x_wconf 84' lang='lat' dir='ltr'><strong>poenitentem</strong></span> <span class='ocrx_word' id='word_1_157' title='bbox 2748 1940 3042 2009; x_wconf 84' lang='lat' dir='ltr'><strong>confiteri</strong></span> <span class='ocrx_word' id='word_1_158' title='bbox 3090 1946 3353 2028; x_wconf 88' lang='lat' dir='ltr'><strong>peccata</strong></span> <span class='ocrx_word' id='word_1_159' title='bbox 3398 1946 3457 2009; x_wconf 92' lang='lat' dir='ltr'><strong>si</strong></span> <span class='ocrx_word' id='word_1_160' title='bbox 3494 1948 3759 2027; x_wconf 89' lang='lat' dir='ltr'><strong>tempus</strong></span> <span class='ocrx_word' id='word_1_161' title='bbox 3804 1946 3923 2009; x_wconf 89' lang='lat' dir='ltr'><strong>ha-</strong></span> 
     </span>
    </p>

    <p class='ocr_par' dir='ltr' id='par_1_14' title="bbox 814 2060 3921 2243">
     <span class='ocr_line' id='line_1_14' title="bbox 816 2060 3921 2145; baseline 0.001 -20"><span class='ocrx_word' id='word_1_162' title='bbox 816 2060 1002 2143; x_wconf 88' lang='lat' dir='ltr'><strong>beat;</strong></span> <span class='ocrx_word' id='word_1_163' title='bbox 1042 2063 1108 2126; x_wconf 91' lang='lat' dir='ltr'><strong>et</strong></span> <span class='ocrx_word' id='word_1_164' title='bbox 1143 2063 1364 2127; x_wconf 90' lang='lat' dir='ltr'><strong>tamen</strong></span> <span class='ocrx_word' id='word_1_165' title='bbox 1411 2063 1764 2143; x_wconf 86' lang='lat' dir='ltr'><strong>antequam</strong></span> <span class='ocrx_word' id='word_1_166' title='bbox 1810 2061 1900 2125; x_wconf 88' lang='lat' dir='ltr'><strong>sit</strong></span> <span class='ocrx_word' id='word_1_167' title='bbox 1935 2060 2263 2125; x_wconf 90' lang='lat' dir='ltr'><strong>confessio</strong></span> <span class='ocrx_word' id='word_1_168' title='bbox 2301 2061 2372 2124; x_wconf 91' lang='lat' dir='ltr'><strong>in</strong></span> <span class='ocrx_word' id='word_1_169' title='bbox 2416 2078 2550 2140; x_wconf 88' lang='lat' dir='ltr'><strong>ore,</strong></span> <span class='ocrx_word' id='word_1_170' title='bbox 2592 2061 2650 2125; x_wconf 90' lang='lat' dir='ltr'><strong>si</strong></span> <span class='ocrx_word' id='word_1_171' title='bbox 2688 2063 2915 2126; x_wconf 89' lang='lat' dir='ltr'><strong>votum</strong></span> <span class='ocrx_word' id='word_1_172' title='bbox 2966 2062 3057 2127; x_wconf 88' lang='lat' dir='ltr'><strong>sit</strong></span> <span class='ocrx_word' id='word_1_173' title='bbox 3090 2063 3159 2126; x_wconf 91' lang='lat' dir='ltr'><strong>in</strong></span> <span class='ocrx_word' id='word_1_174' title='bbox 3204 2063 3420 2145; x_wconf 88' lang='lat' dir='ltr'><strong>corde,</strong></span> <span class='ocrx_word' id='word_1_175' title='bbox 3460 2064 3811 2145; x_wconf 82' lang='lat' dir='ltr'><strong>praestatur</strong></span> <span class='ocrx_word' id='word_1_176' title='bbox 3858 2064 3921 2127; x_wconf 91' lang='lat' dir='ltr'><strong>ei</strong></span> 
     </span>
     <span class='ocr_line' id='line_1_15' title="bbox 814 2195 1144 2243; baseline 0 -2"><span class='ocrx_word' id='word_1_177' title='bbox 814 2195 1144 2243; x_wconf 76' lang='lat' dir='ltr'><strong>remisslo.</strong></span> 
     </span>
    </p>
   </div>
   <div class='ocr_carea' id='block_1_3' title="bbox 1527 2402 3206 2479">
    <p class='ocr_par' dir='ltr' id='par_1_15' title="bbox 1527 2402 3206 2479">
     <span class='ocr_line' id='line_1_16' title="bbox 1527 2402 3206 2479; baseline 0.001 -13"><span class='ocrx_word' id='word_1_178' title='bbox 1527 2402 1599 2466; x_wconf 91' lang='lat' dir='ltr'><strong>C.</strong></span> <span class='ocrx_word' id='word_1_179' title='bbox 1639 2405 1721 2467; x_wconf 79' lang='lat' dir='ltr'><strong>Si</strong></span> <span class='ocrx_word' id='word_1_180' title='bbox 1763 2403 2074 2477; x_wconf 68' lang='lat' dir='ltr'><strong>sufficiat</strong></span> <span class='ocrx_word' id='word_1_181' title='bbox 2116 2406 2263 2466; x_wconf 75' lang='lat' dir='ltr'><strong>soli</strong></span> <span class='ocrx_word' id='word_1_182' title='bbox 2307 2405 2451 2466; x_wconf 87' lang='lat' dir='ltr'><strong>Deo</strong></span> <span class='ocrx_word' id='word_1_183' title='bbox 2499 2405 2835 2477; x_wconf 72' lang='lat' dir='ltr'><strong>confiteri</strong></span> <span class='ocrx_word' id='word_1_184' title='bbox 2873 2406 3206 2479; x_wconf 77' lang='lat' dir='ltr'><strong>peccata.</strong></span> 
     </span>
    </p>
   </div>
   <div class='ocr_carea' id='block_1_4' title="bbox 515 2625 3929 5275">
    <p class='ocr_par' dir='ltr' id='par_1_16' title="bbox 515 2625 3929 4105">
     <span class='ocr_line' id='line_1_17' title="bbox 577 2625 3927 2715; baseline -0.001 -21"><span class='ocrx_word' id='word_1_185' title='bbox 577 2658 713 2715; x_wconf 60' lang='lat' dir='ltr'><strong>nugo,</strong></span> <span class='ocrx_word' id='word_1_186' title='bbox 737 2660 792 2702; x_wconf 64' lang='lat' dir='ltr'><strong>d„</strong></span> <span class='ocrx_word' id='word_1_187' title='bbox 949 2630 1101 2693; x_wconf 68' lang='lat' dir='ltr'><strong>‚Iam</strong></span> <span class='ocrx_word' id='word_1_188' title='bbox 1130 2627 1490 2693; x_wconf 89' lang='lat' dir='ltr'><strong>secundum</strong></span> <span class='ocrx_word' id='word_1_189' title='bbox 1522 2626 1910 2708; x_wconf 83' lang='lat' dir='ltr'><strong>quaestionis</strong></span> <span class='ocrx_word' id='word_1_190' title='bbox 1939 2626 2291 2690; x_wconf 90' lang='lat' dir='ltr'><strong>articulum</strong></span> <span class='ocrx_word' id='word_1_191' title='bbox 2328 2625 2781 2707; x_wconf 80' lang='lat' dir='ltr'><strong>inspiciamuS,</strong></span> <span class='ocrx_word' id='word_1_192' title='bbox 2812 2626 3062 2709; x_wconf 87' lang='lat' dir='ltr'><strong>scilicet</strong></span> <span class='ocrx_word' id='word_1_193' title='bbox 3090 2627 3311 2690; x_wconf 89' lang='lat' dir='ltr'><strong>utrum</strong></span> <span class='ocrx_word' id='word_1_194' title='bbox 3351 2625 3630 2690; x_wconf 87' lang='lat' dir='ltr'><strong>sufficiat</strong></span> <span class='ocrx_word' id='word_1_195' title='bbox 3656 2629 3927 2709; x_wconf 91' lang='lat' dir='ltr'><strong>peccata</strong></span> 
     </span>
     <span class='ocr_line' id='line_1_18' title="bbox 519 2720 3929 2837; baseline -0 -27"><span class='ocrx_word' id='word_1_196' title='bbox 519 2720 792 2837; x_wconf 38' lang='lat' dir='ltr'><strong>m&amp;</strong></span> <span class='ocrx_word' id='word_1_197' title='bbox 821 2746 1113 2811; x_wconf 87' lang='lat' dir='ltr'><strong>confiteri</strong></span> <span class='ocrx_word' id='word_1_198' title='bbox 1155 2744 1278 2809; x_wconf 92' lang='lat' dir='ltr'><strong>soli</strong></span> <span class='ocrx_word' id='word_1_199' title='bbox 1317 2744 1482 2823; x_wconf 92' lang='lat' dir='ltr'><strong>Deo,</strong></span> <span class='ocrx_word' id='word_1_200' title='bbox 1513 2762 1598 2807; x_wconf 92' lang='lat' dir='ltr'><strong>an</strong></span> <span class='ocrx_word' id='word_1_201' title='bbox 1636 2745 1933 2824; x_wconf 89' lang='lat' dir='ltr'><strong>oporteat</strong></span> <span class='ocrx_word' id='word_1_202' title='bbox 1969 2742 2263 2807; x_wconf 86' lang='lat' dir='ltr'><strong>confiteri</strong></span> <span class='ocrx_word' id='word_1_203' title='bbox 2301 2742 2644 2807; x_wconf 89' lang='lat' dir='ltr'><strong>sacerdoti.</strong></span> <span class='ocrx_word' id='word_1_204' title='bbox 2678 2742 3090 2817; x_wconf 87' lang='lat' dir='ltr'><strong>Quibusdam</strong></span> <span class='ocrx_word' id='word_1_205' title='bbox 3127 2742 3347 2807; x_wconf 89' lang='lat' dir='ltr'><strong>visum</strong></span> <span class='ocrx_word' id='word_1_206' title='bbox 3385 2745 3487 2809; x_wconf 90' lang='lat' dir='ltr'><strong>est</strong></span> <span class='ocrx_word' id='word_1_207' title='bbox 3512 2743 3833 2827; x_wconf 89' lang='lat' dir='ltr'><strong>sufficere,</strong></span> <span class='ocrx_word' id='word_1_208' title='bbox 3868 2746 3929 2809; x_wconf 90' lang='lat' dir='ltr'><strong>si</strong></span> 
     </span>
     <span class='ocr_line' id='line_1_19' title="bbox 819 2857 3929 2941; baseline -0.001 -14"><span class='ocrx_word' id='word_1_209' title='bbox 819 2862 944 2927; x_wconf 89' lang='lat' dir='ltr'><strong>soli</strong></span> <span class='ocrx_word' id='word_1_210' title='bbox 981 2862 1122 2926; x_wconf 92' lang='lat' dir='ltr'><strong>Deo</strong></span> <span class='ocrx_word' id='word_1_211' title='bbox 1161 2860 1276 2924; x_wconf 89' lang='lat' dir='ltr'><strong>flat</strong></span> <span class='ocrx_word' id='word_1_212' title='bbox 1315 2858 1642 2923; x_wconf 90' lang='lat' dir='ltr'><strong>confessio</strong></span> <span class='ocrx_word' id='word_1_213' title='bbox 1680 2858 1822 2921; x_wconf 90' lang='lat' dir='ltr'><strong>sine</strong></span> <span class='ocrx_word' id='word_1_214' title='bbox 1853 2857 2105 2940; x_wconf 92' lang='lat' dir='ltr'><strong>judicio</strong></span> <span class='ocrx_word' id='word_1_215' title='bbox 2154 2857 2540 2922; x_wconf 81' lang='lat' dir='ltr'><strong>sacerdotali</strong></span> <span class='ocrx_word' id='word_1_216' title='bbox 2586 2859 2653 2921; x_wconf 94' lang='lat' dir='ltr'><strong>et</strong></span> <span class='ocrx_word' id='word_1_217' title='bbox 2693 2858 3105 2922; x_wconf 88' lang='lat' dir='ltr'><strong>confessione</strong></span> <span class='ocrx_word' id='word_1_218' title='bbox 3140 2858 3476 2939; x_wconf 75' lang='lat' dir='ltr'><strong>Ecclesiae,</strong></span> <span class='ocrx_word' id='word_1_219' title='bbox 3515 2860 3673 2941; x_wconf 88' lang='lat' dir='ltr'><strong>quia</strong></span> <span class='ocrx_word' id='word_1_220' title='bbox 3708 2860 3929 2925; x_wconf 87' lang='lat' dir='ltr'><strong>David</strong></span> 
     </span>
     <span class='ocr_line' id='line_1_20' title="bbox 520 2970 3927 3055; baseline 0 -16"><span class='ocrx_word' id='word_1_221' title='bbox 520 2996 788 3049; x_wconf 44' lang='lat' dir='ltr'><strong>namne..</strong></span> <span class='ocrx_word' id='word_1_222' title='bbox 819 2978 988 3041; x_wconf 85' lang='lat' dir='ltr'><strong>dixit</strong></span> <span class='ocrx_word' id='word_1_223' title='bbox 1029 2997 1043 3039; x_wconf 76' lang='grc' dir='ltr'><strong><em>ε</em></strong></span> <span class='ocrx_word' id='word_1_224' title='bbox 1084 2976 1266 3055; x_wconf 86' lang='lat' dir='ltr'><strong>Dixi,</strong></span> <span class='ocrx_word' id='word_1_225' title='bbox 1309 2970 1683 3039; x_wconf 87' lang='lat' dir='ltr'><strong>Confitebor</strong></span> <span class='ocrx_word' id='word_1_226' title='bbox 1725 2974 2037 3053; x_wconf 90' lang='lat' dir='ltr'><strong>Domin0,</strong></span> <span class='ocrx_word' id='word_1_227' title='bbox 2080 2974 2146 3037; x_wconf 91' lang='lat' dir='ltr'><strong>et</strong></span> <span class='ocrx_word' id='word_1_228' title='bbox 2190 2975 2265 3037; x_wconf 91' lang='lat' dir='ltr'><strong>tu</strong></span> <span class='ocrx_word' id='word_1_229' title='bbox 2312 2974 2649 3053; x_wconf 85' lang='lat' dir='ltr'><strong>remisisti,</strong></span> <span class='ocrx_word' id='word_1_230' title='bbox 2690 2974 2814 3038; x_wconf 89' lang='lat' dir='ltr'><strong>etc.</strong></span> <span class='ocrx_word' id='word_1_231' title='bbox 2855 2974 3005 3037; x_wconf 94' lang='lat' dir='ltr'><strong>Non</strong></span> <span class='ocrx_word' id='word_1_232' title='bbox 3046 2974 3160 3054; x_wconf 88' lang='lat' dir='ltr'><strong>ait,</strong></span> <span class='ocrx_word' id='word_1_233' title='bbox 3202 2974 3561 3055; x_wconf 87' lang='lat' dir='ltr'><strong>Sacerdoti,</strong></span> <span class='ocrx_word' id='word_1_234' title='bbox 3596 2976 3661 3037; x_wconf 91' lang='lat' dir='ltr'><strong>et</strong></span> <span class='ocrx_word' id='word_1_235' title='bbox 3701 2976 3927 3039; x_wconf 87' lang='lat' dir='ltr'><strong>tamen</strong></span> 
     </span>
     <span class='ocr_line' id='line_1_21' title="bbox 562 3089 3929 3174; baseline -0 -17"><span class='ocrx_word' id='word_1_236' title='bbox 562 3112 706 3157; x_wconf 64' lang='lat' dir='ltr'><strong>Ambr.</strong></span> <span class='ocrx_word' id='word_1_237' title='bbox 745 3114 789 3158; x_wconf 67' lang='lat' dir='ltr'><strong>sn</strong></span> <span class='ocrx_word' id='word_1_238' title='bbox 818 3095 1169 3160; x_wconf 90' lang='lat' dir='ltr'><strong>remissum</strong></span> <span class='ocrx_word' id='word_1_239' title='bbox 1227 3091 1354 3156; x_wconf 89' lang='lat' dir='ltr'><strong>sibi</strong></span> <span class='ocrx_word' id='word_1_240' title='bbox 1409 3092 1751 3173; x_wconf 91' lang='lat' dir='ltr'><strong>peccatum</strong></span> <span class='ocrx_word' id='word_1_241' title='bbox 1807 3090 1987 3154; x_wconf 89' lang='lat' dir='ltr'><strong>dicit.</strong></span> <span class='ocrx_word' id='word_1_242' title='bbox 2038 3090 2207 3156; x_wconf 89' lang='lat' dir='ltr'><strong>Item</strong></span> <span class='ocrx_word' id='word_1_243' title='bbox 2255 3089 2648 3155; x_wconf 89' lang='lat' dir='ltr'><strong>Ambrosius</strong></span> <span class='ocrx_word' id='word_1_244' title='bbox 2697 3109 2712 3152; x_wconf 76' lang='grc' dir='ltr'><em>τ</em></span> <span class='ocrx_word' id='word_1_245' title='bbox 2762 3090 2920 3156; x_wconf 88' lang='lat' dir='ltr'><strong>Ideo</strong></span> <span class='ocrx_word' id='word_1_246' title='bbox 2966 3090 3149 3156; x_wconf 88' lang='lat' dir='ltr'><strong>flevit</strong></span> <span class='ocrx_word' id='word_1_247' title='bbox 3198 3091 3458 3172; x_wconf 87' lang='lat' dir='ltr'><strong>Petrus,</strong></span> <span class='ocrx_word' id='word_1_248' title='bbox 3508 3090 3666 3172; x_wconf 89' lang='lat' dir='ltr'><strong>quia</strong></span> <span class='ocrx_word' id='word_1_249' title='bbox 3724 3091 3929 3174; x_wconf 90' lang='lat' dir='ltr'><strong>culpa</strong></span> 
     </span>
     <span class='ocr_line' id='line_1_22' title="bbox 521 3173 3925 3294; baseline -0.003 -13"><span class='ocrx_word' id='word_1_250' title='bbox 521 3173 718 3281; x_wconf 41' lang='lat' dir='ltr'><strong>&amp;aaa</strong></span> <span class='ocrx_word' id='word_1_251' title='bbox 745 3191 789 3228; x_wconf 48' lang='grc' dir='ltr'><strong>ι’</strong></span> <span class='ocrx_word' id='word_1_252' title='bbox 818 3211 1109 3294; x_wconf 88' lang='lat' dir='ltr'><strong>obrepsit</strong></span> <span class='ocrx_word' id='word_1_253' title='bbox 1153 3210 1238 3275; x_wconf 91' lang='lat' dir='ltr'><strong>ei.</strong></span> <span class='ocrx_word' id='word_1_254' title='bbox 1278 3209 1429 3273; x_wconf 90' lang='lat' dir='ltr'><strong>Non</strong></span> <span class='ocrx_word' id='word_1_255' title='bbox 1480 3208 1744 3271; x_wconf 87' lang='lat' dir='ltr'><strong>invenio</strong></span> <span class='ocrx_word' id='word_1_256' title='bbox 1796 3208 1958 3288; x_wconf 91' lang='lat' dir='ltr'><strong>quid</strong></span> <span class='ocrx_word' id='word_1_257' title='bbox 2010 3207 2273 3284; x_wconf 88' lang='lat' dir='ltr'><strong>dixerit,</strong></span> <span class='ocrx_word' id='word_1_258' title='bbox 2323 3207 2587 3272; x_wconf 85' lang='lat' dir='ltr'><strong>invenio</strong></span> <span class='ocrx_word' id='word_1_259' title='bbox 2636 3208 2811 3289; x_wconf 91' lang='lat' dir='ltr'><strong>quod</strong></span> <span class='ocrx_word' id='word_1_260' title='bbox 2861 3208 3160 3289; x_wconf 82' lang='lat' dir='ltr'><strong>fleverit3</strong></span> <span class='ocrx_word' id='word_1_261' title='bbox 3206 3207 3510 3271; x_wconf 86' lang='lat' dir='ltr'><strong>lacrimas</strong></span> <span class='ocrx_word' id='word_1_262' title='bbox 3557 3207 3703 3288; x_wconf 89' lang='lat' dir='ltr'><strong>ejus</strong></span> <span class='ocrx_word' id='word_1_263' title='bbox 3748 3208 3925 3290; x_wconf 89' lang='lat' dir='ltr'><strong>lego,</strong></span> 
     </span>
     <span class='ocr_line' id='line_1_23' title="bbox 817 3322 3927 3406; baseline -0.001 -13"><span class='ocrx_word' id='word_1_264' title='bbox 817 3328 1334 3394; x_wconf 87' lang='lat' dir='ltr'><strong>satisfactionem</strong></span> <span class='ocrx_word' id='word_1_265' title='bbox 1372 3342 1504 3388; x_wconf 90' lang='lat' dir='ltr'><strong>non</strong></span> <span class='ocrx_word' id='word_1_266' title='bbox 1533 3325 1703 3406; x_wconf 79' lang='lat' dir='ltr'><strong>lego,</strong></span> <span class='ocrx_word' id='word_1_267' title='bbox 1739 3325 1865 3389; x_wconf 92' lang='lat' dir='ltr'><strong>Sed</strong></span> <span class='ocrx_word' id='word_1_268' title='bbox 1895 3324 2074 3405; x_wconf 93' lang='lat' dir='ltr'><strong>quod</strong></span> <span class='ocrx_word' id='word_1_269' title='bbox 2104 3324 2368 3388; x_wconf 88' lang='lat' dir='ltr'><strong>defendi</strong></span> <span class='ocrx_word' id='word_1_270' title='bbox 2406 3341 2538 3388; x_wconf 91' lang='lat' dir='ltr'><strong>non</strong></span> <span class='ocrx_word' id='word_1_271' title='bbox 2574 3325 2812 3406; x_wconf 89' lang='lat' dir='ltr'><strong>potest,</strong></span> <span class='ocrx_word' id='word_1_272' title='bbox 2848 3322 3027 3388; x_wconf 89' lang='lat' dir='ltr'><strong>ablui</strong></span> <span class='ocrx_word' id='word_1_273' title='bbox 3066 3325 3305 3406; x_wconf 89' lang='lat' dir='ltr'><strong>potest.</strong></span> <span class='ocrx_word' id='word_1_274' title='bbox 3345 3322 3599 3387; x_wconf 88' lang='lat' dir='ltr'><strong>Lavant</strong></span> <span class='ocrx_word' id='word_1_275' title='bbox 3634 3323 3927 3390; x_wconf 81' lang='lat' dir='ltr'><strong>lacrimae</strong></span> 
     </span>
     <span class='ocr_line' id='line_1_24' title="bbox 816 3439 3929 3524; baseline -0.002 -14"><span class='ocrx_word' id='word_1_276' title='bbox 816 3445 1156 3523; x_wconf 88' lang='lat' dir='ltr'><strong>delictum,</strong></span> <span class='ocrx_word' id='word_1_277' title='bbox 1180 3442 1360 3524; x_wconf 91' lang='lat' dir='ltr'><strong>quod</strong></span> <span class='ocrx_word' id='word_1_278' title='bbox 1388 3458 1548 3504; x_wconf 90' lang='lat' dir='ltr'><strong>voce</strong></span> <span class='ocrx_word' id='word_1_279' title='bbox 1584 3440 1798 3522; x_wconf 89' lang='lat' dir='ltr'><strong>pudor</strong></span> <span class='ocrx_word' id='word_1_280' title='bbox 1826 3441 1923 3504; x_wconf 83' lang='lat' dir='ltr'><strong>est</strong></span> <span class='ocrx_word' id='word_1_281' title='bbox 1961 3439 2291 3522; x_wconf 83' lang='lat' dir='ltr'><strong>confiteri3</strong></span> <span class='ocrx_word' id='word_1_282' title='bbox 2324 3442 2390 3504; x_wconf 92' lang='lat' dir='ltr'><strong>et</strong></span> <span class='ocrx_word' id='word_1_283' title='bbox 2418 3440 2627 3504; x_wconf 81' lang='lat' dir='ltr'><strong>veniae</strong></span> <span class='ocrx_word' id='word_1_284' title='bbox 2658 3439 2854 3503; x_wconf 90' lang='lat' dir='ltr'><strong>fletus</strong></span> <span class='ocrx_word' id='word_1_285' title='bbox 2890 3439 3177 3503; x_wconf 91' lang='lat' dir='ltr'><strong>consulit</strong></span> <span class='ocrx_word' id='word_1_286' title='bbox 3212 3439 3278 3502; x_wconf 89' lang='lat' dir='ltr'><strong>et</strong></span> <span class='ocrx_word' id='word_1_287' title='bbox 3312 3439 3747 3503; x_wconf 70' lang='lat' dir='ltr'><strong>verecundiae.</strong></span> <span class='ocrx_word' id='word_1_288' title='bbox 3782 3439 3929 3505; x_wconf 87' lang='lat' dir='ltr'><strong>Hoc</strong></span> 
     </span>
     <span class='ocr_line' id='line_1_25' title="bbox 517 3555 3929 3638; baseline -0.002 -10"><span class='ocrx_word' id='word_1_289' title='bbox 517 3583 789 3630; x_wconf 62' lang='lat' dir='ltr'><strong>numm-rau.</strong></span> <span class='ocrx_word' id='word_1_290' title='bbox 817 3563 995 3627; x_wconf 91' lang='lat' dir='ltr'><strong>idem</strong></span> <span class='ocrx_word' id='word_1_291' title='bbox 1024 3561 1225 3625; x_wconf 91' lang='lat' dir='ltr'><strong>etiam</strong></span> <span class='ocrx_word' id='word_1_292' title='bbox 1251 3558 1584 3622; x_wconf 89' lang='lat' dir='ltr'><strong>Maximus</strong></span> <span class='ocrx_word' id='word_1_293' title='bbox 1619 3557 1781 3620; x_wconf 90' lang='lat' dir='ltr'><strong>dicit</strong></span> <span class='ocrx_word' id='word_1_294' title='bbox 1809 3557 2181 3638; x_wconf 88' lang='lat' dir='ltr'><strong>episcopus.</strong></span> <span class='ocrx_word' id='word_1_295' title='bbox 2214 3557 2379 3620; x_wconf 89' lang='lat' dir='ltr'><strong>Item</strong></span> <span class='ocrx_word' id='word_1_296' title='bbox 2409 3557 2449 3620; x_wconf 88' lang='lat' dir='ltr'><strong>J</strong></span> <span class='ocrx_word' id='word_1_297' title='bbox 2452 3573 2697 3620; x_wconf 89' lang='lat' dir='ltr'><strong>oannes</strong></span> <span class='ocrx_word' id='word_1_298' title='bbox 2724 3555 3239 3638; x_wconf 75' lang='lat' dir='ltr'><strong>chrysostomus</strong></span> <span class='ocrx_word' id='word_1_299' title='bbox 3271 3575 3286 3617; x_wconf 76' lang='lat' dir='ltr'><strong><em>z</em></strong></span> <span class='ocrx_word' id='word_1_300' title='bbox 3319 3556 3472 3619; x_wconf 89' lang='lat' dir='ltr'><strong>Non</strong></span> <span class='ocrx_word' id='word_1_301' title='bbox 3500 3555 3621 3620; x_wconf 85' lang='lat' dir='ltr'><strong>tibi</strong></span> <span class='ocrx_word' id='word_1_302' title='bbox 3649 3557 3822 3638; x_wconf 89' lang='lat' dir='ltr'><strong>dico,</strong></span> <span class='ocrx_word' id='word_1_303' title='bbox 3851 3559 3929 3622; x_wconf 89' lang='lat' dir='ltr'><strong>ut</strong></span> 
     </span>
     <span class='ocr_line' id='line_1_26' title="bbox 515 3652 3927 3769; baseline -0.001 -28"><span class='ocrx_word' id='word_1_304' title='bbox 515 3652 790 3769; x_wconf 57' lang='grc' dir='ltr'><strong>ῗῖζρξξοῖᾖξ</strong></span> <span class='ocrx_word' id='word_1_305' title='bbox 819 3679 884 3740; x_wconf 89' lang='lat' dir='ltr'><strong>te</strong></span> <span class='ocrx_word' id='word_1_306' title='bbox 931 3676 1173 3758; x_wconf 88' lang='lat' dir='ltr'><strong>prodas</strong></span> <span class='ocrx_word' id='word_1_307' title='bbox 1223 3675 1288 3738; x_wconf 90' lang='lat' dir='ltr'><strong>in</strong></span> <span class='ocrx_word' id='word_1_308' title='bbox 1343 3672 1706 3755; x_wconf 90' lang='lat' dir='ltr'><strong>publicum,</strong></span> <span class='ocrx_word' id='word_1_309' title='bbox 1739 3689 1952 3753; x_wconf 90' lang='lat' dir='ltr'><strong>neque</strong></span> <span class='ocrx_word' id='word_1_310' title='bbox 1993 3672 2171 3754; x_wconf 90' lang='lat' dir='ltr'><strong>apud</strong></span> <span class='ocrx_word' id='word_1_311' title='bbox 2220 3672 2388 3736; x_wconf 90' lang='lat' dir='ltr'><strong>alios</strong></span> <span class='ocrx_word' id='word_1_312' title='bbox 2434 3690 2738 3755; x_wconf 87' lang='lat' dir='ltr'><strong>accuses;</strong></span> <span class='ocrx_word' id='word_1_313' title='bbox 2784 3673 2899 3736; x_wconf 89' lang='lat' dir='ltr'><strong>sed</strong></span> <span class='ocrx_word' id='word_1_314' title='bbox 2952 3672 3216 3737; x_wconf 89' lang='lat' dir='ltr'><strong>obedire</strong></span> <span class='ocrx_word' id='word_1_315' title='bbox 3263 3674 3329 3736; x_wconf 88' lang='lat' dir='ltr'><strong>te</strong></span> <span class='ocrx_word' id='word_1_316' title='bbox 3374 3672 3527 3736; x_wconf 86' lang='lat' dir='ltr'><strong>volo</strong></span> <span class='ocrx_word' id='word_1_317' title='bbox 3574 3672 3927 3754; x_wconf 79' lang='lat' dir='ltr'><strong>Prophetae</strong></span> 
     </span>
     <span class='ocr_line' id='line_1_27' title="bbox 521 3775 3926 3888; baseline -0.001 -31"><span class='ocrx_word' id='word_1_318' title='bbox 521 3775 788 3888; x_wconf 54' lang='grc' dir='ltr'><strong>ξζδζζξῗω·</strong></span> <span class='ocrx_word' id='word_1_319' title='bbox 818 3793 1084 3873; x_wconf 90' lang='lat' dir='ltr'><strong>dicenti,</strong></span> <span class='ocrx_word' id='word_1_320' title='bbox 1125 3791 1374 3856; x_wconf 88' lang='lat' dir='ltr'><strong>Revela</strong></span> <span class='ocrx_word' id='word_1_321' title='bbox 1413 3789 1700 3853; x_wconf 92' lang='lat' dir='ltr'><strong>Domino</strong></span> <span class='ocrx_word' id='word_1_322' title='bbox 1739 3790 1918 3852; x_wconf 84' lang='lat' dir='ltr'><strong>viam</strong></span> <span class='ocrx_word' id='word_1_323' title='bbox 1963 3790 2169 3852; x_wconf 85' lang='lat' dir='ltr'><strong>tuam.</strong></span> <span class='ocrx_word' id='word_1_324' title='bbox 2221 3789 2393 3853; x_wconf 87' lang='lat' dir='ltr'><strong>Ante</strong></span> <span class='ocrx_word' id='word_1_325' title='bbox 2428 3789 2646 3853; x_wconf 91' lang='lat' dir='ltr'><strong>Deum</strong></span> <span class='ocrx_word' id='word_1_326' title='bbox 2689 3805 2843 3870; x_wconf 89' lang='lat' dir='ltr'><strong>ergo</strong></span> <span class='ocrx_word' id='word_1_327' title='bbox 2889 3790 3005 3852; x_wconf 91' lang='lat' dir='ltr'><strong>tua</strong></span> <span class='ocrx_word' id='word_1_328' title='bbox 3050 3784 3358 3853; x_wconf 89' lang='lat' dir='ltr'><strong>confitere</strong></span> <span class='ocrx_word' id='word_1_329' title='bbox 3406 3789 3695 3870; x_wconf 85' lang='lat' dir='ltr'><strong>peccata,</strong></span> <span class='ocrx_word' id='word_1_330' title='bbox 3746 3789 3926 3870; x_wconf 88' lang='lat' dir='ltr'><strong>apud</strong></span> 
     </span>
     <span class='ocr_line' id='line_1_28' title="bbox 519 3899 3924 4006; baseline -0 -36"><span class='ocrx_word' id='word_1_331' title='bbox 519 3899 620 4006; x_wconf 55' lang='grc' dir='ltr'><strong>ζ’·</strong></span> <span class='ocrx_word' id='word_1_332' title='bbox 646 3913 786 3952; x_wconf 56' lang='grc' dir='ltr'><strong>*ω’*</strong></span> <span class='ocrx_word' id='word_1_333' title='bbox 818 3925 1046 3973; x_wconf 84' lang='lat' dir='ltr'><strong>verum</strong></span> <span class='ocrx_word' id='word_1_334' title='bbox 1078 3908 1370 3988; x_wconf 90' lang='lat' dir='ltr'><strong>judicem</strong></span> <span class='ocrx_word' id='word_1_335' title='bbox 1403 3923 1554 3969; x_wconf 91' lang='lat' dir='ltr'><strong>cum</strong></span> <span class='ocrx_word' id='word_1_336' title='bbox 1594 3906 1887 3970; x_wconf 88' lang='lat' dir='ltr'><strong>oratione</strong></span> <span class='ocrx_word' id='word_1_337' title='bbox 1914 3904 2153 3968; x_wconf 88' lang='lat' dir='ltr'><strong>delicta</strong></span> <span class='ocrx_word' id='word_1_338' title='bbox 2180 3907 2296 3968; x_wconf 89' lang='lat' dir='ltr'><strong>tua</strong></span> <span class='ocrx_word' id='word_1_339' title='bbox 2328 3905 2706 3987; x_wconf 86' lang='lat' dir='ltr'><strong>pronuntia,</strong></span> <span class='ocrx_word' id='word_1_340' title='bbox 2738 3921 2873 3968; x_wconf 89' lang='lat' dir='ltr'><strong>non</strong></span> <span class='ocrx_word' id='word_1_341' title='bbox 2903 3904 3150 3986; x_wconf 87' lang='lat' dir='ltr'><strong>lingua,</strong></span> <span class='ocrx_word' id='word_1_342' title='bbox 3182 3905 3297 3968; x_wconf 89' lang='lat' dir='ltr'><strong>sed</strong></span> <span class='ocrx_word' id='word_1_343' title='bbox 3334 3903 3751 3968; x_wconf 85' lang='lat' dir='ltr'><strong>conscientiae</strong></span> <span class='ocrx_word' id='word_1_344' title='bbox 3788 3907 3924 3969; x_wconf 84' lang='lat' dir='ltr'><strong>tuae</strong></span> 
     </span>
     <span class='ocr_line' id='line_1_29' title="bbox 817 4019 3925 4105; baseline -0.002 -16"><span class='ocrx_word' id='word_1_345' title='bbox 817 4023 1172 4105; x_wconf 81' lang='lat' dir='ltr'><strong>memoria3</strong></span> <span class='ocrx_word' id='word_1_346' title='bbox 1212 4023 1279 4087; x_wconf 91' lang='lat' dir='ltr'><strong>et</strong></span> <span class='ocrx_word' id='word_1_347' title='bbox 1315 4024 1472 4085; x_wconf 89' lang='lat' dir='ltr'><strong>tunc</strong></span> <span class='ocrx_word' id='word_1_348' title='bbox 1505 4021 1776 4085; x_wconf 89' lang='lat' dir='ltr'><strong>demum</strong></span> <span class='ocrx_word' id='word_1_349' title='bbox 1815 4038 2005 4102; x_wconf 90' lang='lat' dir='ltr'><strong>spera</strong></span> <span class='ocrx_word' id='word_1_350' title='bbox 2041 4023 2106 4085; x_wconf 84' lang='lat' dir='ltr'><strong>te</strong></span> <span class='ocrx_word' id='word_1_351' title='bbox 2144 4020 2663 4084; x_wconf 88' lang='lat' dir='ltr'><strong>misericordiam</strong></span> <span class='ocrx_word' id='word_1_352' title='bbox 2703 4037 2897 4102; x_wconf 91' lang='lat' dir='ltr'><strong>posse</strong></span> <span class='ocrx_word' id='word_1_353' title='bbox 2934 4020 3269 4101; x_wconf 88' lang='lat' dir='ltr'><strong>consequi.</strong></span> <span class='ocrx_word' id='word_1_354' title='bbox 3305 4019 3375 4084; x_wconf 91' lang='lat' dir='ltr'><strong>Si</strong></span> <span class='ocrx_word' id='word_1_355' title='bbox 3418 4019 3727 4083; x_wconf 86' lang='lat' dir='ltr'><strong>habueris</strong></span> <span class='ocrx_word' id='word_1_356' title='bbox 3763 4037 3925 4102; x_wconf 88' lang='lat' dir='ltr'><strong>pec-</strong></span> 
     </span>
    </p>

    <p class='ocr_par' dir='ltr' id='par_1_17' title="bbox 516 4135 3927 4683">
     <span class='ocr_line' id='line_1_30' title="bbox 815 4135 3927 4219; baseline -0.002 -14"><span class='ocrx_word' id='word_1_357' title='bbox 815 4143 957 4205; x_wconf 80' lang='lat' dir='ltr'><strong>cata</strong></span> <span class='ocrx_word' id='word_1_358' title='bbox 996 4142 1108 4203; x_wconf 89' lang='lat' dir='ltr'><strong>tua</strong></span> <span class='ocrx_word' id='word_1_359' title='bbox 1148 4140 1218 4202; x_wconf 92' lang='lat' dir='ltr'><strong>in</strong></span> <span class='ocrx_word' id='word_1_360' title='bbox 1265 4139 1482 4202; x_wconf 89' lang='lat' dir='ltr'><strong>mente</strong></span> <span class='ocrx_word' id='word_1_361' title='bbox 1529 4137 1861 4216; x_wconf 89' lang='lat' dir='ltr'><strong>continue,</strong></span> <span class='ocrx_word' id='word_1_362' title='bbox 1901 4153 2241 4219; x_wconf 84' lang='lat' dir='ltr'><strong>nunquam</strong></span> <span class='ocrx_word' id='word_1_363' title='bbox 2290 4135 2540 4200; x_wconf 85' lang='lat' dir='ltr'><strong>malum</strong></span> <span class='ocrx_word' id='word_1_364' title='bbox 2590 4136 2907 4201; x_wconf 88' lang='lat' dir='ltr'><strong>adversus</strong></span> <span class='ocrx_word' id='word_1_365' title='bbox 2952 4136 3335 4218; x_wconf 90' lang='lat' dir='ltr'><strong>proximum</strong></span> <span class='ocrx_word' id='word_1_366' title='bbox 3381 4137 3574 4199; x_wconf 91' lang='lat' dir='ltr'><strong>tuum</strong></span> <span class='ocrx_word' id='word_1_367' title='bbox 3619 4135 3691 4198; x_wconf 89' lang='lat' dir='ltr'><strong>in</strong></span> <span class='ocrx_word' id='word_1_368' title='bbox 3728 4136 3927 4200; x_wconf 90' lang='lat' dir='ltr'><strong>corde</strong></span> 
     </span>
     <span class='ocr_line' id='line_1_31' title="bbox 517 4250 3925 4332; baseline -0.002 -12"><span class='ocrx_word' id='word_1_369' title='bbox 517 4276 788 4332; x_wconf 55' lang='lat' dir='ltr'><strong>chry-0015„</strong></span> <span class='ocrx_word' id='word_1_370' title='bbox 816 4260 931 4322; x_wconf 90' lang='lat' dir='ltr'><strong>tuo</strong></span> <span class='ocrx_word' id='word_1_371' title='bbox 987 4255 1263 4320; x_wconf 89' lang='lat' dir='ltr'><strong>tenebis.</strong></span> <span class='ocrx_word' id='word_1_372' title='bbox 1313 4254 1497 4317; x_wconf 91' lang='lat' dir='ltr'><strong>Idem</strong></span> <span class='ocrx_word' id='word_1_373' title='bbox 1548 4273 1563 4314; x_wconf 92' lang='lat'><strong>:</strong></span> <span class='ocrx_word' id='word_1_374' title='bbox 1619 4253 1894 4315; x_wconf 87' lang='lat' dir='ltr'><strong>Peccata</strong></span> <span class='ocrx_word' id='word_1_375' title='bbox 1941 4252 2055 4314; x_wconf 89' lang='lat' dir='ltr'><strong>tua</strong></span> <span class='ocrx_word' id='word_1_376' title='bbox 2102 4251 2329 4331; x_wconf 91' lang='lat' dir='ltr'><strong>dicito,</strong></span> <span class='ocrx_word' id='word_1_377' title='bbox 2380 4253 2457 4316; x_wconf 92' lang='lat' dir='ltr'><strong>ut</strong></span> <span class='ocrx_word' id='word_1_378' title='bbox 2510 4251 2731 4316; x_wconf 90' lang='lat' dir='ltr'><strong>deleas</strong></span> <span class='ocrx_word' id='word_1_379' title='bbox 2780 4252 2915 4316; x_wconf 89' lang='lat' dir='ltr'><strong>illa.</strong></span> <span class='ocrx_word' id='word_1_380' title='bbox 2967 4252 3096 4316; x_wconf 90' lang='lat' dir='ltr'><strong>Sed</strong></span> <span class='ocrx_word' id='word_1_381' title='bbox 3142 4252 3197 4316; x_wconf 90' lang='lat' dir='ltr'><strong>si</strong></span> <span class='ocrx_word' id='word_1_382' title='bbox 3256 4250 3679 4314; x_wconf 87' lang='lat' dir='ltr'><strong>confunderis</strong></span> <span class='ocrx_word' id='word_1_383' title='bbox 3724 4250 3925 4315; x_wconf 88' lang='lat' dir='ltr'><strong>alicui</strong></span> 
     </span>
     <span class='ocr_line' id='line_1_32' title="bbox 516 4340 3921 4457; baseline -0.001 -21"><span class='ocrx_word' id='word_1_384' title='bbox 516 4340 789 4457; x_wconf 47' lang='grc' dir='ltr'><strong>ῗῇῗὲζῗῃᾞῖ</strong></span> <span class='ocrx_word' id='word_1_385' title='bbox 815 4375 1029 4438; x_wconf 88' lang='lat' dir='ltr'><strong>dicere</strong></span> <span class='ocrx_word' id='word_1_386' title='bbox 1067 4372 1203 4451; x_wconf 90' lang='lat' dir='ltr'><strong>illa,</strong></span> <span class='ocrx_word' id='word_1_387' title='bbox 1238 4369 1438 4433; x_wconf 84' lang='lat' dir='ltr'><strong>dicito</strong></span> <span class='ocrx_word' id='word_1_388' title='bbox 1478 4385 1554 4432; x_wconf 90' lang='lat' dir='ltr'><strong>ea</strong></span> <span class='ocrx_word' id='word_1_389' title='bbox 1582 4368 1878 4449; x_wconf 90' lang='lat' dir='ltr'><strong>quotidie</strong></span> <span class='ocrx_word' id='word_1_390' title='bbox 1902 4367 1970 4430; x_wconf 88' lang='lat' dir='ltr'><strong>in</strong></span> <span class='ocrx_word' id='word_1_391' title='bbox 1999 4367 2222 4430; x_wconf 90' lang='lat' dir='ltr'><strong>animo</strong></span> <span class='ocrx_word' id='word_1_392' title='bbox 2260 4369 2398 4432; x_wconf 88' lang='lat' dir='ltr'><strong>tuo.</strong></span> <span class='ocrx_word' id='word_1_393' title='bbox 2431 4368 2583 4431; x_wconf 90' lang='lat' dir='ltr'><strong>Non</strong></span> <span class='ocrx_word' id='word_1_394' title='bbox 2619 4368 2791 4448; x_wconf 83' lang='lat' dir='ltr'><strong>dice,</strong></span> <span class='ocrx_word' id='word_1_395' title='bbox 2824 4370 2900 4432; x_wconf 91' lang='lat' dir='ltr'><strong>ut</strong></span> <span class='ocrx_word' id='word_1_396' title='bbox 2928 4368 3297 4432; x_wconf 84' lang='lat' dir='ltr'><strong>confitearis</strong></span> <span class='ocrx_word' id='word_1_397' title='bbox 3323 4384 3403 4432; x_wconf 90' lang='lat' dir='ltr'><strong>ea</strong></span> <span class='ocrx_word' id='word_1_398' title='bbox 3428 4384 3746 4432; x_wconf 82' lang='lat' dir='ltr'><strong>conservo</strong></span> <span class='ocrx_word' id='word_1_399' title='bbox 3777 4370 3921 4449; x_wconf 88' lang='lat' dir='ltr'><strong>tu0,</strong></span> 
     </span>
     <span class='ocr_line' id='line_1_33' title="bbox 517 4466 3920 4568; baseline -0.002 -14"><span class='ocrx_word' id='word_1_400' title='bbox 517 4466 647 4520; x_wconf 65' lang='lat'><strong>⁹⁰⁰³·</strong></span> <span class='ocrx_word' id='word_1_401' title='bbox 815 4493 890 4554; x_wconf 88' lang='lat' dir='ltr'><strong>ut</strong></span> <span class='ocrx_word' id='word_1_402' title='bbox 937 4488 1057 4552; x_wconf 84' lang='lat' dir='ltr'><strong>tibi</strong></span> <span class='ocrx_word' id='word_1_403' title='bbox 1096 4484 1482 4568; x_wconf 81' lang='lat' dir='ltr'><strong>exprobret3</strong></span> <span class='ocrx_word' id='word_1_404' title='bbox 1522 4484 1722 4547; x_wconf 91' lang='lat' dir='ltr'><strong>dicito</strong></span> <span class='ocrx_word' id='word_1_405' title='bbox 1769 4483 1934 4562; x_wconf 93' lang='lat' dir='ltr'><strong>Deo,</strong></span> <span class='ocrx_word' id='word_1_406' title='bbox 1980 4484 2097 4564; x_wconf 91' lang='lat' dir='ltr'><strong>qui</strong></span> <span class='ocrx_word' id='word_1_407' title='bbox 2142 4485 2325 4547; x_wconf 89' lang='lat' dir='ltr'><strong>curat</strong></span> <span class='ocrx_word' id='word_1_408' title='bbox 2370 4501 2469 4548; x_wconf 89' lang='lat' dir='ltr'><strong>ea.</strong></span> <span class='ocrx_word' id='word_1_409' title='bbox 2515 4485 2653 4549; x_wconf 91' lang='lat' dir='ltr'><strong>Nec</strong></span> <span class='ocrx_word' id='word_1_410' title='bbox 2700 4485 2877 4548; x_wconf 91' lang='lat' dir='ltr'><strong>enim</strong></span> <span class='ocrx_word' id='word_1_411' title='bbox 2928 4485 2986 4549; x_wconf 92' lang='lat' dir='ltr'><strong>si</strong></span> <span class='ocrx_word' id='word_1_412' title='bbox 3028 4503 3160 4548; x_wconf 92' lang='lat' dir='ltr'><strong>non</strong></span> <span class='ocrx_word' id='word_1_413' title='bbox 3208 4485 3479 4563; x_wconf 86' lang='lat' dir='ltr'><strong>dixeris,</strong></span> <span class='ocrx_word' id='word_1_414' title='bbox 3520 4485 3776 4565; x_wconf 83' lang='lat' dir='ltr'><strong>ignorat</strong></span> <span class='ocrx_word' id='word_1_415' title='bbox 3818 4501 3920 4547; x_wconf 89' lang='lat' dir='ltr'><strong>ea.</strong></span> 
     </span>
     <span class='ocr_line' id='line_1_34' title="bbox 815 4599 3924 4683; baseline -0.002 -13"><span class='ocrx_word' id='word_1_416' title='bbox 815 4607 1037 4681; x_wconf 89' lang='lat' dir='ltr'><strong>Quum</strong></span> <span class='ocrx_word' id='word_1_417' title='bbox 1076 4601 1361 4666; x_wconf 87' lang='lat' dir='ltr'><strong>faciebas</strong></span> <span class='ocrx_word' id='word_1_418' title='bbox 1392 4618 1491 4680; x_wconf 89' lang='lat' dir='ltr'><strong>ea,</strong></span> <span class='ocrx_word' id='word_1_419' title='bbox 1517 4601 1758 4681; x_wconf 68' lang='lat' dir='ltr'><strong>praesto</strong></span> <span class='ocrx_word' id='word_1_420' title='bbox 1797 4600 1970 4681; x_wconf 90' lang='lat' dir='ltr'><strong>erat;</strong></span> <span class='ocrx_word' id='word_1_421' title='bbox 2010 4617 2217 4680; x_wconf 93' lang='lat' dir='ltr'><strong>quum</strong></span> <span class='ocrx_word' id='word_1_422' title='bbox 2256 4601 2638 4665; x_wconf 87' lang='lat' dir='ltr'><strong>admit-teres</strong></span> <span class='ocrx_word' id='word_1_423' title='bbox 2666 4618 2765 4682; x_wconf 92' lang='lat' dir='ltr'><strong>ea,</strong></span> <span class='ocrx_word' id='word_1_424' title='bbox 2799 4602 3213 4683; x_wconf 84' lang='lat' dir='ltr'><strong>cognoverat.</strong></span> <span class='ocrx_word' id='word_1_425' title='bbox 3246 4599 3591 4681; x_wconf 90' lang='lat' dir='ltr'><strong>Numquid</strong></span> <span class='ocrx_word' id='word_1_426' title='bbox 3620 4599 3763 4663; x_wconf 87' lang='lat' dir='ltr'><strong>vult</strong></span> <span class='ocrx_word' id='word_1_427' title='bbox 3791 4617 3832 4662; x_wconf 89' lang='lat' dir='ltr'><strong>a</strong></span> <span class='ocrx_word' id='word_1_428' title='bbox 3860 4603 3924 4664; x_wconf 87' lang='lat' dir='ltr'><strong>te</strong></span> 
     </span>
    </p>

    <p class='ocr_par' dir='ltr' id='par_1_18' title="bbox 814 4711 3924 4804">
     <span class='ocr_line' id='line_1_35' title="bbox 814 4711 3924 4804; baseline -0.003 -15"><span class='ocrx_word' id='word_1_429' title='bbox 814 4741 892 4790; x_wconf 87' lang='lat' dir='ltr'><strong>ea</strong></span> <span class='ocrx_word' id='word_1_430' title='bbox 928 4717 1369 4804; x_wconf 83' lang='lat' dir='ltr'><strong>cognoscere?</strong></span> <span class='ocrx_word' id='word_1_431' title='bbox 1406 4717 1684 4781; x_wconf 88' lang='lat' dir='ltr'><strong>Peccare</strong></span> <span class='ocrx_word' id='word_1_432' title='bbox 1721 4732 1853 4778; x_wconf 91' lang='lat' dir='ltr'><strong>non</strong></span> <span class='ocrx_word' id='word_1_433' title='bbox 1891 4714 2237 4795; x_wconf 90' lang='lat' dir='ltr'><strong>erubuisti,</strong></span> <span class='ocrx_word' id='word_1_434' title='bbox 2272 4718 2337 4780; x_wconf 91' lang='lat' dir='ltr'><strong>et</strong></span> <span class='ocrx_word' id='word_1_435' title='bbox 2371 4711 2671 4780; x_wconf 86' lang='lat' dir='ltr'><strong>confiteri</strong></span> <span class='ocrx_word' id='word_1_436' title='bbox 2714 4715 3046 4781; x_wconf 88' lang='lat' dir='ltr'><strong>erubescis</strong></span> <span class='ocrx_word' id='word_1_437' title='bbox 3064 4715 3096 4778; x_wconf 65' lang='grc' dir='ltr'><strong>ἱ)</strong></span> <span class='ocrx_word' id='word_1_438' title='bbox 3132 4715 3353 4780; x_wconf 91' lang='lat' dir='ltr'><strong>Dicito</strong></span> <span class='ocrx_word' id='word_1_439' title='bbox 3391 4715 3463 4778; x_wconf 90' lang='lat' dir='ltr'><strong>in</strong></span> <span class='ocrx_word' id='word_1_440' title='bbox 3498 4715 3621 4778; x_wconf 93' lang='lat' dir='ltr'><strong>hac</strong></span> <span class='ocrx_word' id='word_1_441' title='bbox 3657 4715 3817 4796; x_wconf 85' lang='lat' dir='ltr'><strong>vita,</strong></span> <span class='ocrx_word' id='word_1_442' title='bbox 3850 4718 3924 4779; x_wconf 91' lang='lat' dir='ltr'><strong>ut</strong></span> 
     </span>
    </p>

    <p class='ocr_par' dir='ltr' id='par_1_19' title="bbox 815 4831 3925 4918">
     <span class='ocr_line' id='line_1_36' title="bbox 815 4831 3925 4918; baseline -0.003 -14"><span class='ocrx_word' id='word_1_443' title='bbox 815 4843 883 4906; x_wconf 90' lang='lat' dir='ltr'><strong>in</strong></span> <span class='ocrx_word' id='word_1_444' title='bbox 929 4840 1058 4903; x_wconf 91' lang='lat' dir='ltr'><strong>alia</strong></span> <span class='ocrx_word' id='word_1_445' title='bbox 1109 4836 1404 4918; x_wconf 88' lang='lat' dir='ltr'><strong>requiem</strong></span> <span class='ocrx_word' id='word_1_446' title='bbox 1451 4833 1730 4914; x_wconf 82' lang='lat' dir='ltr'><strong>habeas3</strong></span> <span class='ocrx_word' id='word_1_447' title='bbox 1779 4832 1980 4896; x_wconf 89' lang='lat' dir='ltr'><strong>dicito</strong></span> <span class='ocrx_word' id='word_1_448' title='bbox 2033 4833 2471 4915; x_wconf 84' lang='lat' dir='ltr'><strong>ingemiscens</strong></span> <span class='ocrx_word' id='word_1_449' title='bbox 2515 4835 2583 4898; x_wconf 89' lang='lat' dir='ltr'><strong>et</strong></span> <span class='ocrx_word' id='word_1_450' title='bbox 2628 4833 3002 4898; x_wconf 78' lang='lat' dir='ltr'><strong>lacrimans,</strong></span> <span class='ocrx_word' id='word_1_451' title='bbox 3054 4834 3130 4897; x_wconf 90' lang='lat' dir='ltr'><strong>In</strong></span> <span class='ocrx_word' id='word_1_452' title='bbox 3180 4833 3403 4897; x_wconf 88' lang='lat' dir='ltr'><strong>codice</strong></span> <span class='ocrx_word' id='word_1_453' title='bbox 3453 4831 3631 4897; x_wconf 90' lang='lat' dir='ltr'><strong>enim</strong></span> <span class='ocrx_word' id='word_1_454' title='bbox 3678 4833 3925 4915; x_wconf 83' lang='lat' dir='ltr'><strong>scripta</strong></span> 
     </span>
    </p>

    <p class='ocr_par' dir='ltr' id='par_1_20' title="bbox 518 4948 3925 5275">
     <span class='ocr_line' id='line_1_37' title="bbox 545 4948 3923 5047; baseline -0.002 -29"><span class='ocrx_word' id='word_1_455' title='bbox 545 4974 787 5047; x_wconf 62' lang='grc' dir='ltr'><strong>Ροφοιειιι,</strong></span> <span class='ocrx_word' id='word_1_456' title='bbox 815 4960 973 5024; x_wconf 90' lang='lat' dir='ltr'><strong>sunt</strong></span> <span class='ocrx_word' id='word_1_457' title='bbox 1007 4956 1271 5039; x_wconf 81' lang='lat' dir='ltr'><strong>peccata</strong></span> <span class='ocrx_word' id='word_1_458' title='bbox 1307 4955 1452 5032; x_wconf 91' lang='lat' dir='ltr'><strong>tua;</strong></span> <span class='ocrx_word' id='word_1_459' title='bbox 1493 4951 1771 5032; x_wconf 85' lang='lat' dir='ltr'><strong>spongia</strong></span> <span class='ocrx_word' id='word_1_460' title='bbox 1805 4953 2223 5032; x_wconf 89' lang='lat' dir='ltr'><strong>peccatorum</strong></span> <span class='ocrx_word' id='word_1_461' title='bbox 2266 4953 2529 5016; x_wconf 88' lang='lat' dir='ltr'><strong>tuorum</strong></span> <span class='ocrx_word' id='word_1_462' title='bbox 2568 4952 2857 5016; x_wconf 69' lang='lat' dir='ltr'><strong>lacrimae</strong></span> <span class='ocrx_word' id='word_1_463' title='bbox 2896 4953 3025 5015; x_wconf 88' lang='lat' dir='ltr'><strong>tuae</strong></span> <span class='ocrx_word' id='word_1_464' title='bbox 3062 4951 3217 5014; x_wconf 90' lang='lat' dir='ltr'><strong>sint.</strong></span> <span class='ocrx_word' id='word_1_465' title='bbox 3250 4949 3421 5014; x_wconf 89' lang='lat' dir='ltr'><strong>Item</strong></span> <span class='ocrx_word' id='word_1_466' title='bbox 3448 4949 3733 5030; x_wconf 89' lang='lat' dir='ltr'><strong>Prosper</strong></span> <span class='ocrx_word' id='word_1_467' title='bbox 3766 4968 3783 5010; x_wconf 76' lang='grc' dir='ltr'><strong><em>ε</em></strong></span> <span class='ocrx_word' id='word_1_468' title='bbox 3818 4948 3923 5012; x_wconf 87' lang='lat' dir='ltr'><strong>Illi</strong></span> 
     </span>
     <span class='ocr_line' id='line_1_38' title="bbox 518 5036 3925 5158; baseline -0.005 -14"><span class='ocrx_word' id='word_1_469' title='bbox 518 5036 790 5155; x_wconf 40' lang='lat' dir='ltr'><strong>31:1²⁸?ss</strong></span> <span class='ocrx_word' id='word_1_470' title='bbox 815 5089 1100 5158; x_wconf 87' lang='lat' dir='ltr'><strong>quorum</strong></span> <span class='ocrx_word' id='word_1_471' title='bbox 1149 5071 1413 5152; x_wconf 81' lang='lat' dir='ltr'><strong>peccata</strong></span> <span class='ocrx_word' id='word_1_472' title='bbox 1471 5067 1832 5130; x_wconf 89' lang='lat' dir='ltr'><strong>humanam</strong></span> <span class='ocrx_word' id='word_1_473' title='bbox 1895 5067 2201 5130; x_wconf 89' lang='lat' dir='ltr'><strong>notitiam</strong></span> <span class='ocrx_word' id='word_1_474' title='bbox 2249 5067 2473 5147; x_wconf 87' lang='lat' dir='ltr'><strong>latent,</strong></span> <span class='ocrx_word' id='word_1_475' title='bbox 2536 5085 2671 5132; x_wconf 91' lang='lat' dir='ltr'><strong>non</strong></span> <span class='ocrx_word' id='word_1_476' title='bbox 2730 5065 2813 5130; x_wconf 87' lang='lat' dir='ltr'><strong>ab</strong></span> <span class='ocrx_word' id='word_1_477' title='bbox 2864 5066 3029 5149; x_wconf 89' lang='lat' dir='ltr'><strong>ipsis</strong></span> <span class='ocrx_word' id='word_1_478' title='bbox 3082 5066 3406 5144; x_wconf 89' lang='lat' dir='ltr'><strong>confessa,</strong></span> <span class='ocrx_word' id='word_1_479' title='bbox 3466 5081 3589 5128; x_wconf 89' lang='lat' dir='ltr'><strong>nec</strong></span> <span class='ocrx_word' id='word_1_480' title='bbox 3636 5064 3721 5128; x_wconf 88' lang='lat' dir='ltr'><strong>ab</strong></span> <span class='ocrx_word' id='word_1_481' title='bbox 3774 5064 3925 5129; x_wconf 87' lang='lat' dir='ltr'><strong>aliis</strong></span> 
     </span>
     <span class='ocr_line' id='line_1_39' title="bbox 519 5165 3923 5275; baseline -0.003 -20"><span class='ocrx_word' id='word_1_482' title='bbox 519 5175 619 5214; x_wconf 76' lang='lat'><strong>&#39;&#39;&#39;⁶&#39;</strong></span> <span class='ocrx_word' id='word_1_483' title='bbox 637 5165 787 5214; x_wconf 83' lang='lat'>⁷&#39;¹²&#39;²&#39;</span> <span class='ocrx_word' id='word_1_484' title='bbox 817 5191 1172 5275; x_wconf 88' lang='lat' dir='ltr'><strong>publicata,</strong></span> <span class='ocrx_word' id='word_1_485' title='bbox 1203 5185 1259 5248; x_wconf 90' lang='lat' dir='ltr'><strong>si</strong></span> <span class='ocrx_word' id='word_1_486' title='bbox 1291 5203 1368 5249; x_wconf 89' lang='lat' dir='ltr'><strong>ea</strong></span> <span class='ocrx_word' id='word_1_487' title='bbox 1403 5183 1697 5247; x_wconf 86' lang='lat' dir='ltr'><strong>confiteri</strong></span> <span class='ocrx_word' id='word_1_488' title='bbox 1728 5183 1832 5246; x_wconf 86' lang='lat' dir='ltr'><strong>vel</strong></span> <span class='ocrx_word' id='word_1_489' title='bbox 1861 5184 2209 5248; x_wconf 89' lang='lat' dir='ltr'><strong>emendare</strong></span> <span class='ocrx_word' id='word_1_490' title='bbox 2238 5185 2590 5262; x_wconf 88' lang='lat' dir='ltr'><strong>noluerint,</strong></span> <span class='ocrx_word' id='word_1_491' title='bbox 2620 5185 2863 5264; x_wconf 92' lang='lat' dir='ltr'><strong>Deum,</strong></span> <span class='ocrx_word' id='word_1_492' title='bbox 2894 5200 3092 5265; x_wconf 89' lang='lat' dir='ltr'><strong>quem</strong></span> <span class='ocrx_word' id='word_1_493' title='bbox 3130 5181 3375 5246; x_wconf 89' lang='lat' dir='ltr'><strong>habent</strong></span> <span class='ocrx_word' id='word_1_494' title='bbox 3408 5183 3670 5260; x_wconf 59' lang='lat' dir='ltr'><strong>testem,</strong></span> <span class='ocrx_word' id='word_1_495' title='bbox 3702 5181 3923 5263; x_wconf 89' lang='lat' dir='ltr'><strong>ipsum</strong></span> 
     </span>
    </p>
   </div>
   <div class='ocr_carea' id='block_1_5' title="bbox 819 5296 3923 5382">
    <p class='ocr_par' dir='ltr' id='par_1_21' title="bbox 819 5296 3923 5382">
     <span class='ocr_line' id='line_1_40' title="bbox 819 5296 3923 5382; baseline -0.003 -11"><span class='ocrx_word' id='word_1_496' title='bbox 819 5308 886 5371; x_wconf 91' lang='lat' dir='ltr'><strong>et</strong></span> <span class='ocrx_word' id='word_1_497' title='bbox 924 5302 1211 5370; x_wconf 89' lang='lat' dir='ltr'><strong>habituri</strong></span> <span class='ocrx_word' id='word_1_498' title='bbox 1259 5301 1414 5365; x_wconf 88' lang='lat' dir='ltr'><strong>sunt</strong></span> <span class='ocrx_word' id='word_1_499' title='bbox 1461 5298 1767 5363; x_wconf 90' lang='lat' dir='ltr'><strong>ultorem.</strong></span> <span class='ocrx_word' id='word_1_500' title='bbox 1812 5298 2004 5372; x_wconf 90' lang='lat' dir='ltr'><strong>Quod</strong></span> <span class='ocrx_word' id='word_1_501' title='bbox 2050 5298 2108 5362; x_wconf 91' lang='lat' dir='ltr'><strong>si</strong></span> <span class='ocrx_word' id='word_1_502' title='bbox 2158 5300 2285 5382; x_wconf 90' lang='lat' dir='ltr'><strong>ipsi</strong></span> <span class='ocrx_word' id='word_1_503' title='bbox 2332 5300 2434 5364; x_wconf 92' lang='lat' dir='ltr'><strong>sui</strong></span> <span class='ocrx_word' id='word_1_504' title='bbox 2478 5300 2739 5382; x_wconf 85' lang='lat' dir='ltr'><strong>judices</strong></span> <span class='ocrx_word' id='word_1_505' title='bbox 2784 5300 2967 5380; x_wconf 88' lang='lat' dir='ltr'><strong>fiant,</strong></span> <span class='ocrx_word' id='word_1_506' title='bbox 3014 5300 3080 5364; x_wconf 89' lang='lat' dir='ltr'><strong>et</strong></span> <span class='ocrx_word' id='word_1_507' title='bbox 3126 5298 3331 5363; x_wconf 89' lang='lat' dir='ltr'><strong>veluti</strong></span> <span class='ocrx_word' id='word_1_508' title='bbox 3376 5315 3513 5362; x_wconf 85' lang='lat' dir='ltr'><strong>suae</strong></span> <span class='ocrx_word' id='word_1_509' title='bbox 3550 5296 3923 5380; x_wconf 87' lang='lat' dir='ltr'><strong>iniquitatis</strong></span> 
     </span>
    </p>
   </div>
  </div>
 </body>
</html>
