4267 6250
881 503 962 568 30
1965 517 2311 565 rnoumtm
2352 516 2911 565 consummmavi:

628 712 728 756 Aet.
757 724 858 762 xva,
888 692 1150 757 Actibus
1183 699 1566 775 protestatur
1592 691 1714 753 Vas
1745 689 1978 754 divinae
2007 689 2339 753 electionis
2364 708 2377 754 :
2402 689 2713 771 Tempora
2741 687 2972 770 prioris
3005 687 3374 770 ignorantiae
3405 687 3763 771 despiciens
3792 689 3985 764 DeuS,

587 777 655 818 ³⁰⁹
889 820 1060 864 nunc
1109 800 1445 863 annuntiat
1486 798 1856 862 hominibus
1907 805 1976 860 ut
2017 814 2241 860 omnes
2292 795 2531 878 ubique
2574 795 3017 880 poenitentiam
3058 803 3263 877 agant.
3308 795 3385 858 Et
3426 797 3545 860 hoc
3592 813 3847 878 quoque
3890 803 3991 858 est

887 909 1145 972 tertium
1192 908 1362 990 quod
1413 907 1477 969 in
1526 913 1986 990 praeassumpto
2027 904 2307 986 tangitur
2348 905 2648 978 themate,
2694 901 2849 965 dum
2894 902 3216 985 profertur
3256 923 3271 967 ε
3318 925 3353 964 α
3384 904 3537 986 quia
3583 923 3846 968 aversus
3888 912 3989 967 est

885 1016 1066 1080 furor
1109 1033 1290 1078 meus
1333 1015 1413 1078 ab
1455 1015 1550 1078 eis
1579 1037 1635 1076 ».

583 1248 852 1300 Pe.‹:v1.2⁰.
1004 1230 1182 1293 Circa
1222 1230 1392 1291 hunc
1424 1236 1722 1311 quartum
1763 1226 2000 1290 librum
2034 1226 2504 1290 Sententiarum
2538 1225 2597 1289 S.
2621 1226 2891 1289 Thomas
2926 1226 3255 1308 praemittit
3290 1244 3406 1309 pro
3434 1228 3715 1289 themate
3747 1247 3762 1291 ε
3794 1230 3988 1289 Misit

885 1339 1154 1399 Verbum
1184 1358 1376 1398 suum
1406 1346 1467 1397 et
1497 1337 1757 1397 sanavit
1787 1355 1911 1406 eos,
1942 1344 2004 1395 et
2035 1336 2285 1412 eripuit
2315 1354 2417 1394 eos
2444 1337 2525 1394 de
2556 1334 3051 1394 interitionibus
3080 1355 3324 1396 eorum.
3360 1334 3449 1396 Ex
3490 1341 3750 1417 peccato
3790 1335 3987 1417 primi

882 1444 1160 1506 hominis
1192 1445 1546 1506 humanum
1575 1461 1778 1525 genus
1808 1442 1935 1505 duo
1966 1441 2321 1504 incurrerat
2350 1440 2538 1513 mala,
2564 1447 2781 1523 utpote
2814 1449 3081 1504 mortem
3114 1451 3177 1503 et
3206 1441 3671 1504 infirmitatem.
3696 1442 3985 1516 Mortem,

581 1575 851 1624 hunno.
885 1559 1144 1634 propter
1188 1551 1652 1634 separationem
1693 1569 1732 1612 a
1767 1549 1916 1612 vitae
1953 1547 2294 1631 principi0,
2327 1547 2405 1610 de
2446 1565 2573 1630 quo
2613 1547 2679 1609 in
2718 1547 2963 1612 Psalmo
2998 1565 3013 1610 :
3044 1547 3355 1622 Quoniam
3396 1549 3566 1631 apud
3604 1557 3667 1612 te
3707 1557 3805 1611 est
3840 1547 3986 1612 fons

583 1683 854 1733 amma.
885 1659 1048 1722 vitae.
1085 1659 1259 1722 Unde
1288 1659 1368 1722 ad
1399 1659 1712 1721 Romanos
1751 1655 2056 1720 asseritur
2087 1673 2102 1718 ε
2135 1655 2253 1717 Per
2282 1673 2483 1716 unum
2518 1654 2844 1717 hominem
2882 1662 3217 1737 peccatum
3251 1656 3315 1718 in
3350 1657 3665 1719 mundum
3702 1656 3983 1730 intravit,

884 1771 948 1824 et
977 1782 1090 1845 per
1121 1770 1454 1845 peccatum
1489 1762 2141 1826 mors.lnfirmitatem
2173 1779 2345 1836 vero,
2361 1769 2620 1845 propter
2648 1763 3123 1826 destitutionem
3155 1763 3549 1846 gratiae,quae
3578 1771 3675 1826 θεῖ
3704 1763 3987 1844 hominis

581 1892 852 1943 Jemvffiu.
885 1871 1142 1944 sanitas,
1177 1889 1319 1954 quae
1364 1871 1430 1934 in
1472 1871 1747 1934 Ieremia
1790 1871 2076 1954 petitur:
2112 1871 2276 1934 Sana
2316 1889 2441 1944 mc,
2476 1869 2764 1944 Domine,
2797 1879 2861 1932 et
2903 1869 3191 1934 sanabor.
3234 1870 3327 1932 Ad
3374 1871 3493 1934 hoc
3536 1879 3749 1934 autem
3798 1870 3986 1933 suffi-

596 1999 848 2050 Εοοιε.ι,5.
884 1978 1059 2041 ciens
1107 1979 1464 2041 remedium
1514 1979 1734 2041 haberi
1785 1997 1912 2042 non
1961 1986 2208 2062 poterat
2255 1978 2380 2041 nisi
2430 1996 2507 2040 ex
2556 1977 2762 2041 Verbo
2807 1978 2940 2052 Dei,
2984 1979 3155 2060 quod
3204 1986 3301 2041 est
3347 1978 3491 2041 fons
3538 1979 3867 2062 sapientiae
3916 1979 3980 2041 in

609 2109 848 2157 flectam.
883 2086 1174 2160 excelsiS,
1208 2093 1272 2148 et
1309 2105 1424 2169 per
1466 2105 1863 2169 consequens
1905 2087 2050 2150 vitae
2086 2106 2099 2151 :
2140 2086 2444 2168 quoniam
2486 2085 2800 2168 sapientia
2840 2085 3035 2149 vitam
3081 2104 3197 2149 suo
3240 2086 3467 2148 tribuit
3509 2087 3878 2170 possessori,
3912 2096 3985 2149 ut

585 2177 652 2216 ¹³‘
882 2195 948 2257 in
979 2193 1359 2257 Ecclesiaste
1400 2193 1648 2277 legitur.
1685 2195 1902 2278 Ipsum
1943 2212 2200 2277 quoque
2240 2201 2337 2256 est
2376 2193 2577 2256 virtus
2621 2193 2756 2267 Dei,
2790 2208 2917 2275 quo
2960 2193 3177 2255 omnia
3217 2200 3567 2275 portantur,
3596 2193 3777 2274 juxta
3820 2193 3982 2256 illud

607 2325 849 2376 neonus.
880 2303 959 2365 ad
992 2301 1285 2365 Hebraeos
1320 2322 1334 2366 :
1366 2302 1624 2364 Portans
1653 2302 1872 2364 omnia
1900 2301 2097 2364 verbo
2125 2301 2383 2364 virtutis
2414 2319 2563 2364 suae.
2596 2301 2744 2363 Ideo
2771 2297 3007 2363 efficax
3041 2307 3137 2362 est
3164 2300 3242 2362 ad
3282 2298 3726 2364 infirmitatem
3758 2301 3985 2365 tollen-

621 2433 850 2490 Sap.xv1,
881 2411 1049 2484 dam,
1083 2401 1641 2473 secundum‘illud
1685 2409 2023 2492 Sapientiae
2058 2429 2071 2473 :
2105 2409 2324 2490 Neque
2364 2408 2563 2471 herba
2606 2425 2814 2490 neque
2856 2408 3167 2489 malagma
3208 2409 3455 2471 sanavit
3493 2427 3623 2484 θοε,
3656 2410 3766 2472 sed
3806 2417 3982 2484 tuuS,

583 2501 851 2611 ssgbnmffi
885 2519 1171 2593 Domine,
1207 2534 1437 2593 serm0,
1470 2518 1582 2600 qui
1611 2524 1790 2580 sanat
1819 2518 2054 2580 omnia.
2089 2517 2425 2597 Quumque
2454 2515 2641 2578 vivus
2680 2516 2765 2578 sit
2792 2532 3000 2577 sermo
3041 2515 3153 2578 Dei
3192 2524 3257 2578 et
3294 2515 3550 2591 efficax,
3584 2523 3649 2580 et
3687 2527 3981 2599 penetra-

883 2624 1076 2688 bilior
1113 2624 1291 2688 omni
1333 2623 1544 2705 gladio
1584 2624 1873 2706 ancipiti,
1909 2632 1980 2686 ut
2015 2624 2091 2685 ad
2135 2622 2430 2686 Hebraeos
2470 2622 2700 2685 Paulus
2727 2623 2817 2685 ait
2834 2640 2857 2702 3·
2893 2623 3325 2686 necessarium
3355 2622 3500 2698 fuit,
3530 2624 3609 2686 ad
3654 2624 3774 2687 hoc
3812 2626 3987 2707 quod

887 2731 1202 2795 medicina
1233 2738 1362 2793 tam
1393 2730 1576 2794 fortis
1615 2730 1800 2794 nobis
1841 2731 2206 2814 proficeret,
2240 2733 2411 2814 quod
2441 2731 2498 2794 ei
2530 2731 2739 2794 carnis
2773 2739 3003 2796 nostrae
3032 2730 3375 2795 infirmitas
3406 2733 3882 2815 adjungeretur,
3916 2743 3989 2798 ut

581 2863 762 2916 ιιι-4....
787 2865 850 2906 ιτ.
885 2839 1071 2902 nobis
1103 2839 1303 2920 magis
1334 2847 1729 2920 congrueret.
1755 2840 1930 2902 Unde
1959 2840 2037 2902 ad
2069 2839 2365 2904 Hebraeos
2396 2859 2615 2903 rursus
2646 2840 3007 2903 inducitur:
3033 2839 3265 2903 Debuit
3292 2859 3406 2923 per
3434 2842 3653 2904 omnia
3678 2842 3986 2906 fratribus

583 2963 849 3015 Ιοωιωμ
883 2947 1177 3020 similari,
1199 2953 1268 3008 ut
1297 2946 1659 3009 misericors
1689 2945 1892 3009 fieret.
1919 2947 2066 3010 ideo
2095 2948 2375 3011 Verbum
2407 2966 2553 3011 caro
2582 2947 2822 3010 factum
2852 2955 2969 3023 est,
2987 2955 3052 3010 et
3079 2947 3391 3010 habitavit
3418 2949 3482 3010 in
3514 2949 3721 3012 nobis.
3746 2950 3983 3012 Verum

882 3055 1034 3139 quia
1072 3055 1206 3119 haec
1246 3053 1564 3116 medicina
1590 3061 1780 3118 tantae
1819 3062 1916 3117 est
1944 3053 2275 3132 efficaciae,
2308 3063 2381 3118 ut
2408 3073 2631 3118 omnes
2672 3055 2873 3139 possit
2900 3074 3123 3118 sanare
3156 3073 3171 3117 ε
3205 3055 3357 3118 hinc
3394 3056 3475 3119 ab
3514 3056 3633 3120 hac
3672 3057 3881 3140 prima
3916 3065 3984 3121 et

880 3164 1227 3229 universali
1270 3165 1586 3229 medicina
1613 3181 1836 3228 omnes
1864 3164 2004 3226 aliae
2035 3164 2453 3245 particulares
2492 3164 2827 3227 medicinae
2856 3165 3229 3246 procedunt,
3262 3165 3608 3228 universali
3647 3166 3983 3231 medicinae

879 3272 1282 3353 conformes3
1323 3272 1560 3355 quibus
1591 3270 2042 3345 mediantibus,
2074 3271 2281 3335 virtus
2312 3271 2691 3334 universalis
2724 3271 3057 3335 medicinae
3086 3272 3417 3354 proveniat
3444 3272 3524 3335 ad
3554 3272 3866 3336 infirmos.
3904 3273 3983 3335 Et

879 3382 1014 3445 haec
1043 3388 1202 3447 sunt
1238 3386 1653 3453 sacramenta,
1687 3380 1752 3441 in
1792 3378 2030 3461 quibus
2069 3378 2192 3441 sub
2236 3385 2605 3460 tegumento
2632 3378 2989 3441 visibilium
3030 3396 3244 3441 rerum
3274 3380 3477 3442 virtus
3512 3380 3733 3443 divina
3772 3400 3981 3445 secre-

880 3488 1008 3549 tius
1049 3496 1352 3570 operatur
1393 3486 1686 3561 salutem,
1717 3494 1791 3548 ut
1830 3486 2058 3549 asserit
2097 3486 2511 3566 Augustinus.

999 3595 1103 3658 Sic
1131 3613 1292 3676 ergo
1333 3594 1399 3657 in
1429 3594 1644 3657 verbis
1673 3593 2027 3676 propositis
2069 3594 2191 3655 tria
2228 3600 2574 3674 tanguntur
2608 3610 2623 3655 ε
2658 3592 2941 3675 primum
2980 3600 3077 3656 est
3116 3594 3452 3657 medicinae
3490 3595 3842 3676 confecti03
3883 3615 3981 3659 se·

877 3702 1184 3777 cundum,
1219 3702 1610 3765 infirmitatis
1651 3702 1896 3765 curatio
1914 3718 1942 3781 ;·
1975 3701 2258 3775 tertium,
2293 3700 2583 3763 liberatio
2620 3719 2658 3762 a
2696 3709 2917 3763 morte.
2952 3701 3235 3763 Primum
3276 3702 3556 3783 tangitur
3598 3702 3711 3777 ibi,
3746 3726 3781 3763 «
3810 3703 3983 3767 Misit

879 3809 1156 3873 Verbum
1201 3828 1390 3872 suum
1421 3832 1478 3881 n,
1512 3807 1846 3872 referendo
1888 3808 2010 3872 hoc
2050 3808 2130 3871 ad
2170 3806 2361 3870 Verbi
2406 3808 2929 3881 incarnationem,
2960 3808 3131 3889 quod
3170 3826 3246 3872 eo
3285 3808 3425 3891 ipso
3461 3810 3699 3872 dicitur
3734 3810 3979 3873 factum

585 3940 850 3992 concam,
877 3934 953 3979 ac
984 3918 1277 3993 missum,
1311 3934 1440 4000 quo
1468 3935 1614 3980 caro
1641 3917 1904 3991 factum,
1934 3917 2117 3998 juxta
2148 3916 2307 3978 illud
2337 3915 2415 3977 ad
2446 3915 2715 3990 GalataS,
2748 3915 2916 3978 Misit
2944 3917 3111 3979 Deus
3142 3916 3373 3979 Filium
3404 3936 3591 3979 suum
3626 3917 3863 3981 factum
3896 3938 3978 3981 ex

881 4025 1185 4104 muliere3
1218 4033 1283 4088 et
1309 4025 1389 4087 ad
1419 4032 1958 4087 sacramentorum
1993 4022 2482 4097 institutionem,
2518 4024 2582 4085 in
2613 4024 2849 4105 quibus
2876 4024 3122 4087 accedit
3150 4024 3420 4087 verbum
3448 4025 3527 4087 ad
3556 4025 3974 4102 elementum,

877 4140 942 4195 et
978 4131 1056 4194 fit
1093 4139 1584 4204 sacramentum,
1617 4139 1931 4213 quatenus
1973 4132 2067 4193 sic
2105 4132 2190 4193 sit
2232 4130 2641 4194 conformitas
2682 4132 3063 4195 sacramenti
3106 4132 3185 4194 ad
3226 4132 3503 4195 Verbum
3548 4133 3971 4198 incarnatum.

579 4263 848 4317 minuans.
878 4237 1326 4303 Sanctificatur
1367 4257 1642 4320 namque
1685 4245 1975 4301 creatura
2015 4238 2341 4301 sensibilis
2386 4258 2501 4321 per
2537 4238 2816 4302 Verbum
2862 4240 2971 4302 Dei
3012 4247 3075 4302 et
3117 4242 3489 4316 orationem,
3534 4248 3605 4303 ut
3644 4242 3853 4324 primo
3892 4242 3976 4306 ad

877 4347 1280 4410 Timotheum
1311 4346 1598 4409 habetur.
1621 4345 1874 4410 Sanatio
1902 4354 2116 4409 autem
2148 4345 2228 4408 ab
2261 4344 2633 4409 infirmitate
2664 4348 2905 4430 peccati
2939 4347 3483 4431 reliquiarumque
3512 4349 3676 4430 ejus,
3694 4351 3979 4432 tangitur

635 4487 782 4532 ΕΜ,
877 4454 992 4529 ibi,
1028 4476 1062 4513 «
1085 4462 1156 4517 et
1183 4454 1429 4517 sanavit
1456 4470 1564 4515 eos
1595 4475 1630 4513 »
1665 4472 1680 4517 ε
1714 4472 1858 4536 quae
1895 4454 2136 4517 sanatio
2166 4453 2244 4515 fit
2272 4472 2388 4536 per
2411 4462 2839 4530 sacramenta,
2874 4474 3014 4537 quae
3052 4463 3202 4517 sunt
3229 4456 3410 4538 quasi
3450 4466 3769 4538 unguenta
3806 4460 3977 4521 sani·

579 4553 833 4665 xssssffi’nfs.
875 4563 1046 4636 tatis,
1079 4580 1221 4643 quae
1263 4561 1550 4625 Christus
1591 4568 1892 4643 tanquam
1937 4562 2400 4642 unguentarius
2436 4561 2731 4625 confecit.
2776 4563 2951 4626 Unde
2995 4562 3061 4625 in
3103 4562 3349 4625 Psalmo
3384 4563 3549 4637 :Qui
3592 4565 3979 4647 propitiatur

876 4668 1176 4734 omnibus
1219 4668 1663 4752 iniquitatibus
1706 4669 1857 4744 tuis,
1891 4676 2201 4752 quantum
2249 4670 2327 4732 ad
2372 4677 2668 4752 peccata3
2710 4671 2821 4752 qui
2865 4679 3043 4733 sanat
3086 4688 3309 4733 omnes
3353 4671 3761 4735 infirmitates
3806 4681 3973 4749 tuas,

825 4836 839 4851 ,
875 4788 1186 4863 quantum
1223 4780 1302 4841 ad
1340 4786 1746 4861 peccatorum
1787 4777 2108 4860 reliquias.
2145 4778 2463 4843 Liberatio
2503 4796 2759 4861 quoque
2796 4798 2835 4841 a
2874 4786 3075 4841 morte
3112 4780 3394 4861 tangitur
3431 4780 3544 4856 ibi,
3580 4802 3615 4841 «
3644 4790 3711 4844 et
3736 4782 3981 4865 eripuit

874 4906 984 4951 eos
1011 4888 1091 4951 de
1120 4886 1594 4951 interitionibus
1623 4904 1847 4950 eorum
1869 4908 1924 4948 ».
1960 4887 2259 4949 Interitus
2290 4904 2566 4969 namque
2594 4887 2963 4951 violentiam
2993 4889 3070 4951 ad
3103 4897 3373 4952 mortem
3404 4890 3773 4971 significare
3798 4892 3977 4954 vide-

877 5005 998 5060 tur.
1043 4998 1274 5081 Sicque
1315 5016 1393 5061 ex
1435 4997 1650 5061 verbis
1694 4995 2037 5080 propositis
2081 4996 2205 5058 tria
2246 4996 2653 5078 accipiuntur
2691 4996 2859 5058 circa
2902 4996 3074 5059 hunc
3124 5005 3421 5080 quartum
3466 4998 3725 5073 librum,
3768 5008 3975 5082 puta:

876 5107 1160 5180 materia,
1193 5107 1342 5189 quia
1386 5106 1449 5168 in
1490 5124 1566 5169 eo
1601 5106 1813 5188 agitur
1849 5104 1930 5167 de
1972 5104 2387 5166 sacramentis
2430 5112 2622 5185 atque
2660 5104 2739 5166 de
2783 5106 3248 5170 resurrectione
3291 5113 3355 5169 et
3396 5106 3598 5188 gloria
3640 5126 3975 5191 resurgen-

873 5215 1073 5293 tium3
1107 5214 1260 5277 item
1291 5214 1684 5277 continuatio
1711 5212 1790 5275 ad
1823 5212 2082 5275 tertium
2126 5210 2384 5285 librum,
2419 5210 2487 5273 in
2517 5230 2645 5294 quo
2674 5212 2885 5294 agitur
2912 5213 2991 5276 de
3024 5214 3325 5277 missione
3355 5214 3545 5277 Verbi
3586 5216 3652 5277 in
3689 5234 3971 5293 carnem,

875 5320 1036 5384 etin
1071 5320 1196 5384 -hoc
1235 5328 1463 5403 quarto
1499 5321 1580 5382 de
1616 5318 1958 5383 effectibus
1988 5319 2179 5383 Verbi
2218 5322 2525 5384 incarnati
2545 5338 2563 5402 ;
2607 5321 2839 5385 divisio
2881 5340 3135 5406 quoque
3172 5320 3322 5386 libri
3366 5324 3552 5387 istius
3592 5325 3823 5406 quarti,
3856 5326 3971 5409 qui
