4267 6250
57 1848 60 1909 ζ
128 1890 249 1945 Ερᾰω.

1426 522 2022 582 Qusssrmucumuu
2062 524 2311 572 sommo

3298 502 3416 569 163

330 700 525 757 tamen
574 694 779 758 forma
826 695 1031 759 multo
1082 694 1285 777 magis
1334 694 1665 758 dissimilis
1717 702 1815 762 est
1840 696 1889 759 A
1922 702 2018 759 est
2047 695 2170 760 nisi
2200 696 2594 779 geminatum
2625 695 2965 777 singulare,
2991 694 3260 775 ideoque
3289 708 3417 756 non

328 792 531 856 formae
560 793 879 867 Ecclesiae,
913 813 1039 876 qua
1068 811 1183 858 nos
1228 793 1491 867 utimur,
1523 813 1716 875 quam
1756 793 1809 855 si

330 890 613 965 dicerent,
640 890 771 955 Nos
811 899 875 953 te
916 891 1334 973 baptizamus.
1372 890 1493 953 Sed
1524 891 1809 953 conside-

330 988 600 1062 randum,
634 990 802 1071 quod
834 1008 911 1052 ex
943 990 1063 1052 hac
1092 988 1319 1062 forma,
1352 989 1477 1051 Nos
1518 996 1579 1051 te
1611 988 1811 1070 bapti-

330 1105 548 1161 zamuS,
586 1088 972 1169 exprimitur
1011 1086 1157 1149 talis
1204 1086 1495 1161 intentio,
1534 1086 1809 1168 talisque

330 1203 556 1257 sensuS,
588 1186 757 1267 quod
798 1186 1017 1267 plures
1058 1184 1442 1247 conveniant
1476 1184 1555 1246 ad
1594 1182 1807 1247 confe-

329 1282 577 1344 rendum
633 1303 835 1346 unum
886 1282 1284 1366 Baptismum
1337 1299 1352 1344 ι
1403 1282 1572 1363 quod
1629 1281 1806 1343 vide·

328 1385 424 1441 tur
456 1398 589 1443 esse
616 1389 835 1444 eontra
864 1380 1208 1443 ministerii
1242 1380 1571 1442 rationem.
1607 1378 1809 1442 Homo

328 1478 485 1540 enim
531 1496 654 1541 non
705 1479 985 1562 baptizat
1033 1478 1155 1540 nisi
1219 1485 1290 1541 ut
1338 1478 1568 1541 Christi
1620 1478 1807 1539 mini-

329 1584 461 1649 ster,
505 1585 569 1639 et
612 1578 819 1640 vicem
874 1577 1076 1659 ipsius
1123 1595 1369 1658 gerens.
1418 1576 1593 1640 Unde
1642 1575 1809 1637 sicut

330 1694 479 1737 unus
524 1683 619 1737 est
660 1676 973 1750 ChristuS,
1007 1675 1093 1737 ita
1132 1682 1381 1757 oportet
1422 1694 1623 1737 unum
1666 1692 1806 1736 esse

332 1773 671 1837 ministrum
704 1774 814 1856 qui
848 1774 1171 1837 Christum
1202 1780 1631 1855 repraesentet.
1666 1773 1807 1835 Pro-

332 1970 500 2043 Deus‚
554 1991 678 2034 una
740 1970 925 2045 rides,
984 1989 1185 2033 unum
1245 1970 1584 2052 Baptisma.
1647 1969 1805 2032 Hinc

330 2070 623 2131 contraria
678 2069 951 2132 intentio
998 2069 1253 2131 videtur
1302 2067 1639 2131 excludere
1698 2068 1807 2129 Ba-

330 2167 528 2247 ptismi
570 2175 1057 2231 sacramentum.
1106 2167 1168 2230 Si
1213 2184 1366 2230 vero
1407 2173 1677 2248 uterque
1715 2165 1806 2227 di-

330 2273 503 2339 ceret,
554 2266 679 2347 Ego
737 2274 804 2328 te
860 2264 1113 2347 baptizo
1165 2267 1229 2328 in
1288 2264 1549 2327 nomine
1607 2264 1804 2327 Patris

327 2372 381 2424 et
420 2364 555 2425 Filii
598 2372 661 2427 et
706 2364 983 2446 Spiritus
1023 2363 1259 2437 Sancti,
1294 2370 1561 2444 uterque
1599 2362 1805 2444 expri-

328 2470 509 2524 meret
557 2481 735 2524 suam
786 2461 1207 2524 intentionem
1260 2460 1443 2543 quasi
1494 2460 1631 2542 ipse
1680 2460 1805 2522 sin-

324 2559 605 2639 gulariter
643 2560 993 2642 baptizaret
1036 2576 1049 2621 :
1099 2560 1268 2641 quod
1308 2566 1524 2642 posset
1560 2558 1804 2621 contin—

323 2676 455 2737 gere
478 2659 731 2741 quando
758 2666 1027 2741 uterque
1052 2658 1445 2721 contentiose
1470 2664 1805 2720 conaretur

323 2756 583 2838 aliquem
630 2756 972 2840 baptizare.
1028 2756 1105 2819 Et
1159 2763 1425 2831 constat,
1475 2756 1644 2837 quod
1694 2756 1803 2817 ille

324 2862 460 2917 tunc
505 2855 854 2938 baptizaret
910 2854 1023 2937 qui
1070 2855 1267 2918 verba
1324 2855 1502 2937 prius
1560 2853 1800 2929 finiret,

322 2960 377 3014 et
418 2954 573 3016 alius
632 2962 1227 3037 quantumcumque
1273 2953 1379 3034 jus
1435 2952 1802 3035 baptizandi

1922 802 2204 857 mutatur
2231 794 2438 857 forma
2467 794 2764 857 Ecclesiae
2796 813 2995 876 quum
3025 790 3422 871 dicitur,Fsgo

1919 891 2172 974 baptizo
2203 910 2336 967 νος,
2371 892 2694 955 videretur
2723 910 2841 955 nec
2871 892 2976 953 hic
3008 890 3262 964 mutari,
3294 888 3420 951 Nos

1918 987 2318 1072 baptizamus
2345 998 2441 1070 te;
2473 990 2584 1052 sed
2623 990 2796 1052 aliud
2836 988 3102 1052 forsitan
3138 987 3372 1051 obviat.

1998 1088 2158 1149 Hinc
2189 1088 2539 1151 Richardus
2562 1106 2576 1149 :
2602 1089 2690 1150 De
2720 1087 3096 1151 necessitate
3114 1085 3258 1166 (ait)
3279 1084 3420 1147 uni-

1919 1206 1993 1248 us
2024 1194 2204 1249 actus
2235 1186 2703 1269 baptizationis,
2738 1185 2948 1248 unitas
2988 1192 3084 1247 est
3115 1182 3414 1257 ministri,

1916 1285 1995 1346 ad
2026 1285 2356 1347 vitandum
2399 1292 2731 1366 peccatum
2765 1303 2843 1347 ex
2882 1290 3062 1367 parte
3096 1282 3415 1363 baptizan-

1916 1382 2020 1456 tis,
2054 1381 2180 1443 nisi
2211 1380 2374 1444 forte
2405 1382 2470 1444 in
2501 1400 2650 1444 casu
2689 1381 2905 1465 plures
2939 1379 3282 1443 necessarii
3320 1398 3416 1441 es-

1916 1488 2059 1541 sent
2106 1480 2185 1541 ad
2237 1499 2509 1562 puerum
2557 1480 2968 1543 abluendum.
3017 1478 3153 1541 Non
3201 1484 3417 1540 autem

1916 1586 2013 1641 est
2050 1579 2128 1640 de
2169 1578 2546 1642 necessitate
2586 1586 2895 1660 quantum
2933 1577 3012 1639 ad
3054 1574 3417 1639 efficaciam

1916 1677 2318 1740 sacramenti.
2371 1677 2588 1739 Modus
2637 1677 2808 1739 enim
2867 1674 3268 1757 exprimendi
3315 1693 3417 1738 ac-

1917 1782 2054 1837 tum
2097 1774 2484 1857 baptizandi,
2516 1782 2707 1856 atque
2754 1773 3081 1856 expressio
3130 1790 3417 1855 personae

296 1878 457 1952 ,pter
492 1873 656 1954 quod
707 1873 1035 1954 signanter
1080 1872 1169 1933 ait
1209 1872 1598 1954 Apostolus:
1633 1872 1805 1933 Unus
1839 1874 1887 1939 B
1920 1874 2221 1947 ministri,
2271 1890 2398 1936 non
2449 1880 2598 1935 sunt
2645 1873 2722 1935 de
2770 1871 3146 1934 necessitate
3195 1868 3415 1933 effica-

1918 1970 2032 2035 ciae
2080 1971 2485 2045 sacramenti,
2526 1990 2726 2053 quum
2771 1970 2902 2032 sint
2947 1988 3025 2032 ex
3075 1969 3414 2032 traditione

1918 2068 2236 2132 Ecclesiae.
2273 2070 2449 2133 Unde
2490 2086 2618 2132 non
2659 2068 2913 2131 videtur
2943 2086 3296 2150 repugnare
3327 2066 3417 2129 ef-

1916 2166 2160 2231 ficaciae
2191 2168 2594 2242 sacramenti,
2629 2186 2901 2249 puerum
2933 2167 3127 2229 simul
3156 2186 3192 2228 a
3221 2166 3417 2249 pluri-

1917 2265 2037 2328 bus
2088 2265 2395 2349 baptizari
2445 2285 2558 2329 seu
2609 2266 2805 2329 ablui.
2851 2266 2994 2329 Haec
3040 2265 3411 2328 RicharduS.

1915 2400 1995 2410 —
2026 2364 2140 2427 Cui
2184 2365 2469 2446 opinioni
2515 2364 2771 2427 videtur
2809 2364 3028 2427 Petrus
3073 2363 3220 2446 plus
3269 2380 3417 2427 con-

1917 2464 2196 2526 cordare.

1994 2559 2292 2623 Albertus
2336 2578 2591 2643 quoque
2642 2560 2895 2635 fatetur,
2929 2560 3098 2642 quod
3148 2561 3300 2623 dum
3347 2560 3414 2623 in

1914 2660 2328 2722 sacramentis
2368 2666 2657 2722 servatur
2687 2659 2750 2721 id
2790 2659 2960 2741 quod
2999 2664 3096 2721 est
3129 2678 3208 2722 ex
3235 2659 3413 2721 insti-

1914 2757 2160 2821 tutione
2217 2757 2454 2831 divina,
2507 2757 2800 2839 quamvis
2858 2757 3186 2819 omittatur
3242 2758 3414 2839 quod

1914 2862 2010 2917 est
2041 2873 2117 2918 ex
2160 2856 2558 2918 institutione
2593 2854 2912 2931 Ecclesiae,
2945 2862 3410 2918 sacramentum

1914 2953 2263 3029 confertur,
2307 2954 2599 3036 quamvis
2644 2960 2944 3036 peccetur
2991 2953 3117 3017 nisi
3155 2961 3418 3017 excuset

322 3050 584 3123 haberet,
627 3051 718 3114 nil
766 3052 1025 3115 faceret.
1072 3051 1149 3113 Et
1188 3052 1242 3114 si
1291 3050 1485 3114 verba
1525 3069 1805 3134 pronun·
1836 3055 1878 3119 C
1914 3053 2278 3116 necessitas.
2314 3052 2494 3116 Circa
2523 3052 2694 3115 istud
2723 3052 2956 3130 diversi
2987 3052 3416 3115 diversimode

322 3150 463 3212 tiare
519 3157 955 3233 praesumeret,
1015 3157 1183 3213 esset
1248 3149 1611 3232 puniendus
1667 3157 1802 3212 tan-

322 3266 495 3328 quam
550 3248 993 3331 rebaptizator.
1049 3247 1113 3310 Si
1163 3265 1317 3310 vero
1372 3247 1563 3310 ambo
1608 3247 1801 3310 simul

321 3347 517 3408 omnia
552 3345 749 3409 verba
788 3344 1169 3428 proferrent,
1202 3352 1267 3408 et
1308 3345 1637 3408 hominem
1686 3345 1801 3407 im-

324 3452 659 3524 mergerent
706 3444 843 3506 sive
892 3443 1367 3525 adspergerent,
1420 3451 1635 3507 essent
1690 3463 1803 3526 pu-

320 3539 518 3603 niendi
545 3543 627 3604 de
658 3541 1018 3604 inordinato
1050 3540 1237 3604 modo
1268 3540 1652 3623 baptizandi,
1673 3559 1799 3604 non

321 3637 389 3698 de
416 3639 741 3702 iteratione
769 3638 1101 3721 Baptismi‚
1122 3639 1275 3720 quia
1302 3646 1570 3720 uterque
1601 3639 1803 3701 inten-

320 3735 481 3798 deret
524 3755 653 3801 non
694 3737 1087 3819 baptizatum
1130 3736 1485 3819 baptizare3
1528 3745 1592 3799 et
1634 3745 1801 3799 uter·

320 3851 433 3914 que
480 3842 791 3916 quantum
840 3835 907 3897 in
966 3853 1033 3897 se
1090 3842 1205 3909 est,
1259 3834 1624 3917 baptizaret.
1679 3835 1800 3898 Sed

320 3930 589 3994 Christus
629 3932 803 3994 intus
842 3931 1167 4014 baptizans
1208 3951 1409 3995 unum
1448 3951 1802 3996 sacramen-

320 4035 443 4092 tum
485 4049 599 4112 per
641 4037 988 4112 utrumque
1026 4029 1363 4093 conferret.
1396 4066 1477 4076 —
1504 4031 1694 4093 Porro
1734 4031 1800 4094 in

320 4145 455 4191 casu
482 4129 901 4202 necessitatis»,
926 4147 1091 4192 unus
1122 4136 1330 4212 potest
1358 4129 1549 4192 simul
1583 4130 1799 4212 plures

1914 3153 2214 3227 sentiunt,
2229 3152 2613 3235 quibusdam
2641 3152 3113 3216 adhaerentibus
3144 3153 3255 3215 uni
3285 3152 3417 3235 opi-

1914 3251 2115 3326 nioni,
2161 3250 2304 3315 aliis
2346 3250 2549 3313 alteri.

1993 3349 2217 3411 Scotus
2256 3349 2517 3412 demum
2569 3348 2768 3429 magis
2811 3348 3130 3411 consentit
3170 3347 3414 3431 opinio-

1913 3447 1979 3508 ni
2019 3466 2096 3509 ex
2139 3446 2448 3510 Richardo
2486 3454 2772 3520 narratae,
2806 3454 2869 3508 et
2908 3446 3153 3529 prolixe
3187 3446 3414 3510 scribit

1912 3545 1991 3608 de
2021 3545 2140 3618 his,
2173 3545 2525 3627 praesertim
2557 3545 2710 3606 dum
2743 3544 3025 3607 nascitur
3055 3549 3411 3607 monstrum

1911 3642 1991 3704 de
2040 3660 2166 3724 quo
2216 3641 2541 3723 ignoratur
2587 3659 2670 3702 an
2718 3641 2802 3703 sit
2849 3659 3016 3703 unus
3065 3639 3259 3703 homo
3305 3639 3410 3702 vel

1911 3740 2059 3814 duc,
2083 3747 2146 3804 et
2175 3739 2445 3822 qualiter
2473 3738 2538 3800 id
2568 3738 2769 3820 possit
2798 3737 3112 3818 cognosci.
3146 3736 3413 3800 Recitat-

1911 3857 2037 3920 que
2078 3839 2144 3900 in
2185 3837 2446 3900 Francia
2488 3843 2844 3898 monstrum
2887 3834 3086 3897 fuisse
3114 3835 3214 3915 (ut
3255 3834 3410 3897 dici-

1910 3937 2042 4018 tur)
2070 3936 2240 4017 quod
2278 3934 2503 3997 habuit
2530 3933 2738 4016 capita
2774 3933 2922 4007 duo,
2956 3932 3241 4014 duasque
3279 3931 3414 3995 ani-

1912 4054 2066 4097 mas.
2120 4033 2298 4108 Quod
2357 4033 2564 4116 patuit
2620 4031 2789 4106 inde,
2841 4030 3011 4113 quod
3070 4030 3136 4092 in
3193 4030 3410 4094 adulta

1909 4140 2089 4196 aetate
2120 4150 2237 4214 per
2270 4150 2471 4193 unum
2511 4137 2701 4212 caput
2738 4147 2865 4192 una
2895 4128 3110 4192 anima
3149 4145 3408 4210 respon·

320 4224 623 4310 baptizare
654 4227 778 4291 sub
818 4228 937 4291 hac
974 4225 1200 4303 forma,
1234 4228 1363 4310 Ego
1394 4245 1509 4291 vos
1548 4228 1801 4311 baptizo
1831 4233 1881 4296 D
1909 4232 2004 4294 dit
2050 4249 2119 4293 se
2167 4230 2410 4312 aliquid
2453 4229 2640 4303 velle,
2682 4234 2754 4290 ut
2793 4227 2959 4292 velle
3007 4227 3408 4292 continenter

319 4333 452 4401 etc„
480 4335 552 4390 ut
576 4327 789 4410 gladio
819 4327 1219 4402 imminente,
1253 4327 1341 4390 ita
1368 4327 1538 4410 quod
1570 4328 1803 4409 sigilla-

318 4423 423 4487 tim
470 4425 777 4508 baptizari
826 4443 957 4488 non
1006 4432 1285 4507 possent.
1339 4427 1469 4488 Nec
1517 4445 1633 4508 per
1680 4428 1801 4490 hoc

317 4524 846 4589 diversificaretur
874 4525 1079 4590 forma
1118 4525 1439 4602 Ecclesiae,
1470 4526 1623 4608 quia
1659 4527 1800 4609 plu-

319 4623 437 4686 rale
488 4642 615 4687 non
674 4631 774 4688 est
820 4625 946 4687 nisi
1002 4625 1397 4706 geminatum
1455 4625 1797 4707 singulare,

320 4723 653 4802 praesertim
705 4743 905 4806 quum
957 4724 1292 4806 pluraliter
1337 4725 1586 4788 dicatur
1630 4726 1799 4808 apud

256 4877 267 4887 .
318 4819 684 4895 Mattbaeum,
718 4822 1115 4904 Baptizantes
1144 4839 1272 4886 eos,
1308 4822 1435 4886 Nec
1465 4831 1563 4886 est
1590 4823 1801 4887 simile

255 4940 264 4949 ·
318 4918 387 4980 de
424 4919 777 5004 baptizante
816 4928 880 4983 et
919 4919 1257 5003 baptizat0,
1290 4923 1593 5004 quoniam
1626 4923 1801 4987 Chri-

318 5025 461 5092 stuS,
492 5021 602 5102 qui
648 5020 1091 5102 principaliter
1137 5019 1434 5102 baptizat,
1470 5029 1566 5084 est
1608 5042 1798 5097 unuS,

317 5118 417 5179 sed
443 5119 620 5181 multi
654 5137 767 5201 per
789 5119 1179 5202 Baptismum
1206 5119 1575 5183 efficiuntur
1602 5141 1803 5185 unum

316 5213 376 5276 in
415 5216 675 5281 Christo.
724 5218 869 5282 Haec
913 5219 981 5281 in
1022 5218 1304 5282 Summa.

384 5313 619 5390 Quibus
647 5315 847 5397 objici
878 5324 1113 5400 posset,
1127 5318 1280 5400 quia
1308 5317 1364 5381 si
1393 5317 1641 5400 plurale
1671 5337 1799 5382 non

1911 4337 1975 4394 et
2021 4329 2232 4393 sobrie
2284 4329 2521 4403 vivere,
2573 4335 2638 4390 et
2687 4345 2833 4390 mox
2883 4333 2992 4389 aut
3039 4326 3233 4390 simul
3281 4327 3407 4390 alia

1911 4429 2124 4494 anima
2163 4447 2277 4510 per
2315 4427 2484 4491 aliud
2536 4433 2728 4509 eaput
2770 4425 3096 4509 respondit
3133 4444 3201 4489 se
3240 4427 3406 4490 velle

1912 4527 2206 4591 lascivire
2253 4545 2326 4588 ac
2375 4524 2660 4608 epulari3
2710 4525 2994 4607 dumque
3041 4544 3242 4587 unum
3292 4544 3408 4608 per

1910 4645 1981 4690 os
2021 4645 2210 4690 suum
2249 4625 2602 4699 excederet,
2636 4624 2950 4688 clamabat
2988 4624 3308 4707 reliquum
3338 4642 3408 4687 se

1910 4725 2180 4806 gravari.
2214 4724 2385 4786 Istud
2431 4742 2509 4786 ex
2551 4724 2756 4786 Scot0.

1989 4825 2152 4887 Dum
2189 4831 2400 4886 autem
2436 4823 2712 4885 discerni
2751 4838 2866 4904 pro
2897 4827 3069 4884 certo
3098 4838 3224 4883 non
3266 4838 3406 4903 pos-

1910 4931 2008 4988 set
2054 4944 2135 4986 an
2183 4923 2266 4986 sit
2313 4941 2480 4985 unus
2527 4922 2717 4985 homo
2764 4920 2868 4983 vel
2915 4921 3064 4994 du0,
3116 4928 3408 5002 putarem
3459 4969 3466 4974 .

1911 5042 2104 5086 unam
2145 5021 2632 5104 baptizationem
2667 5037 2807 5082 esse
2841 5017 3130 5082 absolute
3166 5018 3404 5080 facien-

1910 5123 2077 5196 dam,
2130 5129 2195 5183 et
2250 5121 2440 5183 aliam
2497 5118 2618 5182 sub
2676 5116 3039 5180 conditione
3098 5117 3265 5179 sieut
3312 5123 3409 5178 est

1909 5227 2150 5283 tactum
2197 5220 2276 5283 de
2323 5217 2565 5280 infante
2607 5215 2896 5299 exposito
2942 5215 3021 5278 de
3068 5232 3195 5298 quo
3238 5215 3412 5295 igno·
3459 5234 3680 5295 planca

1912 5325 2086 5381 ratur
2124 5338 2207 5381 an
2249 5318 2334 5381 sit
2373 5317 2744 5400 baptizatus.
