4267 6250
1582 506 1681 557 cm
1722 510 1815 557 su·
1855 508 2282 558 conrmmnuu

3359 496 3480 560 485

368 680 720 745 Deeretalis
760 680 975 745 locum
1012 677 1207 744 habet
1244 681 1311 744 in
1348 677 1735 744 habentibus
1768 698 1876 744 ve·
1904 680 1957 743 A
1984 682 2285 764 praeclare
2323 683 2706 765 respondere
2739 684 3013 747 videtur.
3047 684 3125 748 Et
3150 686 3380 767 quaerit
3407 687 3516 781 in·

364 778 565 842 nialia
588 785 863 843 tantum.
894 780 1103 843 Verba
1128 786 1345 843 autem
1374 780 1581 862 accipi
1610 786 1879 863 possunt

366 884 499 941 tam
541 878 609 940 in
650 897 847 941 sensu
877 897 1073 961 quem
1102 878 1367 952 faciunt,
1399 897 1593 961 quam
1630 878 1697 940 in
1734 896 1876 941 sen-

345 996 446 1049 -su
488 994 621 1059 quo
660 976 853 1039 fiunt.
887 978 1026 1040 Imo
1064 984 1332 1060 apparet
1369 976 1541 1059 quod
1582 976 1876 1058 quamvis

367 1074 721 1137 Decretalis
760 1075 872 1138 illa
904 1093 1033 1138 non
1064 1082 1253 1149 esset,
1285 1075 1495 1137 adhuc
1522 1082 1735 1137 tamen
1772 1074 1878 1137 ha-

369 1173 595 1235 bentes
624 1173 905 1236 venialia
942 1180 1313 1237 tenerentur
1350 1173 1571 1237 eadem
1612 1171 1877 1235 confite-

369 1272 423 1333 ri
457 1279 749 1355 tempore
776 1278 1151 1354 opportuno.
1165 1271 1389 1345 Primo,
1402 1290 1483 1333 ne
1512 1270 1877 1333 viderentur

368 1370 731 1451 singulares
766 1378 961 1451 atque
996 1388 1034 1431 a
1070 1369 1352 1451 generali
1392 1368 1519 1431 ritu
1559 1387 1633 1432 ac
1660 1367 1873 1431 obser·

366 1468 587 1531 vantia
614 1466 919 1531 Ecclesiae
948 1466 1325 1549 sequestrati
1346 1467 1549 1529 :unde
1576 1465 1873 1529 Albertus

368 1568 433 1629 in
480 1564 649 1629 libro
687 1583 807 1628 suo
841 1565 923 1627 de
960 1564 1284 1627 Laudibus
1322 1564 1763 1627 sacratissimas
1799 1583 1873 1627 ac

368 1663 757 1727 beatissimae
786 1662 1088 1748 Virginis,
1110 1662 1199 1724 ait
1228 1664 1397 1744 quod
1428 1670 1491 1724 et
1523 1662 1660 1745 ipsa
1689 1682 1873 1724 mun-

368 1762 637 1825 dissima
682 1760 875 1842 Virgo
926 1759 1220 1823 confiteri
1269 1759 1532 1833 solebat,
1579 1760 1871 1841 quamvis

1984 780 2234 861 primis,
2265 782 2410 862 quis
2441 781 2650 864 potior
2677 783 2762 845 sit
2790 782 2858 845 in
2882 783 3049 865 jure,
3083 784 3146 847 id
3177 793 3294 859 est,
3326 786 3472 867 quis
3551 814 3597 857 q.
3617 802 3688 845 ει.

1984 878 2192 961 majus
2227 878 2334 961 jus
2371 880 2602 943 habeat
2636 882 2714 944 ad
2762 881 3237 965 praedicandum
3285 892 3350 947 et
3394 886 3473 947 ad

1984 977 2416 1041 confessiones
2462 979 2830 1055 audiendaS,
2871 989 3128 1043 curatus
3174 1001 3286 1044 seu
3335 982 3476 1064 ejus

1982 1075 2282 1151 vicariuS,
2341 1077 2443 1139 vel
2501 1078 2718 1141 Frater
2772 1080 3180 1162 privilegium
3237 1080 3479 1143 habens

1984 1174 2322 1237 exercendi
2372 1182 2552 1238 actus
2601 1176 2991 1258 hujusmodi.
3041 1213 3122 1224 —
3169 1178 3264 1241 Ad
3309 1180 3480 1261 quod

1984 1272 2347 1354 respondet,
2381 1274 2551 1355 quod
2595 1275 2970 1355 regulariter
3001 1276 3337 1359 loquendo,
3371 1297 3480 1339 cu-

1984 1377 2180 1445 ratuS,
2213 1372 2318 1433 cui
2361 1390 2440 1433 ex
2483 1372 2744 1454 proprio
2784 1372 3006 1437 officio
3049 1375 3347 1457 pastorali
3392 1376 3484 1437 in-

1984 1468 2274 1549 cumbit3
2307 1477 2368 1531 et
2397 1471 2702 1552 quoniam
2735 1471 3071 1553 privilegia
3100 1472 3166 1535 in
3195 1473 3480 1537 favorem

1982 1567 2207 1649 populi
2249 1574 2400 1629 sunt
2439 1586 2760 1643 concessa,
2794 1587 2921 1632 non
2963 1570 3027 1632 in
3069 1572 3354 1634 Fratrum
3395 1571 3484 1634 fa-

1982 1682 2224 1737 vorem,
2255 1665 2508 1747 ipsique
2541 1667 2786 1729 Fratres
2822 1675 2973 1729 sunt
3011 1668 3373 1750 pastoribus
3414 1670 3480 1732 in

1981 1762 2372 1844 adjutorium
2414 1782 2488 1825 ac
2533 1764 3056 1846 supplementum
3097 1766 3227 1829 dati
3269 1785 3343 1829 ac
3381 1785 3482 1831 or-

368 1860 449 1923 de
476 1859 601 1923 hoc
632 1876 761 1921 non
792 1859 877 1921 sit
906 1877 1135 1940 magna
1165 1857 1502 1931 certitudo,
1535 1865 1599 1920 et
1628 1858 1708 1921 de
1738 1876 1869 1921 mo·
1907 1862 1954 1925 B
1982 1862 2204 1935 dinati,
2239 1862 2325 1925 ita
2362 1863 2530 1944 quod
2577 1863 2789 1946 potius
2828 1866 3054 1929 cedere
3095 1865 3332 1930 debent
3373 1887 3482 1931 cu-

368 1958 451 2021 do
488 1976 623 2040 quo
662 1957 783 2020 hoc
814 1955 958 2019 fieri
997 1956 1330 2039 potuisset,
1364 1963 1461 2020 est
1495 1955 1865 2019 difficultas.

371 2054 689 2127 Secunde,
730 2054 882 2136 quia
930 2062 995 2117 et
1037 2053 1487 2116 innocentibus
1536 2060 1633 2115 est
1673 2054 1873 2117 incer-

370 2160 505 2215 tum
552 2171 635 2214 an
682 2152 747 2214 in
794 2151 1046 2214 mortali
1096 2150 1423 2226 exsistant,
1464 2151 1588 2214 nisi
1636 2152 1715 2214 de
1752 2152 1871 2215 hoc

368 2252 649 2333 desuper
692 2249 1108 2313 instruantur.

456 2349 705 2412 Deinde
764 2348 987 2412 Scotus
1044 2347 1381 2430 subjungit
1440 2364 1455 2411 :
1518 2348 1609 2410 Ex
1666 2348 1873 2430 prima

370 2446 775 2511 institutione
819 2446 1119 2509 Ecclesiae
1162 2464 1290 2508 non
1332 2445 1631 2508 videntur
1672 2446 1871 2509 fuisse

365 2545 657 2609 distincti
698 2544 943 2628 proprii
984 2544 1359 2607 sacerdotes.
1401 2543 1662 2617 Quando
1696 2544 1871 2607 enim

366 2644 656 2727 Apostoli
688 2642 869 2705 ibant
894 2642 1047 2705 hinc
1079 2642 1227 2706 inde
1258 2642 1679 2725 praedicande,
1698 2662 1871 2705 nunc

366 2742 495 2805 fuit
542 2742 664 2805 iste
712 2741 1009 2805 sacerdos
1056 2741 1249 2823 hujus
1296 2741 1527 2821 gentis,
1580 2759 1753 2803 nunc
1801 2741 1871 2802 il-

370 2840 535 2920 lius3
580 2845 645 2902 et
682 2858 855 2901 nunc
898 2839 1039 2913 iste,
1072 2858 1245 2901 nunc
1292 2838 1419 2900 ille.
1462 2839 1867 2902 Postmodum

368 2957 521 3002 vero
565 2945 717 3001 sunt
754 2936 1069 2999 distinctae
1112 2936 1419 2999 dioeceses
1462 2944 1651 3017 atque
1691 2955 1869 3019 paro-

1982 1960 2155 2034 ratis,
2205 1980 2400 2043 quam
2450 1978 2814 2025 econverso.
2865 1962 2961 2025 Ad
3008 1965 3178 2045 quod
3226 1965 3476 2047 allegat,

1978 2060 2150 2141 quod
2181 2066 2436 2121 sanctus
2465 2065 2531 2122 et
2558 2060 2872 2141 gloriosus
2901 2061 3000 2124 vir
3027 2062 3093 2124 B.
3110 2063 3480 2127 Franciscus

1978 2156 2214 2221 fatetur
2262 2157 2328 2219 in
2376 2156 2614 2238 Regula
2669 2178 2806 2234 sua,
2856 2167 2922 2222 et
2967 2160 3290 2223 Fratribus
3345 2161 3478 2224 suis

1976 2254 2171 2336 jussit
2211 2272 2226 2315 :
2273 2256 2541 2329 FratreS,
2589 2255 2908 2338 inquienS,
2954 2276 3082 2321 non
3131 2258 3479 2340 praedieent

1984 2352 2048 2414 in
2088 2352 2460 2435 episcopatu
2506 2353 2802 2436 alicujuS,
2835 2374 3036 2437 quum
3077 2356 3157 2418 ab
3203 2374 3280 2421 eo
3319 2358 3478 2439 ipsis

1978 2450 2175 2513 fuerit
2205 2451 2670 2514 contradictum
2701 2472 2815 2516 seu
2851 2453 3280 2517 interdictum.
3317 2456 3476 2520 Con-

1979 2548 2192 2611 simile
2221 2567 2478 2631 quoque
2505 2550 2772 2613 verbum
2803 2550 2869 2612 in
2901 2568 3014 2614 suo
3042 2553 3268 2616 asserit
3293 2560 3479 2617 testa-

1980 2655 2197 2710 mento
2216 2665 2230 2709 :
2249 2648 2314 2710 Si
2346 2647 2670 2723 haberem,
2693 2650 2935 2725 dicenS,
2957 2658 3197 2713 tantam
3227 2654 3476 2736 sapien-

1978 2746 2133 2808 tiam
2179 2754 2252 2808 ut
2295 2746 2614 2821 Salomon,
2655 2755 2721 2810 et
2762 2748 3119 2812 invenirem
3163 2769 3476 2834 pauperes

1978 2844 2336 2908 sacerdotes
2381 2845 2446 2907 in
2489 2845 2624 2908 suis
2666 2847 3007 2928 parochiis,
3039 2848 3278 2913 nollem
3321 2869 3478 2932 prae-

1979 2943 2193 3006 dicare
2241 2943 2407 3005 ultra
2449 2962 2561 3007 seu
2609 2952 2830 3007 contra
2865 2946 3258 3010 voluntatem
3309 2948 3476 3030 ipso·

368 3038 551 3102 chiae.
588 3037 706 3099 Pro
734 3042 890 3097 tunc
918 3042 1133 3097 tamen
1173 3040 1443 3117 possunt
1470 3034 1596 3096 dici
1628 3035 1869 3117 proprii
1907 3042 1951 3107 C
1980 3060 2145 3104 rum.
2163 3041 2240 3103 Et
2270 3042 2355 3103 ita
2388 3049 2669 3123 pastores
2701 3051 2851 3106 sunt
2880 3044 2947 3107 in
2975 3062 3124 3128 agro
3153 3045 3478 3110 dominico

369 3137 731 3200 sacerdotes
760 3135 1155 3217 quicumque
1184 3133 1489 3197 habentes
1521 3133 1871 3215 jurisdicti-

368 3254 561 3299 onem
600 3232 987 3297 ordinariam
1028 3231 1131 3296 vel
1168 3232 1597 3306 commissam,
1639 3239 1757 3295 etc.
1790 3267 1871 3278 -—

371 3335 603 3398 Contra
629 3333 765 3396 haee
795 3330 991 3395 verba
1017 3330 1217 3412 objici
1246 3337 1475 3412 posset,
1489 3331 1655 3412 quod
1683 3330 1871 3394 etiam

372 3431 699 3514 primitiva
727 3429 1012 3492 Ecclesia
1039 3427 1508 3490 ordinatissima
1535 3427 1678 3502 fuit,
1710 3427 1873 3511 ipse-

376 3548 501 3612 que
548 3528 865 3611 gloriosus
921 3526 1223 3610 princeps
1268 3526 1715 3609 Apostolorum
1760 3527 1869 3590 Pe-

374 3635 531 3702 truS,
566 3635 925 3690 ceterorum
954 3627 1213 3708 quoque
1240 3625 1686 3707 Apostolorum
1716 3645 1871 3708 prae-

377 3727 561 3800 latuS‚
614 3725 773 3808 ipsis
821 3723 1271 3787 determinavit
1321 3723 1387 3784 in
1445 3724 1665 3786 multis
1714 3725 1869 3806 quid

374 3831 654 3906 agerent,
697 3840 827 3905 quo
868 3822 1223 3895 tenderent,
1265 3821 1419 3903 quid
1466 3822 1866 3902 ordinarent3

373 3931 435 3986 et
463 3942 613 3986 cum
653 3922 813 4004 ipsis
852 3920 1280 3984 ordinationes
1319 3919 1472 3982 fecit
1504 3928 1569 3982 et
1596 3939 1868 3984 canones

372 4041 445 4085 ac
490 4028 830 4105 praecepta,
876 4017 1045 4082 sicut
1090 4019 1169 4081 de
1214 4018 1337 4083 hoc
1386 4019 1451 4081 in
1499 4018 1868 4081 tractatibus

371 4122 450 4184 de
498 4119 946 4183 Ecclesiastica
1001 4124 1309 4199 potestate
1366 4124 1430 4180 et
1482 4117 1869 4180 Auctoritate

372 4217 767 4301 generalium
810 4215 1229 4279 conciliorum
1274 4215 1474 4277 multa
1516 4215 1757 4278 induxi.

450 4315 751 4398 Amplius
812 4314 1035 4378 Scotus
1094 4321 1361 4376 testatur
1419 4314 1669 4376 nullum
1732 4332 1871 4377 esse

374 4421 771 4499 praeceptum
801 4413 880 4475 de
917 4410 1319 4475 confessione
1360 4411 1522 4474 laico
1557 4411 1865 4475 facienda.

376 4514 451 4576 Et
482 4511 771 4584 forsitan,
806 4510 1035 4593 inquit,
1070 4510 1293 4572 utilius
1323 4517 1491 4572 esset
1518 4527 1644 4573 non
1686 4528 1870 4572 accu-

372 4631 511 4676 sare
541 4629 611 4673 se
644 4609 760 4683 illi,
792 4608 1147 4690 praesertim
1188 4608 1243 4670 si
1284 4609 1476 4672 homo
1502 4608 1672 4690 apud
1704 4627 1774 4670 se
1805 4609 1870 4671 in

374 4707 881 4774 consideratione
911 4713 1317 4788 peccatorum
1348 4724 1603 4769 suorum
1636 4714 1873 4769 tantam

376 4815 593 4892 posset
619 4805 1074 4870 verecundiam
1106 4805 1185 4868 de
1214 4805 1348 4868 suis
1387 4805 1621 4868 habere
1656 4825 1875 4888 pecca-

376 4907 476 4980 tis,
510 4906 680 4968 sicut
720 4901 1189 4966 manifestando
1229 4902 1364 4966 haec
1408 4902 1587 4966 laico.

455 5002 746 5085 Denique
790 5001 871 5064 de
907 5000 1005 5063 his
1051 5000 1253 5063 multa
1294 5000 1519 5063 scribit
1560 5002 1627 5064 in
1675 5002 1875 5075 Quod-

374 5101 587 5164 libetis
646 5099 783 5164 suis
840 5098 1171 5172 Henricus,
1224 5097 1544 5181 praecipue
1602 5100 1876 5182 septimo

1980 3141 2163 3224 quasi
2210 3159 2543 3216 messoreS,
2578 3143 2823 3205 Fratres
2863 3161 3014 3207 vero
3055 3145 3234 3226 quasi
3277 3146 3478 3228 spica-

1982 3257 2125 3300 rum
2175 3239 2565 3302 collectoreS.
2616 3239 2694 3301 Et
2742 3240 2912 3303 istud
2961 3243 3335 3323 regulariter
3381 3252 3479 3307 est

1981 3336 2489 3418 intelligendum,
2549 3338 2806 3420 quando
2862 3347 3146 3420 pastores
3201 3349 3312 3402 aut
3365 3359 3474 3404 eo-

1980 3453 2122 3496 rum
2152 3435 2374 3497 vicarii
2417 3443 2568 3497 sunt
2599 3435 2833 3509 idonei,
2868 3444 3086 3519 utpote
3115 3437 3246 3500 vita
3281 3446 3472 3520 atque

1980 3531 2246 3594 scientia
2296 3531 2494 3613 digni,
2545 3531 2904 3614 diligenteS,
2956 3535 3350 3616 exemplares
3406 3543 3472 3600 et

1977 3629 2250 3711 operosi.
2303 3629 2367 3692 Si
2415 3648 2569 3693 vero
2615 3631 2744 3692 sint
2791 3631 3096 3713 imperiti,
3147 3635 3470 3698 scandalo-

1978 3730 2055 3802 si,
2099 3727 2349 3790 desides
2387 3734 2497 3790 aut
2535 3735 2705 3791 certe
2746 3729 3060 3804 malevoli,
3101 3729 3328 3794 fatetur
3365 3733 3470 3795 hic

1978 3828 2220 3900 doctor,
2261 3827 2431 3908 quod
2478 3826 2781 3908 pinguius
2827 3827 2932 3908 jus
2982 3828 3210 3892 habeat
3257 3831 3472 3894 Frater

1976 3924 2436 4008 privilegiatuS,
2473 3932 2535 3987 et
2576 3925 2636 3988 ei
2685 3925 2908 3988 cedere
2956 3925 3146 3989 debet
3191 3936 3468 4003 curatuS,

1978 4023 2320 4105 ipsumque
2367 4023 2691 4086 advocare.
2737 4023 3065 4098 Similiter,
3109 4025 3163 4086 si
3214 4034 3470 4089 curatus

1978 4120 2244 4184 idoneus
2288 4122 2392 4196 sit,
2425 4139 2550 4184 non
2596 4119 2786 4185 debet
2823 4141 2970 4185 eum
3011 4124 3226 4186 Frater
3265 4123 3330 4186 in
3366 4144 3470 4188 ac-

1900 4220 1950 4282 D
1978 4220 2152 4283 tibus
2199 4219 2299 4284 sui
2336 4219 2543 4283 officii
2593 4219 2922 4302 impedire.
2965 4221 3054 4283 De
3090 4220 3193 4284 his
3231 4220 3470 4287 diffuse

1980 4319 2387 4401 prosequitur
2427 4318 2650 4381 doctor
2692 4319 2827 4382 iste.
2875 4320 2953 4382 Et
3001 4321 3057 4384 si
3103 4320 3467 4402 objiciatur,

1980 4415 2131 4496 quia
2157 4414 2262 4496 jus
2293 4414 2570 4496 speciale
2599 4416 2855 4498 derogat
2882 4418 3160 4498 generali
3176 4435 3194 4498 3
3216 4436 3473 4502 respon-

1982 4513 2107 4585 det,
2152 4512 2322 4594 quod
2363 4513 2580 4594 regula
2617 4514 2726 4576 illa
2757 4515 2822 4576 in
2854 4516 3178 4597 aliquibus
3217 4518 3470 4581 casibus

1982 4617 2176 4683 tenet,
2209 4618 2276 4672 et
2315 4611 2379 4671 in
2419 4611 2743 4693 aliquibus
2783 4629 2933 4687 non,
2965 4614 3132 4677 sicut
3171 4615 3465 4678 declarat.

2061 4707 2294 4769 Verum
2336 4707 2455 4769 ista
2494 4709 2822 4791 responsio
2865 4727 2994 4772 non
3032 4712 3284 4774 videtur
3323 4731 3470 4774 con-

1981 4805 2251 4869 tentioni
2295 4804 2495 4867 finem
2549 4805 2899 4888 imponere,
2951 4809 3062 4870 sed
3113 4808 3466 4873 fomentum

1983 4903 2286 4987 praebere.
2330 4903 2480 4976 Quis
2521 4903 2694 4966 enim
2739 4904 3057 4986 judicabit
3103 4907 3169 4968 in
3218 4907 3328 4970 tali
3367 4925 3470 4970 oc-

1982 5021 2197 5076 cursu,
2230 5020 2309 5063 an
2342 5001 2607 5064 idoneus
2645 5003 2725 5064 sit
2764 5004 3082 5085 praelatuS,
3115 5007 3469 5086 praesertim

1983 5120 2184 5183 quum
2223 5098 2572 5182 praesidens
2619 5109 2946 5183 reputetur
2989 5103 3066 5165 de
3110 5101 3258 5183 jure
3301 5120 3470 5166 com-

378 5199 759 5274 Quodlibeto
792 5217 807 5262 :
840 5197 955 5260 ubi
998 5197 1309 5279 plurimas
1349 5204 1561 5260 movet
1589 5199 1879 5279 quaestio-
1986 5198 2164 5261 muni
2226 5197 2514 5272 idoneus,
2565 5199 2866 5280 quamdiu
2925 5200 3006 5263 ab
3055 5200 3340 5264 Ecclesia
3379 5210 3471 5265 to-

320 5321 333 5330 ·
379 5315 493 5360 nes
531 5297 669 5361 haec
708 5302 1187 5371 concernenteS,
1219 5295 1297 5358 ad
1330 5314 1489 5377 quas
1529 5294 1765 5358 diffuse
1804 5315 1877 5359 ac

1987 5297 2267 5360 leretur?
2319 5297 2393 5358 Et
2433 5297 2725 5378 quamvis
2760 5297 2842 5360 sit
2879 5299 3062 5362 valtle
3102 5299 3370 5370 idoneus
3408 5309 3472 5364 et
