4267 6250
761 462 884 531 408

1411 484 1477 533 m
1516 484 1738 533 mitum
1779 484 1841 531 IV
1881 481 2366 531 summanum
2406 499 2487 513 -
2526 481 2682 531 ms'r.
2721 482 2846 547 xv;
2888 482 3113 539 QnAEsr.
3154 482 3219 531 lv

761 652 1047 737 ptionem
1089 656 1300 721 aufert
1341 658 1455 720 uni
1499 664 1760 740 propter
1799 655 2255 739 negligentiam
2286 655 2339 720 A
2365 654 2446 719 de
2476 673 2591 718 sua
2629 654 2904 737 pecunia
2930 653 3295 718 venientem
3337 671 3454 737 per
3478 652 3742 739 alterius
3770 652 3871 717 in-

759 771 963 828 suam,
998 756 1166 836 quod
1211 756 1336 819 fuit
1372 764 1483 819 aut
1518 764 1688 819 esset
1729 774 1941 829 suurn,
1975 762 2040 818 et
2074 754 2257 817 alteri

759 850 920 914 illud
965 852 1251 935 largitur.
1285 855 1506 937 Magna
1541 872 1696 918 vero
1737 862 1835 917 est
1870 852 2261 935 negligentia

757 950 900 1031 ejus
956 952 1068 1034 qui
1125 952 1316 1016 infra·
1346 961 1440 1016 tot
1496 971 1695 1016 annos
1759 950 2259 1036 praescriptionis

755 1065 886 1112 non
924 1050 1194 1132 requirit
1232 1069 1368 1114 rem
1406 1050 1684 1115 debitam
1723 1049 1868 1113 sibi.
1911 1049 2072 1112 Hinc
2114 1049 2263 1131 jura

757 1154 1092 1222 testantur,
1127 1150 1294 1231 quod
1340 1148 1448 1232 qui
1491 1168 1628 1212 rem
1674 1167 1856 1211 suam
1898 1166 2120 1211 curare
2156 1166 2263 1210 ne-

759 1245 963 1327 gligit,
998 1247 1227 1310 merito
1256 1247 1398 1329 ejus
1428 1248 1882 1330 proprietatem
1911 1247 2163 1310 amittit.
2182 1281 2263 1291 —

761 1342 906 1408 Haec
947 1344 1447 1426 Argentinensis.

842 1441 1078 1505 Verum
1127 1444 1406 1507 secunda
1455 1443 1676 1527 opinio
1727 1443 2004 1526 amplius
2054 1442 2265 1525 placet

763 1538 1168 1621 quibusdam.
1202 1541 1360 1604 Nam
1401 1543 1546 1605 dato
1583 1542 1754 1625 quod
1793 1541 2122 1623 negligens
2154 1542 2259 1614 sit,

761 1645 976 1701 tamen
1025 1640 1410 1721 negligentia
1456 1640 1567 1702 illa
1613 1648 1826 1722 posset
1871 1640 2089 1722 puniri
2136 1640 2261 1702 alia

762 1736 996 1799 minori
1045 1755 1253 1818 poena‚
1285 1745 1350 1800 et
1389 1744 1601 1820 posset
1648 1738 1792 1820 quis
1839 1755 1918 1800 ex
1959 1736 2083 1799 alia
2131 1754 2259 1799 me-

2366 755 2698 829 dustriam,
2744 762 2841 817 est
2885 754 3095 818 facere
3145 771 3423 817 usuram.
3476 753 3555 817 Et
3600 753 3725 817 hoc
3768 760 3873 816 est

2364 853 2529 917 forte
2578 855 2748 937 quod
2788 853 2989 935 magis
3030 859 3245 936 posset
3280 852 3573 916 homines
3611 851 3875 915 induce·

2368 970 2437 1015 re
2466 952 2545 1014 ad
2576 970 2836 1015 usuram
2870 970 2885 1016 ε
2919 951 3223 1034 quoniam
3262 951 3343 1013 de
3370 951 3583 1014 usuris
3618 950 3875 1013 lucran-

2368 1056 2486 1124 tes,
2522 1049 2584 1113 id
2634 1049 2805 1132 quod
2850 1049 3177 1113 lucrantur
3224 1048 3561 1111 restituere
3605 1064 3735 1111 non
3782 1056 3877 1111 te·

2367 1155 2604 1212 nentur
2636 1165 2650 1209 :
2686 1148 2816 1211 imo
2846 1147 2910 1211 id
2942 1167 3130 1211 suum
3161 1156 3278 1221 est,
3312 1147 3465 1229 quia
3502 1166 3617 1229 per
3646 1163 3873 1210 eorum

2370 1246 2748 1309 industriam
2799 1252 2896 1310 est
2934 1246 3341 1329 acquisitum.
3374 1245 3673 1308 Alienum
3716 1261 3875 1309 vero

2370 1352 2466 1409 est
2510 1344 2994 1408 restituendum.
3041 1344 3185 1407 Haec
3228 1344 3472 1407 Scotus.

2450 1443 2565 1516 Qui
2619 1443 2685 1505 in
2744 1442 2938 1524 hujus
2984 1441 3355 1525 quaestionis
3402 1442 3725 1506 decisione
3770 1460 3873 1503 se-

2369 1541 2589 1623 quitur
2635 1541 2819 1603 valde
2876 1540 3246 1623 opinionem
3294 1559 3371 1603 ex
3418 1540 3873 1622 Argentinensi

2370 1638 2697 1701 inductam
2744 1638 2823 1701 de
2866 1638 3364 1721 praescriptionis
3408 1637 3644 1712 valore,
3674 1636 3873 1700 etiam

2372 1737 2436 1799 in
2502 1737 2907 1801 conscientiae
2975 1736 3134 1811 soro,
3196 1735 3527 1819 potissime
3593 1734 3875 1819 probans

758 1834 904 1897 liori
935 1852 1126 1897 causa
1154 1836 1445 1899 omittere
1475 1834 1847 1918 hujusmodi
1878 1835 1970 1898 rei
2000 1853 2131 1898 suae
2162 1854 2256 1898 re-
2294 1831 2341 1895 B
2370 1834 2513 1909 hoc,
2566 1835 2718 1917 quia
2760 1835 2863 1915 (ut
2918 1836 3031 1915 ait)
3078 1835 3509 1899 dominiorum
3566 1841 3631 1897 et
3674 1840 3875 1896 terra-

756 1932 1189 2015 quisitionem.
1224 1933 1352 1997 Nec
1383 1933 1680 1997 dominus
1720 1941 2012 1997 terrenus
2051 1940 2260 2015 potest

757 2048 898 2093 esse
937 2049 1152 2094 rerum
1191 2031 1567 2095 distributor
1599 2030 1996 2114 principaliS,
2027 2038 2140 2092 aut
2166 2050 2259 2093 se-

755 2130 1040 2193 cundum
1083 2130 1408 2213 propriam
1446 2131 1862 2205 voluntatem,
1895 2130 2006 2193 sed
2049 2130 2256 2193 solum

757 2229 1110 2292 secundum
1175 2229 1413 2293 summi
1477 2229 1856 2310 legislatoris
1913 2228 2257 2311 complaci-

758 2335 918 2401 tum,
951 2346 1064 2390 seu
1105 2326 1288 2408 juxta
1329 2326 1612 2390 divinam
1652 2328 2138 2409 naturalemque
2175 2327 2259 2390 le-

756 2445 924 2508 gem,
969 2425 1073 2489 vel
1117 2426 1341 2489 saltem
1383 2443 1509 2489 non
1555 2434 1775 2489 contra
1815 2445 1941 2490 eaS.

833 2525 914 2588 At
941 2541 1091 2589 vero
1119 2524 1338 2588 Scotus
1368 2524 1540 2587 circa
1566 2525 1701 2588 haec
1731 2523 1958 2587 scribit
1986 2524 2250 2607 prolixe,

755 2623 822 2686 in
867 2623 1095 2706 primis
1139 2622 1512 2697 discutiens,
1545 2642 1625 2685 an
1669 2623 1883 2686 omnia
1925 2624 2044 2685 ista
2083 2630 2253 2685 exte-

754 2722 922 2784 riora
957 2720 1232 2785 debeant
1269 2740 1410 2783 esse
1449 2720 1695 2783 cunctis
1727 2721 2094 2784 communia
2127 2739 2141 2782 :
2174 2721 2267 2815 de·

752 2838 880 2904 quo
923 2819 1075 2882 satis
1118 2819 1362 2881 dictum
1404 2826 1502 2882 est
1549 2820 1617 2881 in
1664 2819 1915 2902 Scripto
1960 2820 2246 2883 secundi.

751 2918 992 2981 Deinde
1023 2917 1246 2980 inserit
1275 2916 1496 2990 multa,
1515 2936 1658 2999 quae
1689 2918 1752 2980 in
1784 2917 1971 2981 dictis
1999 2918 2253 2981 Richar-

2369 1950 2513 1993 rum
2558 1932 2811 2006 divisi0,
2854 1932 3203 2005 translatio,
3246 1930 3655 2013 permutatio,
3686 1926 3875 1994 factm

2367 2038 2517 2092 sunt
2552 2029 2633 2092 ab
2670 2031 2930 2094 exordio
2970 2030 3343 2093 auctoritate
3381 2029 3661 2092 humana
3697 2028 3875 2111 prin-

2367 2129 2585 2211 cipum
2629 2130 2845 2193 saeculi
2885 2130 3103 2211 hujus,
3136 2128 3491 2212 praesertim
3532 2128 3873 2210 imperato-

2367 2246 2533 2301 rum,
2566 2246 2716 2309 ergo
2746 2236 2810 2290 et
2839 2235 3057 2311 postea
3085 2227 3457 2291 eorumdem
3488 2226 3869 2289 auctoritate

2366 2326 2518 2389 talia
2571 2326 2717 2389 fieri
2776 2333 3139 2409 potuerunt.
3201 2326 3378 2400 Quod
3437 2325 3681 2388 dictum
3744 2343 3869 2387 nec

2366 2424 2713 2507 Scripturis
2754 2424 3100 2499 canoniciS,
3132 2443 3253 2487 nec
3291 2422 3709 2507 providentiae
3750 2422 3867 2486 Dei

2364 2523 2517 2585 satis
2548 2541 2895 2586 consonare
2922 2523 3195 2586 videtur.
3221 2522 3496 2586 Omnino
3522 2521 3697 2584 enim
3727 2538 3868 2584 om-

2364 2620 2712 2703 nipotentis
2752 2621 2863 2684 Dei
2902 2621 3319 2695 ordinatione,
3348 2620 3618 2702 justitia,
3652 2620 3869 2683 mode-

2361 2719 2724 2794 ramine,ab
2752 2720 3015 2783 exordio
3041 2719 3251 2782 divisa
3276 2726 3373 2783 est
3400 2716 3867 2793 terra,transla·

2358 2825 2425 2880 ta
2452 2825 2602 2881 sunt
2631 2836 2839 2898 regna,
2852 2818 3093 2883 variata
3120 2817 3416 2890 dominia,
3428 2816 3865 2899 possessiones

2362 2922 2619 2997 mutatae
2666 2923 2835 2990 sunt,
2880 2916 3063 2997 juxta
3109 2915 3269 2979 illud
3322 2914 3601 2978 Danielis
3652 2932 3667 2977 :
3716 2916 3863 2997 lpse
3894 2931 4221 2985 Das-‚maa

751 3016 816 3079 di
864 3016 998 3097 jam
1047 3014 1263 3077 habita
1310 3021 1477 3077 sunt.
1531 3015 1619 3078 De
1667 3015 1938 3078 muliere
1995 3034 2251 3098 quoque
2286 3012 2329 3076 C
2363 3022 2567 3077 mutat
2610 3022 2899 3097 tempora
2940 3022 3004 3077 et
3046 3021 3285 3089 aetateS,
3318 3012 3619 3077 transfert
3667 3031 3864 3094 regna

753 3114 1047 3198 spurium
1095 3112 1370 3177 habente
1411 3111 1636 3176 scribit
1680 3113 1848 3176 sicut
1893 3133 1970 3177 ex
2013 3113 2254 3179 Thoma

752 3213 832 3276 de
860 3211 1208 3294 Argentina
1235 3211 1568 3274 inductum
1598 3219 1712 3274 est.
1749 3212 1835 3275 De
1865 3212 1965 3276 his
1993 3230 2251 3295 quoque

752 3312 864 3394 qui
914 3318 1216 3374 tenentur
1255 3310 1334 3373 ad
1383 3310 1870 3386 restitutionem,
1912 3311 2143 3392 allegat
2188 3319 2253 3375 et

753 3409 1016 3493 exponit
1058 3407 1352 3491 praesatos
1394 3408 1745 3472 versiculos
1778 3425 1793 3471 :

748 3569 958 3629 Jussio,
983 3567 1302 3628 consilium,
1324 3581 1656 3628 consensus,
1676 3568 1862 3634 palpo,
1879 3583 2166 3630 recursum

749 3648 1122 3714 Participans,
1135 3651 1334 3708 mutus,
1350 3661 1460 3700 non
1477 3647 1723 3709 obstans,
1736 3662 1844 3701 non
1861 3649 2246 3702 manifestans.

746 3803 1019 3865 Istorum
1066 3799 1358 3864 omnium
1404 3799 1678 3883 quilibet
1723 3807 1977 3863 tenetur
2023 3803 2102 3864 ad
2154 3821 2248 3865 re-

745 3899 1141 3964 stituendum
1171 3899 1238 3961 in
1269 3898 1567 3974 solidum,
1601 3898 1712 3961 sed
1742 3917 1872 3962 uno
1901 3917 2123 3964 eorum
2157 3920 2250 3964 re-

744 3999 1070 4074 stituente,
1120 4014 1343 4060 omnes
1389 3995 1501 4059 alii
1549 3995 1900 4060 liberantur
1945 4017 1982 4060 a
2031 3998 2249 4063 debito

744 4096 1122 4162 restituendi
1172 4096 1381 4179 quoad
1421 4096 1604 4159 illum
1645 4097 1751 4159 cui
1789 4117 1958 4161 unus
1999 4099 2108 4162 ille
2152 4119 2247 4162 sa-

2360 3120 2551 3196 atque
2582 3114 2928 3178 constituit.
2956 3113 3131 3177 Unde
3162 3133 3277 3197 per
3302 3112 3639 3178 Ieremiam
3671 3119 3863 3176 testa-

2361 3219 2467 3275 tur
2501 3231 2514 3276 :
2548 3213 2677 3294 Ego
2726 3212 2850 3275 feci
2896 3220 3129 3275 terram
3178 3212 3245 3275 in
3294 3212 3667 3276 fortitudine
3714 3231 3861 3275 mea
3906 3232 4029 3278 Jer.
4062 3249 4223 3288 um,

2362 3330 2605 3393 magna,
2619 3320 2683 3375 et
2711 3311 2854 3375 dedi
2886 3330 3025 3374 eam
3057 3311 3118 3374 ei
3148 3312 3257 3394 qui
3290 3310 3531 3393 placuit
3558 3310 3626 3374 in
3653 3310 3861 3375 oeulis
3888 3297 3937 3338 ⁵·

2361 3411 2543 3474 meis.
2584 3410 2747 3473 Hinc
2788 3410 2963 3472 sicut
2996 3409 3063 3472 in
3103 3409 3594 3473 Deuteronomio
3636 3411 3860 3474 recita·

2360 3517 2485 3583 tur,
2518 3508 2825 3590 praecepit
2851 3507 3005 3570 siliis
3034 3506 3223 3570 Israel
3254 3508 3333 3572 de
3358 3509 3626 3592 AEgypto
3654 3527 3863 3590 egres-

2360 3607 2470 3681 siS,
2494 3626 2576 3670 ne
2606 3614 3014 3670 moverentur
3039 3607 3117 3669 ad
3150 3607 3441 3688 praelium
3471 3615 3693 3670 contra
3718 3607 3861 3670 ldu-
3886 3626 4051 3671 aeut.
4074 3643 4211 3682 nm,

2363 3723 2708 3779 maeoS,nec
2738 3712 2957 3769 contra
2982 3704 3303 3778 MoabitaS,
3318 3723 3525 3786 neque
3552 3705 3859 3768 adversus
3888 3691 4057 3795 ''2⁶34-
4080 3768 4133 3806 n.
4159 3759 4209 3804 9,

2357 3803 2755 3867 Ammonitas
2807 3820 2821 3865 ε
2873 3802 3175 3885 quoniam
3233 3811 3435 3866 terras
3494 3802 3562 3866 in
3620 3803 3860 3886 quibus
3890 3817 3969 3859 ¹⁹-

2360 3901 2939 3976 commorabantur,
2986 3900 3249 3964 tradidit
3296 3901 3585 3984 patribus
3631 3919 3858 3964 eorum

2357 4018 2431 4063 ac
2472 4000 2627 4083 ipsis
2666 4001 2732 4062 in
2774 3999 3261 4082 possessionem.
3294 3999 3457 4062 Hinc
3493 4017 3749 4083 quoque
3788 4000 3857 4062 in

2358 4099 2606 4161 cantico
2636 4097 3109 4161 Deuteronomii
3138 4098 3381 4181 Moyses
3410 4099 3682 4161 cecinit:
3705 4098 3861 4162 Con·
3887 4119 4023 4164 ma.
4044 4135 4197 4176 mu,

746 4195 1036 4275 tisfecit3
1091 4201 1156 4258 et
1209 4201 1509 4257 tenentur
1564 4212 1679 4277 pro
1735 4201 1881 4258 taxa
1937 4197 2247 4278 portionis
2278 4195 2329 4258 D
2358 4196 2565 4260 stituit
2609 4197 2917 4259 terminos
2976 4196 3357 4278 populorum
3401 4197 3587 4277 juxta
3632 4215 3857 4260 nume·
3884 4185 3931 4226 ⁸·

748 4314 892 4377 quae
920 4311 1030 4356 eos
1060 4292 1392 4374 contingit,
1427 4291 1522 4354 illi
1560 4292 1670 4374 qui
1711 4311 1827 4375 pro
1857 4293 2015 4375 ipsis
2045 4296 2251 4358 omni-

746 4392 868 4455 bus
897 4391 1598 4472 satisfecit—Insuper
1625 4390 1814 4460 addit,
1829 4393 2000 4473 quod
2029 4413 2249 4475 quam-

746 4491 846 4553 vis
902 4497 1196 4552 teneatur
1242 4489 1387 4571 quis
1443 4487 1856 4551 damnificato
1913 4491 2247 4554 restituere

744 4588 1054 4663 ablatum,
1095 4594 1160 4650 et
1205 4587 1372 4649 ultra
1419 4588 1540 4649 hoc
1589 4606 1778 4650 suum
1822 4587 2150 4664 interesse,
2181 4598 2247 4652 et

741 4688 1026 4750 fructum
1067 4693 1442 4769 perceptum
1480 4686 1559 4748 de
1596 4703 1688 4760 re,
1722 4685 1776 4750 si
1817 4705 1918 4749 res
1954 4686 2080 4750 fuit
2116 4689 2246 4752 fru-

739 4785 1001 4866 ctifera3
1030 4801 1159 4849 non
1203 4791 1416 4848 tamen
1461 4783 1743 4847 fructum
1790 4785 1902 4867 qui
1949 4787 2247 4868 provenit

737 4904 817 4950 ex
849 4883 1163 4948 industria
1191 4882 1332 4965 ejus
1360 4881 1472 4964 qui
1505 4882 1706 4945 utitur
1733 4882 1842 4945 illa
1872 4902 1956 4947 re.
1993 4883 2085 4946 Ex
2112 4903 2242 4967 quo

738 4982 1050 5065 sequitur,
1083 4981 1253 5064 quod
1295 4979 1546 5042 lucrum
1583 4980 1972 5062 acquisitum
2012 5000 2090 5044 ex
2131 5002 2239 5065 pe-

739 5078 931 5144 cunia
958 5077 1256 5152 soenebri,
1287 5094 1416 5140 non
1454 5083 1707 5139 tenetur
1745 5076 2008 5140 reddere
2039 5077 2237 5142 foene-

739 5184 912 5241 rator
959 5194 974 5240 :
1025 5175 1262 5259 alioqui
1317 5175 1426 5237 ille
1473 5173 1588 5256 qui
1638 5175 1972 5257 reciperet,
2022 5185 2238 5257 posset

2358 4313 2501 4357 rum
2535 4294 2817 4359 filiorum
2857 4294 3069 4358 lsrael.
3102 4294 3343 4369 Quibus
3370 4303 3433 4358 et
3472 4314 3664 4378 regna
3702 4296 3859 4360 Cha-

2356 4411 2721 4456 nanaeorum
2770 4392 2989 4456 divisit
3035 4393 3097 4456 in
3149 4393 3532 4457 mansiones.
3581 4393 3711 4458 Hoc
3756 4404 3858 4459 est

2358 4491 2527 4574 quod
2574 4491 2803 4554 Paulus
2848 4492 3171 4574 apostolus
3218 4499 3649 4574 protestatur:
3684 4493 3853 4556 Deus
3916 4513 4039 4556 Aee.
4070 4529 4193 4568 un.

2354 4587 2509 4651 fecit
2550 4606 2629 4650 ex
2666 4604 2795 4651 uno
2831 4605 3023 4651 omne
3060 4607 3261 4670 genus
3299 4588 3635 4652 hominum
3678 4589 3853 4653 inha·
3880 4577 3953 4618 ²⁶·

2354 4686 2557 4749 bitare
2594 4705 2789 4768 super
2826 4685 3057 4749 faciem
3100 4686 3411 4751 universae
3453 4695 3660 4763 terrae,
3690 4689 3847 4752 defi-

2354 4785 2537 4848 niens
2578 4791 2811 4848 statuta
2846 4793 3136 4867 tempora
3164 4793 3229 4849 et
3264 4786 3573 4850 terminos
3609 4787 3851 4852 habita-

2352 4883 2541 4946 tionis
2572 4901 2814 4946 eorum.
2848 4883 3025 4958 Quod
3055 4883 3329 4966 qualiter
3354 4883 3595 4948 factum
3627 4894 3747 4960 est,
3780 4887 3847 4950 in

2350 4981 2601 5057 Genesi,
2662 4982 2727 5043 in
2787 4981 3306 5065 Paralipomenon
3371 4991 3437 5046 et
3490 4983 3635 5047 aliis
3692 4985 3847 5050 locis
3876 5017 4181 5072 (ga-„33-

2348 5080 2691 5161 Scripturae
2730 5080 2899 5142 clare
2939 5099 3014 5143 ac
3057 5081 3313 5164 copiose
3354 5081 3637 5146 docetur.
3667 5085 3845 5149 Unde
3888 5079 4053 5126 ΠΨ·
4080 5099 4095 5127 ¹
4126 5093 4177 5132 θ·

2346 5178 2411 5240 in
2442 5177 2701 5241 Daniele
2738 5178 3142 5254 describitur,
3174 5179 3451 5262 qualiter
3486 5182 3839 5246 secundum
3870 5153 4175 5272 2³³⁸,

739 5276 910 5358 juste
939 5275 1268 5338 usurarius
1297 5291 1455 5350 esse,
1470 5273 1622 5355 quia
1649 5273 1934 5355 recipere
1964 5273 2235 5337 fructum
2342 5275 2631 5339 ordinem
2663 5276 3079 5359 providentiae
3109 5278 3217 5342 Dei
3245 5277 3427 5358 juxta
3454 5279 3841 5360 exigentiam
3872 5278 3941 5320 ²⁰·
