4267 6250
575 1086 681 1129 Luc.
709 1099 751 1136 x,
776 1087 840 1129 42.

640 2083 723 2124 ut.
748 2083 786 2125 ¹.

637 3365 720 3403 art.
742 3364 783 3405 t.

869 495 990 561 206

1533 511 1596 557 ΙΝ
1635 511 1857 557 unum!
1899 511 1960 556 lv
2001 509 2483 556 smnmunuu.
2529 526 2609 538 —
2650 509 2802 556 msr.
2845 510 2991 573 vm3
3036 511 3259 568 QUAEST.
3302 513 3323 558 1

870 683 1216 757 cationum,
1268 683 1333 744 id
1381 682 1548 764 quod
1607 689 1703 744 est
1760 681 2073 755 omnium,
2123 679 2449 743 scilicetA
2480 680 2678 742 sando
2726 679 3147 754 sanctitate-m,
3198 700 3391 764 quam
3453 682 3639 745 modo
3690 681 3989 764 speciali,

870 798 1252 862 congregare
1280 781 1358 842 ad
1391 798 1614 852 unum,
1647 779 1798 841 huic
1837 785 2235 841 sacramento
2262 777 2371 839 ad-

870 878 1219 941 scribitur:
1261 877 1499 940 idcirco
1547 883 1954 958 nuncupatur
1999 875 2370 939 communio

872 985 936 1038 et
977 977 1252 1058 synaxis,
1286 976 1350 1037 in
1396 982 1706 1057 quantum
1752 974 1945 1036 homo
1991 993 2106 1055 per
2154 974 2365 1055 ipsum

871 1081 1288 1156 congregatur
1324 1073 1403 1135 ad
1448 1091 1649 1135 unum
1695 1073 1865 1153 quod
1906 1070 2114 1134 solum
2154 1088 2371 1133 neces-

869 1174 1106 1235 sarium
1147 1180 1264 1246 est,
1296 1179 1361 1235 et
1396 1173 1474 1234 ad
1515 1190 1582 1234 se
1623 1171 1834 1252 ipsum
1877 1189 1992 1252 per
2025 1170 2124 1234 sui
2166 1169 2369 1252 ipsius

869 1271 1464 1343 considerationem,
1498 1278 1561 1332 et
1606 1271 1685 1332 ad
1725 1269 1884 1332 alios
1928 1287 2043 1352 per
2083 1266 2369 1330 dilectio-

869 1389 1036 1432 nem.
1066 1370 1352 1451 Insuper,
1386 1376 1695 1450 quantum
1728 1369 1806 1431 ad
1838 1367 2136 1430 ultimum
2169 1365 2370 1429 finem

869 1468 1412 1550 consequendum,
1461 1467 1805 1530 maximam
1852 1465 2211 1528 efficaciam
2262 1464 2371 1526 ha-

868 1567 997 1641 het,
1034 1567 1098 1628 in
1133 1574 1440 1648 quantum
1481 1566 1734 1628 realiter
1763 1565 2049 1628 continet
2085 1564 2208 1626 hoc
2242 1581 2371 1645 quo

864 1666 1060 1748 janua
1117 1665 1293 1747 regni
1344 1671 1562 1747 aperta
1618 1672 1734 1738 est,
1789 1671 1942 1747 puta
1993 1662 2369 1744 sanguinem

871 1765 1102 1827 Christi
1129 1781 1142 1827 :
1169 1765 1336 1827 unde
1366 1763 1673 1826 viaticum
1706 1761 2090 1826 nominatur.
2115 1797 2197 1807 —
2226 1760 2369 1822 Haec

869 1863 1141 1926 Thomas
1186 1863 1250 1925 in
1295 1862 1562 1944 Script0.

949 1963 1138 2024 Porro
1179 1961 1244 2023 in
1274 1961 1461 2023 tertia
1501 1967 1702 2042 parte,
1735 1958 2085 2041 quaestione
2123 1964 2371 2039 septua-

867 2061 1112 2142 gesima
1151 2059 1336 2122 tertia
1371 2077 1385 2120 ε
1421 2059 1824 2121 Sacramenta
1861 2056 2128 2138 (inquit)
2163 2055 2374 2116 Eccle-

869 2160 978 2222 siae
1023 2159 1397 2221 ordinantur
1439 2157 1516 2219 ad
1567 2155 2076 2219 subveniendum
2126 2153 2371 2217 homini

870 2257 936 2318 in
987 2256 1116 2318 vita
1174 2254 1511 2336 spirituali.
1563 2253 1703 2316 Vita
1757 2258 1968 2314 autem
2019 2251 2373 2333 spiritualis

869 2353 1179 2436 corporali
1232 2353 1378 2416 vitae
1426 2352 1836 2426 assimilatur,
1883 2351 2187 2433 quoniam
2238 2367 2373 2412 cor-

865 2452 1106 2536 poralia
1135 2451 1626 2514 similitudinem
1656 2450 2087 2533 spiritualium
2117 2455 2366 2530 gerunt.

867 2553 1026 2614 Hinc
1058 2552 1224 2615 sicut
1251 2552 1329 2614 ad
1361 2551 1556 2613 vitam
1599 2548 1994 2631 corporalem
2035 2547 2245 2630 primo
2278 2565 2372 2609 re-

869 2651 1149 2733 quiritur
1176 2650 1521 2732 generatiO,
1555 2648 1784 2711 deinde
1814 2654 2255 2729 augmentum,
2289 2652 2375 2707 at·

871 2769 997 2833 que
1029 2769 1144 2831 per
1174 2767 1570 2830 consequens
1597 2747 1997 2820 alimentum,
2021 2763 2149 2828 quo
2179 2745 2371 2807 homo

869 2855 1280 2912 conservatur
1310 2848 1378 2909 in
1410 2847 1539 2910 vita
1573 2863 1586 2908 :
1623 2847 1708 2908 ita
1737 2846 1815 2907 ad
1847 2846 2042 2908 vitam
2075 2844 2371 2926 spiritua-

870 2947 996 3010 lem
1047 2947 1256 3028 primo
1302 2947 1663 3028 Baptismus
1713 2943 2079 3026 requiritur,
2114 2942 2225 3024 qui
2276 2948 2373 3004 est

2481 778 2781 841 videlicet
2821 779 3017 842 totius
3062 779 3413 843 sanctitatis
3460 798 3533 842 ac
3574 781 3795 861 gratiae
3838 797 3995 843 con·

2480 874 2741 938 tinendo
2771 884 3119 939 auctorem.
3148 877 3211 940 Si
3241 894 3395 940 vero
3421 877 3786 958 objiciatur,
3810 878 3992 960 quod

2481 983 2947 1036 sacramentum
2995 975 3185 1038 debet
3223 975 3458 1038 habere
3505 975 3863 1038 naturalem
3906 976 3996 1038 si-

2482 1071 2913 1136 militudinem
2956 1092 3103 1136 cum
3144 1092 3219 1137 eo
3262 1074 3449 1155 cujus
3488 1081 3586 1136 est
3626 1093 3993 1138 sacramen-

2480 1177 2653 1246 tum;
2694 1172 2806 1234 sed
2852 1174 3097 1254 species
3146 1172 3327 1255 panis
3376 1179 3440 1235 et
3482 1173 3616 1234 vini
3654 1173 3851 1236 talem
3900 1174 3993 1235 si-

2482 1269 2913 1332 militudinem
2962 1289 3089 1333 non
3133 1270 3370 1333 habent
3414 1289 3561 1333 cum
3608 1289 3877 1354 corpore
3921 1280 3993 1334 et

2480 1369 2787 1448 sanguine
2819 1368 3048 1433 Christi
3076 1386 3090 1431 :
3114 1386 3264 1450 ergo
3293 1387 3419 1432 non
3450 1377 3599 1431 sunt
3629 1389 3995 1432 sacramen.

2478 1472 2618 1528 tum
2650 1467 2933 1548 corporis
2964 1466 3194 1530 Christi
3226 1486 3301 1530 ac
3330 1467 3677 1550 sanguinis,
3702 1469 3993 1552 Respon-

2479 1563 2665 1626 detur
2698 1583 2712 1626 :
2748 1565 3007 1646 Species
3045 1565 3171 1630 illae
3210 1583 3337 1629 non
3379 1566 3445 1628 in
3486 1575 3795 1648 quantum
3830 1575 3993 1630 sunt

2480 1660 2699 1726 formae
2729 1663 2935 1725 solum
2974 1663 3419 1737 accidentales,
3452 1670 3601 1727 sunt
3638 1665 3822 1746 signa
3848 1683 3993 1729 cor-

2480 1761 2651 1843 poris
2682 1769 2746 1823 et
2782 1762 3110 1843 sanguinis
3149 1762 3424 1836 Domini,
3458 1764 3569 1826 sed
3608 1765 3855 1826 ratione
3888 1783 3993 1826 re-

2403 1864 2451 1926 B
2482 1878 2625 1921 rum
2669 1878 2941 1941 quarum
2980 1860 3335 1923 accidentia
3378 1862 3780 1935 exstiterunt,
3824 1880 3994 1944 quas

2483 1965 2954 2039 repraesentant.
3001 1957 3145 2021 Haec
3187 1958 3427 2021 Petrus.

2561 2056 2909 2118 Richardus
2958 2075 3213 2138 quoque
3253 2073 3267 2118 t
3306 2056 3563 2139 Species
3606 2057 3753 2138 (ait)
3800 2059 3997 2140 panis

2482 2160 2546 2216 et
2574 2153 2707 2216 vini
2736 2161 2884 2236 post
2911 2155 3479 2229 consecrationem,
3512 2163 3995 2218 sacramentum

2482 2259 2632 2316 sunt
2662 2271 2841 2317 novae
2873 2254 3051 2334 legiS,
3079 2255 3207 2317 imo
3238 2263 3387 2316 sunt
3416 2255 3671 2335 signum
3706 2255 3997 2337 duplicis

2483 2351 2574 2414 rei
2628 2371 2837 2415 sacrae.
2891 2352 3048 2414 Nam
3098 2352 3345 2435 species
3393 2353 3577 2435 panis
3632 2353 3997 2416 consecrati

2482 2455 2578 2512 est
2616 2451 2869 2531 signum
2913 2451 3197 2532 corporis
3228 2450 3457 2514 Christi
3490 2450 3650 2525 veri,
3682 2451 3857 2533 quod
3894 2459 4002 2513 est

2482 2567 2583 2610 res
2646 2567 2823 2611 sacra
2880 2555 3175 2611 contenta
3222 2549 3342 2611 suh
3414 2549 3629 2632 specie
3686 2550 3815 2612 illa.
3880 2549 4003 2612 Est

2481 2647 2672 2709 etiam
2735 2647 2989 2728 signum
3040 2647 3343 2728 ,corporis
3406 2646 3639 2710 Christi
3705 2648 3997 2730 mystici,

2480 2745 2649 2827 quod
2680 2753 2778 2807 est
2808 2745 3111 2818 Ecclesia,
3134 2752 3200 2807 et
3226 2753 3324 2809 est
3354 2764 3455 2808 res
3484 2765 3667 2809 sacra
3695 2746 3818 2809 sub
3848 2765 4001 2829 spe-

2481 2843 2579 2905 cie
2610 2861 2734 2906 non
2777 2850 3091 2906 contenta.
3126 2842 3204 2904 Et
3231 2844 3527 2925 quamvis
3568 2844 3703 2908 haec
3738 2845 3999 2927 species

2480 2958 2608 3004 non
2647 2942 2731 3004 sit
2768 2960 2958 3004 causa
3000 2941 3386 3004 exsistentiae
3425 2943 3710 3024 corporis
3750 2943 3999 3006 Christi

869 3043 1264 3126 regeneratio
1313 3041 1700 3125 spiritualis3
1742 3040 1972 3102 deinde
2021 3037 2373 3102 Confirma·
2407 3041 2450 3106 C
2480 3040 2901 3114 absolute,est
2930 3047 3144 3102 tamen
3177 3059 3366 3102 causa
3394 3041 3783 3104 exsistentiae
3812 3041 4003 3104 Chri-

869 3143 980 3215 tio,
1014 3162 1156 3225 quae
1195 3148 1292 3205 est
1331 3139 1662 3223 spirituale
1700 3146 2151 3220 augmentum3
2184 3138 2370 3201 tertio

869 3241 1282 3304 Eucharistiae
1311 3245 1800 3311 sacramentum,
1833 3238 2002 3319 quod
2039 3237 2371 3319 spirituale

871 3347 968 3404 est
1015 3340 1414 3401 alimentum.
1449 3372 1529 3382 —
1565 3336 1850 3418 Denique
1899 3343 2366 3398 sacramentum

867 3440 986 3501 hoc
1019 3437 1338 3519 triplicem
1371 3435 1562 3498 habet
1590 3433 2366 3515 significationem.Unam

868 3542 1164 3619 respectu
1209 3534 1535 3617 praeteriti,
1570 3533 1636 3595 in
1675 3540 1986 3615 quantum
2029 3538 2126 3595 est
2166 3550 2367 3594 reme-

869 3634 1250 3697 morativum
1300 3632 1638 3696 dominicae
1687 3631 2021 3713 passioniS,
2054 3650 2199 3711 quae
2247 3629 2369 3691 fuit

866 3733 1256 3797 sacrificium
1300 3750 1528 3795 verum
1565 3748 1578 3793 :
1612 3739 1676 3794 et
1714 3731 1806 3793 sic
1845 3729 2081 3792 dicitur
2122 3728 2367 3791 sacrifi-

867 3832 1058 3895 cium.
1094 3831 1299 3894 Aliam
1344 3830 1534 3892 hahet
1573 3828 2110 3910 significationem
2154 3846 2367 3909 respe-

865 3939 970 3993 ctu
1003 3931 1094 3993 rei
1127 3929 1476 4013 praesentis,
1502 3935 1719 4009 utpote
1748 3926 2197 3989 ecclesiasticae
2228 3926 2366 3988 uni-

863 4030 1033 4103 tatis,
1086 4029 1150 4091 in
1209 4047 1336 4110 qua
1383 4026 1675 4089 homines
1733 4042 1848 4107 per
1895 4032 2366 4087 sacramentum

865 4128 985 4191 hoc
1013 4126 1372 4189 adunantur
1406 4142 1420 4187 :
1454 4124 1674 4205 sicque
1703 4130 1966 4186 vocatur
1996 4123 2365 4186 communio

2479 3140 2557 3202 sti
2590 3140 2853 3202 ibidem.
2879 3139 3179 3213 Quamvis
3208 3140 3401 3203 etiam
3434 3140 3681 3222 species
3711 3140 3825 3203 illa
3853 3159 3995 3204 non

2479 3238 2563 3300 sit
2620 3256 2810 3300 causa
2868 3238 3118 3320 mystici
3180 3238 3465 3320 corporis
3512 3238 3769 3311 Christi,
3820 3248 3992 3302 atta-

2479 3354 2627 3398 men
2670 3334 3174 3398 instrumentalis
3214 3353 3405 3398 causa
3434 3343 3535 3399 est
3564 3336 3718 3400 fidei
3760 3354 3997 3420 corpo-

2477 3435 2565 3497 ris
2601 3434 2815 3515 hujus.
2852 3434 2995 3498 Haec
3029 3434 3403 3498 Ricbardus,

2557 3534 2624 3596 ln
2650 3534 2817 3595 idem
2840 3532 3135 3595 videntur
3158 3533 3363 3596 redire
3382 3534 3619 3616 scripta
3634 3534 3881 3597 Alherti
3908 3537 3997 3599 de

2476 3632 2595 3694 his.
2632 3633 2879 3715 Scripta
2908 3650 3163 3715 quoque
3192 3632 3647 3697 Bonaventurae
3675 3634 3988 3711 dicentiS,

2476 3731 2647 3812 quod
2696 3730 2868 3793 istud
2915 3738 3383 3792 sacramentum
3434 3738 3529 3793 est
3576 3750 3800 3803 unum,
3847 3751 3993 3797 non

2477 3829 2717 3890 unitate
2757 3828 3209 3909 simplicitatiS,
3243 3829 3353 3891 sed
3390 3829 3814 3910 integritatis3
3849 3849 3993 3895 non

2474 3934 2689 3990 tamen
2720 3926 3097 4008 integritatis
3126 3925 3310 3989 factae
3342 3926 3408 3989 in
3438 3927 3646 4002 tertio,
3680 3928 3792 3991 sed
3822 3929 3995 3992 rela-

2474 4032 2553 4088 tae
2599 4025 2678 4087 ad
2721 4024 3175 4106 complendum
3222 4044 3423 4088 unum
3469 4025 3723 4106 signum
3772 4028 3996 4108 perfe-

2476 4132 2665 4186 ctum.
2683 4124 2841 4187 Sunt
2871 4123 3132 4205 quidem
3164 4123 3229 4186 in
3262 4123 3385 4187 isto
3412 4132 3811 4188 sacramento
3836 4126 3994 4192 duae

865 4244 979 4289 seu
1027 4224 1301 4308 synaxis,
1344 4222 1617 4285 Tertiam
1669 4221 2207 4302 significationem
2256 4220 2363 4283 ha·
2395 4223 2444 4286 D
2478 4223 2757 4286 materiae
2796 4230 2860 4284 et
2906 4222 3049 4285 duae
3087 4221 3309 4286 formae
3347 4222 3717 4299 verborum,
3748 4225 3862 4287 sed
3902 4244 3995 4290 ex

863 4324 974 4386 bet
1011 4328 1304 4404 respectu
1345 4320 1565 4394 futuri,
1599 4326 1818 4401 utpote
1857 4318 2173 4383 beatificae
2211 4318 2365 4382 frui-

864 4421 1079 4496 tionis,
1130 4440 1323 4503 quam
1372 4417 1742 4500 praefigurat
1792 4435 1806 4479 :
1857 4426 1920 4479 et
1971 4418 2056 4481 ita
2102 4425 2365 4481 vocatur

863 4521 1190 4584 viaticum.
1225 4519 1304 4581 Et
1338 4518 1642 4601 quoniam
1679 4518 1946 4598 gratiam
1983 4516 2169 4579 nobis
2208 4537 2366 4600 prae-

864 4620 993 4694 bet,
1027 4626 1092 4681 et
1120 4618 1442 4682 Christum
1471 4616 1666 4679 totius
1694 4616 1911 4697 gratiae
1944 4615 2189 4679 fontem
2220 4634 2364 4679 con-

865 4718 1045 4792 tinet,
1079 4723 1340 4781 vocatur
1380 4714 1794 4777 Eucharistia.
1830 4713 2076 4776 Dicitur
2107 4732 2363 4796 quoque

863 4818 928 4880 in
959 4815 1175 4880 Graeco
1205 4817 1542 4898 μετάληψις,
1567 4812 1628 4875 id
1659 4821 1758 4876 est
1783 4813 2136 4894 assumptio
2168 4830 2181 4875 :
2214 4812 2363 4901 quja

859 4916 961 4996 (ut
1003 4913 1429 4976 Damascenus
1472 4910 1766 4991 testatur)
1808 4929 1922 4992 per
1965 4911 2179 4993 ipsum
2219 4910 2359 4972 Filii

863 5012 1162 5075 deitatem
1205 5010 1614 5073 assumimus.
1658 5009 1804 5073 Haec
1847 5009 1910 5070 in
1955 5009 2237 5071 Summa.

939 5110 1020 5173 At
1047 5127 1199 5173 vero
1238 5109 1455 5171 Petrus
1490 5126 1505 5171 ε
1539 5107 1956 5181 Eucharistia,
1988 5108 2098 5181 ait,
2132 5114 2230 5169 est
2266 5126 2361 5170 sa-

861 5216 1258 5273 cramentum
1289 5215 1418 5271 tam
1451 5207 1640 5271 modo
1669 5207 1996 5270 communi
2035 5226 2185 5269 cum
2216 5207 2361 5269 aliis

858 5307 1294 5384 sacramentiS,
1345 5314 1563 5389 utpote
1619 5305 2043 5389 significando
2099 5312 2165 5368 et
2210 5324 2355 5369 cau-

2476 4322 2579 4384 his
2626 4321 2891 4385 resultat
2940 4340 3141 4384 unum
3194 4321 3449 4402 signum
3502 4321 3863 4404 perfectum
3917 4333 3991 4387 et

2474 4420 2835 4484 ordinatum
2883 4421 2963 4482 ad
3013 4438 3239 4493 unum,
3284 4419 3346 4481 id
3396 4428 3494 4482 est
3538 4421 3619 4483 ad
3667 4421 3990 4488 unionem

2476 4518 2726 4602 mystici
2769 4518 3052 4600 corporis
3092 4518 3547 4599 designandam
3582 4527 3647 4581 et
3682 4518 3991 4585 efficien-

2473 4618 2638 4680 dam.
2691 4616 2869 4679 Ratio
2917 4616 3177 4679 demum
3228 4617 3421 4697 hujus
3470 4617 3849 4699 integritatis
3902 4640 3989 4684 ac

2472 4715 2887 4779 ordinationis
2932 4714 3303 4797 dispositive
3347 4716 3750 4797 progreditur
3788 4736 3829 4778 a
3870 4738 3991 4781 na-

2471 4823 2634 4889 tura,
2669 4814 2821 4895 quia
2868 4831 2985 4876 nec
3030 4812 3213 4895 panis
3261 4820 3359 4875 est
3406 4813 3595 4896 plene
3644 4815 3985 4893 reficiens,

2473 4932 2681 4995 neque
2712 4912 2957 4985 vinum,
2976 4912 3088 4974 sed
3114 4911 3304 4974 ambo
3334 4912 3561 4991 simul;
3588 4914 3988 4995 completive

2470 5030 2622 5075 vero
2664 5018 2761 5075 est
2805 5011 2885 5073 ab
2936 5010 3334 5074 institutione
3382 5011 3621 5085 divina,
3655 5031 3799 5094 quae
3847 5014 3987 5080 duo

2473 5112 2591 5173 ista
2631 5110 2905 5172 instituit
2942 5109 3022 5171 ad
3064 5110 3525 5190 designandum
3564 5118 3629 5172 et
3668 5129 3985 5193 peragen-

2470 5211 2622 5272 dum
2668 5227 2859 5271 unam
2904 5207 3161 5290 plenam
3207 5207 3621 5271 refectionem
3674 5210 3983 5292 spiritua-

2470 5308 2617 5369 lem.
2662 5306 2807 5369 Haec
2848 5306 3305 5369 Bonaventura.
