4267 6250
493 501 582 548 AN
620 501 1030 550 samma
1070 501 1238 550 NOVA
1276 500 1617 548 ultanum·
1655 499 1700 546 Δ
1741 497 2072 546 VUBRIBUS
2113 498 2231 546 rm
2269 499 2389 548 Hoc
2430 497 2591 558 QUOD
2630 499 2909 548 musam·
2948 498 3223 546 annm:
3329 479 3411 544 55

85 687 286 744 cumn,
309 673 566 736 Diversa
595 682 749 735 sunt
776 678 1171 736 sacramenta
1209 672 1366 753 legis
1405 689 1584 734 novae
1613 677 1677 733 et
1705 689 1808 732 ve·
1834 669 1886 732 Α
1917 669 2242 732 ctificare?
2276 670 2353 732 Et
2393 671 2591 752 quaeri
2641 677 2848 753 pote-st
2891 671 2955 733 in
3004 687 3133 752 quo
3178 687 3411 751 genere

81 751 228 806 psas.

309 771 478 842 teris,
499 771 806 853 quoniam
840 770 948 833 illa
977 777 1225 833 tantum
1259 769 1638 850 figurabant,
1672 768 1806 831 haec

307 868 648 932 conferunt
673 869 966 950 gratiam,
999 867 1208 948 arguit
1238 867 1332 930 sic
1366 885 1380 929 z
1413 866 1638 930 Nullus
1668 867 1808 928 sine

305 967 504 1048 gratia
551 974 768 1049 potest
811 966 1064 1040 salvari,
1114 983 1264 1046 ergo
1311 965 1365 1028 si
1414 971 1810 1028 sacramenta

303 1065 538 1128 veteris
587 1065 976 1128 Testamenti
1032 1065 1300 1146 gratiam
1350 1081 1478 1127 non
1529 1062 1810 1125 confere-

303 1164 476 1238 bant,
523 1164 747 1227 nullus
797 1163 865 1227 in
915 1163 1052 1246 lege
1101 1162 1210 1225 illa
1259 1162 1538 1225 salvatus
1584 1169 1698 1224 est.
1742 1161 1808 1224 Si

303 1262 496 1334 dicas,
552 1263 728 1344 quod
775 1261 842 1324 in
893 1261 1305 1324 sacramentis
1359 1260 1488 1322 illis
1542 1259 1810 1322 dabatur

301 1359 520 1442 gratia,
555 1378 690 1423 non
731 1368 942 1423 tamen
985 1360 1222 1422 virtute
1265 1365 1807 1422 sacramentorum

303 1459 584 1533 illorum,
623 1460 690 1522 in
729 1459 1144 1522 sacramentis
1181 1467 1394 1520 autem
1433 1475 1612 1520 novae
1652 1457 1809 1537 legis

308 1555 640 1618 confertur
678 1555 881 1636 gratia
920 1554 1158 1617 virtute
1197 1555 1506 1636 ipsorum,
1539 1553 1690 1635 quia
1728 1570 1806 1615 ex

305 1653 815 1716 sanctificatione
843 1652 1268 1725 sanctificant,
1303 1653 1654 1715 secundum
1687 1651 1810 1713 Hu-

305 1771 572 1834 gonem3
605 1751 914 1834 objicitur
947 1759 1166 1815 contra
1201 1751 1346 1823 hoc,
1377 1750 1680 1833 quoniam
1710 1767 1808 1812 so-

1913 775 2024 830 ant
2051 768 2267 850 spccie
2305 769 2387 830 sit
2427 769 2631 831 virtus
2670 769 2769 831 vel
2811 769 3013 850 gratia
3051 767 3175 830 illa.
3211 767 3275 832 Si
3306 787 3413 830 au-

1915 874 2046 929 tem
2091 874 2364 948 ponatur
2408 867 2573 930 inter
2613 867 2781 930 bona
2825 867 3093 929 minima
3136 873 3247 928 aut
3286 885 3417 930 me-

1917 965 2042 1038 dia,
2093 965 2413 1047 quomodo
2470 964 2623 1028 facit
2678 965 3129 1029 rectitudinem
3186 965 3416 1028 sanati-

1917 1079 2235 1145 onemque
2274 1062 2526 1136 animae,
2559 1082 2701 1146 quae
2742 1063 2906 1127 inter
2934 1063 3101 1126 bona
3140 1063 3419 1126 maxima

1917 1165 2371 1244 computatur?
2430 1161 2713 1226 Difficile
2770 1161 2963 1224 etiam
3022 1169 3119 1224 est
3174 1162 3414 1237 videre,

1917 1259 2239 1342 quomodo
2269 1259 2426 1323 illud
2466 1260 2760 1323 accidens
2800 1261 3131 1343 spirituale
3170 1261 3236 1322 in
3266 1260 3417 1323 sub-

1913 1357 2087 1439 jecto
2129 1358 2751 1421 substantificabitur
2794 1358 3129 1440 corporali,
3163 1365 3227 1421 et
3264 1376 3419 1440 quo-

1919 1459 2107 1519 modo
2157 1475 2283 1519 una
2332 1457 2535 1520 virtus
2580 1458 2814 1539 poterit
2862 1457 2925 1518 in
2976 1456 3227 1520 duobus
3276 1474 3415 1520 esse

1917 1553 2248 1635 subjectiS,
2282 1562 2435 1636 puta
2480 1555 2547 1617 in
2591 1555 2788 1618 verbo
2830 1562 2892 1618 et
2936 1555 3255 1618 elemento
3288 1573 3303 1618 :
3336 1573 3416 1617 ex

1916 1653 2153 1735 quibus
2192 1654 2485 1735 quamvis
2525 1653 2641 1716 fiat
2678 1673 2877 1716 unum
2920 1660 3411 1728 sacramentum,

1917 1769 2045 1814 non
2085 1759 2299 1815 tamen
2341 1772 2539 1814 unum
2588 1771 2703 1834 per
2742 1752 3085 1816 essentiam
3129 1758 3194 1814 et
3234 1760 3414 1814 natu—

309 1851 400 1912 lus
431 1851 602 1914 Deus
631 1851 742 1912 dat
766 1850 1036 1932 gratiam
1066 1869 1181 1931 per
1209 1849 1630 1912 creationem:
1655 1866 1804 1929 ergo
1842 1853 1889 1916 B
1918 1868 2073 1912 ram.
2117 1849 2335 1913 Unitas
2381 1857 2595 1912 autem
2644 1850 2899 1913 virtutis
2945 1850 3151 1931 (juxta
3197 1849 3417 1912 Dama·

307 1947 356 2010 si
385 1948 592 2029 gratia
631 1948 1082 2012 conferebatur
1121 1947 1186 2008 in
1225 1946 1638 2010 sacramentis
1667 1946 1806 2008 istis

306 2053 366 2108 et
403 2046 554 2120 illis,
590 2046 770 2108 nulla
811 2045 936 2108 fuit
977 2045 1344 2108 differentia
1385 2045 1552 2108 inter
1584 2063 1680 2108 ea.

380 2145 764 2217 Dicendum,
818 2144 988 2226 quod
1037 2144 1208 2206 circa
1255 2143 1374 2206 hoc
1422 2152 1517 2206 est
1567 2143 1805 2225 duplex

307 2243 520 2324 opinio
567 2241 848 2305 celebris
897 2249 960 2304 et
1006 2240 1267 2304 famosa.
1315 2241 1470 2315 Una,
1520 2241 1689 2322 quod
1739 2241 1805 2302 in

307 2342 590 2422 utrisque
620 2341 810 2403 datur
835 2339 1060 2421 gratia,
1079 2340 1188 2402 sed
1219 2338 1594 2403 differenter
1617 2356 1632 2400 ε
1655 2339 1808 2420 quia

309 2440 371 2502 in
401 2439 528 2501 illis
568 2439 844 2502 dabatur
883 2437 1125 2501 ratione
1165 2436 1321 2500 fidei
1351 2444 1416 2499 et
1452 2437 1806 2500 devotionis

309 2537 822 2619 suscipientium,
857 2538 943 2599 ita
973 2536 1142 2617 quod
1183 2535 1361 2598 nullo
1401 2535 1590 2598 modo
1621 2535 1805 2598 ratio-

310 2655 386 2698 ne
413 2635 631 2718 operis
659 2635 906 2717 operati
936 2641 1048 2697 aut
1076 2634 1474 2697 sacramenti.
1509 2633 1580 2696 In
1611 2653 1810 2696 sacra·

311 2735 540 2797 mentis
587 2751 744 2796 vero
800 2733 952 2796 novi
999 2733 1384 2796 Testamenti
1443 2751 1629 2795 secus
1686 2741 1803 2806 est,

307 2832 608 2914 quoniam
651 2838 944 2894 constant
981 2850 1061 2894 ex
1094 2831 1308 2894 verbis
1346 2838 1410 2894 et
1448 2830 1800 2894 elementis

311 2929 382 2992 Et
409 2949 612 3012 quum
644 2929 956 2992 Dominus
986 2929 1262 2990 instituit
1291 2929 1582 3001 verbum,
1617 2929 1679 2991 id
1709 2935 1808 2990 est

1917 1947 2214 2028 scenum)
2260 1949 2715 2031 correspondet
2769 1947 2993 2010 unitati
3046 1947 3416 2010 substantiae

1917 2052 1982 2106 et
2011 2045 2403 2108 naturae.Aut
2434 2062 2583 2126 ergo
2614 2045 2677 2106 in
2713 2062 2840 2108 uno
2869 2051 3259 2108 sacramento
3288 2061 3415 2107 non

1917 2149 2014 2204 est
2043 2162 2169 2204 una
2200 2149 2444 2205 tantum
2477 2143 2701 2216 virtuS,
2730 2143 2839 2204 sed
2872 2143 3130 2224 plures;
3160 2150 3273 2204 aut
3298 2142 3420 2205 vir-

1917 2249 2020 2304 tus
2052 2241 2162 2304 illa
2192 2242 2543 2325 composita
2570 2250 2703 2321 est;
2732 2249 2845 2304 aut
2882 2261 3083 2304 unum
3122 2241 3419 2306 accidens

1919 2340 2217 2422 simplex,
2267 2341 2601 2423 spirituale
2646 2348 2713 2403 et
2760 2339 3173 2423 impartibile,
3223 2340 3419 2403 simul

1918 2439 2041 2501 erit
2071 2438 2136 2501 in
2178 2439 2449 2502 diversis
2486 2438 2796 2519 subiectis
2829 2456 2844 2500 ε
2878 2440 3046 2520 quod
3088 2445 3290 2501 totum
3323 2437 3416 2500 in-

1917 2537 2203 2618 telligere
2247 2537 2431 2600 valde
2472 2537 2722 2600 exsistit
2762 2536 3052 2600 difficile.

1998 2635 2277 2697 Dubium
2320 2636 2577 2698 demum
2610 2635 2883 2710 videtur,
2916 2654 2995 2697 an
3036 2635 3203 2698 Deus
3241 2635 3419 2700 dedit

1917 2732 2092 2796 illam
2122 2733 2424 2796 virtutem
2467 2734 2721 2814 quando
2760 2733 2969 2815 primo
3008 2732 3285 2795 instituit
3321 2753 3417 2796 sa·

1917 2839 2263 2905 eramenta,
2284 2851 2366 2894 an
2397 2833 2474 2894 de
2504 2849 2669 2895 novo
2698 2833 2823 2894 det.
2848 2831 3173 2905 Quomodo
3200 2839 3415 2895 autem

1916 2949 1954 2992 a
1993 2929 2313 3012 principio
2355 2929 2529 2993 dedit
2566 2930 2667 2992 his
2707 2948 2849 3011 quae
2888 2931 3171 2993 nondum
3211 2938 3413 3006 erant,

309 3027 574 3090 formam
620 3025 968 3089 verborum
1021 3025 1599 3100 sacramentalium,
1632 3026 1806 3088 dedit
1835 3025 1878 3090 C
1915 3028 2217 3090 videlicet
2244 3027 2457 3091 verbis
2490 3047 2627 3110 quae
2658 3027 2943 3110 quotidie
2972 3027 3416 3110 proferuntur?

309 3127 397 3189 illi
425 3128 734 3189 virtutem
759 3144 888 3207 qua
917 3125 1136 3187 influit
1165 3131 1229 3188 et
1255 3125 1384 3206 agit
1412 3123 1478 3187 in
1509 3123 1802 3197 animam,

309 3224 704 3308 disponendo
759 3225 837 3286 ad
890 3223 1106 3305 gratiae
1159 3222 1653 3305 susceptionem,
1702 3224 1804 3285 vel

311 3323 738 3406 imprimendo
781 3322 1162 3384 characteris
1206 3321 1804 3403 configurationem,

311 3422 400 3483 vel
443 3420 970 3484 adminiculando
1015 3420 1139 3501 ipsi
1186 3420 1404 3501 gratiae
1451 3421 1528 3482 ad
1579 3420 1806 3483 animae

315 3519 704 3583 curationem
752 3536 826 3580 ac
876 3517 1119 3580 fomitis
1169 3517 1694 3581 debilitationem.
1729 3517 1808 3579 Et

313 3618 424 3679 hoc
465 3618 728 3681 videtur
773 3616 986 3679 dicere
1027 3615 1442 3697 AugustinuS,
1482 3616 1754 3679 dicendo
1787 3634 1801 3677 :

309 3716 448 3789 Quas
487 3723 590 3779 est
625 3721 802 3777 tanta
839 3714 936 3777 vis
973 3732 1176 3795 aquae,
1211 3721 1282 3775 ut
1323 3730 1556 3795 corpus
1594 3721 1808 3794 tangat

309 3822 370 3876 et
411 3832 520 3877 cor
566 3812 810 3887 abluat,
859 3812 983 3875 nisi
1033 3812 1305 3875 faciente
1352 3811 1588 3874 verbo?
1627 3812 1806 3893 Hugo

309 3932 556 3995 quoque
583 3912 1029 3975 :Sacramenta
1054 3910 1410 3993 (inquiens)
1439 3928 1618 3974 novae
1648 3911 1804 3992 legis

312 4012 480 4092 prins
524 4009 1012 4074 sanctificantur
1050 4028 1166 4091 per
1197 4008 1491 4083 verbum,
1525 4018 1803 4091 postmo-

311 4110 454 4171 dum
484 4108 914 4179 sanctificant,
949 4114 1020 4169 ut
1047 4106 1140 4169 sic
1168 4107 1298 4168 sint
1335 4125 1412 4169 ex
1443 4106 1800 4169 sanctifica-

1915 3128 1978 3190 Si
2012 3128 2118 3189 dat
2148 3128 2227 3190 de
2256 3144 2442 3202 nove,
2466 3144 2617 3207 ergo
2648 3127 2933 3210 quotidie
2964 3128 3031 3189 in
3061 3146 3416 3191 sacramen—

1914 3227 1996 3289 tis
2026 3243 2157 3288 non
2188 3225 2393 3289 solum
2427 3226 2717 3307 gratiam,
2742 3226 2853 3289 sed
2883 3233 2947 3289 et
2974 3224 3099 3288 alia
3127 3226 3417 3289 acciden-

1914 3325 2000 3387 tia
2059 3332 2271 3404 creat3
2321 3332 2385 3387 et
2431 3331 2645 3387 tamen
2705 3342 2832 3387 non
2881 3324 3214 3387 consuevit
3261 3324 3413 3398 dici,

1914 3422 2084 3504 quod
2129 3422 2468 3485 creationis
2516 3440 2679 3503 opus
2726 3429 3038 3496 exerceat,
3072 3421 3197 3485 nisi
3248 3422 3419 3485 circa

1914 3520 2157 3582 exitum
2187 3520 2418 3583 animae
2450 3520 2513 3583 in
2544 3538 2706 3593 esse,
2740 3527 2803 3582 et
2833 3520 3001 3582 circa
3032 3519 3417 3583 infusionem

1912 3618 2147 3698 gratiae.
2201 3617 2264 3679 Si
2314 3624 2527 3680 autem
2576 3618 2823 3681 desinat
2870 3618 3075 3680 virtus
3122 3618 3231 3681 illa
3277 3637 3417 3682 esse

1914 3716 2128 3777 statim
2167 3715 2365 3779 verbo
2403 3715 2668 3797 prolat0,
2703 3716 3021 3797 quomodo
3066 3723 3197 3779 tam
3234 3716 3413 3780 nobi·
3534 3764 3541 3771 .

1917 3813 2039 3876 lem
2087 3813 2327 3878 creavit
2369 3814 2691 3888 virtutem,
2726 3820 2795 3875 ut
2838 3821 2965 3875 tam
3011 3814 3137 3877 cito
3180 3815 3413 3878 defice—

1913 3916 2049 3974 ret?
2079 3913 2341 3986 RursuS,
2376 3912 2427 3973 si
2474 3912 2660 3973 datur
2698 3910 2914 3984 verbo,
2947 3918 3011 3972 et
3054 3929 3179 3974 non
3225 3912 3411 3974 datur

1913 4010 2110 4073 verbo
2140 4010 2400 4093 scripto,
2433 4028 2551 4072 nec
2581 4009 2777 4073 verbo
2808 4010 3091 4083 mentali,
3124 4027 3275 4091 ergo
3304 4011 3409 4074 da·

1911 4116 2017 4170 tur
2063 4108 2261 4171 verbo
2308 4108 2509 4171 vocali
2570 4109 2635 4169 in
2693 4128 2810 4170 sua
2858 4107 3406 4191 pronuntiatione;

309 4208 472 4269 tione
529 4204 1018 4268 sanctificantia.
1072 4205 1148 4266 Et
1203 4205 1368 4267 hanc
1417 4204 1798 4286 positionem
1832 4210 1880 4272 D
1911 4214 2195 4288 tuncque
2225 4205 2495 4268 difficile
2524 4213 2623 4267 est
2648 4205 2990 4288 explicare,
3015 4225 3093 4269 an
3126 4207 3310 4269 detur
3342 4207 3407 4271 in

309 4304 620 4367 sustinent
649 4303 768 4367 viri
803 4302 989 4384 periti
1027 4310 1092 4365 et
1121 4302 1251 4365 fide
1288 4303 1484 4383 digni.
1521 4302 1641 4367 Sed
1681 4303 1800 4365 dif-

313 4401 478 4465 ficile
537 4402 794 4464 videtur
859 4400 1019 4462 mihi
1075 4399 1431 4480 intelligere
1497 4400 1800 4463 virtutem

311 4499 480 4562 illam
511 4499 708 4563 verbo
749 4505 812 4562 et
845 4498 1163 4561 elemento
1201 4497 1517 4572 collatam,
1550 4506 1696 4573 etc„
1731 4506 1802 4561 ut

311 4618 514 4680 supra.

389 4696 662 4759 Dubium
705 4713 962 4777 quoque
999 4702 1116 4769 est,
1149 4702 1364 4757 utrum
1399 4698 1692 4777 ponenda
1719 4697 1802 4759 sit

313 4795 474 4858 inter
509 4794 674 4857 bona
715 4793 994 4855 maxima
1031 4794 1131 4855 vel
1175 4794 1519 4857 mediocria
1549 4802 1662 4857 aut
1689 4796 1803 4858 mi-

313 4893 498 4955 nima.
531 4893 595 4955 Si
637 4893 804 4955 inter
844 4890 1141 4963 maxima,
1173 4909 1324 4973 ergo
1361 4910 1511 4955 vere
1546 4900 1644 4955 est
1679 4894 1802 4955 vir—

315 4998 412 5052 tus
457 5010 566 5053 seu
610 4991 834 5071 gratia.
870 4989 1082 5052 Gratia
1121 4997 1334 5052 autem
1378 4990 1690 5053 exsistens
1735 4991 1799 5051 in

315 5106 438 5150 nno
481 5088 791 5169 subjecto,
825 5104 953 5149 non
1000 5094 1208 5169 potest
1254 5087 1319 5149 in
1369 5088 1542 5150 aliud
1591 5106 1796 5168 agere.

315 5186 376 5247 Si
419 5194 626 5249 autem
669 5202 798 5249 non
845 5184 932 5247 sit
976 5202 1126 5247 vere
1173 5185 1376 5248 virtus
1423 5193 1532 5247 aut
1576 5187 1799 5267 gratia,

315 5285 624 5367 quomodo
669 5290 1138 5347 sacramentum
1187 5282 1421 5345 dicitur
1469 5302 1618 5347 vere
1665 5302 1804 5346 san—

1913 4304 2233 4386 principio
2272 4304 2665 4386 prolationis,
2698 4306 2799 4367 vel
2841 4304 2906 4367 in
2947 4306 3160 4368 medio
3194 4313 3305 4369 aut
3342 4307 3407 4370 in

1913 4401 2045 4465 fine
2079 4420 2092 4464 ε
2127 4401 2280 4483 quia
2321 4419 2439 4464 nec
2484 4401 2549 4463 in
2598 4402 2917 4484 principio
2964 4403 3167 4478 verbi,
3200 4423 3409 4486 neque

1915 4500 1978 4563 in
2021 4500 2234 4563 medio
2276 4506 2373 4562 est
2413 4500 2578 4562 actio
2627 4499 2799 4563 illius
2837 4502 3112 4564 virtutis
3149 4502 3211 4564 Si
3256 4520 3407 4567 vero

1917 4599 1978 4661 in
2021 4599 2175 4671 fine,
2209 4608 2363 4661 tunc
2404 4618 2601 4680 quum
2642 4598 2910 4661 verbum
2955 4600 3203 4662 desinat
3242 4620 3404 4673 esse,

1912 4706 1978 4762 et
2006 4698 2337 4760 desinente
2369 4696 2563 4759 verbo
2592 4697 2839 4759 desinat
2865 4697 3067 4760 virtus
3097 4697 3300 4771 verbi,
3324 4699 3407 4760 si-

1914 4796 2048 4858 mul
2081 4795 2347 4877 incipiet
2378 4796 2579 4857 virtus
2610 4795 2789 4858 verbi
2820 4813 2893 4857 ac
2931 4796 3196 4859 desinet.
3231 4797 3407 4859 Insu-

1913 4914 2048 4977 per,
2083 4895 2287 4956 multo
2325 4894 2661 4956 difficilius
2700 4902 2797 4957 est
2834 4892 3153 4975 explicare
3191 4894 3408 4956 effica-

1912 4992 2076 5055 ciam
2108 4992 2497 5074 operationis
2528 4991 2780 5053 virtutis
2821 4990 3016 5065 iuius,
3048 5010 3127 5052 an
3160 4990 3408 5054 scilicet

1909 5098 2052 5171 agat
2080 5090 2486 5171 generatione
2517 5089 2787 5151 univoca
2817 5088 2916 5151 vel
2946 5088 3408 5170 aequivoca,ge-

1913 5189 2192 5250 nerando
2222 5187 2345 5250 sibi
2378 5186 2587 5249 simile
2618 5187 2753 5249 sive
2781 5186 3110 5249 dissimile.
3125 5184 3405 5249 Difficile

1912 5285 2103 5348 etiam
2154 5293 2271 5359 est,
2314 5293 2528 5347 utrum
2580 5284 2808 5346 influat
2854 5284 3117 5347 omnino
3162 5284 3405 5367 aliquid
