4267 6250
986 486 1075 533 An
1112 484 1443 533 (nmio
1480 486 1577 533 sn·
1614 484 1695 531 DE
1734 484 1883 533 lm
1920 486 2136 534 ulmo
2177 486 2292 533 m
2331 486 2628 545 ΝΕΙΤΠΟ,
2665 486 2796 535 m

3325 468 3442 535 ⁸71

332 656 469 719 tale
514 656 713 720 habet
754 676 1103 731 annexum,
1134 666 1207 719 ιιι
1250 658 1305 721 si
1350 678 1431 721 ex
1474 666 1845 741 contemptu
1874 655 1931 719 Δ
1954 657 2065 720 alii
2094 658 2411 733 homines
2443 660 2568 723 nisi
2595 662 2677 723 ad
2715 680 2858 743 quae
2883 680 2954 724 se
2991 680 3072 724 ex
3109 668 3258 725 voto
3293 660 3452 725 obli-

330 756 705 831 diffcratnr,
738 756 841 819 vel
888 766 959 818 ut
1004 756 1265 819 interim
1310 758 1545 841 aliquis
1592 757 1847 819 libidini

332 863 547 925 vacet,
576 854 803 918 dilatio
834 855 959 917 erit
996 855 1262 919 mortale
1302 864 1659 938 peccatum,
1688 856 1847 917 alias

332 970 492 1015 non.
532 954 612 1015 Et
660 954 835 1016 idem
876 954 1135 1017 videtur
1176 955 1257 1016 de
1306 954 1709 1017 confessione
1752 955 1846 1016 di-

332 1051 645 1124 cendum,
687 1071 833 1134 qnae
881 1070 1009 1115 non
1056 1060 1157 1114 σει
1202 1052 1465 1131 majoris
1510 1052 1849 1114 necessita-

330 1148 421 1211 tis
462 1167 659 1230 quam
700 1150 1085 1232 Baptismus
1130 1148 1206 1211 Et
1242 1150 1547 1231 quoniam
1588 1168 1665 1211 ea
1704 1170 1849 1232 quae

334 1254 493 1309 sunt
534 1248 617 1311 de
656 1248 1035 1311 necessitate
1070 1248 1317 1321 salutis,
1362 1256 1615 1311 tenetur
1656 1247 1847 1311 homo

334 1345 405 1407 in
460 1346 579 1407 hac
628 1346 765 1408 vita
821 1345 1131 1428 implere3
1188 1346 1331 1409 ideo
1380 1346 1435 1408 si
1486 1345 1845 1428 periculum

337 1444 569 1506 mortis
600 1444 957 1517 immineat,
990 1452 1244 1508 tenetur
1282 1445 1477 1507 homo
1518 1464 1635 1527 per
1666 1464 1735 1506 se
1766 1445 1845 1506 ad

336 1542 809 1605 confitendum.
846 1542 1009 1605 Hinc
1048 1542 1400 1624 probabilis
1442 1544 1697 1606 videtur
1740 1542 1851 1605 illa

335 1640 587 1723 opinio,
648 1641 821 1723 quod
878 1658 1007 1703 non
1066 1648 1321 1703 tenetur
1380 1642 1575 1704 homo
1632 1642 1847 1703 statim

336 1739 667 1813 confiteri,
728 1740 1025 1822 quamvis
1084 1740 1169 1802 sit
1224 1740 1659 1823 periculosum
1718 1740 1847 1802 dif-

334 1838 527 1901 ferre.

420 1936 547 1999 Alii
578 1936 826 2010 dicunt,
856 1936 1029 2018 quod
1068 1944 1323 1998 tenetur
1358 1936 1669 1998 contritus
1698 1954 1846 1998 mox

338 2034 665 2107 confiteri,
708 2035 927 2099 debita
962 2034 1439 2117 opportunitate
1478 2033 1711 2108 oblata,
1752 2054 1847 2095 se-

338 2134 629 2196 cundnm
662 2142 902 2196 rectam
932 2134 1259 2196 rationem.
1282 2133 1409 2195 Nec
1438 2132 1665 2205 obstat,
1677 2134 1847 2215 quod

338 2232 692 2295 Decretalis
742 2230 1021 2314 praefigit
1066 2240 1343 2313 tempus,
1374 2239 1447 2292 ut
1488 2231 1685 2293 semel
1734 2230 1851 2293 fiat

342 2330 409 2393 in
448 2349 621 2393 anno
655 2348 671 2392 ε
704 2330 858 2413 qnia
892 2330 1015 2392 hoc
1054 2328 1275 2391 statuit
1312 2346 1439 2391 non
1478 2328 1845 2392 dilationem

342 2429 710 2511 indulgenS,
760 2429 872 2491 sed
920 2426 1375 2510 negligentiam
1430 2426 1777 2509 prohibens
1830 2445 1846 2489 ε

343 2527 587 2590 idcirco
628 2546 744 2609 per
772 2527 949 2588 illam
988 2525 1381 2588 Decretalem
1422 2542 1547 2587 non
1588 2542 1849 2587 excusa-

341 2633 447 2687 tur
494 2626 691 2707 culpa
736 2624 1061 2687 dilationis
1115 2624 1183 2686 in
1230 2622 1637 2686 conscientiae
1686 2622 1846 2697 foro,

340 2724 453 2786 sed
494 2731 840 2785 excusatur
864 2742 903 2785 a
942 2740 1131 2804 poena
1167 2730 1478 2804 quantum
1518 2722 1597 2783 ad
1636 2721 1847 2783 forum

342 2822 669 2895 Ecclesiae,
704 2829 775 2882 ut
802 2820 1017 2883 debita
1044 2820 1376 2902 sepultura
1403 2838 1528 2883 non
1562 2820 1851 2902 privetur

342 2923 395 2985 si
448 2929 657 2984 morte
706 2920 1150 3001 praeveniatur.
1197 2953 1279 2964 —
1322 2918 1443 2981 Sed
1488 2918 1609 2982 hoc
1658 2917 1851 2981 nimis

1952 766 2204 838 garunt.
2235 794 2316 804 —
2345 758 2490 822 Haec
2531 759 2822 823 Thomas.

2036 856 2220 920 Circa
2247 856 2382 920 haec
2411 858 2630 921 Petrus
2659 858 2939 921 breviter
2963 860 3096 920 ait:
3123 858 3454 922 Gonfoesio

1954 955 2196 1038 duplex
2233 965 2350 1018 εει.
2385 958 2518 1019 cm
2557 958 2874 1032 mentalis,
2903 977 3048 1039 quae
3085 957 3164 1019 fit
3195 958 3357 1036 Deo;
3387 967 3454 1020 ει

1956 1053 2091 1117 haec
2120 1063 2220 1117 est
2243 1055 2324 1117 de
2347 1056 2495 1136 jure
2524 1056 2816 1119 naturali.
2849 1056 2992 1118 Alia
3016 1056 3278 1130 vocalis,
3309 1076 3454 1138 quai

1958 1152 2034 1214 fit
2072 1152 2358 1231 homini;
2389 1154 2522 1216 haec
2563 1172 2690 1215 non
2727 1162 2826 1216 est
2859 1154 2940 1216 de
2971 1154 3120 1234 jure
3157 1153 3450 1216 naturali.

1958 1250 2037 1311 Et
2072 1250 2192 1312 ista
2219 1260 2318 1313 est
2353 1251 2590 1335 duplex
2623 1270 2638 1313 :
2671 1271 2803 1314 una
2823 1252 3140 1333 generalis
3169 1261 3236 1315 et
3263 1252 3458 1314 indis-

1957 1349 2176 1421 tincta,
2207 1350 2288 1411 ad
2325 1368 2518 1431 quam
2558 1350 2938 1413 tenebantur
2975 1351 3044 1412 in
3081 1351 3280 1413 veteri
3317 1351 3456 1432 lege

1959 1446 2023 1507 in
2054 1446 2467 1528 quibusdam,
2503 1456 2572 1509 ut
2601 1449 2664 1511 in
2695 1448 3036 1511 sacrificiis
3072 1450 3300 1529 certis3
3329 1449 3460 1512 alia

1956 1544 2262 1607 distincta
2300 1562 2376 1606 ac
2419 1546 2738 1627 specialis,
2767 1547 2848 1608 ad
2885 1566 3078 1629 quam
3119 1566 3248 1610 non
3283 1556 3458 1611 tene-

1960 1642 2193 1704 bantur
2221 1651 2396 1717 tunc,
2427 1644 2538 1706 sed
2571 1663 2742 1706 nunc
2771 1653 3070 1708 tenentur
3097 1645 3343 1709 fideles.
3375 1682 3457 1692 -

1960 1744 2266 1825 Denique,
2283 1743 2657 1823 regulariter
2684 1761 2812 1806 non
2843 1752 3092 1806 tenetur
3121 1745 3308 1808 homo
3329 1746 3457 1808 nisi

1882 1836 1931 1900 B
1960 1841 2158 1903 semel
2189 1839 2484 1902 confiteri
2516 1840 2582 1902 in
2611 1858 2801 1914 anno,
2823 1842 3126 1923 quoniam
3157 1843 3356 1905 semel
3389 1843 3456 1905 in

1956 1956 2148 2013 anno,
2181 1947 2334 2022 puta
2373 1939 2438 2000 in
2475 1938 2732 2011 Pascha,
2763 1941 3240 2004 communicare
3285 1948 3459 2004 tene-

1958 2046 2080 2098 tur.
2116 2038 2186 2100 ln
2229 2045 2502 2117 quatuor
2545 2045 2756 2099 tamen
2801 2038 3056 2101 casibus
3100 2047 3351 2102 tenetur
3392 2047 3458 2103 ει

1956 2144 2124 2197 ante.
2149 2136 2324 2198 Unus
2353 2143 2452 2197 est
2477 2136 2722 2198 ratione
2751 2137 3128 2199 sacramenti
3159 2138 3454 2200 sumendi

1956 2241 2068 2295 aut
2114 2232 2624 2296 administrandi.
2667 2234 3019 2307 Secundus»,
3064 2234 3306 2297 ratione
3351 2254 3458 2317 pe·

1957 2331 2170 2405 riculi‚
2213 2339 2285 2392 ut
2333 2331 2399 2393 in
2449 2331 2720 2394 articulo
2769 2332 3012 2395 mortis.
3049 2332 3318 2405 TertiuS,
3361 2352 3456 2395 ra-

1957 2430 2133 2492 tione
2191 2430 2620 2503 conscientiae,
2669 2438 2742 2491 ut
2786 2430 2842 2492 si
2890 2430 3280 2493 conscientia
3329 2429 3456 2492 sibi

1958 2527 2157 2589 dictet
2183 2527 2355 2609 quod
2385 2526 2599 2589 statim
2640 2535 2948 2589 teneatur.
2981 2528 3275 2601 QuartuS‚
3309 2529 3456 2591 rati·

1960 2642 2081 2687 one
2128 2623 2333 2694 dubii,
2379 2632 2452 2685 ut
2495 2624 2552 2685 si
2601 2632 2782 2706 putet
2826 2624 2948 2685 sibi
3001 2624 3167 2686 infra
3213 2644 3456 2688 annum

1960 2741 2088 2785 non
2138 2721 2502 2784 adfuturam
2560 2722 2810 2803 copiam
2857 2722 3201 2785 sacerdotis
3245 2742 3284 2785 a
3329 2742 3458 2806 quo

1962 2819 2165 2902 possit
2203 2819 2468 2882 absolvi.
2511 2819 2656 2882 llaec
2695 2820 2933 2883 Petrus.

2039 2918 2215 2981 Idem
2247 2917 2616 2991 RicharduS,
2649 2936 2726 2979 ex
2757 2918 2944 2999 cujus
2977 2919 3234 3002 scriptis
3265 2918 3460 2983 verba

344 3022 581 3083 durum
623 3020 901 3093 videtur,
932 3018 1085 3101 quia
1112 3025 1431 3099 praecepta
1464 3016 1853 3080 affirmativa
1882 3016 1927 3079 C
1959 3016 2125 3079 Petri
2157 3015 2520 3079 evidentius
2551 3016 2811 3078 clarent.
2845 3015 3002 3079 Nam
3031 3017 3124 3079 ait
3153 3035 3168 3080 :
3203 3018 3460 3081 Confes-

344 3139 471 3184 non
505 3118 795 3201 obligant
820 3118 901 3180 ad
932 3116 1169 3190 statim,
1202 3116 1313 3180 sed
1352 3117 1431 3179 ad
1460 3125 1715 3198 tempus
1746 3116 1852 3180 de-

346 3218 763 3282 terminatum
798 3233 813 3277 :
846 3235 977 3279 non
1009 3234 1087 3277 ex
1126 3214 1247 3277 hoc
1276 3214 1447 3297 quod
1490 3222 1641 3276 tunc
1684 3231 1853 3277 com-

348 3317 536 3380 mode
586 3322 857 3398 possunt
906 3312 1185 3396 impleri,
1218 3313 1369 3395 quia
1416 3313 1511 3374 sic
1560 3320 1853 3395 peccaret

346 3417 527 3479 dives
559 3412 932 3487 mortaliter,
966 3411 1018 3474 si
1052 3411 1290 3494 petitus
1320 3431 1447 3475 non
1479 3412 1657 3474 daret
1687 3409 1850 3472 elee-

348 3533 679 3598 mosynam
711 3512 1249 3595 quandocumque
1276 3527 1522 3593 pauper
1550 3510 1849 3592 deposce-

348 3623 465 3686 ret,
516 3612 691 3695 quod
748 3609 983 3672 falsum
1035 3617 1167 3688 est3
1218 3609 1327 3671 sed
1377 3628 1455 3670 ex
1504 3608 1623 3671 hoc
1679 3609 1851 3691 quod

347 3719 609 3793 tempus
667 3715 999 3789 urgentem
1066 3707 1511 3770 necessitatem
1570 3706 1845 3768 adducit.

346 3810 495 3873 Ideo
532 3825 661 3870 non
704 3812 955 3888 oportet
992 3806 1162 3887 quod
1201 3804 1257 3867 si
1298 3805 1511 3868 statim
1550 3813 1851 3886 opportu-

346 3909 547 3970 nitate
586 3905 801 3969 oblata
840 3921 969 3966 non
1009 3902 1413 3976 confiteatur,
1448 3903 1695 3964 etiamsi
1740 3919 1850 3983 op-

350 4006 709 4090 portunitas
770 4003 975 4084 maj0r
1028 4020 1154 4065 non
1215 4008 1643 4082 exspectetur,
1703 4000 1850 4081 quis

348 4111 573 4187 peccet
616 4100 987 4174 mortaliter,
1021 4101 1133 4163 sed
1171 4100 1427 4181 quando
1466 4117 1544 4160 ex
1582 4098 1851 4160 articulo

1960 3116 2057 3179 sio
2088 3115 2385 3179 mentalis
2425 3115 2554 3178 Deo
2589 3114 2900 3190 facienda,
2933 3115 3012 3180 de
3051 3116 3323 3180 naturali
3361 3127 3462 3180 est

1958 3215 2140 3295 jure3
2173 3232 2300 3277 non
2337 3221 2548 3276 autem
2581 3214 2842 3288 vocalis,
2873 3233 3017 3297 quae
3057 3215 3137 3277 fit
3171 3216 3458 3278 sacerdo-

1959 3314 2006 3374 ti
2034 3331 2048 3374 :
2075 3313 2379 3394 quoniam
2410 3311 2572 3373 nihil
2605 3319 2702 3374 est
2730 3313 2810 3374 de
2836 3314 2982 3394 jure
3016 3314 3309 3389 naturali,
3333 3314 3460 3376 nisi

1961 3411 2170 3494 prima
2199 3411 2310 3473 illa
2340 3409 2658 3491 principia
2685 3411 3326 3494 agibilium,quorum
3357 3433 3460 3477 ve-

1962 3510 2113 3572 ritas
2145 3510 2310 3572 ultro
2337 3528 2405 3571 se
2435 3508 2625 3571 offert
2651 3509 2920 3572 naturali
2954 3511 3294 3591 cognitioni
3327 3530 3462 3593 pra·

1962 3609 2107 3671 ctici
2143 3607 2525 3681 intellectuS,
2557 3614 2621 3669 et
2651 3625 2726 3668 ea
2754 3625 2896 3688 quae
2927 3608 3074 3670 inde
3104 3617 3461 3690 sequuntur

1962 3725 2077 3789 per
2107 3706 2366 3771 modum
2399 3705 2882 3768 conclusionum
2917 3706 3188 3768 mediate
3219 3706 3316 3769 vel
3347 3706 3459 3769 im-

1964 3805 2254 3867 mediate.
2291 3804 2380 3865 Ex
2411 3803 2538 3865 illis
2577 3811 2790 3865 autem
2831 3803 3164 3885 principiis
3203 3803 3459 3867 conclu-

1962 3903 2286 3965 sionaliter
2317 3902 2628 3984 sequitur,
2661 3909 2732 3962 ut
2763 3902 2954 3965 homo
2991 3901 3456 3965 confessionem

1964 4000 2168 4063 laudis
2197 3999 2494 4063 exhibeat
2525 4001 2653 4063 Deo
2691 4001 2880 4063 corde
2919 4019 2994 4062 ac
3029 4018 3178 4078 ore3
3213 4000 3459 4064 confes-

1962 4099 2206 4160 sionem
2249 4115 2505 4178 quoque
2541 4097 2814 4180 propriae
2845 4098 3050 4179 culpae
3091 4098 3456 4174 mentalem,

347 4202 682 4285 temporiS‚
732 4199 1080 4263 necessitas
1126 4197 1549 4260 confessionis
1598 4196 1849 4258 induci·
1883 4197 1933 4259 D
1964 4215 2077 4278 per
2134 4195 2436 4259 vitiorum
2499 4213 2761 4258 suorum
2827 4196 3321 4278 recognitionem
3385 4217 3460 4260 ac

348 4309 470 4363 tur.
504 4301 636 4364 Nec
678 4299 799 4362 hoc
840 4305 937 4360 est
974 4317 1050 4360 ex
1092 4296 1490 4377 indulgentia
1528 4294 1848 4369 Ecclesiae,

348 4399 517 4482 quod
566 4415 697 4461 non
736 4403 1026 4460 teneatur
1070 4395 1163 4458 sic
1204 4397 1439 4469 statim,
1473 4396 1585 4457 sed
1627 4414 1705 4457 ex
1746 4413 1853 4456 na·

349 4509 491 4560 tura
536 4495 841 4578 praecepti
882 4493 1255 4556 affirmativi
1294 4512 1307 4556 :
1343 4494 1511 4556 unde
1546 4511 1663 4554 nec
1706 4499 1851 4554 ante

350 4601 743 4680 praeceptum
806 4592 1105 4656 Ecclesiae
1154 4591 1491 4654 tenebatur
1539 4590 1683 4673 quis
1736 4599 1855 4652 sta-

347 4695 463 4756 tim
524 4691 845 4755 confiteri.
899 4690 1113 4772 Aliqui
1174 4708 1325 4753 vero
1383 4689 1625 4761 dicunt,
1682 4688 1853 4770 quod

350 4793 687 4857 saeculares
737 4808 865 4853 non
915 4797 1213 4852 tenentur
1258 4795 1405 4850 ante
1455 4786 1855 4869 quadragesi-

350 4891 515 4954 male
548 4897 809 4971 tempus
850 4886 1166 4960 confiteri,
1199 4886 1369 4967 quod
1402 4893 1499 4947 est
1532 4885 1625 4947 eis
1656 4884 1858 4966 poeni-

352 4990 569 5053 tentiae
609 4995 901 5070 tempus;
934 4985 1214 5067 religiosi
1254 5001 1405 5046 vero
1446 4990 1741 5046 tenentur
1778 4982 1856 5044 ad

353 5087 593 5160 statim,
626 5085 929 5168 quoniam
961 5091 1166 5147 totum
1196 5089 1451 5164 tempus
1480 5089 1576 5143 est
1604 5081 1697 5143 eis
1726 5098 1857 5162 poe-

358 5185 645 5248 nitentiae
691 5191 966 5264 tempus.
1002 5182 1125 5245 Sed
1175 5181 1297 5243 hoc
1347 5178 1506 5242 nihil
1556 5186 1671 5252 est,
1706 5195 1859 5260 quo-

363 5284 537 5346 niam
582 5281 862 5362 religiosi
896 5298 1023 5342 non
1064 5287 1363 5342 tenentur
1398 5278 1473 5340 ad
1510 5277 1633 5340 alia
1669 5297 1861 5359 quam

1964 4295 2467 4357 detestationem.
2503 4293 2626 4356 Sed
2671 4294 3074 4376 propriarum
3123 4296 3460 4378 culparum

1966 4392 2434 4455 confessionem
2493 4391 2703 4456 facere
2751 4392 3020 4467 homini,
3072 4394 3239 4456 sicut
3285 4394 3460 4457 Chri-

1966 4499 2100 4554 stus
2151 4490 2448 4564 instituit,
2500 4510 2578 4553 ex
2629 4490 2756 4553 illis
2811 4491 3147 4574 principiis
3197 4492 3462 4556 minime

1966 4589 2274 4671 sequitur.
2322 4590 2465 4652 Haec
2509 4590 2879 4652 RicharduS.

2030 4688 2472 4750 Bonaventura
2503 4707 2650 4750 vero
2677 4689 2757 4751 de
2787 4688 2886 4750 his
2919 4689 3250 4770 paululum
3281 4690 3465 4752 aliter

1968 4786 2248 4850 sentiens
2283 4805 2296 4848 z
2333 4785 2702 4866 Dupliciter,
2731 4787 2959 4867 inquit,
2989 4795 3085 4850 est
3112 4788 3350 4870 aliquid
3385 4789 3463 4850 de

1968 4882 2274 4947 naturalis
2305 4882 2650 4945 dictamine
2681 4883 2962 4946 rationis.
2998 4885 3228 4958 Prim0,
3265 4886 3328 4947 in
3361 4905 3466 4966 ge-

1970 4981 2212 5060 nerali3
2262 4982 2566 5054 secundo,
2620 4980 2685 5042 in
2745 4981 3029 5062 speciali.
3087 4983 3156 5044 ln
3205 4983 3468 5064 speciali

1970 5079 2254 5162 quidem,
2289 5085 2360 5138 ut
2388 5078 2698 5141 honorare
2730 5085 3044 5160 parentes
3079 5079 3147 5141 In
3187 5080 3469 5160 generali

1972 5195 2144 5252 ver0,
2177 5177 2482 5238 naturalis
2533 5176 2691 5238 ratio
2733 5175 2930 5238 dictat
2969 5194 3044 5238 ea
3084 5195 3226 5257 quae
3269 5177 3470 5240 Evan-

1975 5275 2213 5357 gelium
2247 5274 2723 5356 superaddit‚ut
2751 5279 2900 5334 sunt
2929 5289 3121 5356 opera
3149 5293 3476 5356 superero·
