4267 6250
43 2720 57 2849 -*
45 2690 51 2699 ·
44 2502 57 2659 —n-‘⁴n

136 3005 238 3048 dist.
248 3017 291 3056 ι,
301 3019 347 3060 q.
363 3006 406 3047 1-

649 541 878 598 oustsr.
922 545 968 590 11
1010 543 1026 588 ε
1067 545 1152 592 AN
1191 541 1557 592 Accianum
1597 543 1848 591 rossmr
1887 541 2090 590 assas
2131 542 2206 589 m
2246 543 2385 589 uri
2426 543 2561 600 Qus:
2602 543 2765 590 Ama
2804 541 3342 592 censuum-riom
3428 521 3545 587 321

439 713 838 776 conveniunt
895 713 1316 798 proprietates
1373 714 1782 797 quantitatis;
1831 715 1941 777 sed
1971 709 2024 778 Α
2052 715 2495 797 disponere,
2554 711 2889 797 nutrire,
2945 716 3027 780 et
3082 728 3185 782 an
3241 711 3549 796 aliquid

438 812 540 874 hae
589 829 722 874 non
781 813 1174 876 conveniunt
1219 812 1590 877 substantiae
1647 814 1770 876 nisi
1831 832 1946 896 per

435 909 613 972 aliud
662 919 730 973 et
779 912 1079 986 mediate,
1129 919 1284 994 puta
1337 931 1454 995 per
1500 913 1938 994 quantitatem.

435 1042 520 1053 —
566 1008 712 1072 Haec
759 1009 1260 1090 Argentinensis
1315 1009 1432 1084 Qui
1480 1010 1672 1072 ctiam
1719 1009 1944 1073 scribit

437 1106 569 1179 hic,
620 1107 793 1188 quod
849 1107 1072 1189 opinio
1128 1107 1420 1170 omnium
1476 1108 1808 1172 doctorum
1863 1108 1942 1170 de

435 1203 669 1284 Anglia
696 1212 762 1265 et
788 1205 1215 1286 quorumdam
1245 1206 1324 1268 de
1353 1205 1608 1268 Parisiis
1635 1213 1752 1278 est,
1771 1205 1942 1287 quod

437 1301 507 1362 in
553 1318 686 1363 uno
729 1308 793 1364 et
835 1303 1084 1376 eodem,
1119 1302 1250 1366 imo
1292 1311 1357 1365 et
1397 1303 1462 1365 in
1506 1303 1794 1385 quolibet
1832 1303 1942 1366 ho-

435 1398 616 1462 mine
660 1399 789 1462 sint
829 1399 1048 1482 plures
1089 1400 1308 1464 formae
1350 1400 1817 1463 substantiales.

515 1498 612 1560 Ad
660 1497 832 1562 idem
879 1498 1130 1562 confert
1172 1500 1342 1582 quod
1391 1499 1617 1562 scribit
1657 1499 1940 1580 AEgidius

331 1621 376 1662 ε.
433 1594 506 1657 in
554 1604 826 1659 tractatu
877 1597 957 1660 de
1005 1598 1412 1660 Sacramento
1461 1597 1677 1660 altaris
1720 1617 1734 1661 :
1776 1598 1938 1660 Dum

435 1713 541 1756 res
593 1697 990 1759 convertitur
1049 1697 1114 1759 in
1170 1697 1414 1779 aliquid
1472 1697 1937 1780 praeexsistenS,

433 1811 565 1856 non
624 1801 724 1856 est
783 1794 1096 1876 possibile
1152 1803 1464 1878 quantum
1528 1795 1812 1858 converti
1873 1793 1940 1857 in

2050 815 2310 895 possit
2354 829 2451 880 ex
2492 815 2610 880 eis
2647 815 3037 893 generari.

2130 912 2395 974 Videtur
2422 913 2592 994 quod
2626 912 2878 974 nullum
2913 912 3178 998 istorum
3212 911 3550 975 conveniat

2051 1009 2165 1072 eis.
2206 1009 2438 1084 Primo,
2480 1010 2783 1091 quoniam
2828 1027 3014 1090 agere
3056 1016 3154 1072 est
3194 1009 3549 1091 supposito-

2051 1127 2195 1170 rum
2234 1127 2307 1170 ac
2345 1106 2831 1170 subsistentium
2876 1126 3114 1182 rerum,
3146 1123 3275 1170 non
3316 1106 3547 1168 forma-

2053 1225 2198 1268 rum
2234 1205 2652 1288 simplicium.
2686 1205 2931 1270 Idcirco
2964 1205 3319 1269 secundum
3346 1204 3551 1268 Philo-

2051 1303 2477 1385 sophum,qui
2506 1303 2663 1366 dicit
2690 1303 2969 1366 animam
3003 1301 3550 1384 intelligere,dicit

2051 1420 2190 1464 eam
2234 1408 2469 1475 texere,
2502 1420 2702 1484 quum
2748 1408 2958 1464 tame-n
3002 1401 3217 1464 anima
3257 1399 3548 1463 substan-

2050 1498 2221 1561 tialis
2260 1498 2345 1560 sit
2380 1498 2602 1561 forma.
2636 1499 2774 1561 Non
2813 1516 2964 1580 ergo
3000 1497 3391 1561 conveniunt
3427 1497 3551 1560 for-

2054 1597 2175 1661 mis
2221 1597 2739 1660 accidentalibuS.
2772 1633 2855 1643 —
2891 1598 3204 1672 Secundo,
3237 1596 3548 1680 praehabi-

2051 1703 2190 1758 tum
2233 1703 2350 1771 est,
2383 1697 2553 1778 quod
2591 1695 2813 1760 formai
2852 1696 2989 1760 istae
3030 1695 3097 1758 in
3142 1696 3549 1758 Sacramento

2052 1795 2289 1857 habent
2317 1795 2579 1858 modum
2608 1795 2860 1858 essendi
2899 1795 3447 1878 supernaturalem
3484 1801 3549 1857 et

429 1900 773 1974 quantum,
817 1894 928 1956 sed
969 1894 1125 1976 quid
1168 1894 1232 1956 in
1278 1893 1451 1976 quid.
1497 1895 1633 1968 Quo
1673 1901 1936 1969 constat,
1977 1894 2024 1957 B
2053 1894 2392 1957 elevatum.
2426 1894 2561 1956 Non
2608 1912 2757 1974 ergo
2800 1893 3118 1957 naturales
3160 1894 3443 1957 actiones
3484 1902 3549 1956 et

429 1993 860 2073 quantitatem
905 1994 1190 2077 corporis
1230 1994 1461 2057 Christi
1505 2013 1643 2057 esse
1683 1993 1803 2056 sub
1847 2013 1944 2056 sa-

431 2099 766 2154 cramento
804 2110 922 2174 per
960 2093 1534 2156 concomitantiam.
1570 2129 1651 2138 —
1687 2093 1778 2155 Ex
1817 2110 1944 2175 quo

431 2189 768 2271 probatur,
805 2191 976 2273 quod
1024 2193 1342 2273 quantitas
1387 2193 1668 2275 corporis
1709 2191 1942 2255 Christi

429 2288 518 2350 sit
547 2289 808 2352 realiter
835 2289 1135 2353 distincta
1161 2309 1200 2354 a
1228 2309 1492 2374 corpore
1519 2291 1940 2373 ipsozalioqui

430 2388 774 2452 conversio
811 2397 981 2452 esset
1015 2390 1082 2452 in
1119 2391 1564 2471 quantitatem,
1596 2397 1662 2453 ct
1691 2388 1940 2472 quanti-

431 2493 530 2548 tas
567 2494 743 2549 esset
770 2486 862 2549 ibi
893 2506 971 2550 ex
1002 2488 1065 2551 vi
1109 2488 1488 2550 sacramenti
1528 2507 1641 2551 seu
1681 2506 1941 2551 conver-

431 2583 656 2659 sionis,
704 2602 836 2647 non
886 2586 1460 2662 concomitationiS,
1505 2594 1568 2649 et
1616 2595 1941 2650 converte-

431 2690 610 2744 retur
643 2682 738 2745 ibi
769 2690 1082 2766 quantum
1121 2685 1187 2746 in
1219 2692 1552 2767 quantum,
1587 2703 1706 2747 nec
1735 2692 1938 2748 totum
2050 2682 2374 2744 nutrimur
2402 2701 2481 2744 ex
2510 2681 2745 2765 quibus
2775 2682 3238 2764 componimur.
3256 2681 3385 2745 Nec
3414 2697 3554 2764 pos·

431 2798 669 2863 corpus
701 2780 936 2846 Christi
968 2789 1136 2845 esset
1164 2782 1286 2846 sub
1315 2782 1602 2866 qualibet
1629 2784 1942 2866 particula

431 2879 682 2954 hostiae,
719 2881 851 2944 imo
879 2888 947 2943 et
971 2899 1204 2964 corpus
1235 2880 1467 2944 Christi
1501 2889 1668 2945 esset
1698 2881 1940 2946 ibidem

433 2977 749 3052 localiter,
782 2987 853 3041 ut
896 2979 1162 3042 videtur.
1197 2981 1345 3054 Quae
1388 2981 1604 3044 omnia
1644 2981 1939 3063 reproba-

2053 1993 2380 2076 passiones
2437 1995 2829 2056 conveniunt
2883 1993 2999 2069 eis,
3061 2012 3261 2075 quum
3320 1993 3549 2056 modus

2051 2091 2279 2173 agendi
2318 2099 2622 2174 sequatur
2660 2093 2922 2154 modum
2951 2092 3223 2154 essendi.
3256 2127 3339 2138 -
3365 2090 3549 2154 Vide·

2055 2197 2159 2251 tur
2202 2207 2479 2272 quoque,
2519 2190 2691 2273 quod
2731 2206 2859 2252 non
2907 2190 3153 2272 possint
3198 2190 3545 2272 corrumpi,

2054 2307 2255 2370 quum
2305 2289 2433 2351 sint
2475 2288 2695 2352 formae
2740 2289 3210 2352 immateriales,
3254 2289 3332 2350 Et
3373 2306 3553 2370 pror-

2054 2405 2165 2449 sus
2214 2386 2589 2450 incredibile
2637 2387 2893 2450 videtur
2932 2388 3102 2470 apud
3150 2387 3432 2450 eruditos
3482 2387 3549 2448 in

2054 2484 2480 2568 philosophia,
2513 2486 2684 2567 quod
2714 2504 2791 2547 ex
2822 2486 2915 2548 eis
2943 2485 3187 2568 aliquid
3216 2486 3418 2568 possit
3444 2503 3550 2566 ge-

2051 2583 2283 2656 nerari,
2327 2584 2579 2658 nutriri,
2615 2584 2852 2665 augeri.
2898 2585 2990 2646 Ex
3026 2584 3267 2646 eisdem
3306 2584 3551 2666 quippe

2053 2787 2195 2842 sent
2236 2780 2711 2864 superfluitates
2754 2800 2833 2843 ex
2874 2781 2968 2843 eis
3011 2781 3263 2844 resolvi.

2131 2978 2225 3042 Ad
2254 2979 2389 3043 haec
2420 2979 2761 3062 respondet
2788 2978 3071 3062 AEgidius
3096 2978 3319 3041 :Nulla
3346 2986 3547 3042 trans-

433 3083 498 3139 ta
539 3084 694 3140 sunt
733 3095 950 3161 supra,
984 3096 1103 3141 nec
1145 3085 1372 3141 sonant
1411 3079 1562 3143 satis
1604 3080 1932 3144 catholice.
1968 3082 2013 3147 C
2055 3079 2402 3142 mutatione
2432 3077 2598 3142 facta
2628 3077 2693 3141 in
2724 3095 2989 3161 corpore
3019 3077 3273 3155 Christi,
3304 3078 3548 3142 salvare

434 3176 696 3240 Constat
730 3195 1011 3259 quoque,
1049 3179 1219 3259 quod
1267 3180 1621 3241 secundum
1660 3179 1937 3242 Philoso-

431 3274 662 3356 phum,
696 3274 1054 3338 substantia
1095 3294 1222 3339 non
1262 3276 1433 3358 capit
1474 3277 1676 3358 magis
1715 3286 1780 3341 et
1823 3278 1937 3340 mi-

428 3391 554 3433 nus
618 3393 632 3435 :
697 3390 850 3453 ergo
907 3373 1263 3436 substantia
1319 3380 1561 3439 naturae
1618 3375 1934 3451 humanae,

428 3470 743 3552 perfecta,
785 3477 916 3533 tota
962 3479 1026 3533 et
1069 3472 1314 3553 integra
1361 3480 1458 3535 est
1499 3482 1809 3555 quantum
1857 3474 1936 3536 ad

425 3568 879 3631 substantialia
906 3568 974 3631 in
1005 3569 1247 3633 infante
1279 3570 1447 3633 sicut
1475 3571 1542 3633 in
1570 3572 1726 3635 viro.
1761 3572 1936 3646 Quod

424 3686 658 3729 verum
710 3685 838 3729 non
887 3674 1076 3743 esset,
1118 3668 1172 3731 si
1218 3670 1536 3751 quantitas
1584 3678 1750 3732 esset
1799 3670 1938 3753 ipsa

427 3764 791 3828 substantia
820 3766 1126 3848 corporis.
1159 3767 1334 3831 Unde
1362 3767 1516 3830 alibi
1557 3776 1938 3850 protestatur

425 3860 811 3935 Richardus‚
870 3862 1042 3944 quod
1100 3881 1178 3924 ex
1238 3862 1590 3944 theologica
1646 3865 1932 3940 veritate,

427 3968 588 4044 puta
631 3978 711 4022 ex
760 3960 862 4023 his
911 3979 1052 4041 quae
1104 3961 1167 4023 in
1218 3962 1626 4025 Sacramento
1671 3963 1938 4026 credun-

426 4069 550 4135 tur,
567 4060 776 4123 multo
803 4058 1039 4122 certius
1069 4059 1601 4143 infallibiliusque
1631 4062 1938 4144 probatur

425 4159 602 4242 quod
642 4158 968 4241 quantitas
1011 4156 1230 4221 dissert
1267 4178 1304 4221 a
1345 4178 1411 4222 re
1450 4168 1707 4242 quanta,
1741 4180 1932 4243 quam

426 4275 507 4321 ex
551 4255 980 4339 philosophia.

873 4571 1350 4649 QUAESTIO
1417 4574 1495 4639 II

575 4851 851 4915 Uaeritur
892 4860 1376 4933 consequenter,
1409 4852 1537 4919 An
1578 4854 1932 4922 acciden-

601 4952 722 5017 tia
754 4952 844 5017 in
876 4950 1385 5017 sacramento
1418 4955 1932 5035 remanentia,

429 5051 746 5131 possint
787 5046 1006 5116 facta
1051 5051 1645 5119 consecratione
1697 5066 1932 5131 agere

387 5190 394 5195 ·
429 5149 516 5213 et
559 5150 732 5230 pati
777 5163 954 5229 quse
1000 5150 1186 5215 ante
1235 5151 1932 5232 consecrationem,

428 5248 740 5329 utpote,
770 5261 1091 5313 sensum
1120 5250 1265 5315 aut
1298 5248 1520 5315 aliud
1552 5251 1934 5318 extrinse-

430 5360 615 5413 cum
671 5346 1131 5428 immutare,
1178 5346 1282 5413 ad
1329 5346 1931 5426 generationem

685 5476 753 5529 T.
788 5478 870 5529 24.

2052 3196 2393 3259 possumus
2420 3176 2858 3241 alterationem
2890 3178 2955 3240 in
2984 3178 3211 3251 hostia,
3244 3178 3547 3261 quoniam

2051 3284 2336 3338 remanet
2383 3277 2701 3359 quantitas
2750 3276 2956 3358 panis,
3008 3274 3297 3356 subjecta
3343 3276 3546 3358 quali-

2049 3373 2288 3436 tatibus
2335 3374 2689 3437 secundum
2738 3393 2896 3456 quas
2946 3373 3256 3455 contingit
3301 3374 3542 3456 aliquid

3600 3009 3739 3055 tneor.
3765 3011 3833 3054 ⁴³.

2047 3472 2321 3534 alterari.
2357 3473 2563 3546 Quum
2604 3472 2819 3553 itaque
2848 3490 3042 3555 supra
3070 3480 3398 3535 ostensum
3438 3472 3543 3547 sit,
3575 3498 3841 3557 emano,

2048 3570 2369 3652 quomodo
2412 3570 2478 3631 in
2523 3569 2729 3632 hostia
2769 3577 3134 3632 consecrata
3174 3570 3402 3633 salvari
3445 3588 3548 3633 va-

2050 3668 2176 3730 leat
2208 3674 2413 3729 motus
2456 3666 2695 3740 localis,
2730 3673 2925 3729 restat
2957 3667 3311 3741 ostendere,
3344 3667 3547 3751 quali·

2051 3774 2147 3828 ter
2184 3766 2273 3827 ibi
2317 3764 2598 3828 salvetur
2640 3771 2851 3827 motus
2892 3764 3301 3827 alterationis,
3338 3766 3547 3829 Potest

2049 3865 2345 3946 equidem
2388 3863 2595 3925 hostia
2627 3870 2993 3926 consecrata
3027 3862 3331 3937 calefieri,
3366 3862 3546 3925 infri-

2046 3962 2273 4045 gidari,
2327 3962 2455 4024 imo
2513 3960 2799 4025 rarefieri
2854 3969 2916 4024 et
2974 3961 3368 4024 condensari.
3416 3961 3545 4025 Nec

2048 4061 2175 4123 dici
2212 4068 2439 4142 potest,
2473 4060 2643 4143 quod
2678 4059 2761 4123 sit
2790 4058 2880 4121 ibi
2918 4059 3132 4121 illusio
3162 4058 3229 4121 in
3260 4059 3544 4123 veritatis

2047 4158 2475 4234 Sacramento,
2507 4159 2673 4222 sicut
2718 4159 2783 4221 in
2833 4157 3169 4241 praestigiis
3211 4156 3291 4221 fit
3337 4176 3545 4241 mago-

1963 4257 2016 4322 D
2048 4276 2227 4338 rum3
2260 4277 2469 4341 neque
2508 4258 2679 4340 quod
2718 4256 2808 4319 ibi
2846 4257 2930 4319 sit
2967 4256 3255 4320 alteratio
3292 4275 3442 4322 vera
3480 4265 3546 4321 et

2044 4365 2256 4420 tamen
2286 4357 2378 4420 nil
2409 4356 2803 4431 immutetur,
2817 4356 3168 4439 praesertim
3198 4375 3397 4440 quum
3430 4376 3545 4441 per

2046 4455 2416 4539 hujusmodi
2459 4455 2897 4519 alterationem
2942 4454 3059 4518 siat
3093 4456 3427 4538 dispositio
3463 4458 3542 4520 ad

2046 4556 2544 4639 corruptionem,
2577 4554 2729 4638 quia
2766 4574 2883 4638 per
2920 4556 3186 4618 nimiam
3226 4554 3542 4618 calefacti-

2045 4674 2236 4719 onem
2277 4662 2492 4738 posset
2541 4655 2747 4719 hostia
2794 4653 3159 4731 incinerari,
3192 4673 3311 4717 nec
3356 4655 3542 4717 mira-

2046 4754 2261 4818 culose
2310 4754 2420 4817 sed
2468 4753 2841 4816 naturaliter
2887 4752 2965 4815 rit
3011 4753 3151 4816 hoc.
3200 4753 3344 4817 Sola
3390 4771 3541 4834 ergo

2045 4861 2241 4917 restat
2268 4853 2403 4917 hoec
2434 4852 2537 4916 via
2564 4853 2643 4915 ad
2672 4852 3126 4915 declarandum
3155 4851 3430 4934 qualiter
3458 4853 3539 4915 is-

2043 4960 2108 5015 ta
2160 4952 2560 5033 contingunt,
2606 4959 2677 5013 ut
2717 4952 3027 5025 dicamuS,
3077 4951 3143 5014 in
3184 4969 3539 5014 sacramen·

2043 5059 2110 5114 to
2145 5051 2264 5113 hoc
2304 5068 2633 5113 remanere
2671 5050 3089 5133 quantitatem
3124 5049 3539 5132 qualitatibus

2045 5148 2423 5231 subiectam,
2475 5149 2627 5232 quia
2674 5150 3027 5212 secundum
3076 5148 3413 5232 qualitates
3460 5149 3541 5211 fit

2043 5248 2349 5312 alteratio.
2374 5248 2710 5330 Propterea
2737 5247 2951 5311 dicere
2980 5266 3344 5330 possumus,
3367 5248 3539 5331 quod

2044 5349 2270 5413 eadem
2333 5348 2649 5413 dimensio
2718 5347 3077 5413 successive
3140 5348 3540 5413 diversarum

3224 5482 3285 5535 21
