4267 6250
887 493 1032 553 QUID
1072 497 1166 544 SIT
1204 496 1675 556 samum&
1715 497 1790 544 m·
1831 496 1912 546 DE
1950 498 2157 546 ulula
2197 497 2683 548 nssrmrrtomws
2722 499 2863 548 Esus
3342 483 3423 550 43

311 663 926 750 incarnatum,quod
955 667 1418 751 sapientissime
1449 677 1679 733 cuncta
1705 670 1826 734 dis·
1849 675 1904 742 Α
1931 671 2177 737 curatio
2218 671 2575 750 hominum,
2609 672 2909 739 sanctitas
2952 680 3016 738 et
3058 673 3249 738 salus.
3280 673 3427 738 Haec

313 773 566 848 pensat,
623 766 778 849 quia
834 767 1156 842 divinum,
1207 777 1272 831 et
1323 768 1824 833 clementissime

313 872 522 938 curat,
555 866 710 946 quia
755 865 1068 930 divinitus
1117 868 1538 942 incarnatum,
1575 868 1668 931 sic
1716 870 1822 931 ha·

315 962 430 1026 bet
484 982 785 1047 reparare
831 973 898 1028 et
941 985 1162 1029 sanare
1213 984 1416 1048 genus
1469 966 1822 1030 humanum

311 1071 652 1144 aegrotum,
701 1065 1059 1128 secundum
1117 1066 1287 1147 quod
1345 1066 1469 1148 ipsi
1519 1067 1827 1148 competit

313 1161 672 1242 egrotanti,
715 1163 1100 1244 aegritudini,
1140 1164 1586 1246 occasionique
1631 1183 1824 1247 aegro-

313 1259 513 1334 tandi,
547 1269 614 1323 et
656 1261 1054 1342 aegritudinis
1102 1263 1432 1327 curationi.
1468 1264 1656 1328 Porro
1699 1283 1827 1328 me-

313 1358 502 1421 dicus
534 1366 632 1422 est
661 1361 851 1434 DeuS,
883 1359 950 1422 in
989 1361 1245 1445 propria
1283 1370 1508 1425 natura
1537 1362 1826 1426 invisibi-

311 1457 422 1530 lis,
462 1457 530 1520 in
577 1464 806 1521 natura
848 1459 1128 1522 humana
1166 1460 1463 1524 visibilis.
1496 1463 1824 1544 AEgrotans

311 1564 536 1619 autem
581 1565 682 1620 est
723 1557 938 1634 homo,
969 1559 1082 1640 qui
1125 1577 1254 1623 non
1297 1567 1394 1622 est
1435 1561 1650 1624 anima
1687 1569 1823 1624 tan-

310 1663 480 1729 tum,
523 1674 646 1719 nec
693 1675 930 1740 corpus
979 1665 1250 1734 tantum,
1287 1659 1400 1722 sed
1447 1659 1712 1741 spiritus
1758 1660 1824 1723 in

313 1773 512 1817 carne
561 1755 838 1818 mortali.
873 1756 1128 1820 Morbus
1175 1777 1328 1822 vero
1376 1766 1472 1822 est
1517 1758 1825 1840 originale

1929 771 2391 836 Bonaventura.

2010 870 2090 932 At
2138 889 2289 934 vero
2338 871 2559 936 Scotus
2594 889 2609 934 ε
2641 872 3141 946 Sacramentum,
3194 872 3425 956 inquit,

1930 968 2188 1031 definiri
2240 969 2333 1031 sic
2388 978 2615 1053 potest.
2668 971 3143 1035 Sacramentum
3202 978 3299 1034 est
3350 971 3431 1034 si-

1930 1085 2128 1148 gnum
2160 1067 2487 1143 sensibile,
2519 1069 2784 1150 gratiam
2826 1088 2937 1132 seu
2976 1068 3284 1134 effectum
3315 1069 3429 1132 Dei

1929 1165 2279 1245 gratuitum
2322 1184 2399 1230 ex
2446 1167 2845 1231 institutione
2888 1168 3105 1232 divina
3146 1167 3429 1231 efficaci-

1931 1271 2028 1328 ter
2065 1264 2461 1346 significanS,
2496 1265 2825 1340 effectum,
2859 1265 3145 1348 inquam,
3184 1266 3432 1330 ordina-

1931 1369 2068 1425 tum
2113 1364 2191 1425 ad
2235 1364 2505 1427 salutem
2552 1365 2833 1428 hominis
2879 1365 3159 1429 viatoris.
3192 1365 3428 1428 Eadem

1931 1480 2211 1543 namque
2241 1469 2337 1524 est
2366 1463 2526 1526 ratio
2564 1463 2931 1546 exprimens
2969 1464 3139 1546 quod
3176 1482 3290 1546 per
3317 1480 3428 1527 no-

1933 1579 2082 1622 men
2113 1559 2515 1641 significatur
2552 1581 2665 1625 seu
2704 1563 2961 1636 dicitur,
2993 1569 3056 1625 et
3098 1581 3247 1626 vera
3274 1561 3431 1626 defi-

1932 1657 2092 1721 nitio
2115 1675 2128 1720 :
2154 1658 2305 1740 quia
2334 1660 2685 1722 secundum
2716 1659 3166 1742 Philosophum
3203 1667 3431 1742 quarto

1933 1757 2571 1840 Metaphysicae,ratio
2601 1779 2792 1841 quam
2824 1778 3057 1823 nomen
3088 1758 3429 1840 significat,

315 1862 684 1936 peccatum,
735 1856 906 1936 quod
968 1875 1082 1938 per
1137 1857 1557 1938 ignorantiam
1615 1858 1826 1921 inficit
1859 1856 1908 1919 B
1938 1864 2035 1919 est
2062 1855 2205 1937 ejus
2242 1855 2555 1920 definitio.
2590 1857 2831 1920 Nomen
2874 1858 3048 1920 enim
3080 1857 3435 1940 imponitur

315 1961 632 2026 mentem,
666 1961 732 2016 et
767 1972 884 2036 per
921 1956 1505 2037 concupiscentiam
1545 1975 1820 2020 carnem.

315 2051 512 2133 Origo
541 2070 802 2134 quoque
832 2053 1026 2134 hujus
1058 2055 1320 2134 peccati,
1336 2057 1628 2137 quamvis
1659 2057 1829 2138 prin-

318 2149 619 2232 cipaliter
649 2150 847 2214 fuerit
875 2170 954 2214 ex
984 2152 1247 2215 rationis
1280 2171 1616 2230 consensu,
1648 2173 1828 2218 occa-

315 2249 571 2312 sionem
611 2258 827 2312 tamen
867 2250 1144 2332 sumpsit
1179 2269 1216 2312 a
1258 2252 1552 2315 sensibus
1591 2254 1821 2316 carnis.

317 2349 566 2411 Idcirco
595 2349 676 2411 ad
707 2347 830 2411 hoc
860 2349 1030 2432 quod
1070 2349 1391 2414 medicina
1429 2359 1598 2414 esset
1623 2371 1828 2416 corre-

317 2447 646 2529 spondens
677 2447 780 2509 his
821 2446 1145 2522 omnibus,
1177 2449 1460 2531 oportuit
1496 2451 1667 2532 quod
1697 2469 1824 2514 non

317 2553 486 2608 esset
515 2553 770 2608 tantum
801 2546 1176 2629 spiritualis,
1201 2548 1332 2610 imo
1357 2555 1424 2611 et
1450 2548 1692 2631 aliquid
1723 2549 1829 2612 ha·

317 2643 500 2706 beret
529 2644 612 2706 de
642 2643 1060 2707 sensibilibus
1089 2645 1306 2727 signia,
1321 2655 1634 2728 quatenus
1664 2648 1828 2711 sicut

322 2743 456 2806 haec
496 2741 836 2806 sensibilia
876 2743 1138 2806 fuerunt
1173 2744 1405 2808 animae
1444 2745 1697 2809 labendi
1728 2765 1828 2810 oc-

321 2843 513 2915 casio,
574 2841 674 2904 sic
731 2849 948 2905 essent
1005 2849 1068 2904 et
1124 2843 1373 2907 occasio
1430 2846 1821 2926 resurgendi.

320 2941 662 3023 Quumque
709 2939 1044 3003 sensibilia
1091 2943 1270 3023 signa
1317 2943 1396 3005 de
1440 2961 1508 3005 se
1551 2961 1680 3006 non
1724 2945 1829 3006 ha-

1936 1955 2014 2017 ad
2057 1954 2554 2036 significandum
2600 1955 2939 2018 essentiam
2987 1955 3099 2018 rei.
3134 1955 3298 2037 Ergo
3342 1975 3438 2018 ra·-

1934 2053 2026 2116 tio
2083 2071 2226 2134 quae
2282 2053 2586 2134 exprimit
2637 2054 2807 2135 quod
2864 2052 3266 2136 significatur
3324 2073 3440 2136 per

1937 2168 2173 2213 nomen
2230 2150 2529 2214 distincte
2576 2159 2639 2215 et
2688 2171 2803 2234 per
2850 2160 3083 2235 parteS,
3135 2152 3441 2235 exprimit

1937 2248 2129 2312 etiam
2180 2249 2478 2313 distincte
2527 2269 2642 2333 per
2691 2258 2901 2334 partes
2948 2258 3295 2334 conceptus
3342 2269 3438 2314 es.-

1937 2347 2157 2411 sentiae
2199 2347 2311 2410 rei.
2344 2349 2417 2410 In
2459 2347 2578 2411 hac
2616 2355 2829 2412 autem
2867 2350 3112 2413 ratione
3154 2349 3438 2412 nominis

1935 2445 2130 2527 hujus
2161 2445 2513 2510 includitur
2540 2447 2783 2529 aliquid
2815 2449 2983 2531 quod
3013 2449 3170 2511 dicit
3198 2467 3313 2511 ens
3343 2467 3437 2511 ra-

1934 2544 2151 2618 tionis,
2195 2545 2497 2608 videlicet
2543 2547 2714 2627 quod
2763 2554 2859 2609 est
2907 2546 3159 2628 signum
3210 2566 3289 2610 ex
3340 2546 3457 2636 in-·

1935 2643 2285 2706 stitutione.
2317 2644 2441 2706 Ista
2478 2664 2755 2727 namque
2794 2644 3015 2708 relatio
3052 2663 3181 2708 non
3220 2663 3437 2714 conse.-

1936 2740 2156 2824 quitur
2201 2740 2689 2805 fundamentum
2740 2763 2816 2806 ex
2861 2750 3085 2806 natura
3126 2743 3243 2818 rei,
3286 2743 3435 2827 quia

1937 2839 2056 2902 etsi
2101 2840 2165 2901 in
2210 2859 2279 2902 re
2327 2841 2411 2902 sit
2449 2841 2737 2923 aptitudo
2784 2842 2863 2903 ad
2912 2841 3433 2923 significandum,

1936 2946 2149 3000 tamen
2200 2939 2467 3002 actualis
2515 2938 2903 3020 significatio
2954 2958 3082 3004 non
3130 2941 3439 3024 competit

322 3039 516 3102 beant
543 3038 887 3102 efficacem
927 3040 1392 3104 ordinationem
1426 3043 1504 3104 ad
1534 3044 1823 3125 gratiam,
1864 3038 1908 3101 C
1937 3036 1996 3100 ei
2028 3037 2152 3100 nisi
2193 3056 2308 3120 per
2344 3044 2555 3100 actum
2597 3038 3003 3120 imponentis.
3040 3039 3439 3122 Restringen-

323 3138 620 3221 quamvis
649 3158 730 3201 ex
770 3158 885 3201 sua
925 3147 1150 3203 natura
1176 3139 1452 3203 habeant
1487 3160 1831 3224 repraesen-

322 3237 632 3301 tationem
674 3237 816 3318 ejus
856 3237 1291 3321 longinquam,
1323 3240 1606 3322 oportuit
1645 3248 1714 3303 ut
1746 3239 1827 3303 ab

325 3345 582 3399 auctore
639 3336 860 3418 gratiae
919 3336 1404 3401 instituerentur
1447 3339 1524 3401 ad
1583 3338 1829 3421 signifi-

326 3434 624 3509 candum,
662 3442 726 3496 et
755 3433 1286 3499 benedicerentur
1313 3436 1392 3499 ad
1423 3436 1827 3501 sanctifican-

326 3533 476 3595 dum
511 3550 528 3595 ε
564 3541 637 3595 ut
666 3532 760 3595 sic
789 3540 1005 3595 essent
1045 3551 1124 3596 ex
1149 3536 1421 3597 naturali
1461 3535 1827 3598 similitudi-

323 3650 404 3693 ne
433 3630 975 3713 repraesentantia,
991 3650 1069 3694 ex
1097 3631 1399 3712 adjuncta
1430 3634 1829 3697 institutione

324 3728 780 3811 significantia,
833 3747 914 3791 ex
971 3731 1378 3812 superaddita
1435 3731 1826 3796 benedictio-

325 3848 402 3891 ne
441 3827 939 3891 sanctificantia.
973 3828 1235 3904 RursuS,
1278 3830 1581 3911 quoniam
1627 3833 1829 3914 gratia

325 3927 612 3990 curative
665 3945 794 3989 non
851 3927 1038 3989 datur
1085 3927 1402 4010 superbis,
1454 3930 1823 4006 increduliS,

327 4024 698 4097 fastidiosis,
749 4026 1034 4106 oportuit
1080 4026 1216 4090 haec
1269 4027 1450 4109 signa
1498 4027 1828 4091 sensibilia

329 4123 636 4185 divinitus
685 4122 958 4195 institui,
993 4142 1134 4205 quae
1174 4142 1300 4187 non
1345 4125 1552 4188 solum
1598 4128 1828 4189 sancti-

1937 3137 2017 3200 do
2062 3153 2213 3219 ergo
2257 3136 2440 3199 istam
2488 3134 2932 3200 definitionem
2978 3138 3057 3202 ad
3096 3139 3253 3221 quid
3294 3158 3437 3222 pro-

1936 3234 2076 3318 prie
2120 3234 2363 3297 dictum
2411 3242 2585 3297 extra
2629 3234 2932 3309 animam,
2968 3236 3105 3319 ipsa
3154 3255 3280 3300 non
3330 3257 3435 3301 ex-

1937 3333 2160 3416 primit
2207 3332 2361 3415 quid
2405 3334 2781 3395 sacramenti
2818 3350 2833 3396 t
2864 3352 3015 3417 ergo
3057 3352 3185 3398 non
3230 3343 3439 3418 potest

1936 3452 2076 3495 esse
2106 3432 2399 3496 definitio
2438 3450 2515 3496 eo
2554 3434 2741 3496 modo
2771 3452 2899 3517 quo
2937 3442 3033 3498 est
3072 3435 3231 3497 ratio
3270 3437 3436 3498 entis

1937 3531 2239 3614 completi
2270 3538 2447 3595 extra
2484 3532 2789 3607 animam,
2822 3534 2933 3596 sed
2968 3553 3043 3598 eo
3082 3535 3270 3598 modo
3308 3552 3435 3617 quo

1937 3628 2233 3693 definitio
2278 3630 2581 3713 exprimit
2639 3651 2839 3695 unum
2894 3641 3274 3716 conceptum
3322 3652 3437 3716 per

1937 3748 2004 3791 se
2035 3730 2102 3791 in
2134 3729 2486 3804 intellectu,
2520 3730 2655 3792 sive
2687 3730 2806 3793 iste
2835 3738 3183 3813 conceptus
3220 3730 3305 3793 sit
3342 3732 3435 3794 rei

1936 3834 2134 3902 extra,
2170 3828 2303 3891 sive
2351 3827 2443 3891 rei
2488 3828 2789 3908 rationis3
2821 3834 2885 3890 et
2927 3828 3071 3891 talis
3115 3827 3279 3891 bene
3327 3845 3436 3910 po-

1936 3933 2060 3989 test
2102 3926 2383 3989 definiri.
2432 3928 2576 3991 Haec
2618 3928 2861 3990 ScotuS.

2015 4026 2321 4089 Praeterea
2350 4026 2620 4088 Thomas
2650 4025 2729 4088 de
2757 4025 3101 4106 Argentina
3131 4024 3235 4087 hic
3266 4046 3439 4108 quae-

1936 4126 2040 4197 rit,
2075 4131 2293 4186 utrum
2340 4132 2806 4187 sacramentum
2850 4124 2934 4187 sit
2969 4123 3323 4188 definibile.
3359 4126 3438 4189 Et

329 4220 596 4284 ficarent
633 4220 1036 4304 gratiamque
1073 4222 1459 4298 conferrent,
1491 4232 1682 4309 atque
1713 4245 1826 4308 per
1857 4229 1907 4291 D
1937 4223 2280 4306 respondet
2330 4242 2344 4286 :
2398 4223 2702 4286 Definitio
2751 4224 3089 4305 tripliciter
3136 4225 3430 4289 sumitur.

329 4318 440 4381 hoc
483 4326 809 4394 sanarent,
843 4338 1070 4382 verum
1116 4321 1309 4385 etiam
1355 4323 1826 4404 significatione

331 4417 674 4491 erudirent,
716 4424 780 4479 et
829 4420 1236 4501 susceptione
1279 4420 1712 4496 humiliarent,
1752 4442 1826 4486 ac

331 4515 868 4579 diversificatione
901 4518 1361 4581 exercitarent:
1386 4528 1699 4603 quatenus
1733 4522 1826 4585 sic

335 4631 440 4694 per
481 4614 1008 4678 exercitationem
1052 4617 1310 4680 exclusa
1345 4620 1564 4682 acedia
1604 4639 1642 4682 a
1679 4638 1825 4683 con-

336 4711 716 4793 cupiscibili,
775 4719 842 4775 et
908 4731 1022 4795 per
1084 4715 1508 4779 eruditionem
1570 4719 1828 4781 exclusa

339 4807 682 4889 ignorantia
723 4828 762 4871 a
805 4810 1118 4887 rationali,
1153 4830 1268 4894 per
1309 4813 1824 4878 humiliationem

341 4926 582 4991 quoque
609 4909 872 4973 exclusa
901 4908 1204 4992 superbia
1229 4910 1311 4973 ab
1344 4910 1671 4988 irascibili,
1695 4921 1826 4977 tota

341 5006 539 5069 anima
567 5015 899 5071 curaretur
931 5026 1046 5090 per
1073 5009 1340 5090 gratiam
1372 5010 1646 5092 Spiritus
1678 5013 1824 5075 San-

345 5104 442 5163 cti.
471 5105 681 5187 ltaque
715 5114 896 5170 ortus
934 5115 1476 5171 sacramentorum
1517 5118 1613 5172 est
1654 5112 1826 5175 Chri-

273 5222 312 5239 ·
345 5206 500 5281 stus;
533 5223 680 5266 usus
729 5223 952 5268 eorum
995 5213 1094 5269 est
1130 5214 1308 5269 actus
1349 5208 1820 5283 exercitativuS,

345 5300 678 5366 eruditivus
722 5311 789 5366 et
835 5304 1314 5384 humiliativus3
1347 5304 1594 5369 fructus
1646 5326 1817 5384 vero,

1935 4322 2148 4384 Primo
2208 4322 2580 4403 largissime,
2631 4321 2911 4384 secundo
2968 4324 3433 4405 propriissime,

1937 4421 2124 4483 tertio
2157 4419 2370 4483 medio
2400 4420 2607 4482 modo.
2643 4420 2853 4483 Primo
2884 4422 3074 4485 modo
3106 4440 3297 4487 omne
3326 4441 3437 4486 no·

1938 4519 2243 4582 minahile
2274 4537 2385 4581 seu
2415 4518 2631 4601 aliquo
2663 4519 2851 4582 modo
2893 4520 3307 4602 designabile,
3339 4530 3437 4585 est

1935 4616 2289 4682 definibile.
2343 4617 2447 4680 Sic
2497 4636 2773 4700 namque
2823 4619 3115 4683 definitio
3165 4639 3291 4683 non
3340 4630 3437 4684 est

1934 4718 2059 4780 nisi
2090 4716 2391 4779 distincta
2421 4718 2748 4798 expressio
2777 4716 2917 4798 ejus
2948 4719 3118 4800 quod
3149 4719 3436 4800 designa-

1934 4822 2038 4876 tur
2069 4833 2185 4897 per
2214 4830 2448 4876 nomen
2488 4812 2753 4877 confuse
2782 4821 2845 4877 et
2884 4814 3273 4878 indistincte.
3308 4815 3437 4878 Sic·

1934 4930 2060 4994 que
2091 4912 2349 4975 definiri
2384 4918 2651 4995 possunt
2680 4912 2971 4993 negativa
3000 4920 3064 4975 et
3096 4912 3431 4995 privativa,

1934 5018 1997 5073 et
2026 5029 2442 5093 quaecumque
2471 5010 2787 5092 figmenta.
2807 5010 2911 5073 Sic
2938 5028 3191 5092 quoque
3220 5011 3438 5075 fortast

1933 5110 2020 5173 sis
2049 5110 2419 5172 Aristoteles
2448 5110 2721 5190 sumpsit
2750 5108 3185 5172 definitionem
3214 5119 3435 5192 quarto

1933 5208 2397 5291 Metaphysicae,
2448 5208 2665 5271 dicens
2716 5226 2730 5270 τ
2780 5208 3081 5272 Definitio
3127 5217 3223 5273 est
3271 5210 3430 5272 ratio

1933 5326 2125 5391 quam
2155 5306 2479 5389 significat
2506 5324 2760 5369 nomen.
2794 5306 3085 5371 Secundo
3116 5308 3304 5371 modo
3334 5308 3430 5373 ni-
