4267 6250
599 977 613 1020 Ι
629 977 738 1020 Par.
751 989 838 1027 xxi,

573 1044 641 1085 26.

593 1103 631 1147 11
641 1103 752 1145 Par.
767 1114 838 1152 vn,

573 1197 676 1272 Leti.
697 1239 755 1275 tx.
769 1229 835 1270 24.

637 1289 693 1334 ΙΙΙ
721 1289 836 1344 Rey.

572 1367 690 1405 xvm.
705 1355 772 1396 ³8.

587 2059 659 2116 Cf.
670 2072 712 2114 p.
724 2062 776 2102 55
785 2059 836 2102 Α.

606 3741 672 3785 Is.
695 3743 808 3793 μυ.

866 477 946 540 64

1537 494 1601 540 m
1641 493 1866 540 Lunum
1907 492 1968 538 Ν
2011 489 2495 538 ΒΕΝΤΕΝΤΙΔΒῸΠ.
2540 509 2616 519 -
2658 490 2813 536 DIST.
2856 489 2917 553 13
2961 490 3186 546 QUAEST.
3232 491 3293 536 vl

870 664 1129 728 obedire
1169 664 1527 746 praeceptiS,
1559 669 1657 726 est
1693 664 1822 725 Deo
1849 669 2205 744 acceptum.
2243 661 2363 723 Un-
2391 659 2444 723 A
2473 659 2552 722 de
2583 658 2801 723 libello
2832 660 3083 743 repudii
3112 667 3351 723 tactum
3382 660 3701 743 estzquod
3734 659 3971 742 partim

868 763 948 826 de
977 770 1042 825 et
1065 763 1252 825 Josue
1293 761 1614 844 praecipue
1655 760 2158 832 commendatur,
2192 758 2363 840 quod

870 861 1169 923 universa
1211 860 1324 924 Dei
1368 866 1684 942 praecepta
1723 857 2034 940 implevit.
2068 856 2230 919 Hinc
2268 875 2367 918 sa-

870 958 1116 1020 crificia
1144 959 1341 1021 David
1373 976 1445 1021 ac
1472 955 2068 1031 SalomoniS,Aaron
2099 963 2165 1017 et
2194 954 2362 1028 Elim,

871 1057 1170 1138 leguntur
1197 1057 1343 1137 igne
1383 1055 1634 1120 coelitus
1666 1055 1864 1118 misso
1901 1072 2040 1116 esse
2069 1071 2365 1116 consum-

867 1163 995 1237 pta,
1030 1155 1109 1217 ad
1142 1155 1598 1216 insinuandum
1639 1153 1808 1235 quod
1836 1159 2096 1235 accepta
2126 1150 2367 1215 fuerint

867 1251 1328 1316 Domino.Hinc
1357 1253 1620 1314 demum
1647 1251 2021 1324 ostenditur,
2037 1250 2206 1332 quod
2236 1266 2363 1312 non

869 1351 1078 1414 solum
1135 1350 1216 1413 ab
1279 1350 1702 1414 immunditiis
1759 1349 1989 1424 carnis,
2039 1348 2152 1411 sed
2209 1354 2274 1410 et
2326 1366 2364 1409 a

867 1449 1041 1512 vitiis
1083 1449 1292 1512 cordis
1335 1448 1707 1532 purgabant.

955 1549 1027 1610 In
1089 1547 1456 1630 oppositum
1513 1554 1664 1610 sunt
1718 1565 1860 1630 quae
1921 1544 2240 1608 habentur
2296 1543 2363 1606 in

867 1654 1062 1709 textu.

955 1746 1024 1807 In
1072 1745 1422 1827 quaestione
1469 1744 1605 1808 haec
1651 1743 1775 1807 tria
1816 1748 2184 1824 tanguntur.
2235 1741 2364 1804 Pri-

2470 764 2569 820 est
2596 758 2827 833 simile,
2851 776 2981 822 non
3012 758 3076 820 in
3106 765 3259 833 toto,
3284 759 3435 840 quia
3464 759 3785 821 dimittere
3816 776 3972 820 uxo-

2470 875 2607 918 rem
2637 863 2733 919 est
2763 857 3001 920 malum
3034 857 3099 918 in
3130 875 3220 933 se,
3252 857 3395 920 ideo
3423 875 3753 939 nunquam
3786 856 3975 919 meri-

2470 954 2745 1034 torium3
2778 955 2889 1017 sed
2928 954 3232 1018 animalia
3274 955 3605 1019 immolare
3648 962 3746 1018 est
3782 953 3976 1017 indif-

2472 1051 2685 1115 ferens
2714 1054 3067 1116 secundum
3098 1073 3185 1129 se,
3203 1055 3345 1117 ideo
3375 1054 3584 1137 potuit
3610 1053 3755 1116 fieri
3784 1053 3971 1116 bene.

2554 1150 2675 1213 Sed
2733 1151 3101 1233 praehabitis
3148 1152 3345 1233 objici
3404 1159 3611 1235 potest
3657 1152 3828 1234 quod
3882 1152 3975 1213 ait

2475 1247 2758 1311 Salvator
2800 1267 2813 1312 ε
2857 1250 3132 1332 Spiritus
3181 1257 3277 1313 est
3325 1252 3435 1333 qui
3482 1249 3791 1324 vivificat,
3824 1267 3974 1314 caro
4031 1271 4253 1316 haum

2474 1365 2602 1411 non
2646 1349 2903 1430 prodest
2939 1349 3310 1432 quidquam.
3346 1350 3510 1431 Ergo
3548 1368 3711 1433 opus
3750 1367 3975 1432 opera-
4004 1337 4081 1380 ⁶⁴·

2474 1453 2611 1508 tum
2644 1465 2757 1510 seu
2796 1447 3195 1511 immolatum
3228 1449 3293 1510 in
3334 1466 3498 1512 nova
3529 1449 3687 1530 lege,
3718 1467 3849 1513 non
3878 1449 3979 1512 vi-

2474 1545 2697 1608 vificat
2725 1564 2933 1629 neque
2958 1546 3290 1627 justificat.
3310 1583 3391 1594 -—
3407 1547 3974 1630 Respondendum,

2474 1644 2643 1725 quod
2685 1662 2830 1709 caro
2860 1644 3091 1708 Christi
3131 1645 3381 1709 duobus
3418 1646 3706 1710 vivificat
3742 1647 3973 1710 modis.

2473 1741 2684 1805 Primo
2721 1743 3158 1825 spiritualiter,
3192 1751 3346 1827 puta
3372 1764 3487 1828 per
3516 1743 3734 1807 fidem.
3763 1745 3976 1818 Quum

868 1863 1044 1906 mum
1076 1851 1194 1918 est,
1227 1862 1308 1905 an
1338 1842 1722 1906 Testamenti
1751 1841 1984 1904 veteris
2015 1857 2365 1902 sacramen·
2393 1841 2441 1902 B
2474 1840 2645 1902 enim
2677 1842 2821 1923 quis
2857 1843 3059 1904 credit
3094 1844 3296 1905 Deum
3336 1844 3757 1918 incarnatum,
3786 1863 3981 1926 auge-

867 1950 930 2005 ta
981 1943 1248 2025 gratiam
1309 1942 1740 2015 continebant,
1801 1950 1864 2002 et
1919 1941 1998 2002 de
2055 1940 2177 2002 hoc
2230 1939 2363 2020 jam

865 2042 1034 2105 dicta
1063 2049 1212 2104 sunt
1237 2041 1470 2123 aliqua.
1506 2041 1870 2104 Secundum
1901 2046 2019 2113 est,
2041 2059 2122 2101 an
2153 2038 2365 2101 obser-

865 2140 1080 2204 vantia
1119 2158 1232 2202 seu
1275 2159 1428 2202 usus
1459 2139 1561 2202 vel
1598 2145 1776 2202 actus
1816 2138 2073 2200 illorum
2113 2136 2365 2199 merito-

864 2240 998 2303 rius
1057 2239 1198 2301 fuit.
1252 2239 1559 2314 Tertium,
1608 2245 1822 2300 utrum
1880 2236 2237 2320 purgabant
2280 2234 2362 2299 ab

863 2337 1292 2401 immunditiis
1335 2337 1563 2401 carnis.

941 2537 1030 2598 De
1066 2534 1166 2598 his
1205 2533 1430 2597 scribit
1466 2533 2002 2597 Antisiodorensis
2043 2533 2109 2594 in
2153 2531 2363 2614 prima

861 2641 1040 2717 parte
1069 2633 1348 2697 Summae
1382 2650 1397 2695 ε
1431 2633 1678 2715 Duplex
1708 2638 1805 2696 est
1844 2650 2027 2714 opuS,
2060 2631 2362 2694 videlicet

861 2750 1022 2815 opus
1081 2750 1372 2815 operam,
1433 2739 1498 2795 et
1551 2749 1713 2814 opus
1771 2737 2124 2813 operatum.
2188 2729 2359 2813 Opus

861 2848 1132 2914 operans
1171 2837 1266 2893 est
1308 2830 1444 2913 ipsa
1481 2831 1668 2903 actio,
1702 2836 1773 2890 ut
1808 2828 2045 2891 oblatio
2073 2829 2221 2909 agni
2250 2835 2360 2891 aut

863 2929 1071 3002 vituli,
1094 2947 1236 3010 quae
1263 2925 1661 3008 justificabat
1699 2926 1953 3008 quando
1992 2944 2070 2988 ex
2100 2925 2359 2988 caritate

2472 1947 2577 2001 tur
2608 1939 2673 2002 in
2702 1958 2777 2004 eo
2809 1941 3065 2004 dilectio
3094 1949 3159 2004 et
3187 1942 3524 2005 delectatio
3552 1961 3744 2024 quam
3779 1941 3978 2009 habet

2475 2038 2539 2100 in
2573 2039 2701 2102 Deo
2733 2057 2747 2102 :
2787 2047 3047 2122 propter
3076 2041 3244 2122 quod
3288 2041 3699 2104 dimittuntur
3735 2041 3796 2103 ei
3828 2060 3977 2123 pec-

2473 2144 2628 2200 cata.
2663 2138 2955 2202 Secundo
2992 2157 3107 2221 per
3148 2140 3406 2202 modum
3446 2139 3826 2203 sacramenti
3856 2158 3976 2202 seu

2474 2237 2772 2300 materiae.
2814 2236 2915 2300 Sic
2963 2238 3135 2300 enim
3180 2256 3326 2301 caro
3370 2238 3601 2302 Christi
3651 2239 3973 2321 templum

2471 2343 2568 2398 est
2614 2336 2809 2398 totius
2857 2337 3203 2411 Trinitatis,
3254 2337 3320 2400 in
3369 2355 3499 2420 quo
3547 2345 3698 2400 sunt
3751 2338 3977 2420 gratiae

2470 2452 2693 2498 omnes
2728 2453 2741 2497 :
2778 2435 2920 2498 ideo
2956 2443 3055 2499 est
3090 2437 3258 2498 sicut
3294 2436 3478 2519 pyxis
3520 2444 3585 2500 et
3618 2456 3731 2500 vas
3768 2437 3976 2500 medi-

2472 2533 2676 2595 cinale
2726 2533 2791 2595 in
2830 2551 2960 2616 quo
3006 2542 3157 2596 sunt
3199 2535 3415 2598 omnia
3452 2553 3687 2617 genera
3724 2535 3977 2618 specie-

2472 2650 2613 2694 rum
2642 2639 2708 2694 et
2736 2633 3227 2697 electuariorum
3265 2633 3697 2716 spiritualium
3730 2634 3977 2716 quibus

2470 2729 2636 2792 Deus
2668 2748 2781 2812 per
2811 2747 2959 2792 suos
3000 2731 3325 2794 ministros
3365 2740 3544 2794 sanat
3581 2731 3827 2794 animas
3858 2750 3975 2795 no-

2469 2835 2648 2890 stras.
2696 2829 2931 2890 Verum
2976 2846 3121 2892 caro
3162 2828 3229 2891 in
3272 2837 3583 2912 quantum
3628 2847 3796 2904 caro,
3839 2847 3976 2893 non

2469 2926 2761 3007 prodest3
2793 2926 2904 2988 sed
2950 2927 3014 2988 in
3058 2935 3369 3008 quantum
3406 2934 3623 2990 sancta
3662 2934 3726 2990 et
3761 2928 3977 2991 Verbo

863 3025 1095 3105 fiebat3
1130 3043 1294 3108 opus
1341 3043 1494 3088 vero
1540 3031 1872 3107 operatum
1922 3022 2047 3085 fuit
2094 3041 2195 3086 res
2246 3023 2361 3085 im·
2391 3026 2434 3089 C
2471 3023 2670 3097 unita,
2704 3022 3184 3106 spiritualisque
3230 3025 3568 3099 medicina,
3612 3025 3974 3108 plurimum

861 3126 1115 3200 molata,
1147 3144 1291 3206 quae
1321 3142 1448 3187 non
1484 3121 1899 3204 justificabat.
1935 3122 2057 3185 Sed
2098 3121 2164 3185 in
2195 3140 2361 3186 nova

861 3224 998 3305 lege
1028 3230 1156 3285 tam
1199 3240 1360 3305 opus
1399 3240 1670 3304 operans
1710 3240 1900 3303 quam
1942 3239 2103 3304 opus
2142 3238 2360 3303 opera-

857 3329 995 3384 tum
1053 3320 1435 3403 justificant,
1488 3328 1559 3382 ut
1614 3319 1957 3382 celebratio
2013 3326 2078 3381 et
2126 3319 2358 3382 Christi

861 3437 1024 3483 caro.
1063 3419 1137 3481 Et
1167 3438 1280 3502 per
1311 3420 1475 3481 hanc
1513 3418 1991 3481 distinctionem
2022 3417 2360 3481 solvuntur

860 3527 926 3581 et
955 3518 1420 3581 concordantur
1447 3516 1853 3580 auctoritates
1886 3535 2021 3598 quae
2053 3534 2167 3598 pro
2195 3524 2361 3579 utra-

862 3636 987 3699 que
1017 3624 1194 3700 parte
1224 3615 1727 3691 introducuntur,
1745 3623 1813 3676 ut
1841 3621 1939 3677 est
1967 3614 2125 3678 illud
2158 3615 2356 3677 Isaiae:

863 3715 1313 3778 Holocaustum
1368 3714 1642 3776 arietum
1693 3720 1758 3776 et
1801 3712 2056 3795 adipem
2108 3712 2361 3795 pingui-

865 3834 999 3889 um,
1030 3821 1095 3876 et
1131 3813 1508 3893 sanguinem
1546 3811 1870 3874 hircorum
1907 3818 1972 3873 et
2009 3810 2357 3874 vitulorum

863 3911 1061 3977 nolui.
1116 3912 1335 3976 Glossa
1367 3928 1382 3973 t
1414 3910 1754 3992 Nunquam
1801 3910 2006 3972 voluit
2052 3908 2359 3972 Dominus

863 4010 1186 4075 sacrificia
1215 4009 1346 4083 illa,
1380 4008 1445 4071 id
1475 4015 1593 4082 est,
1625 4026 1754 4070 non
1791 4007 2165 4089 acceptavit.
2201 4007 2361 4069 Hinc

863 4109 1090 4173 asserit
1125 4107 1425 4188 Origenes
1459 4124 1473 4169 :
1507 4106 1594 4169 Ea
1633 4106 1876 4167 ratione
1916 4106 2210 4187 permisit
2249 4105 2364 4169 Do-

2470 3121 2744 3204 prodest.
2790 3158 2873 3168 —
2912 3121 3057 3187 Haec
3098 3122 3656 3188 Antisiodorensis.

2551 3220 2855 3283 Praeterea
2909 3220 2990 3283 ad
3045 3221 3329 3303 primum
3386 3223 3585 3285 trium
3642 3223 3979 3306 praedicto—

2471 3338 2615 3381 rum
2646 3320 2704 3383 S.
2741 3319 3011 3381 Thomas
3045 3320 3385 3402 respondet
3416 3338 3431 3382 ε
3465 3322 3535 3383 In
3572 3330 3979 3386 sacramento

2472 3418 2598 3480 duo
2646 3418 3149 3492 considerantur,
3198 3418 3501 3483 videlicet
3550 3437 3564 3482 ε
3616 3420 3829 3503 ipsum
3878 3440 3978 3483 sa-

2472 3522 2892 3589 cramentum,
2954 3516 3120 3597 quod
3186 3536 3224 3579 a
3290 3516 3671 3599 quibusdam
3732 3518 3979 3581 dicitur

2472 3631 2633 3695 opus
2672 3621 3040 3696 operatum3
3073 3622 3136 3676 et
3174 3633 3328 3677 usus
3364 3617 3767 3691 sacramenti,
3799 3617 3981 3680 vide-

2474 3712 2623 3773 licet
2665 3711 2949 3794 operatio
2988 3712 3489 3776 administrantis
3536 3732 3649 3777 seu
3700 3714 3979 3798 suscipi·

2474 3810 2637 3872 entis
2676 3817 3167 3885 sacramentum,
3199 3812 3311 3893 qui
3354 3831 3391 3874 a
3433 3812 3819 3894 quibusdam
3864 3832 3979 3877 vo-

2473 3916 2653 3971 catur
2699 3926 2861 3991 opus
2918 3927 3208 3991 operans,
3261 3910 3469 3983 Quum
3524 3928 3675 3993 ergo
3731 3912 3981 3974 dicitur

2472 4014 2963 4083 sacramentum,
3016 4026 3131 4089 per
3184 4026 3253 4070 se
3312 4008 3649 4090 loquendo,
3698 4010 3979 4091 gratiam

2474 4104 2785 4181 conferre,
2832 4105 3189 4185 justificare
3240 4106 3343 4169 vel
3399 4125 3529 4171 non
3582 4108 3975 4189 justificare,

865 4208 1080 4270 minus
1118 4203 1439 4268 sacrificia
1481 4204 1590 4266 illa
1621 4203 1744 4266 sibi
1784 4202 2028 4277 offerri,
2062 4222 2191 4285 qua
2219 4204 2363 4265 rati·
2390 4208 2441 4273 D
2473 4203 2879 4267 referendum
2924 4210 3020 4266 est
3064 4204 3140 4266 ad
3186 4222 3347 4287 opus
3393 4213 3743 4288 operatum.
3778 4206 3981 4272 Porro

864 4324 986 4370 one
1016 4303 1308 4388 permisit
1347 4302 1638 4366 libellum
1676 4302 1941 4385 repudii.
1977 4302 2159 4365 Proui
2199 4322 2365 4365 nam-

865 4422 990 4487 que
1029 4408 1211 4465 erant
1243 4400 1444 4465 Judaei
1482 4401 1560 4464 ad
1605 4400 2047 4475 idololatriam,
2079 4400 2248 4464 sicut
2284 4401 2364 4464 ad

805 4520 814 4526 ·
865 4500 1389 4566 interficiendum
1433 4519 1578 4563 suas
1622 4517 1869 4562 uxores.
1905 4499 2165 4582 Triplici
2210 4518 2365 4583 quo-

864 4620 990 4684 que
1020 4600 1264 4664 ratione
1293 4598 1499 4662 noluit
1535 4598 1841 4661 Dominus
1881 4596 2199 4660 sacrificia
2228 4598 2358 4661 illa.

861 4699 1097 4773 Primo,
1131 4697 1283 4780 quia
1311 4714 1438 4759 non
1468 4694 1828 4759 offerebant
1854 4714 1930 4758 ea
1958 4694 2126 4758 bono
2154 4697 2366 4761 animo

862 4817 936 4862 ac
965 4798 1214 4861 devoto.
1250 4794 1562 4869 Secundo,
1590 4793 1892 4876 quoniam
1927 4792 2364 4857 offerebantur

789 4894 794 4901 ’
861 4906 1152 4979 tempore
1183 4912 1309 4958 non
1349 4910 1486 4966 suo,
1521 4900 1739 4975 utpote
1780 4892 2122 4973 Evangelio
2162 4893 2365 4957 divul-

861 5002 1008 5078 gato
1041 5012 1054 5057 ε
1089 4993 1353 5057 veritate
1383 4992 1556 5054 enim
1597 4992 1892 5055 veniente
1931 4998 1994 5054 et
2025 4992 2360 5073 patefacta,

865 5095 1090 5176 figurae
1133 5098 1197 5154 et
1235 5089 1478 5153 umbrae
1520 5090 1880 5154 debuerunt
1921 5109 2187 5154 cessare.
2222 5092 2365 5155 Ter-

865 5195 977 5267 tio,
1010 5191 1163 5274 quia
1201 5206 1328 5252 non
1357 5188 1559 5252 voluit
1596 5207 1670 5251 ea
1711 5189 2035 5252 voluntate
2075 5189 2365 5254 absoluta

868 5298 934 5356 et
959 5296 1219 5375 propter
1246 5304 1336 5365 se,
1369 5286 1480 5351 sed
1509 5304 1592 5351 ne
1621 5286 1809 5350 idolis
1848 5286 2259 5367 offerrentur,
2294 5296 2365 5352 ut

2474 4304 2551 4365 de
2599 4321 2791 4386 opere
2838 4311 3096 4385 operato
3148 4303 3215 4365 in
3273 4306 3687 4368 sacramentis
3734 4305 3981 4370 veteris

2473 4402 2857 4465 Testamenti
2894 4407 2990 4464 est
3027 4401 3265 4484 duplex
3304 4402 3539 4486 opinio.
3576 4404 3843 4477 Quidam
3884 4413 3986 4467 et-

2473 4501 2647 4563 enim
2710 4500 2952 4577 dicunt,
3011 4500 3184 4583 quod
3244 4501 3309 4564 in
3370 4502 3497 4565 illis
3556 4504 3985 4569 sacramentis

2474 4617 2635 4681 opus
2684 4606 3017 4682 operatum
3060 4606 3198 4661 erat
3238 4600 3493 4680 signum
3542 4608 3980 4665 sacramento-

2473 4716 2615 4760 rum
2675 4715 2853 4761 novae
2907 4697 3085 4778 legiS,
3138 4698 3580 4781 passionisque
3629 4699 3885 4775 Christi,
3936 4721 3987 4765 a

2473 4814 2601 4878 quo
2629 4796 2763 4860 haec
2802 4794 3163 4859 efficaciam
3202 4796 3441 4859 habent
3472 4814 3487 4860 t
3524 4798 3665 4861 ideo
3702 4816 3865 4881 opus
3898 4799 3985 4862 il-

2474 4894 2584 4958 lud
2613 4902 2968 4977 operatum,
3001 4902 3135 4958 erat
3172 4914 3320 4957 curn
3358 4897 3633 4977 quadam
3668 4905 3988 4980 protesta-

2473 4994 2645 5057 tione
2704 4992 2904 5072 fidei3
2956 5001 3021 5055 et
3080 4994 3220 5056 ideo
3279 4994 3588 5058 indirecte
3646 5004 3837 5078 atque
3894 5016 3987 5062 ex

2472 5092 2876 5174 consequenti
2907 5091 3221 5155 habebant
3245 5093 3621 5174 justificare,
3635 5096 3816 5177 quasi
3846 5116 3987 5160 me-

2471 5191 2796 5255 diantibus
2846 5193 3078 5257 nostris
3126 5197 3562 5272 sacramentis,
3608 5216 3723 5281 per
3771 5218 3847 5263 ea
3896 5204 3987 5265 si-

2469 5290 2815 5373 gnificatiS‚
2846 5312 2885 5355 a
2913 5293 3041 5358 Deo
3069 5294 3643 5361 sanctificationem
3680 5298 3984 5365 habenti—
