4267 6250
816 486 937 551 544

1476 502 1540 549 IN
1580 502 1803 549 mnium
1844 502 1904 547 lv
1945 498 2430 547 snummunuu.
2471 518 2552 528 --
2591 499 2746 547 msr.
2787 501 2912 565 113
2956 501 3180 559 QUAEST.
3223 504 3269 549 11

820 692 924 737 ror
952 690 1173 737 eorum
1203 693 1241 737 a
1278 673 1409 737 fide
1446 680 1545 737 est
1579 674 1845 737 alienus.
1882 672 2057 737 Unde
2086 671 2318 754 Grego-
2344 672 2394 737 A
2425 672 3082 755 est.Denique,quum
3114 691 3302 755 poena
3333 671 3569 735 inferni
3598 673 3682 735 sit
3709 673 3789 736 ad
3819 692 3928 737 ex-

818 772 951 834 rius
991 772 1311 856 Nyssenus
1352 773 1439 835 ait
1474 790 1489 835 t
1524 772 1586 835 Si
1631 772 1777 854 quis
1818 771 2067 835 Christo
2108 771 2318 833 amico

817 871 1241 945 consentienS,
1278 870 1343 934 in
1393 871 1511 933 hac
1558 870 1689 934 vita
1736 886 2009 952 purgare
2057 874 2317 950 peecata

820 969 1031 1031 minus
1072 967 1391 1032 curaverit
1432 976 1543 1032 aut
1590 967 1890 1051 potuerit,
1934 974 2077 1049 post
2112 974 2317 1029 trans-

818 1068 978 1130 itum
1027 1067 1177 1129 hinc
1222 1086 1338 1149 per
1381 1066 1822 1149 purgatorium
1863 1072 1927 1128 et
1965 1064 2130 1146 ignis
2172 1082 2318 1127 con-

818 1164 1310 1227 summationem
1378 1165 1732 1247 expeditur.
1794 1162 2037 1237 Quibus
2100 1161 2316 1225 verbis

818 1261 1149 1343 subjungit
1175 1262 1342 1325 :Hoc
1372 1259 2059 1343 praedicamus,dogma
2086 1260 2316 1323 verita-

818 1360 901 1423 tis
944 1368 1303 1440 servantes;
1337 1361 1457 1422 hoc
1501 1377 1756 1443 quoque
1799 1358 2180 1421 universalis
2227 1364 2317 1420 te-

817 1467 927 1522 net
974 1458 1277 1533 Ecclesia,
1321 1477 1437 1541 pro
1484 1457 1805 1521 defunctis
1848 1474 2114 1520 exorans
2163 1463 2235 1517 ut
2280 1473 2317 1517 a

820 1558 1097 1640 peccatis
1129 1556 1474 1620 solvantur.
1508 1555 1685 1630 Quod
1727 1572 1855 1619 non
1887 1561 2096 1637 potest
2133 1554 2316 1616 intel-

820 1656 928 1738 ligi
960 1656 1083 1718 nisi
1116 1656 1195 1717 de
1226 1654 1679 1717 exsistentibus
1711 1654 1777 1716 in
1808 1652 2158 1735 purgatorii
2188 1670 2320 1735 poe-

818 1754 1255 1818 nis,Ecclesiae
1283 1762 1497 1817 autem
1528 1753 1888 1816 auctoritati
1920 1751 2315 1835 quicumque

818 1853 1074 1927 resistit,
1118 1852 1413 1916 haeresim
1458 1851 1744 1914 incurrit.
2181 1844 2187 1851 “

896 1952 1199 2016 Praeterea
1227 1952 1307 2014 de
1348 1951 1487 2014 loco
1527 1949 1876 2033 purgatorii
1915 1968 2042 2014 non
2074 1950 2317 2014 inveni-

817 2059 922 2113 tur
966 2050 1208 2132 aliquid
1266 2050 1758 2112 determinatum
1819 2049 1884 2111 in
1944 2048 2312 2132 ScripturiS,

818 2168 939 2213 nec
975 2150 1052 2211 ad
1092 2149 1213 2211 hoc
1251 2155 1518 2231 possunt
1556 2148 1831 2210 rationes
1874 2146 2176 2211 efficaces
2220 2147 2314 2210 in-

817 2250 985 2312 duci.
1006 2248 1242 2310 Tamen
1271 2246 1457 2309 dictis
1489 2246 1863 2309 Sanctorum
1893 2253 1958 2309 et
1986 2247 2314 2309 revelatio·

818 2347 1011 2410 nibus
1039 2345 1362 2429 aliquibus
1393 2344 1578 2408 factis
1609 2345 1756 2427 plus
1786 2353 2110 2420 consonat,
2145 2346 2315 2427 quod

820 2446 996 2509 locus
1046 2444 1393 2527 purgatorii
1436 2441 1675 2525 duplex
1720 2450 1834 2505 est.
1868 2443 2042 2507 Unus
2091 2462 2316 2507 seeun-

818 2544 972 2607 dum
1012 2544 1217 2626 legem
1256 2560 1688 2616 communem,
1720 2542 1831 2624 qui
1870 2550 1967 2605 est
2006 2542 2184 2606 locus
2223 2541 2318 2606 in-

819 2644 1015 2708 ferior
1062 2643 1441 2725 conjunctus
1488 2641 1760 2716 inferno,
1795 2642 1882 2704 ita
1926 2642 2094 2726 quod
2146 2641 2315 2705 idem

820 2751 915 2807 est
946 2743 1111 2825 ignis
1141 2743 1252 2824 qui
1290 2742 1617 2805 damnatos
1655 2740 1895 2803 cruciat
1934 2740 2001 2803 in
2040 2738 2314 2815 inferno,

819 2851 883 2906 et
912 2842 1021 2924 qui
1050 2842 1256 2923 justos
1288 2840 1353 2902 in
1395 2839 1760 2922 purgatorio
1790 2846 2019 2921 purgat
2052 2856 2067 2900 ε
2100 2858 2318 2921 quam-

818 2942 917 3005 vis
945 2940 1245 3013 damnati,
1268 2938 1617 3001 secundum
1652 2938 1819 3019 quod
1851 2937 2188 3000 inferiores
2217 2956 2320 3001 ex—

2426 771 2842 834 cruciandum
2873 778 2937 833 et
2965 771 3406 834 ulciscendum
3437 772 3930 854 perpetue,ideo

2425 869 2792 932 nominatur
2821 869 3192 933 nominibus
3220 869 3508 932 omnium
3536 888 3751 933 rerum
3782 890 3928 953 quae

2425 985 2540 1029 nos
2570 968 2676 1030 hic
2706 966 2912 1031 solent
2940 966 3253 1049 affligere,
3273 968 3455 1049 juxta
3484 967 3644 1030 illud
3679 986 3692 1030 :
3727 967 3922 1050 lgniS,

2427 1064 2654 1138 sulfur,
2693 1065 2955 1148 spiritus
2994 1066 3442 1147 procellarum,
3485 1084 3630 1148 pars
3679 1065 3920 1129 calicis.

2426 1165 2614 1227 Poena
2652 1182 2804 1227 vero
2844 1164 3192 1246 purgatorii
3231 1171 3328 1226 est
3366 1164 3808 1247 principaliter
3843 1164 3924 1227 ad

2427 1263 2830 1345 purgandum
2870 1262 3172 1344 reliquias
3211 1262 3514 1325 vitiorum
3554 1279 3569 1324 τ
3607 1262 3751 1325 ideo
3789 1263 3926 1325 sola

2425 1379 2614 1443 poena
2663 1360 2828 1443 ignis
2872 1360 3237 1442 purgatorio
3278 1360 3669 1435 attribuitur,
3701 1360 3929 1443 quoni-

2425 1479 2530 1523 am
2572 1460 2735 1542 ignis
2779 1460 2941 1523 solet
2981 1476 3360 1522 consumere
3401 1466 3466 1522 et
3507 1478 3798 1541 purgare.

2506 1560 2774 1641 Insuper
2814 1559 2893 1621 de
2936 1558 3277 1621 acerbitate
3320 1576 3526 1641 poenae
3574 1558 3925 1640 purgatorii

2425 1658 2921 1739 agnoscendum,
2954 1657 3122 1739 quod
3168 1657 3234 1719 in
3280 1656 3644 1739 purgatorio
3685 1656 3927 1739 duplex

2427 1764 2522 1818 est
2569 1774 2775 1838 poena.
2829 1756 2963 1818 Una
2999 1754 3241 1831 damni,
3291 1774 3370 1817 ex
3419 1754 3840 1819 retardatione
3889 1774 3928 1817 a

2351 1854 2397 1917 B
2428 1852 2724 1926 beatifica
2771 1852 3037 1916 visione.
3089 1852 3228 1916 Alia
3285 1860 3382 1916 est
3427 1870 3618 1935 poena
3673 1871 3924 1928 sensus,

2426 1971 2552 2034 qua
2580 1951 2660 2014 ab
2693 1951 2838 2033 igne
2867 1951 3177 2034 corporali
3211 1952 3587 2033 puniuntur.
3622 1952 3699 2014 Et
3726 1970 3928 2034 quan·

2426 2058 2562 2113 tum
2593 2049 2673 2113 ad
2704 2059 3059 2132 utrumque,
3073 2050 3335 2113 minima
3365 2067 3554 2132 poena
3583 2051 3930 2133 purgatorii

2425 2150 2678 2212 excedit
2735 2150 3076 2212 maximam
3138 2168 3393 2232 poenam
3445 2150 3594 2213 vitae
3650 2169 3930 2232 praesen·

2426 2248 2528 2312 tis.
2561 2249 2808 2323 Quanto
2852 2248 3026 2310 enim
3074 2248 3317 2330 aliquid
3367 2248 3568 2330 magis
3609 2248 3930 2312 desidera-

2425 2356 2552 2422 tur,
2583 2354 2760 2410 tanto
2802 2346 2943 2429 ejus
2989 2346 3278 2410 absentia
3323 2354 3529 2410 exstat
3574 2346 3924 2411 molestior.

2426 2445 2762 2528 Quumque
2800 2444 3073 2509 affectus
3109 2446 3470 2508 animarum
3507 2446 3826 2527 justarum
3861 2446 3928 2509 in

2426 2544 2813 2627 purgatorio,
2846 2561 2974 2626 quo
3015 2562 3341 2607 summum
3389 2544 3630 2608 bonum
3673 2552 3739 2607 et
3783 2544 3930 2627 ejus

2427 2643 2794 2707 beatificam
2824 2643 3193 2707 fruitionem
3223 2644 3607 2719 desiderant,
3629 2644 3713 2706 sit
3740 2643 3933 2707 vehe-

2429 2750 2676 2805 menter
2713 2761 2788 2805 ac
2826 2742 3022 2805 nimis
3059 2742 3370 2816 intensus,
3401 2762 3600 2826 quum
3642 2743 3930 2826 corporis

2429 2842 2596 2905 mole
2626 2859 2749 2904 non
2783 2841 3249 2921 retardetur3et
3279 2841 3580 2923 quoniam
3611 2841 3930 2904 terminus

2429 2940 2798 3023 perfruendi
2840 2940 2952 3002 illo
2985 2939 3264 3013 advenit,
3301 2939 3425 3003 nisi
3464 2940 3634 3022 quod
3673 2958 3792 3003 suo
3831 2958 3930 3003 re-

819 3046 988 3102 stant
1015 3037 1346 3111 demerito,
1380 3036 1571 3099 etiam
1604 3036 1741 3099 loco
1778 3035 2046 3099 inferius
2076 3037 2206 3099 sint
2233 3037 2320 3099 lo-
2349 3040 2393 3104 C
2428 3040 2757 3102 tardantur
2805 3046 2982 3101 reatu
3025 3055 3039 3100 ε
3083 3038 3323 3101 idcirco
3369 3038 3447 3101 de
3503 3038 3932 3102 retardatione

820 3138 1219 3202 candi.Alius
1250 3144 1346 3200 est
1376 3135 1553 3199 locus
1583 3135 1931 3218 purgatorii
1962 3136 2317 3198 secundum

817 3236 1358 3320 dispensationem
1392 3251 1408 3296 :
1435 3234 1655 3316 sicque
1684 3233 1918 3296 diversi
1950 3233 2221 3298 diversis
2251 3235 2316 3296 in

822 3337 979 3400 locis
1008 3335 1218 3418 puniti
1250 3341 1314 3396 et
1342 3333 1591 3416 purgati
1634 3333 1951 3414 leguntur,
1985 3332 2087 3395 vel
2116 3333 2195 3395 ad
2226 3334 2316 3396 vi-

820 3454 1045 3500 vorum
1098 3432 1605 3505 instructionem,
1638 3431 1739 3494 vel
1789 3431 1867 3494 ad
1919 3439 2317 3494 mortuorum

819 3533 1329 3598 subventionem.
1390 3531 1840 3593 Verumtamen
1906 3529 2169 3611 quidam
2226 3529 2318 3592 di-

819 3640 993 3707 cunt,
1038 3631 1207 3714 quod
1254 3629 1607 3692 secundum
1658 3628 1861 3709 legem
1908 3646 2317 3692 communem

822 3732 998 3795 locus
1056 3727 1406 3812 purgatorii
1454 3734 1551 3789 est
1608 3725 1718 3788 ubi
1777 3727 1969 3790 homo
2026 3733 2252 3809 peccat
2300 3744 2315 3790 τ

816 3830 989 3913 ‘quod
1038 3846 1164 3891 non
1207 3826 1461 3889 videtur
1506 3824 1856 3907 probabile,
1890 3825 2195 3907 quoniam
2237 3825 2318 3888 si-

822 3928 955 3991 mul
990 3933 1196 4010 potest
1234 3924 1451 4007 puniri
1482 3941 1598 4006 pro
1639 3923 1918 4005 peccatis
1947 3943 2088 4005 quae
2128 3923 2193 3985 in
2224 3922 2318 3985 di-

814 4027 1019 4090 'versis
1052 4023 1207 4088 locis
1238 4022 1577 4086 commisit.
1602 4020 1723 4084 Alii
1755 4022 2118 4104 opinantur,
2149 4022 2317 4104 quod

819 4125 1176 4208 puniuntur
1232 4120 1584 4184 secundum
1646 4120 1849 4200 legem
1906 4137 2316 4183 communem

2427 3146 2618 3220 atque
2677 3138 2956 3201 carentia
3007 3145 3137 3200 tam
3194 3137 3714 3220 incomparabilis
3771 3137 3930 3202 boni

2431 3237 2706 3300 maxime
2753 3236 2988 3300 dolent.
3042 3236 3351 3299 Similiter
3393 3255 3669 3321 quoque,
3721 3257 3932 3320 quum

2428 3337 2608 3400 dolor
2637 3355 2764 3400 non
2806 3335 2888 3398 sit
2925 3335 3099 3399 laesio
3137 3336 3297 3418 ipsa,
3331 3335 3442 3399 sed
3481 3334 3756 3400 laesionis
3788 3355 3933 3420 per-

2430 3435 2640 3517 ceptio
2682 3433 2816 3497 sive
2859 3451 3120 3514 sensus;
3149 3439 3326 3497 tanto
3369 3435 3516 3516 plus
3561 3434 3734 3498 dolet
3778 3435 3931 3518 quis

2429 3533 2507 3596 de
2539 3533 2755 3597 laesivo
2783 3552 2897 3595 seu
2929 3532 3459 3614 laesione,quanto
3488 3533 3633 3616 plus
3659 3540 3760 3597 est
3789 3551 3934 3596 sen-

2429 3629 2657 3692 sitivus
2695 3648 2804 3692 seu
2841 3628 3250 3711 perceptivus
3287 3628 3544 3693 doloris.
3591 3628 3931 3714 Quumque

2425 3735 2597 3791 totus
2637 3725 2920 3809 corporis
2959 3743 3184 3789 sensus
3214 3726 3540 3790 derivetur
3569 3727 3650 3789 ab
3686 3728 3929 3805 anima,

2429 3826 2668 3889 idcirco
2711 3825 2882 3908 quod
2928 3825 3059 3905 agit
3101 3825 3166 3888 in
3210 3825 3491 3888 animam
3539 3826 3765 3908 ipsam,
3799 3846 3934 3890 ma-

2427 3925 2599 3988 xime
2635 3922 2870 4004 affligit
2907 3924 3216 3986 eamdem.
3249 3923 3426 3997 Quod
3460 3931 3674 3986 autem
3711 3925 3933 3987 anima

2427 4023 2508 4087 ab
2547 4024 2694 4104 igne
2731 4021 3044 4105 corporali
3081 4019 3428 4102 affligatur,
3463 4022 3654 4085 modo
3689 4040 3932 4106 suppo-

2428 4121 2666 4197 nimus,
2717 4121 2868 4204 quia
2925 4119 3093 4183 infra
3148 4120 3270 4183 hoc
3325 4121 3712 4183 ostendetur.
3765 4121 3930 4186 Hinc

726 4263 733 4268 -
820 4223 884 4287 in
932 4223 1071 4285 loco
1109 4219 1218 4302 qui
1263 4238 1457 4302 super
1498 4236 1614 4281 nos
1662 4224 1779 4292 est,
1812 4225 1964 4298 puta
2011 4217 2075 4280 in
2119 4237 2264 4282 aere
2299 4236 2313 4282 ε
2347 4222 2398 4285 D
2429 4227 2696 4301 utraque
2735 4218 2845 4280 illa
2883 4218 3228 4300 purgatorii
3269 4234 3459 4299 poena
3491 4235 3750 4282 omnem
3791 4237 3930 4303 poe-

817 4320 1122 4405 quoniam
1168 4324 1479 4400 quantum
1522 4317 1599 4378 ad
1641 4322 1899 4390 statum,
1932 4321 2083 4379 sunt
2120 4318 2318 4380 medii

820 4422 987 4484 inter
1014 4437 1130 4483 nos
1162 4425 1225 4480 et
1253 4416 1508 4480 coelum.
1534 4415 1652 4478 Sed
1682 4415 1803 4478 hoc
1833 4414 1995 4477 nihil
2026 4423 2144 4491 est,
2167 4416 2318 4498 quia

820 4536 950 4584 non
1011 4517 1367 4601 puniuntur
1424 4530 1540 4597 pro
1596 4532 1671 4577 eo
1729 4513 1898 4596 quod
1956 4533 2149 4597 supra
2204 4533 2318 4578 nos

811 4623 991 4694 sunt,
1026 4617 1137 4681 sed
1167 4632 1284 4699 pro
1322 4631 1397 4678 eo
1426 4614 1595 4696 quod
1637 4611 1933 4676 infimum
1977 4620 2073 4675 est
2102 4613 2169 4675 in
2199 4613 2314 4688 eiS,

820 4725 1039 4802 utpote
1088 4733 1205 4799 pro
1251 4719 1530 4797 peccato.
1566 4711 1724 4775 Hinc
1771 4712 1861 4775 ait
1902 4712 2314 4793 AugustinuS,

820 4818 990 4901 quod
1030 4817 1196 4880 sicut
1234 4813 1356 4877 sub
1394 4812 1616 4876 eodem
1660 4810 1804 4892 igne
1834 4829 2061 4873 aurum
2100 4812 2320 4875 rutilat

818 4926 883 4981 et
912 4917 1093 5000 palea
1122 4914 1347 4988 fumat,
1381 4912 1468 4975 ita
1506 4910 1625 4974 sub
1657 4909 1879 4973 eodem
1920 4908 2067 4990 igne
2097 4929 2318 4992 pecca-

808 5020 918 5085 'tor
961 5017 1303 5090 cruciatur,
1336 5018 1676 5085 crematur,
1708 5017 1773 5073 et
1810 5009 2050 5073 electus
2095 5028 2318 5093 purga-

818 5129 941 5184 tur.
984 5120 1276 5182 Attamen
1325 5111 1505 5192 Hugo
1549 5116 1836 5184 testatur,
1884 5108 2053 5191 quod
2104 5109 2168 5170 in
2219 5108 2317 5171 his

822 5220 977 5283 locis
1017 5216 1129 5280 ubi
1167 5217 1615 5297 peccaverunt,
1648 5214 2037 5291 purgantur3
2070 5214 2135 5270 et
2172 5207 2313 5281 hoc,

822 5317 1175 5382 secundum
1218 5309 1759 5395 dispensationem
1803 5305 2186 5390 quandoque
2224 5305 2315 5368 sic

2427 4338 2573 4382 nam
2615 4318 2762 4382 vitae
2798 4317 3129 4400 praesentis
3166 4317 3437 4380 excedit.
3471 4317 3739 4391 Quidam
3773 4337 3932 4384 vero

2426 4417 2751 4499 assignant
2779 4416 3087 4479 rationem
3119 4433 3198 4478 ex
3228 4415 3369 4490 hoc,
3392 4416 3563 4497 quod
3593 4417 3806 4480 anima
3837 4425 3932 4482 to-

2427 4524 2490 4578 ta
2520 4515 2804 4598 punitur,
2837 4533 2964 4578 non
3006 4531 3255 4596 corpus.
3291 4514 3414 4578 Sed
3450 4514 3573 4578 hoc
3612 4515 3774 4579 nihil
3803 4525 3925 4592 est,

2427 4614 2578 4696 quia
2635 4613 2727 4676 sic
2776 4631 2964 4696 poena
3009 4613 3450 4676 damnatorum
3499 4622 3670 4678 esset
3715 4616 3932 4678 minor

2428 4720 2569 4796 post
2599 4712 3128 4776 resurrectionem
3169 4731 3362 4794 quam
3395 4719 3564 4789 ante,
3597 4715 3768 4796 quod
3807 4713 3928 4777 fal·

2426 4832 2570 4875 sum
2602 4819 2716 4874 est.
2749 4812 2966 4893 ltaque
3004 4810 3316 4874 acerbitas
3346 4830 3553 4894 poenae
3590 4813 3764 4877 illius
3795 4833 3926 4879 non

2426 4918 2524 4975 est
2548 4918 2798 4973 tantum
2829 4929 2906 4972 ex
2936 4910 3286 4992 quantitate
3316 4913 3584 4993 peccati,
3610 4921 3928 4995 quantum

2427 5029 2505 5073 ex
2535 5008 2952 5092 dispositione
2980 5009 3190 5090 puniti
3215 5027 3229 5070 :
3253 5009 3550 5092 quoniam
3583 5010 3752 5074 idem
3784 5031 3928 5095 pec-

2426 5114 2638 5170 catum
2667 5106 2924 5188 gravius
2953 5107 3222 5189 punitur
3248 5107 3339 5169 ibi
3370 5126 3564 5189 quam
3593 5108 3699 5172 hic
3721 5111 3928 5174 :sicut

2425 5206 2536 5288 qui
2569 5205 2852 5268 melioris
2881 5213 2979 5268 est
3007 5205 3491 5288 complexioniS,
3525 5208 3728 5289 magis
3753 5207 3927 5272 affli-

2426 5305 2599 5387 gitur
2635 5304 2836 5388 plagis
2875 5305 3137 5369 eisdem.
3170 5305 3466 5369 Attamen
3499 5306 3699 5389 judex
3733 5308 3930 5372 utris-
