4267 6250
1436 483 1503 532 ΙΝ
1540 482 1765 530 mmm!
1806 482 1868 530 1v
1908 478 2393 529 ammaum.
2433 496 2514 508 -
2551 478 2707 527 msr.
2746 479 2942 543 111113
2983 478 3211 536 QUAEST.
3251 479 3271 525 1

802 661 1003 729 ctum,-
1042 674 1121 718 ex
1168 652 1463 735 pluribus
1511 651 1800 735 partibus
1849 650 2290 723 constitutum,
2322 644 2376 710 A
2405 646 2612 710 stituit
2669 654 3138 710 sacramentum
3195 647 3338 719 hoe,
3400 644 3568 708 sicut
3627 663 3748 707 nec
3806 664 3903 708 sa·

801 752 1341 833 quemadmodum
1372 752 1599 815 domus
1632 769 1645 813 :
1681 750 1811 813 imo
1840 748 1933 812 sic
1963 746 2296 831 quodlibet

800 857 1271 913 sacramentum
1310 869 1511 912 unum
1552 856 1833 923 vocatur,
1866 848 2017 931 quia
2049 846 2113 909 in
2144 863 2297 928 quo-

800 947 958 1011 libet
1006 956 1403 1012 sacramento
1450 955 1599 1011 sunt
1656 948 1862 1029 plura,
1914 952 2133 1027 utpote
2181 944 2294 1006 ali-

801 1048 955 1128 quid
1013 1054 1316 1129 tanquam
1376 1046 1658 1121 materia,
1708 1053 1775 1108 et
1827 1043 2071 1125 aliquid
2128 1042 2297 1105 sicut

800 1144 1025 1219 forma,
1075 1165 1219 1227 quae
1273 1146 1636 1208 adunantur
1690 1144 1769 1206 ad
1826 1141 2068 1225 aliquid
2126 1140 2294 1203 desi-

798 1244 1122 1325 gnandum
1163 1251 1353 1325 atque
1397 1243 1813 1317 causandum,
1854 1240 2160 1323 quoniam
2200 1258 2294 1301 sa-

802 1349 1205 1403 cramentum
1262 1348 1479 1403 causat
1534 1338 1974 1421 significando.
2027 1337 2292 1411 Idcirco,

802 1438 955 1500 dum
986 1458 1113 1501 una
1152 1438 1400 1501 sufficit
1433 1438 1603 1501 actio
1637 1439 1716 1501 ad
1756 1434 2294 1518 significationem

802 1536 1173 1617 perfectam,
1220 1537 1431 1599 unitas
1474 1534 1853 1598 sacramenti
1897 1534 1963 1596 in
2007 1533 2117 1596 illa
2165 1542 2296 1596 tan-

799 1642 937 1698 tum
984 1636 1232 1699 actione
1276 1635 1587 1709 consistit,
1628 1634 1795 1698 sicut
1837 1632 1903 1695 in
1949 1632 2298 1697 Confirma-

798 1734 992 1797 tione.
1040 1734 1247 1807 Quum
1288 1752 1441 1797 vero
1482 1732 1873 1814 significatio
1914 1730 2294 1795 sacramenti

2405 754 2803 809 eramentum
2844 744 3383 819 confirmationiS,
3435 743 3543 807 sed
3581 743 3906 825 Apostolis

2406 844 2868 907 instituendum
2909 843 3171 925 reliquit
3211 861 3226 906 τ
3268 842 3423 925 quia
3461 843 3596 905 haec
3637 842 3766 906 duo
3805 860 3904 904 sa-

2405 949 2729 1005 cramenta
2766 960 2894 1005 non
2933 941 3150 1005 decuit
3189 940 3434 1003 institui
3464 948 3612 1003 ante
3644 938 3901 1021 plenam

2407 1040 2780 1102 missionem
2831 1048 2895 1103 et
2949 1040 3272 1103 dationem
3329 1037 3604 1120 Spiritus
3661 1038 3902 1111 Sancti,

2407 1157 2608 1220 quum
2649 1138 2716 1200 in
2757 1137 2912 1220 ipsis
2953 1138 3354 1201 contineatur
3399 1145 3464 1199 et
3507 1136 3694 1199 detur
3737 1154 3908 1218 quae-

2406 1237 2550 1299 dam
2603 1237 2818 1317 gratiae
2865 1236 3217 1317 plenitudo,
3269 1236 3418 1310 Quae
3466 1234 3626 1297 ratio
3673 1252 3904 1316 parum

2407 1334 2594 1416 cogit,
2628 1334 2930 1415 quoniam
2972 1334 3138 1397 sicut
3172 1340 3318 1397 ante
3361 1332 3721 1417 passionem
3764 1349 3908 1415 pro-

2407 1432 2583 1494 misit
2624 1432 2879 1514 plenam
2925 1432 3142 1496 Sancti
3185 1432 3460 1514 Spiritus
3505 1431 3902 1505 missionem,

2405 1530 2498 1593 sic
2549 1530 2757 1612 potuit
2812 1531 2948 1595 haec
3007 1549 3262 1613 quoque
3311 1530 3642 1593 instituere
3697 1548 3906 1592 sacra-

2407 1636 2638 1691 menta.
2673 1630 2832 1692 Hinc
2861 1629 2969 1693 alii
3001 1630 3243 1704 dicunt,
3268 1629 3437 1712 quod
3469 1628 3757 1692 Christus
3787 1646 3908 1711 per

2407 1746 2474 1790 se
2513 1729 2730 1791 omnia
2765 1736 3162 1791 sacramenta
3202 1728 3499 1802 instituit,
3539 1734 3605 1789 et
3639 1746 3717 1789 ea
3757 1746 3906 1809 quaa

801 1836 1010 1912 potest
1048 1848 1187 1891 esse
1228 1830 1295 1891 in
1335 1848 1459 1891 una
1497 1828 1747 1892 actione
1775 1835 1840 1890 et
1870 1826 1937 1890 in
1975 1826 2293 1909 pluribuS,
2324 1828 2373 1893 B
2411 1826 2670 1907 maioris
2727 1835 2878 1889 sunt
2935 1825 3331 1890 necessitatis
3373 1844 3448 1889 ac
3494 1824 3904 1888 difficultatis

798 1936 1265 1991 sacramentum
1298 1928 1523 2010 perfici
1556 1934 1764 2010 potest
1794 1945 1919 1989 una
1946 1924 2195 1989 actione
2223 1942 2297 1986 ac

800 2025 1128 2107 pluribus:
1154 2026 1690 2108 quemadmodum
1722 2026 1787 2091 in
1817 2025 2142 2108 Baptismo
2171 2031 2296 2086 tam

800 2144 931 2187 una
960 2125 1371 2189 immersione
1410 2144 1601 2207 quam
1643 2125 1937 2207 pluribus
1977 2122 2296 2205 significa-

798 2231 903 2285 tur
930 2224 1191 2287 ablutio.
1217 2224 1336 2288 Sed
1367 2244 1565 2307 quum
1600 2224 1881 2307 perfecta
1909 2222 2296 2305 significatio

799 2341 939 2385 esse
970 2324 1195 2404 nequit
1232 2323 1355 2385 nisi
1397 2342 1511 2405 per
1550 2324 1765 2405 plures
1802 2323 2107 2398 actioneS,
2140 2329 2293 2384 tunc

799 2420 1017 2503 plures
1046 2421 1327 2484 actiones
1366 2422 1447 2484 de
1485 2420 1877 2504 perfectione
1910 2428 2057 2483 sunt
2088 2438 2294 2483 sacra-

801 2520 1023 2595 menti,
1056 2520 1225 2583 sicut
1263 2520 1329 2582 in
1370 2520 1763 2583 Eucharistia
1796 2537 1811 2583 τ
1845 2520 1996 2602 quia
2030 2518 2294 2583 refectio

800 2619 1146 2702 corporalis
1177 2638 1319 2701 quae
1356 2618 1680 2701 significat
1708 2618 2129 2701 spiritualem,
2163 2636 2292 2681 non

801 2724 1008 2797 potest
1046 2734 1185 2779 esse
1224 2715 1348 2778 nisi
1390 2735 1505 2798 per
1541 2716 1759 2778 cibum
1798 2724 1863 2778 et
1900 2723 2122 2797 potum
2150 2732 2166 2794 ;
2199 2715 2292 2777 sic

799 2832 1054 2896 quoque
1086 2814 1151 2875 in
1181 2813 1489 2876 Unctione
1520 2814 1835 2887 Extrema,
1869 2814 2021 2896 quia
2048 2813 2294 2876 curatio

798 2912 1140 2975 vulnerum
1199 2912 1575 2975 interiorum
1633 2911 1913 2995 perfecte
1970 2912 2290 2994 designari

2407 1944 2522 2008 per
2578 1944 2647 1988 se
2706 1925 3154 2008 promulgavit,
3208 1925 3334 1988 alia
3385 1924 3704 2008 Apostolis
3762 1943 3908 2007 pro-

2409 2024 2749 2105 mulganda
2799 2024 3076 2106 reliquit.
3129 2024 3204 2087 Et
3244 2024 3414 2087 istud
3449 2024 3666 2087 verius
3714 2042 3908 2106 repu-

2405 2130 2594 2197 tatur,
2629 2123 2932 2204 quoniam
2971 2130 3366 2185 sacramenta
3402 2122 3480 2185 ad
3521 2122 3679 2204 legis
3717 2122 3911 2205 perti-

2405 2229 2560 2284 nent
2596 2221 3084 2284 fundamentum
3120 2239 3135 2283 z
3171 2221 3314 2284 ideo
3351 2221 3430 2284 ad
3471 2220 3902 2302 legislatorem

2404 2320 2682 2401 pertinet
2729 2319 3045 2382 institutio
3098 2320 3492 2394 eorumdem,
3543 2320 3905 2401 praesertim

2402 2437 2602 2499 quum
2652 2436 2731 2480 ex
2778 2418 3176 2481 institutione
3225 2416 3586 2481 efficaciam
3635 2418 3908 2481 sortian-

2403 2525 2528 2591 tur,
2571 2535 2766 2598 quam
2813 2533 2940 2579 non
2986 2516 3110 2579 nisi
3162 2516 3471 2579 divinitus
3519 2515 3772 2579 habent.
3817 2550 3906 2562 —-

2401 2615 2544 2678 Haec
2574 2615 2864 2679 ThomaS.
2889 2614 3036 2689 Quae
3066 2622 3130 2677 et
3159 2614 3454 2698 superius
3482 2613 3697 2677 habita
3725 2622 3896 2678 sunt.
3929 2637 4226 2693 aist.u,q.2.

2401 2713 2852 2777 Verumtamen
2899 2713 3192 2795 Magister
3241 2713 3308 2776 in
3355 2720 3532 2775 textu
3569 2713 3903 2776 evidenter

2403 2820 2692 2888 testatur,
2731 2814 2902 2896 quod
2938 2815 3019 2876 ab
3055 2813 3376 2896 Apostolis
3415 2814 3776 2877 institutum
3817 2814 3907 2877 sit

2405 2912 2526 2975 hoc
2567 2919 3059 2987 sacramentum,
3105 2913 3277 2995 quod
3320 2912 3590 2976 Thomas
3639 2914 3907 2995 exponit

799 3028 927 3074 non
958 3011 1127 3073 valet
1155 3009 1279 3072 nisi
1311 3028 1427 3092 per
1454 3010 1922 3092 appositionem
1958 3010 2293 3075 medicinae
2321 3005 2370 3074 C
2406 3019 2714 3092 quantum
2753 3011 2832 3075 ad
2871 3010 3446 3093 promulgationem
3477 3010 3904 3076 institutionis

797 3110 876 3172 ad
907 3109 1249 3172 vulnerum
1278 3108 1520 3173 radices
1549 3109 1851 3172 diversas.
1884 3108 2045 3172 Hinc
2075 3110 2293 3193 plures

800 3209 1081 3272 actiones
1129 3215 1280 3271 sunt
1334 3208 1413 3271 de
1471 3207 1865 3291 perfectione
1912 3209 2294 3272 sacramenti

801 3306 1007 3381 istiuS,
1048 3315 1113 3370 et
1148 3324 1371 3370 omnes
1414 3307 1724 3370 uniuntur
1766 3306 1832 3369 in
1876 3326 2003 3369 una
2044 3307 2296 3370 actione

798 3405 1294 3488 completa,quae
1323 3413 1421 3469 est
1448 3405 1737 3470 omnium
1768 3405 2157 3468 exteriorum
2187 3425 2298 3468 un·

796 3504 925 3568 ctio
954 3523 1283 3579 sensuum,
1306 3511 1371 3566 et
1399 3511 1496 3566 est
1522 3504 1687 3567 actio
1718 3523 1843 3566 una
1870 3503 2290 3586 aggregative.

878 3601 941 3664 Si
974 3619 1239 3683 quaeraS,
1258 3601 1414 3683 quid
1442 3601 1760 3683 agendum
1790 3601 1893 3675 sit,
1917 3601 1971 3664 si
2002 3601 2296 3664 sacerdos

798 3701 1136 3782 inungenS,
1179 3707 1323 3782 post
1362 3700 1553 3763 unius
1600 3719 1826 3763 sensus
1862 3707 1973 3762 aut
2018 3700 2294 3762 duorum

796 3798 898 3862 vel
930 3799 1127 3860 trium
1162 3798 1531 3861 unctionem
1565 3797 1823 3861 deficiat
1858 3815 1871 3861 ε
1907 3799 2294 3881 responden·

799 3897 977 3971 dum,
1011 3896 1180 3978 quod
1210 3896 1503 3978 quamvis
1538 3897 1603 3958 in
1641 3897 2036 3959 Eucharistia
2066 3897 2116 3958 si
2153 3903 2297 3979 post

801 3995 1344 4058 consecrationem
1392 3995 1577 4077 panis
1626 3995 1929 4058 moriatur
1954 3996 2292 4072 -sacerdOS,

798 4094 963 4158 alius
1005 4093 1298 4157 sacerdos
1342 4093 1545 4176 possit
1584 4094 1663 4156 ad
1701 4093 1835 4157 vini
1876 4093 2295 4158 consecratio·

2406 3107 2588 3172 factae
2629 3128 2668 3171 a
2707 3108 2975 3173 Christo.

2485 3209 2834 3273 Concordat
2873 3210 3114 3283 PetruS,
3155 3216 3220 3272 et
3255 3209 3432 3271 addit
3475 3226 3490 3271 :
3531 3209 3600 3272 ln
3641 3209 3904 3292 spiritu·

2403 3307 2613 3370 alibus
2661 3307 3000 3370 medicinis
3046 3307 3338 3389 quaedam
3387 3315 3538 3370 sunt
3591 3315 3904 3390 tanquam

2404 3405 2804 3487 principalia,
2840 3423 2980 3488 quae
3009 3404 3256 3468 scilicet
3285 3424 3401 3486 per
3428 3423 3496 3468 se
3525 3405 3906 3468 ordinantur

2403 3503 2483 3565 ad
2513 3503 2907 3566 curationem
2937 3502 3336 3566 interiorem:
3361 3511 3426 3566 et
3455 3503 3574 3566 ista
3602 3504 3906 3567 dicuntur

2405 3608 2816 3663 sacramenta.
2849 3601 3144 3675 Quaedam
3173 3606 3324 3662 sunt
3351 3601 3726 3677 accessoria,
3757 3621 3904 3684 quaa

2403 3698 2778 3762 ordinantur
2805 3698 2884 3760 ad
2915 3698 3036 3760 hoc
3066 3717 3182 3780 per
3208 3697 3383 3760 aliud
3416 3699 3698 3762 medium
3719 3717 3736 3762 z
3756 3718 3906 3781 quae

2404 3805 2710 3860 vocantur
2734 3797 3230 3860 sacramentalia.
3245 3797 3721 3860 Sacramentum
3752 3815 3910 3880 quo-

2404 3914 2530 3977 que
2571 3894 2950 3977 praedicatur
2988 3896 3067 3958 de
3106 3894 3324 3976 aliquo
3367 3894 3727 3977 dupliciter.
3771 3894 3904 3957 Pri·

2407 4011 2533 4069 mo,
2583 4011 2699 4076 per
2756 4011 3013 4056 causam
3065 4009 3080 4055 z
3132 4000 3196 4055 et
3244 3992 3336 4055 sic
3394 3992 3608 4055 oleum
3665 3993 3908 4056 dicitur

2406 4099 2896 4166 sacramentum,
2962 4091 3129 4154 sicut
3189 4099 3252 4154 et
3309 4109 3474 4174 aqua
3533 4090 3908 4156 nominatur

800 4211 949 4254 nem
994 4192 1361 4275 procedere,
1394 4192 1763 4274 incipiendo
1805 4191 1916 4255 ubi
1962 4192 2070 4255 ille
2111 4193 2296 4255 dimi-
2324 4195 2376 4259 D
2405 4191 2787 4274 Baptismus.
2837 4190 3150 4265 Secundo,
3196 4189 3669 4253 essentialiter:
3705 4198 3771 4254 et
3807 4192 3910 4255 sic

800 4291 905 4366 sit,
936 4291 1039 4354 vel
1078 4310 1115 4355 a
1152 4291 1359 4373 capite
1394 4291 1691 4354 inchoare
1729 4309 1922 4374 super
1960 4291 2293 4355 materiam

800 4390 1035 4468 aliam;
1085 4397 1297 4452 tamen
1351 4389 1418 4451 in
1468 4388 1764 4452 Extrema
1812 4391 2119 4454 Unctione
2168 4409 2296 4454 non

802 4496 1012 4572 potest
1039 4507 1074 4551 a
1104 4489 1312 4570 capite
1350 4487 1671 4564 inchoare,
1704 4489 1815 4551 sed
1854 4488 2043 4551 debet
2076 4507 2296 4571 proce-

802 4588 953 4650 dere
990 4607 1005 4651 :
1039 4587 1343 4670 quoniam
1382 4588 1601 4651 unctio
1632 4589 1698 4650 in
1726 4588 1947 4650 eadem
1982 4595 2163 4671 parte
2196 4588 2297 4651 bis

803 4687 993 4761 facta,
1026 4687 1425 4750 tantumdem
1460 4694 1557 4749 est
1583 4705 1657 4749 ac
1688 4687 1741 4748 si
1773 4686 1873 4749 bis
1903 4704 2300 4750 consecrare-

805 4794 910 4848 tur
940 4785 1145 4850 hostia
1174 4785 1415 4849 eadem.
1453 4786 1626 4848 Unde
1654 4785 1733 4848 ad
1762 4785 2071 4848 unitatem
2102 4802 2303 4848 sacra-

808 4885 1008 4948 menti
1039 4903 1166 4948 non
1200 4885 1549 4966 requiritur
1578 4885 1787 4946 unitas
1819 4875 2117 4958 ministri,
2151 4884 2302 4966 quia

808 4983 1103 5046 minister
1130 4982 1340 5046 solum
1373 4982 1941 5047 instrumentaliter
1978 4989 2294 5065 operatur.

888 5085 1193 5148 Praeterea
1248 5083 1327 5146 de
1384 5083 1783 5146 institutione
1839 5081 2033 5164 hujus
2090 5100 2301 5144 sacra-

512 5207 782 5268 oppam.
811 5183 1009 5247 menti
1059 5190 1155 5246 est
1210 5182 1447 5265 duplex
1504 5181 1743 5265 opinio,
1796 5189 1865 5243 ut
1916 5188 2156 5264 tactum
2205 5188 2304 5244 est

809 5292 975 5350 ante.
1029 5283 1183 5360 Una,
1227 5282 1397 5367 quod
1436 5281 1723 5346 Christus
1767 5299 1884 5364 per
1924 5299 1993 5344 se
2036 5296 2166 5343 non
2211 5280 2303 5342 in-

2407 4289 2624 4352 unctio
2653 4297 2749 4351 est
2777 4297 3268 4364 sacramentum,
3299 4288 3467 4351 sicut
3505 4288 3800 4353 intinctio
3834 4290 3906 4354 in

2405 4407 2570 4470 aqua
2598 4387 2800 4450 fertur
2829 4387 3210 4470 Baptismus
3235 4423 3316 4433 —
3344 4388 3488 4452 Haee
3515 4387 3759 4451 Petrus,
3782 4389 3905 4463 Qui

2405 4487 2485 4550 de
2529 4486 2928 4550 institutione
2970 4487 3166 4568 hujus
3213 4487 3592 4551 sacramenti
3639 4505 3768 4551 non
3813 4488 3908 4552 lo-

2409 4587 2628 4668 quitur
2673 4585 2796 4648 nisi
2841 4585 3217 4650 recitative:
3263 4586 3431 4668 quod
3476 4586 3678 4649 tutius
3719 4595 3902 4670 puto,

2408 4686 2562 4768 quia
2590 4686 2906 4749 incertum
2935 4695 3034 4749 est
3061 4705 3100 4748 a
3125 4703 3255 4768 quo
3295 4687 3662 4750 immediate
3695 4688 3780 4750 sit
3809 4689 3908 4751 in-

2411 4786 2724 4848 stitutum.

2489 4885 2837 4948 Richardus
2876 4903 3130 4967 quoque
3165 4902 3179 4947 :
3213 4885 3280 4948 Id
3307 4885 3577 4968 (inquit)
3605 4888 3774 4970 quod
3807 4896 3908 4953 est

2409 5003 2602 5049 sacrae
2631 4985 2723 5046 rei
2753 4985 3033 5066 signum,
3066 4991 3130 5047 et
3157 5003 3346 5047 causa
3374 5004 3490 5068 per
3517 5003 3588 5048 se
3614 4987 3908 5052 ordinata

2409 5083 2488 5145 ad
2535 5083 2951 5147 efficiendum
3001 5083 3259 5166 aliquod
3305 5103 3582 5158 sacrum,
3629 5103 3756 5149 non
3807 5105 3910 5151 so-

2411 5181 2547 5243 lum
2596 5189 2693 5244 est
2741 5190 3233 5255 sacramentum,
3285 5182 3397 5245 sed
3453 5183 3645 5246 etiam
3703 5203 3911 5248 sacra·

2414 5289 2704 5344 mentum
2747 5299 2925 5346 novae
2971 5281 3147 5363 legiS.
3193 5281 3340 5345 Tale
3386 5291 3600 5346 autem
3643 5290 3742 5346 est
3782 5285 3908 5348 Un-
