4267 6250
1251 503 1428 556 unm
1467 505 1530 554 tv
1571 504 2054 554 smmum.
2092 524 2176 537 —
2216 507 2369 555 msr.
2410 507 2501 556 xn

3302 487 3427 556 3⁰9

327 675 450 739 duo
479 677 728 753 mortis,
747 694 880 740 non
908 676 1138 742 fuisset
1166 677 1256 741 ibi
1285 678 1518 742 anima.
1551 677 1818 752 Quidam
1845 677 1898 742 A
1927 679 2066 742 nire
2103 679 2355 763 corpori
2386 678 2641 756 Christi,
2674 679 2729 742 si
2768 685 3161 742 reservatum
3196 675 3427 742 fuisset

325 792 472 838 vero
531 775 778 851 dicunt,
831 776 1003 858 quod
1061 775 1266 840 forma
1325 777 1818 841 consecrationis

323 881 473 936 tunc
503 872 629 936 fuit
667 893 1009 958 suspensa3
1051 883 1116 939 et
1147 876 1318 958 quod
1349 877 1404 938 si
1435 876 1645 958 primo
1675 894 1820 940 con-

321 979 662 1046 secratum,
697 982 1091 1038 reservatum
1121 973 1370 1049 suisset,
1403 974 1698 1038 desiisset
1726 975 1818 1039 ibi

321 1088 460 1132 esse
491 1078 744 1134 mortuo
773 1071 1044 1134 Christo.
1071 1071 1194 1135 Sed
1221 1072 1358 1136 haec
1387 1071 1618 1136 frivola
1644 1081 1814 1148 sunt,

319 1169 626 1250 quoniam
667 1188 788 1233 nec
825 1170 1068 1234 ratione
1103 1189 1220 1233 nec
1261 1171 1637 1234 auctoritate
1675 1189 1818 1255 pro-

321 1265 824 1331 bantum—Haec
853 1269 1126 1332 Thomas
1157 1269 1224 1330 in
1255 1269 1522 1352 Scripto.
1545 1270 1720 1334 Idem
1751 1270 1818 1332 in

1927 777 1994 840 in
2023 778 2257 862 pyxide
2296 778 2363 840 in
2401 778 2616 841 triduo
2654 778 2900 853 mortiS,
2932 783 3024 852 ut,
3057 776 3253 851 dolet,
3288 794 3423 840 mo-

1928 877 2106 940 ritur.
2143 877 2439 951 Quasdam
2481 875 2704 940 dicunt
2745 876 3074 958 passiones
3110 875 3423 940 violentas

1925 975 2006 1038 ab
2046 983 2225 1038 extra
2264 975 2491 1050 illatas,
2534 983 2627 1050 ut,
2666 974 3057 1048 vulneratur,
3090 981 3238 1050 etc.,
3280 993 3423 1056 quai

1927 1092 2054 1136 non
2097 1072 2488 1136 conveniunt
2530 1073 2780 1138 Christo
2827 1069 2953 1134 nisi
3002 1072 3123 1135 sub
3167 1071 3426 1156 propria

1925 1172 2151 1235 forma.
2186 1170 2565 1253 Significant
2594 1171 2767 1234 enim
2803 1171 3165 1254 passionem
3202 1189 3425 1233 secun-

1927 1270 2082 1333 dum
2119 1270 2293 1351 quod
2326 1277 2424 1332 est
2450 1268 2725 1332 effectus
2763 1276 2956 1352 atque
2995 1268 3194 1332 illatio
3230 1267 3425 1331 actio-

1927 1369 2048 1430 nis.
2072 1368 2247 1432 Hanc
2274 1367 2757 1451 responsionem
2786 1365 3238 1449 significabant
3263 1366 3424 1430 anti-

1929 1465 2041 1546 qui
2083 1485 2199 1547 per
2238 1485 2461 1530 versus
2503 1467 2619 1530 hos
2654 1483 2669 1528 ε

322 1365 508 1428 tertia
548 1373 752 1448 parte,
783 1367 1134 1448 quaestione
1173 1367 1561 1449 octogesima
1588 1368 1814 1452 prima.

395 1464 469 1526 In
501 1464 676 1527 idem
713 1465 878 1527 redit
905 1465 1077 1546 quod
1107 1465 1196 1528 ait
1223 1464 1519 1529 Albertus
1553 1484 1568 1528 :
1601 1467 1670 1529 ln
1700 1467 1820 1528 hac

318 1561 597 1643 (dicens)
654 1563 1004 1644 quaestione
1061 1582 1212 1626 cum
1268 1563 1548 1646 antiquis
1604 1564 1820 1627 dicen-

323 1661 498 1734 dum,
559 1661 732 1743 quod
797 1662 1087 1744 quaedam
1155 1663 1438 1738 nomina,
1499 1662 1692 1726 verba
1757 1670 1822 1726 et

324 1759 664 1841 participia
701 1759 928 1822 dicunt
965 1761 1294 1844 passiones
1333 1761 1674 1836 naturales,
1719 1762 1821 1825 vel

325 1875 698 1922 communes
734 1859 814 1922 ad
853 1859 1184 1942 passiones
1225 1861 1545 1924 naturales
1583 1881 1656 1924 ac
1695 1861 1823 1924 vio-
1853 1865 1901 1928 B
1931 1861 2075 1926 Haec
2112 1859 2429 1924 Albertus.
2462 1897 2542 1907 —
2572 1861 2924 1926 Concordat
2960 1861 3422 1934 Bonaventura,

327 1956 557 2037 lentas;
589 1965 656 2022 et
683 1958 818 2022 baec
859 1959 1146 2041 copulari
1187 1968 1458 2043 possunt
1487 1979 1562 2024 ac
1596 1977 1824 2024 conve·
1930 1960 2174 2034 PetruS,
2204 1958 2576 2036 RicharduS,
2608 1959 2846 2042 aliique
2889 1959 3331 2023 communiter.

2037 1636 2249 1702 Pyxidc
2279 1639 2503 1688 servato
2532 1636 2744 1702 poteris
2773 1635 3039 1702 copulare
3068 1634 3317 1687 dolorem

2035 1717 2323 1780 Innatum;
2362 1717 2463 1768 sed
2493 1732 2602 1769 non
2635 1717 2825 1768 illatus
2854 1714 3115 1768 convenit
3142 1715 3239 1766 illi.

1255 2412 2173 2524 DISTINCTIO
2276 2413 2502 2523 XII

523 2744 610 2808 Α.
661 2747 924 2810 Utrum
969 2747 1050 2810 in
1091 2744 1568 2808 sacramento
1615 2743 2106 2808 Eucharistiae
2148 2745 2301 2808 sint
2344 2744 2756 2809 accidentia
2806 2745 2885 2808 in
2925 2757 3005 2808 se
3051 2745 3232 2818 ipsis

1254 2861 1755 2936 subsistentia,
1795 2863 1868 2925 et
1909 2863 2038 2924 ubi
2075 2859 2501 2932 fundentur.

583 3229 656 3275 re
702 3211 769 3275 et
815 3211 1126 3291 pondere,
1177 3210 1244 3274 in
1297 3227 1430 3291 quo
1485 3208 1780 3291 subjecto
1837 3209 2230 3291 fundentur3
2277 3208 2501 3291 potius
2547 3209 2714 3273 mihi
2760 3208 3021 3273 videtur
3066 3208 3431 3289 fatendum,
3460 3175 3729 3289 ῗζαῗᾙῖζ

584 3328 903 3393 exsistere
939 3326 1084 3391 sine
1119 3326 1440 3408 subjecto,
1480 3343 1680 3409 quam
1726 3342 1868 3391 esse
1913 3326 1983 3389 in
2019 3325 2316 3407 subjecto
2360 3346 2375 3387 ε
2418 3326 2575 3407 quia
2616 3325 2710 3389 ibi
2752 3342 2885 3389 non
2928 3327 3029 3389 est
3068 3324 3437 3389 substantia

331 3448 456 3511 nisi
503 3446 804 3528 corporis
840 3446 906 3509 et
949 3444 1293 3527 sanguinis
1327 3442 1670 3523 dominici,
1701 3459 1850 3523 quae
1891 3459 2022 3506 non
2068 3440 2350 3505 afficitur
2383 3441 2517 3505 illis
2562 3441 3029 3505 accidentibus.
3066 3441 3216 3505 Non
3255 3440 3435 3505 enim

331 3580 570 3645 corpus
599 3562 844 3627 Christi
881 3562 1082 3626 talem
1121 3560 1318 3625 habet
1343 3560 1412 3623 in
1451 3577 1522 3623 se
1550 3560 1858 3639 formam,
1887 3558 2004 3623 sed
2038 3557 2255 3640 qualis
2292 3558 2363 3621 in
2391 3557 2645 3639 judicio
2682 3557 3041 3639 apparebit.
3066 3556 3438 3622 Remanent

331 3698 480 3763 ergo
513 3680 634 3743 illa
669 3678 1032 3744 accidentia
1067 3695 1186 3759 per
1219 3694 1290 3741 se
1325 3676 1772 3756 subsistentia,
1806 3675 1891 3740 ad
1920 3674 2219 3755 mysterii
2252 3674 2480 3753 ritum,
2506 3673 2589 3737 ad
2618 3674 2853 3755 gustus
2886 3672 3171 3755 fideique
3198 3672 3435 3737 suffra-

331 3799 514 3879 gium
557 3817 574 3859 ε
618 3795 864 3877 quibus
909 3811 1149 3877 corpus
1189 3793 1432 3859 Christi
1479 3792 1730 3856 habens
1773 3790 2056 3855 formam
2102 3791 2169 3853 et
2210 3791 2515 3854 naturam
2562 3806 2776 3869 suam,
2816 3790 3078 3871 tegitur.

351 3089 588 3397 SI
626 3095 847 3158 autem
886 3093 1206 3176 quaeritur
1231 3092 1312 3157 de
1349 3091 1797 3159 accidentibus
1829 3109 1977 3175 quae
2015 3093 2379 3171 remanent,
2410 3091 2477 3157 id
2515 3094 2614 3157 est
2640 3091 2722 3157 de
2759 3090 3103 3175 speciebus
3138 3093 3206 3158 et
3234 3108 3433 3175 sapo-
3462 3111 3729 3169 numem-

1302 4043 1380 4105 B.
1422 4046 1523 4107 De
1565 4043 1938 4117 tructione
1981 4044 2056 4105 et
2093 4042 2457 4117 partibus.

462 4270 651 4336 Solet
684 4270 886 4334 etiam
935 4267 1143 4349 quaeri
1189 4267 1271 4332 de
1316 4266 1632 4330 fractione
1676 4267 1741 4330 et
1778 4265 2130 4347 partitione
2175 4283 2325 4347 quae
2375 4266 2468 4330 ibi
2514 4266 2775 4331 videtur
2812 4265 2978 4345 fieri,
3012 4266 3238 4329 utrum
3280 4284 3435 4332 vera

331 4390 448 4470 sit3
490 4391 558 4454 et
595 4387 656 4451 si
695 4385 788 4449 ibi
829 4402 986 4449 vera
1019 4384 1250 4448 fractio
1296 4383 1418 4463 est,
1450 4382 1641 4464 cujus
1677 4382 1770 4446 rei
1808 4381 1920 4462 sit,
1956 4382 2062 4445 vel
2100 4383 2170 4445 in
2206 4399 2339 4464 qua
2374 4400 2445 4446 re
2480 4382 2615 4446 fiat.
2658 4382 3011 4463 Quumque
3046 4400 3179 4447 non
3215 4383 3305 4446 sit
3340 4382 3433 4447 ibi
3486 4398 3634 4475 ‚nuga
3654 4414 3727 4456 ορ.

332 4506 454 4569 alia
485 4501 861 4569 substantia
888 4517 1088 4582 quam
1118 4499 1384 4577 christi,
1413 4498 1471 4561 si
1500 4498 1568 4561 in
1596 4498 1818 4578 aliqua
1844 4496 2213 4562 substantia
2240 4499 2341 4561 est
2367 4498 2481 4561 ina
2510 4498 2765 4579 fractio,
2793 4498 2862 4560 in
2891 4515 3161 4580 corpore
3188 4498 3433 4563 christi
3459 4466 3536 4508 ⁶¹²·
3551 4465 3648 4508 ⁶·⁸·

331 4622 591 4687 videtur
627 4636 794 4683 esse.
829 4617 959 4683 Sed
995 4617 1282 4695 econtra,
1314 4632 1521 4696 quum
1559 4598 1779 4697 spsum
1819 4631 2056 4695 corpus
2092 4614 2587 4695 incorruptibile
2622 4614 2733 4694 sit,
2765 4614 2922 4695 quia
2958 4614 3331 4680 immortale
3369 4618 3434 4680 et

333 4736 765 4821 impassibile,
807 4736 878 4799 in
927 4734 1072 4816 ipso
1120 4749 1252 4796 non
1301 4749 1494 4814 posse
1541 4749 1684 4796 esse
1729 4730 2010 4795 videtur.
2051 4730 2225 4793 Nam
2272 4730 2338 4794 et
2383 4729 2683 4793 Christus
2728 4730 3061 4811 redarguit
3106 4732 3430 4797 carnalem
3488 4750 3731 4804 amma.

333 4872 602 4921 sensum
649 4852 1153 4934 discipulorum,
1194 4850 1310 4930 qui
1355 4848 1673 4930 putabant
1713 4863 1974 4912 carnem
2023 4846 2267 4911 Christi
2313 4846 2485 4910 sicut
2524 4845 2723 4908 aliam
2771 4846 2843 4908 in
2884 4846 3104 4926 partes
3138 4847 3435 4912 dividen-
3461 4818 3531 4860 ⁶²⁶

334 4972 482 5036 dam
533 4971 604 5035 et
649 4966 984 5032 morsibus
1029 4965 1536 5030 dilacerandam.
1586 4963 1742 5028 Ideo
1785 4961 2183 5043 quibusdam
2233 4962 2469 5043 placet,
2524 4961 2701 5041 quod
2746 4977 2877 5023 non
2926 4961 3015 5024 sit
3062 4961 3157 5024 ibi
3204 4962 3433 5027 fractio

335 5090 504 5153 sicut
551 5085 856 5167 videtur3
903 5084 1020 5147 sed
1073 5082 1318 5147 dicitur
1371 5080 1609 5162 frangi,
1659 5080 1816 5161 quia
1863 5079 2128 5143 videtur
2176 5078 2410 5160 frangi.
2458 5076 2715 5151 Quibus
2764 5076 3075 5157 objicitur
3116 5079 3296 5159 quod
3344 5081 3439 5143 ait

335 5201 732 5268 Ambrosius
773 5220 790 5262 z
829 5200 1016 5263 Nihil
1058 5198 1210 5263 falsi
1251 5198 1618 5280 putandum
1662 5197 1762 5260 est
1798 5197 1866 5259 in
1907 5194 2227 5259 sacrificio
2264 5194 2583 5273 veritatiS,
2613 5193 2720 5256 vel
2762 5192 2935 5256 sicut
2973 5192 3048 5256 fit
3088 5192 3159 5256 in
3204 5210 3437 5275 mago·
3483 5204 3729 5261 Ani-Lyrn-

341 5338 486 5386 rum
533 5316 918 5402 praestigiis,
958 5314 1072 5379 ubi
1123 5314 1465 5379 delusione
1515 5314 1796 5395 quadam
1849 5312 2168 5377 falluntur
2215 5310 2414 5391 oculi,
2458 5311 2533 5375 ut
2578 5309 2841 5375 videant
2889 5326 3031 5374 esse
3082 5309 3260 5392 quod
3306 5326 3439 5373 non
3464 5266 3543 5374 {¹2}
3559 5267 3731 5321 ⁰⁰‘'⁸¹'
