4267 6250
551 1978 813 2036 cns-zm.

832 500 955 567 58⁰

1484 520 1550 567 m
1588 520 1812 567 Lrnnnu
1852 519 1914 566 lv
1956 516 2440 565 smmum.
2480 534 2562 545 —
2602 516 2756 564 msr.
2797 516 2965 579 xxn3
3007 515 3231 574 QUAEST.
3269 517 3292 563 1

836 688 905 751 ri.
923 688 1155 773 Sicque
1184 690 1733 775 poenitentia,quae
1760 688 2055 754 tenebras
2086 686 2331 771 peccati
2363 686 2412 750 A
2440 686 2543 751 vel
2574 705 2746 750 nunc
2774 687 3043 761 exsistit,
3077 695 3148 750 ut
3177 705 3378 770 quum
3409 684 3553 769 quis
3582 684 3775 748 alicui
3804 683 3947 745 red-

836 786 1117 863 tollebat,
1152 807 1278 852 non
1329 790 1538 853 solum
1588 788 1956 853 removebat
2002 786 2338 869 indisposi-

835 886 1076 949 tionem
1116 907 1259 969 quae
1298 896 1432 951 erat
1473 888 1537 950 in
1576 889 1789 950 anima
1826 888 1903 949 ad
1934 886 2199 969 gratiam
2241 903 2339 947 re-

836 982 1223 1066 cipiendam,
1256 985 1368 1048 sed
1406 985 1599 1048 etiam
1640 983 2009 1048 removebat
2050 982 2340 1047 obstacu-

837 1080 971 1143 lum
1023 1084 1439 1164 praecedentis
1487 1082 1732 1166 peccati
1787 1100 1801 1143 :
1853 1098 1981 1144 non
2031 1081 2119 1143 ita
2167 1079 2339 1162 quod

835 1187 1013 1242 actus
1056 1181 1164 1243 ille
1209 1200 1336 1245 non
1382 1181 1799 1264 praecesserit,
1831 1180 1945 1244 sed
1990 1180 2161 1262 quod
2211 1195 2338 1241 non

837 1277 1101 1341 haberet
1130 1280 1262 1342 vim
1297 1278 1689 1362 impediendi
1720 1279 1989 1361 gratiam
2017 1285 2198 1341 actus
2231 1276 2340 1338 ille

839 1377 1221 1457 praecedens.
1276 1378 1425 1452 Quae
1482 1378 1579 1439 vis
1638 1394 1764 1439 non
1820 1383 2034 1459 posset
2089 1374 2338 1438 restitui

836 1474 1006 1535 actui
1039 1473 1133 1536 illi
1168 1475 1291 1537 nisi
1323 1475 1694 1538 iteraretur:
1725 1475 1836 1557 qui
1870 1474 2039 1537 idem
2070 1489 2340 1536 numero

838 1572 1124 1635 reiterari
1170 1590 1297 1636 non
1342 1573 1528 1635 valet.
1563 1573 1711 1635 Ideo
1758 1573 1886 1635 dici
1930 1589 2056 1635 non
2108 1578 2337 1657 potest,

840 1670 1009 1752 quod
1042 1671 1345 1753 praedicto
1384 1671 1575 1735 modo
1614 1677 1874 1756 peccata
1912 1677 2224 1753 quantum
2261 1669 2341 1732 ad

843 1769 1160 1831 maculam
1206 1770 1485 1832 redeant.

2442 786 2537 849 dit
2564 786 2732 867 quod
2775 785 3002 865 debet3
3032 786 3132 848 vel
3174 794 3246 848 ut
3281 786 3342 848 ei
3380 784 3672 849 debitum
3701 781 3840 856 fiat,
3873 788 3948 843 ut

2446 883 2598 945 dum
2629 883 2870 966 aliquid
2901 884 3059 947 emit
3096 891 3168 946 ut
3201 884 3262 946 ei
3293 883 3453 945 illud
3482 881 3772 945 debitum
3801 879 3950 943 effi·

2447 980 2653 1043 ciatur
2685 999 2700 1043 t
2733 988 2799 1044 et
2825 982 2961 1045 haec
2999 982 3170 1045 datio
3207 982 3286 1045 ad
3320 980 3636 1063 justitiam
3677 984 3945 1062 spectat.

2447 1080 2586 1142 Alia
2614 1097 2765 1143 vero
2795 1080 2875 1142 ad
2905 1079 3352 1143 liberalitatem
3384 1078 3682 1162 pertinet,
3714 1085 3780 1141 et
3808 1094 3952 1159 pro·

2448 1178 2586 1261 prie
2631 1178 2886 1241 donatio
2935 1178 3317 1241 nominatur.
3353 1178 3430 1240 Et
3470 1177 3622 1260 quia
3662 1176 3743 1239 ad
3783 1175 3952 1237 hanc

2447 1295 2573 1339 non
2607 1277 2874 1339 inclinat
2903 1277 3030 1340 nisi
3061 1276 3252 1340 dandi
3286 1276 3602 1349 voluntaS,
3637 1275 3780 1338 ideo
3809 1292 3952 1355 gra-

2445 1375 2607 1438 tuita
2652 1374 2924 1453 dicitur3
2955 1374 3197 1457 talique
3235 1373 3558 1437 donationi
3600 1373 3950 1455 gratiarum

2447 1473 2614 1538 actio
2655 1472 2912 1556 proprie
2941 1471 3295 1535 exhibetur.
3338 1472 3428 1535 Ex
3467 1470 3654 1553 cujus
3692 1470 3952 1533 defectu

2447 1572 2682 1634 dicitur
2710 1570 2904 1634 homo
2934 1570 3239 1653 ingratuS,
3263 1578 3327 1633 et
3353 1577 3528 1633 tanto
3561 1571 3730 1653 plus,
3751 1588 3952 1651 quan-

2448 1679 2513 1733 to
2541 1668 2819 1753 amplius
2846 1668 2927 1731 ab
2958 1668 3068 1732 illa
3096 1669 3355 1733 recedit.
3389 1668 3588 1751 Cujus
3616 1668 3950 1749 ingratitu-

2449 1768 2618 1832 dinis
2665 1768 2914 1849 primus
2959 1768 3191 1849 gradus
3237 1774 3356 1843 est,
3402 1767 3556 1829 dum
3605 1767 3800 1830 homo
3841 1784 3953 1829 ne-

921 1866 1045 1929 Alii
1104 1884 1255 1949 ergo
1302 1866 1601 1929 dixerunt
1646 1873 1907 1949 peccata
1952 1884 2079 1929 non
2133 1864 2340 1928 redire
2375 1866 2424 1931 B
2449 1866 2632 1948 gligit
2678 1865 3105 1929 effectualiter
3146 1865 3499 1929 retribuere
3542 1865 3787 1947 aliquid
3836 1882 3955 1949 pro

843 1963 1129 2039 dimissa,
1162 1965 1285 2027 nisi
1317 1984 1433 2048 per
1471 1972 1743 2048 quatuor
1779 1972 2037 2048 peccata
2070 1964 2203 2045 jam
2235 1980 2344 2026 no-

845 2064 1103 2126 minata.
1156 2063 1279 2127 Sed
1335 2064 1553 2146 opinio
1601 2064 1721 2127 ista
1770 2064 1981 2126 minus
2034 2062 2226 2125 habet
2263 2062 2342 2124 de

843 2162 1087 2225 ratione
1127 2181 1321 2244 quam
1362 2161 1571 2245 prima
1604 2180 1617 2224 :
1651 2162 1803 2244 quia
1836 2179 1964 2225 non
2004 2168 2213 2244 potest
2249 2179 2342 2223 as-

842 2261 1081 2343 signari
1139 2261 1300 2324 ratio
1356 2280 1471 2323 cur
1526 2261 1727 2342 magis
1786 2279 1901 2343 per
1948 2260 2089 2334 ista,
2140 2277 2342 2342 quum

841 2358 1132 2442 quaedam
1170 2358 1299 2421 sint
1336 2358 1475 2421 istis
1514 2358 1891 2421 enormiora.
1924 2358 2053 2421 Nec
2094 2356 2343 2420 sufficit

842 2458 1013 2540 quod
1052 2456 1295 2532 dicunt,
1326 2458 1529 2520 Deum
1568 2456 1891 2519 dimittere
1931 2464 2192 2539 peccata
2220 2454 2340 2517 sub

842 2556 1206 2620 conditione
1234 2555 1477 2619 vitandi
1518 2556 1653 2619 haec
1683 2563 1955 2638 quatuor
1988 2572 2001 2616 :
2036 2554 2338 2637 quoniam

841 2674 1033 2717 causa
1083 2653 1419 2717 sufficiens
1479 2653 1727 2716 inducit
1780 2672 1973 2717 suum
2030 2652 2339 2715 effectum

838 2753 1150 2826 absolute,
1202 2752 1293 2815 nil
1347 2759 1725 2835 exspectans
1774 2752 1840 2814 in
1891 2750 2153 2831 sutur03
2201 2769 2341 2832 gra-

840 2851 931 2914 tia
980 2859 1195 2915 autem
1255 2858 1319 2913 et
1377 2850 1590 2933 passio
1648 2848 1882 2914 Christi
1940 2847 2345 2911 sufficienter

841 2969 911 3013 se
957 2949 1197 3012 habent
1241 2950 1318 3011 ad
1366 2966 1627 3012 omnem
1677 2947 1933 3030 culpam
1981 2948 2336 3011 delendam.

2451 1963 2788 2028 beneficiis
2849 1964 2974 2027 sibi
3039 1964 3202 2027 datis
3239 1984 3256 2046 ;
3317 1964 3636 2027 secundus
3691 1962 3952 2044 gradus,

2450 2064 2704 2146 quando
2733 2082 2808 2127 ea
2837 2082 2986 2127 cum
3015 2064 3254 2128 affectu
3284 2064 3672 2144 contemnit3
3702 2064 3953 2139 tertiuS,

2451 2161 2604 2223 dum
2653 2160 3055 2224 obliviscitur
3101 2180 3214 2242 ea;
3261 2169 3546 2244 quartus,
3597 2162 3953 2224 retribuere

2453 2258 2618 2321 mala
2646 2277 2763 2342 pro
2793 2258 2997 2321 bonis,
3022 2260 3412 2342 Ingratitudo
3440 2278 3613 2342 ergo,
3636 2267 3953 2343 quantum

2451 2358 2528 2419 ad
2561 2358 2802 2441 primos
2833 2365 2962 2421 tres
2990 2359 3222 2439 gradus
3262 2378 3516 2442 semper
3545 2365 3644 2422 est
3671 2358 3954 2442 speciale

2452 2464 2818 2538 peccatum3
2852 2456 2962 2519 sed
3000 2456 3210 2539 quoad
3248 2465 3569 2539 quartum,
3601 2464 3702 2520 est
3742 2455 3954 2520 defor—

2453 2553 2639 2616 mitas
2668 2554 2957 2636 quaedam
2991 2562 3252 2637 peccato
3279 2573 3564 2618 annexa:
3589 2555 3741 2637 quia
3778 2555 3956 2617 inde-

2451 2650 2583 2714 bite
2623 2649 2769 2714 fieri
2816 2651 3087 2714 includit
3129 2652 3422 2735 culpam3
3454 2670 3533 2715 ex
3575 2653 3696 2715 hoc
3733 2659 3952 2715 autem

2453 2750 2622 2831 quod
2679 2749 2913 2813 dicitur
2958 2748 3104 2812 fieri
3151 2758 3372 2813 contra
3415 2750 3953 2826 benefacientem,

2451 2846 2705 2910 additur
2747 2848 3224 2911 circumstantia
3263 2866 3634 2931 aggravans,
3664 2868 3810 2932 quai
3855 2856 3958 2912 est

2454 2944 2858 3027 ingratitudo.
2894 2946 3229 3028 Quumque
3266 2964 3457 3010 omne
3496 2955 3832 3030 peccatum
3871 2948 3960 3009 sit

840 3046 969 3109 Nec
1000 3054 1100 3109 est
1136 3046 1295 3109 ratio
1334 3064 1451 3109 cur
1489 3054 1750 3129 peccata
1792 3044 2195 3108 dimittantur
2237 3063 2345 3129 po·
2379 3047 2424 3112 c
2453 3051 2671 3106 contra
2699 3043 2924 3119 Deum,
2960 3044 3103 3107 ideo
3131 3063 3210 3107 ex
3238 3044 3526 3128 quolibet
3565 3053 3828 3129 peccato
3857 3046 3956 3108 in-

840 3145 971 3206 tius
1016 3143 1137 3206 sub
1178 3144 1543 3208 conditione
1578 3144 1821 3207 vitandi
1870 3145 2005 3208 haec
2046 3153 2340 3226 quatuor,

841 3260 1044 3324 quum
1086 3259 1276 3305 omne
1318 3250 1653 3325 peccatum
1704 3242 1970 3305 mortale
2011 3243 2348 3306 contrarie-

842 3348 949 3403 tur
992 3341 1230 3422 gratiae,
1276 3358 1393 3424 per
1440 3359 1633 3423 quam
1674 3339 1753 3403 fit
1794 3349 2201 3425 peccatorum
2253 3360 2346 3404 re-

842 3439 1083 3502 missio.

921 3537 1082 3601 Hinc
1124 3537 1468 3601 dicendum
1506 3555 1657 3600 cum
1694 3537 1861 3612 aliis,
1893 3538 2063 3621 quod
2101 3536 2346 3620 aliquid

842 3641 1051 3719 potest
1113 3636 1321 3699 redire
1381 3635 1741 3718 dupliciter.
1803 3636 2035 3712 Primo,
2086 3635 2155 3698 in
2207 3654 2276 3699 se
2327 3653 2342 3699 ε

842 3742 907 3798 et
944 3735 1039 3798 sic
1077 3743 1333 3818 peccata
1367 3735 1630 3798 dimissa
1670 3735 2037 3798 nullatenus
2076 3736 2350 3799 redeunt

842 3840 1154 3915 quantum
1197 3833 1274 3896 ad
1317 3832 1653 3908 maculam,
1686 3840 1750 3896 et
1794 3851 1911 3914 per
1948 3850 2346 3916 consequens

840 3948 961 3994 nec
1012 3937 1323 4013 quantum
1365 3931 1443 3993 ad
1486 3938 1753 3993 reatum.
1790 3931 2103 4006 Secunde,
2136 3934 2344 4016 quoad

840 4046 1029 4092 suum
1080 4027 1387 4091 effectum
1439 4045 1453 4090 :
1506 4030 1727 4111 sicque
1776 4037 2034 4112 peccata
2082 4031 2348 4095 dimissa

840 4128 1129 4202 redeunt,
1164 4126 1230 4189 in
1268 4135 1579 4209 quantum
1620 4146 1699 4190 ex
1742 4128 2019 4211 peccatis
2060 4129 2345 4194 dimissis

2451 3143 2904 3224 gratitudinem
2949 3143 3142 3206 homo
3186 3144 3478 3221 incurrit,
3513 3146 3814 3227 quoniam
3855 3152 3958 3209 est

2455 3242 2591 3325 ipse
2639 3241 2826 3304 nobis
2876 3260 3128 3304 summe
3177 3240 3549 3323 beneficu33
3597 3251 3790 3326 atque
3837 3263 3957 3326 per

2453 3341 2627 3403 hunc
2685 3341 2968 3414 modum,
3027 3340 3360 3423 quodlibet
3416 3343 3748 3424 peccatum
3809 3350 3956 3425 post

2454 3435 2848 3500 beneficium
2916 3437 3312 3501 remissionis
3368 3447 3800 3522 peccatorum,
3859 3439 3956 3500 in-

2452 3537 2905 3619 gratitudinem
2971 3537 3164 3601 habet
3227 3555 3563 3600 annexam.
3633 3537 3795 3600 Hinc
3860 3537 3955 3599 in-

2405 3663 2412 3666 ·
2450 3637 2791 3717 gratitudo,
2837 3636 3192 3700 secundum
3241 3653 3434 3717 quam
3481 3643 3742 3718 peccata
3787 3635 3954 3698 redi-

2455 3752 2522 3796 re
2569 3733 2892 3810 dicuntur,
2943 3751 3071 3798 non
3119 3741 3218 3797 est
3263 3733 3543 3817 speciale
3591 3741 3952 3817 peccatum,

2453 3834 2748 3915 quamvis
2797 3832 3010 3916 aliqua
3059 3833 3446 3915 ingratitudo
3485 3840 3824 3916 peccatum
3874 3833 3958 3895 sit

2454 3932 2751 4014 speciale.

2535 4031 2842 4113 Denique,
2874 4049 3076 4113 quum
3117 4029 3482 4094 innocentia
3517 4030 3746 4094 ceteris
3787 4031 3956 4113 pari-

2453 4128 2574 4192 bus
2605 4131 2687 4192 sit
2717 4129 2924 4211 majus
2953 4128 3194 4192 bonum
3227 4148 3415 4211 quam
3444 4129 3819 4212 poenitentia
3846 4137 3956 4192 aut

839 4225 907 4288 in
954 4224 1371 4307 sequentibus
1420 4225 1805 4308 relinquitur
1850 4223 2095 4309 aliquid
2134 4245 2150 4290 :
2191 4229 2344 4310 quia
2373 4233 2424 4295 D
2454 4235 2825 4310 recuperata
2871 4227 3142 4309 justitia,
3193 4227 3513 4310 loquendo
3570 4227 3637 4291 in
3691 4245 3956 4310 genera-

842 4342 921 4387 ex
952 4323 1071 4386 hoc
1100 4323 1272 4406 quod
1310 4324 1503 4386 homo
1540 4325 1741 4387 Deum
1784 4325 2109 4407 peccando
2136 4325 2340 4389 offen·

840 4424 934 4485 dit
962 4429 1106 4504 post
1136 4421 1573 4484 remissionem
1602 4422 2099 4504 praecedentium
2128 4443 2346 4507 pecca-

842 4528 1076 4593 torum,
1110 4519 1249 4602 ipse
1278 4527 1458 4582 actus
1489 4520 1814 4602 sequentis
1843 4522 2089 4603 peccati
2121 4541 2343 4604 quam-

843 4619 986 4682 dam
1027 4617 1504 4700 ingratitudinis
1542 4616 2009 4682 deformitatem
2046 4621 2340 4702 acquirit.

843 4717 1001 4780 Hinc
1049 4715 1480 4782 communiter
1524 4716 1779 4793 dicitur,
1812 4717 1983 4800 quod
2030 4726 2342 4801 quantum

844 4816 923 4878 ad
967 4815 1489 4898 ingratitudinem
1531 4815 1817 4878 redeunt.

924 4913 1101 4978 Circa
1142 4915 1267 4978 hoc
1308 4913 1634 4996 quaeritur,
1668 4931 1747 4976 an
1792 4913 1913 4976 ista
1956 4913 2343 4995 ingratitudo

842 5010 925 5073 sit
952 5011 1227 5092 speciale
1255 5017 1613 5093 peccatum.
1650 5010 2025 5086 Dicendum,
2048 5014 2220 5093 quod
2251 5013 2343 5075 in-

837 5109 1157 5189 gratitudo
1186 5117 1286 5172 est
1322 5108 1637 5194 privativa
1670 5109 2017 5190 gratiarum
2046 5109 2337 5187 actioniS,

841 5226 983 5290 quae
1033 5207 1295 5290 respicit
1333 5208 1675 5271 dationem.
1714 5208 1891 5271 Datio
1939 5225 2196 5290 quoque
2244 5218 2342 5273 est

2455 4326 2522 4400 li,
2557 4325 2862 4389 innocens
2905 4326 3108 4407 magis
3146 4333 3400 4388 tenetur
3446 4326 3576 4388 Deo
3623 4327 3950 4407 regratiari

2452 4443 2644 4506 quam
2685 4425 3021 4507 poenitenS.
3054 4424 3381 4487 Pensando
3417 4431 3630 4487 tamen
3677 4424 3742 4486 id
3781 4427 3953 4508 quod

2453 4530 2550 4585 est
2593 4523 2788 4604 gratis
2845 4523 3016 4596 dare,
3065 4523 3386 4604 poenitens
3446 4521 3647 4604 magis
3697 4528 3956 4586 tenetur

2450 4621 2684 4701 gratias
2711 4637 2900 4702 agere
2933 4637 2948 4682 ε
2981 4620 3285 4704 quoniam
3317 4619 3519 4702 magis
3549 4621 3732 4703 pium
3761 4628 3954 4704 atque

2450 4719 2796 4800 gratuitum
2827 4726 2945 4792 est,
2979 4719 3104 4782 sibi
3132 4719 3402 4800 gratiam
3440 4719 3592 4782 dare
3629 4737 3828 4801 quam
3861 4720 3952 4783 in-

2453 4819 2706 4881 nocenti
2757 4835 2771 4880 :
2818 4819 2986 4881 sicut
3033 4827 3096 4881 et
3143 4818 3348 4900 magis
3394 4817 3726 4900 elongatus
3773 4828 3875 4884 est
3917 4839 3956 4882 a

2452 4915 2668 4979 debito
2697 4916 3048 5000 recipiendi
3078 4917 3345 4998 gratiam
3386 4915 3616 5000 ipsam,
3648 4935 3780 4999 qua
3808 4937 3955 5002 pec-

2451 5015 2655 5078 cando
2697 5032 2766 5077 se
2810 5013 2965 5077 fecit
3006 5014 3360 5095 indignum.

2529 5112 2844 5195 Amplius,
2877 5131 2992 5194 per
3019 5111 3397 5174 reditionem
3439 5111 3623 5174 istam
3663 5122 3952 5196 peccato·

2451 5231 2594 5274 rum
2626 5217 2884 5294 propter
2914 5209 3599 5291 ingratitudinem,non
3628 5213 3955 5295 consurgit

838 5306 1095 5402 duplex.
1137 5308 1289 5382 Una,
1324 5328 1467 5391 quae
1506 5307 1771 5393 respicit
1810 5307 2122 5383 debitum,
2166 5310 2337 5391 quod
2447 5315 2662 5372 tantus
2706 5315 2916 5371 reatus
2962 5317 3239 5390 quantus
3281 5307 3405 5371 fuit
3445 5309 3740 5374 omnium
3791 5330 3948 5395 prae-
