4267 6250
833 491 954 556 276
1779 513 1954 560 unm
1996 514 2057 559 ιν
2099 512 2583 560 snm-rammam.
2624 531 2706 542 —
2744 514 2899 560 uls-r.
2936 513 3003 559 xi

835 685 1160 766 ChristuS,
1193 687 1413 751 tamen
1451 704 1581 752 non
1618 689 1694 753 fit
1725 689 2066 753 conversio
2107 688 2300 771 panis
2338 689 2469 752 nisi
2506 689 2575 753 in
2603 707 2889 770 carnem,
2920 707 3040 753 nec
3070 687 3209 752 vini
3245 687 3379 752 nisi
3414 688 3484 751 in
3520 686 3957 769 sanguinem.

834 800 974 864 Nec
1001 802 1240 866 debent
1275 804 1406 894 dici
1443 805 1574 868 duo
1606 808 2034 885 sacramenta,
2067 806 2183 870 sed
2222 823 2455 886 unum,
2489 807 2647 888 quia
2680 805 2805 869 sub
2842 806 3121 887 utraque
3158 806 3375 887 specie
3413 805 3589 869 idem
3625 805 3957 868 sumitur.

834 916 1066 997 Neque
1121 918 1313 984 debet
1362 921 1582 985 iterari
1641 923 2150 1002 sacramentum,
2201 921 2359 1003 quia
2413 921 2781 986 benedictio
2836 938 2969 985 non
3025 922 3343 1003 repetitur
3398 938 3597 1002 super
3648 920 3962 1001 speciem

836 1033 1160 1098 eamdem.
1193 1036 1422 1116 Neque
1459 1038 1606 1102 aliae
1643 1039 2027 1103 substantiae
2066 1040 2135 1101 in
2172 1038 2567 1103 sacrificium
2606 1037 2902 1102 veritatis
2938 1039 3157 1102 offerri
3191 1037 3455 1118 debent,
3485 1038 3644 1119 quia
3678 1037 3769 1100 de
3800 1035 3962 1112 aliis

837 1167 970 1214 non
1015 1153 1234 1232 potest
1279 1155 1642 1218 consecrari
1689 1173 1928 1238 corpus
1973 1155 2219 1219 Christi
2266 1154 2371 1219 vel
2418 1155 2709 1236 sanguis.

1785 1397 1868 1460 G.
1919 1399 2161 1465 Quare
2208 1411 2405 1472 aqua
2453 1397 2983 1460 admisceatur.

977 1607 1165 1690 Aqua
1211 1627 1365 1673 vero
1420 1608 1840 1672 admiscenda
1889 1610 1990 1673 est
2035 1609 2216 1688 vino,
2267 1609 2423 1690 quia
2477 1626 2649 1690 aqua
2699 1610 3021 1692 populum
3068 1610 3309 1691 signat,
3361 1610 3475 1691 qui
3526 1627 3641 1691 per
3690 1609 3958 1673 Christi

545 1709 814 1820 encoma.
840 1725 1212 1804 passionem
1261 1725 1639 1804 redemptus
1684 1725 1804 1788 est.
1843 1724 2030 1788 Calix
2071 1743 2227 1806 ergo
2270 1725 2663 1804 dominicuS,
2700 1725 2895 1806 juxta
2931 1743 3257 1789 canonum
3298 1725 3725 1807 praeceptum,
3772 1742 3959 1806 aqua

541 1810 808 1861 ⁶¹⁸‘'¹¹'⁰'⁷'
839 1842 904 1904 et
957 1841 1112 1904 vino
1160 1841 1410 1905 mixtus
1463 1841 1656 1905 debet
1708 1841 1925 1905 offerri
1976 1861 1991 1901 ε
2043 1841 2203 1922 quia
2248 1840 2551 1905 videmus
2606 1841 2675 1903 in
2725 1859 2896 1922 aqua
2948 1840 3274 1923 populum
3323 1841 3624 1923 intelligi,
3664 1841 3735 1904 in
3786 1841 3955 1904 vino

835 1958 1091 2022 ostendi
1129 1957 1520 2039 sanguinem
1557 1956 1822 2021 Christi.
1865 1956 2088 2031 Quum
2127 1974 2281 2039 ergo
2320 1957 2388 2019 in
2427 1957 2626 2020 calice
2664 1957 2819 2021 vino
2849 1975 3021 2039 aqua
3056 1958 3393 2038 miscetur,
3426 1957 3685 2021 Christo
3724 1975 3959 2039 popu-

833 2074 940 2138 lus
983 2075 1330 2152 adunatur,
1372 2075 1436 2137 et
1473 2073 1878 2137 credentium
1923 2072 2112 2156 plebs
2158 2074 2243 2152 ei,
2294 2074 2363 2136 in
2418 2090 2617 2154 quem
2674 2074 2901 2154 credit,
2942 2074 3289 2156 copulatur
3340 2095 3354 2135 :
3405 2091 3553 2155 quae
3600 2074 3953 2155 copulatio

835 2209 1023 2272 aquae
1056 2191 1120 2254 et
1156 2191 1295 2252 vini
1333 2190 1428 2254 sic
1457 2190 1770 2254 miscetur
1805 2190 1876 2252 in
1913 2191 2112 2254 calice
2150 2190 2418 2269 Christi,
2462 2191 2537 2252 ut
2574 2190 2809 2252 mixtio
2848 2190 2963 2253 illa
2998 2207 3132 2253 non
3170 2191 3383 2272 possit
3418 2190 3729 2272 separari.
3766 2189 3951 2253 Nam

833 2308 894 2372 si
939 2307 1174 2370 vinum
1219 2307 1371 2387 quis
1417 2306 1672 2370 tantum
1723 2307 1974 2386 offerat,
2016 2306 2287 2388 sanguis
2332 2305 2576 2370 Christi
2624 2306 2857 2387 incipit
2900 2324 3044 2372 esse
3090 2306 3235 2370 sine
3280 2307 3494 2371 nobiS.

1283 2548 1370 2612 H.
1418 2549 1792 2617 ouaerttur
1833 2550 1905 2611 si
1949 2548 2259 2610 irritum
2303 2549 2427 2624 sit,
2467 2552 2537 2613 si
2582 2563 2779 2625 aqua
2820 2550 3474 2623 praetermittatur.

963 2764 1034 2827 Si
1065 2780 1218 2827 vero
1248 2762 1587 2844 quaeritur,
1621 2778 1705 2825 an
1735 2760 1996 2824 irritum
2025 2760 2113 2823 sit
2141 2761 2322 2842 quod
2355 2762 2627 2842 geritur,
2662 2762 2721 2826 si
2749 2778 2922 2844 aqua
2957 2763 3530 2845 praetermittatur3
3569 2762 3725 2826 audi
3757 2759 3952 2843 quod

588 2903 766 2948 lude...
832 2880 1130 2961 sequitur
1181 2879 1249 2942 in
1295 2878 1526 2941 eodem
1580 2894 1826 2940 canone
1869 2895 1883 2937 :
1925 2877 2076 2941 Non
2121 2879 2341 2959 potest
2385 2876 2657 2961 (inquit)
2706 2879 2877 2942 calix
2923 2879 3195 2942 Domini
3231 2897 3375 2944 esse
3419 2897 3590 2961 aqua
3632 2878 3779 2943 sola
3826 2881 3955 2941 aut

567 3018 676 3063 md.
697 3032 737 3063 e.
760 3022 802 3063 ε.
832 2998 1064 3060 vinum
1115 2995 1352 3074 solum,
1395 2993 1524 3057 nisi
1571 2995 1926 3074 utrumque
1977 2993 2353 3057 misceatur.
2402 2994 2567 3058 Item
2618 2995 2987 3077 Cyprianus
3034 3015 3048 3056 :
3097 2993 3285 3058 Calix
3330 2995 3603 3059 Domini
3646 3012 3786 3058 non
3846 2995 3955 3058 est

831 3130 1002 3194 aqua
1045 3095 1206 3175 sola'
1230 3111 1346 3174 aut
1382 3109 1614 3173 vinum
1659 3108 1901 3190 solum,
1949 3109 2079 3173 nisi
2130 3110 2486 3192 utrumque
2534 3110 2931 3193 misceatur3
2986 3111 3159 3175 sicut
3212 3130 3333 3176 nec
3382 3130 3621 3194 corpus
3666 3110 3955 3175 Domini

830 3229 1050 3311 potest
1098 3244 1242 3291 esse
1301 3225 1513 3291 farina
1559 3225 1722 3305 sola,
1769 3243 1891 3289 nec
1940 3243 2111 3306 aqua
2166 3226 2328 3305 sola,
2376 3227 2507 3290 nisi
2554 3229 2910 3309 utrumque
2958 3227 3157 3293 fuerit
3200 3227 3587 3307 adunatum,
3640 3228 3705 3291 et
3750 3228 3957 3309 panis

831 3345 1032 3408 unius
1068 3360 1382 3425 compage
1419 3343 1798 3407 solidatum.
1841 3342 1912 3407 Si
1950 3344 2100 3424 quis
2138 3345 2359 3407 tamen
2400 3361 2533 3407 non
2575 3344 2920 3408 intendens
2959 3344 3371 3408 introducere
3413 3343 3744 3423 haeresim,
3773 3342 3955 3406 ohli-

831 3462 1026 3525 vione
1063 3461 1168 3525 vel
1205 3460 1573 3540 ignorantia
1617 3476 1858 3540 aquam
1904 3460 2421 3542 praetermiserit,
2457 3477 2588 3524 non
2631 3460 2891 3524 videtur
2928 3477 3071 3525 esse
3117 3461 3380 3524 irritum
3426 3463 3945 3540 sacramentum,

831 3578 947 3642 sed
983 3577 1096 3640 ille
1132 3576 1418 3659 graviter
1453 3576 1552 3639 est
1594 3576 2066 3657 corripiendus.
2099 3576 2271 3639 Nam
2309 3577 2375 3639 et
2410 3576 2789 3641 Graecorum
2830 3576 3123 3641 Ecclesia
3160 3594 3294 3640 non
3334 3593 3661 3658 apponere
3699 3594 3951 3657 aquam

565 3716 673 3762 iud.
699 3727 740 3760 e.
761 3719 802 3759 a.
831 3696 1093 3759 dicitur.
1136 3693 1329 3768 Quod
1371 3694 1570 3757 etiam
1609 3710 1691 3756 ex
1727 3692 1923 3756 dictis
1960 3692 2275 3774 Cypriani
2311 3693 2573 3756 videtur
2610 3711 2803 3774 posse
2842 3693 3086 3774 colligi.
3120 3695 3235 3757 Ait
3276 3694 3453 3757 enim
3494 3712 3509 3755 τ
3550 3694 3621 3758 Si
3663 3693 3817 3775 quis
3860 3695 3950 3758 de

832 3810 1352 3875 antecessoribus
1396 3810 1641 3874 nostris
1687 3809 1791 3873 vel
1840 3808 2217 3890 ignoranter
2260 3808 2365 3871 vel
2411 3808 2799 3890 simpliciter
2842 3826 2975 3872 non
3022 3810 3149 3873 hoc
3194 3809 3553 3873 servaverit
3590 3809 3771 3890 quod
3816 3825 3952 3873 nos

831 3928 1158 3992 Dominus
1186 3926 1396 3989 facere
1436 3927 1500 3990 et
1537 3924 1840 4006 exemplo
1870 3926 1937 3988 et
1965 3924 2345 4005 magisterio
2376 3924 2623 4005 docuit,
2650 3925 2867 4007 potest
2902 3924 3311 4007 simplicitati
3350 3925 3496 4005 eJus
3530 3923 3951 4007 indulgentia

831 4045 1102 4109 Domini
1139 4043 1330 4108 venia
1367 4042 1657 4105 concedi.
1692 4041 1900 4105 Nobis
1940 4058 2093 4105 vero
2132 4058 2265 4104 non
2306 4041 2526 4123 potest
2562 4042 2837 4122 ignosci,
2870 4041 2985 4124 qui
3022 4057 3200 4105 nunc
3235 4058 3273 4103 a
3308 4042 3597 4105 Domino
3634 4041 3951 4105 instructi

831 4178 1065 4225 sumus
1118 4161 1194 4223 ut
1243 4158 1514 4222 calicem
1563 4158 1834 4220 Domini
1892 4174 2044 4220 cum
2092 4158 2248 4220 vino
2298 4156 2608 4236 mixtum,
2660 4157 3026 4221 secundum
3072 4157 3251 4239 quod
3296 4157 3626 4220 Dominus
3672 4154 3943 4237 obtulit,

834 4276 1208 4339 offeramus.
1243 4307 1331 4318 --
1361 4273 1462 4335 Ex
1499 4272 1624 4335 hoc
1661 4272 1942 4352 videtur,
1975 4273 2156 4353 quod
2192 4272 2250 4335 si
2288 4271 2439 4353 quis
2476 4271 2866 4353 simpliciter
2894 4272 2999 4336 vel
3035 4272 3412 4353 ignoranter
3439 4272 3671 4334 vinum
3710 4270 3952 4334 offerat

832 4394 974 4457 sine
1011 4407 1202 4470 aqua,
1246 4389 1724 4452 sacramentum
1766 4383 2087 4452 conficiat.
2129 4387 2325 4469 Aqua
2361 4406 2514 4452 vero
2556 4387 2933 4453 nullatenus
2968 4389 3110 4452 sine
3148 4388 3303 4452 vino
3345 4388 3561 4469 potest
3607 4388 3825 4452 offerri
3871 4388 3945 4451 in

833 4504 1174 4585 sacrificio,
1207 4522 1328 4569 nec
1364 4505 1554 4586 panis
1589 4505 1718 4568 nisi
1755 4506 1836 4569 de
1875 4503 2231 4582 frument0,
2263 4522 2383 4569 neo
2419 4521 2697 4587 granum
2736 4504 3052 4569 frumenti
3088 4505 3219 4569 nisi
3257 4504 3589 4568 redactum
3630 4503 3829 4568 fuerit
3870 4504 3945 4567 in

562 4653 806 4707 amm,
834 4641 1072 4709 panem
1121 4643 1134 4684 :
1182 4622 1339 4704 quia
1385 4620 1686 4686 Christus
1739 4621 1804 4684 et
1847 4637 2086 4702 panem
2131 4638 2203 4685 se
2253 4621 2437 4701 dicit,
2485 4623 2550 4687 et
2595 4637 2798 4704 grano
2854 4621 3169 4685 frumenti
3216 4638 3289 4684 se
3336 4620 3691 4701 comparat.
3742 4619 3945 4693 Quod

536 4748 803 4832 stimma.
834 4757 988 4822 ergo
1025 4756 1224 4821 supra
1251 4738 1504 4801 dictum
1541 4737 1661 4816 est,
1699 4754 1834 4801 non
1868 4753 2062 4819 posse
2092 4737 2324 4801 vinum
2364 4738 2581 4801 solum
2621 4738 2863 4818 offerri,
2904 4736 3329 4801 determinari
3366 4737 3622 4819 oportet
3654 4756 3669 4797 ε
3703 4736 3945 4817 recipit

833 4859 1012 4924 enim
1048 4856 1523 4938 exceptionem.
1553 4859 1715 4919 Non
1733 4857 2000 4930 potest,
2030 4854 2162 4916 nisi
2199 4854 2589 4936 simpliciter
2616 4854 2720 4918 vel
2748 4855 3125 4936 ignoranter
3160 4848 3309 4935 fiat3
3341 4853 3468 4930 vel,
3494 4869 3645 4918 non
3666 4854 3938 4929 potest,

831 4976 901 5039 id
929 4976 1050 5054 est,
1079 4991 1211 5038 non
1238 4970 1452 5037 debet.
1488 4970 1898 5045 Quibusdam
1935 4972 2157 5033 tamen
2196 4970 2456 5034 videtur
2484 4970 2609 5034 hoc
2645 4971 3035 5051 generaliter
3070 4987 3324 5033 verum.
3359 4968 3705 5050 Colligitur
3734 4968 3941 5033 etiam

833 5111 916 5157 ex
951 5090 1306 5173 praedictis»,
1339 5088 1518 5170 quod
1555 5087 1857 5151 Christus
1895 5087 2122 5150 vinum
2164 5104 2335 5168 aqua
2374 5088 2662 5151 mixtum
2700 5086 2882 5150 dedit
2921 5086 3288 5168 discipulis.
3321 5085 3576 5167 Corpus
3612 5102 3769 5150 vero
3806 5087 3940 5151 tale

832 5208 1035 5286 dedit,
1076 5206 1269 5288 quale
1317 5206 1474 5268 tunc
1521 5204 1774 5283 habuit,
1819 5203 1888 5266 id
1935 5204 2036 5268 est
2079 5202 2355 5266 mortale
2406 5204 2472 5267 et
2520 5202 2853 5285 passibile.
2895 5203 3087 5266 Nunc
3132 5218 3288 5267 vero
3336 5202 3623 5266 sumitur
3658 5218 3699 5265 a
3742 5202 3939 5268 nobis

533 5288 804 5404 ἓῑῖξῗῖἶῗζ
831 5322 1202 5387 immortale
1239 5321 1305 5385 et
1342 5320 1770 5401 impassibile,
1802 5338 1922 5385 nec
1961 5321 2183 5383 tamen
2220 5319 2539 5401 majorem
2577 5319 2775 5383 habet
2811 5318 3184 5383 efficaciam.
3216 5318 3633 5383 Eucharistia
3666 5333 3935 5401 quoque
