4267 6250
467 532 695 589 Quzsr.
741 536 804 582 1v
848 535 863 579 ε
904 533 992 581 ΑΝ
1034 533 1320 581 cnmsrus
1361 533 1426 578 m
1467 531 1660 580 cosm
1701 530 1927 578 conrus
1971 531 2131 578 sumt
2173 531 2284 578 sun
2325 529 2729 578 smum-ro
2767 530 3040 590 Accurrr,
3079 530 3207 578 mc.
3293 512 3409 578 301

307 703 445 767 ficit
493 713 698 788 pasta,
732 705 843 768 sed
891 705 1240 788 requiritur
1283 703 1488 786 panis,
1522 702 1672 784 quia
1719 701 1811 765 sic
1841 701 1889 763 Α
1919 701 2387 780 sanguinem
2418 717 2651 770 Suum
2680 701 2829 770 sub
2857 702 3269 784 speciebus
3297 703 3415 768 vi·

307 802 674 866 institutum
707 811 824 866 est.
857 840 941 849 —
968 805 1270 867 Praeterea
1300 801 1568 863 dubium
1597 809 1695 864 est
1730 801 1810 863 de

304 901 543 977 amid0,
579 920 663 964 an
715 902 796 965 de
843 903 986 984 ipso
1033 901 1239 964 valeat
1284 900 1544 963 formari
1593 917 1811 962 conse-

307 999 570 1062 crabilis
621 1001 826 1083 panis.
861 999 940 1061 Et
984 1006 1247 1082 apparet
1292 998 1463 1081 quod
1508 997 1622 1072 sic,
1655 1015 1810 1079 quo-

307 1097 484 1158 niam
535 1098 846 1161 usualiter
894 1105 1223 1180 reputatur
1269 1097 1450 1180 panis
1497 1095 1805 1158 triticeus.

306 1195 426 1258 Sed
488 1195 546 1258 si
601 1197 939 1259 credamus
1001 1195 1302 1278 expertiS,
1355 1194 1689 1277 qualitates
1745 1201 1810 1256 et

305 1295 714 1374 operationes
752 1314 868 1377 per
910 1314 1067 1376 quas
1110 1293 1554 1375 cognoscimus
1592 1311 1806 1354 rerum

303 1396 566 1452 naturas
598 1389 936 1473 specificas
968 1390 1035 1451 in
1067 1397 1193 1452 tota
1221 1389 1458 1471 specie,
1490 1387 1629 1451 aliae
1658 1393 1808 1450 sunt

305 1487 368 1548 in
399 1488 620 1550 amido
658 1506 732 1550 ac
772 1506 936 1570 pane
975 1487 1225 1550 triticeo
1260 1504 1274 1548 ε
1305 1487 1452 1549 ideo
1481 1503 1610 1548 non
1638 1486 1809 1547 vide-

305 1586 506 1646 turin
546 1585 764 1647 amido
804 1584 1038 1647 confici
1080 1603 1284 1668 posse.
1317 1583 1394 1646 Et
1421 1584 1540 1646 hoc
1583 1582 1807 1666 proba·
1841 1589 1854 1600 '

307 1683 500 1745 bilius
529 1691 668 1746 est:
696 1683 838 1747 ideo
867 1691 1136 1766 peccant
1164 1683 1276 1766 qui
1305 1684 1386 1746 de
1413 1681 1627 1745 amido
1656 1701 1808 1764 prae-

306 1789 531 1862 parant
588 1799 664 1844 ac
725 1781 970 1844 faciunt
1029 1782 1266 1844 hostias
1325 1779 1802 1844 consecrandas,

1918 802 2004 867 ni
2047 802 2485 868 consecrati
2526 802 2863 883 potavit.

1997 898 2093 960 Ad
2135 900 2306 980 quod
2349 917 2724 981 responsum
2768 907 2866 961 est
2906 917 3117 981 supra.
3440 915 3483 957 di
3486 919 3589 958 ιι
3560 919 3705 971 ι,.ςι,

1997 996 2311 1070 Quaeritur
2341 997 2512 1071 item,
2526 1017 2605 1060 an
2636 1004 3099 1060 sacramentum
3130 996 3414 1078 corporis
3441 991 3483 1032 Ρ·
3504 979 3641 1022 ²³⁵⁰

1917 1096 2017 1158 sui
2061 1096 2323 1160 tradidit
2360 1097 2551 1160 Judae.

1995 1194 2091 1256 Ad
2140 1194 2309 1276 quod
2359 1194 2689 1277 responsio
2734 1212 2930 1278 supra
2976 1201 3074 1256 est
3120 1197 3300 1256 tacta.
3338 1193 3413 1255 Et
3471 1209 3543 1266 cf.
3566 1213 3597 1254 ι.
3621 1210 3708 1264 xv,

1916 1311 2088 1354 nunc
2116 1291 2372 1374 plenius
2402 1293 2861 1374 respondendo,
2880 1292 3224 1354 dicendum
3255 1291 3417 1373 [jux-
3441 1286 3485 1327 Ρ·
3496 1273 3652 1317 ⁴²⁵⁰·

1916 1396 1980 1451 ta
2019 1390 2348 1468 Thomam]
2380 1391 2551 1472 quod
2592 1391 2742 1465 imo,
2775 1392 2852 1453 ad
2893 1390 3173 1452 dandum
3202 1409 3415 1452 exem-

1916 1489 2119 1570 plum,
2139 1489 2305 1570 quod
2337 1489 2604 1551 occultis
2635 1488 3078 1571 peccatoribus
3106 1506 3233 1551 non
3264 1495 3415 1552 sunt
3444 1511 3707 1568 ennean,

1915 1586 2286 1667 deneganda
2334 1594 2747 1662 sacramenta,
2798 1595 2989 1670 atque
3037 1595 3108 1650 ut
3154 1605 3411 1650 omnem
3440 1591 3483 1632 ⁴¹·
3505 1578 3541 1620 ¹·

1915 1686 2314 1748 occasionem
2348 1685 2785 1748 malefaciendi
2818 1686 2876 1748 ei
2906 1686 3206 1761 auferret,
3220 1705 3413 1768 quam

1917 1783 2025 1844 ille
2074 1783 2411 1867 concipere
2460 1783 2790 1866 potuisset,
2842 1784 2895 1846 si
2944 1803 3092 1847 eum
3140 1784 3221 1846 ab
3269 1784 3415 1848 aliis

307 1879 614 1942 Sacerdos
651 1887 868 1942 autem
907 1887 1092 1942 utens
1132 1880 1243 1943 >tali
1288 1878 1573 1954 materia,
1608 1877 1807 1959 magis
1840 1882 1886 1944 B
1917 1881 1981 1943 in
2025 1880 2364 1944 beneficiis
2407 1881 2816 1945 discrevisset
2864 1890 3010 1944 ante
3056 1901 3187 1945 suae
3234 1882 3413 1944 mali-

307 1978 540 2060 poterit
568 1977 880 2052 excusari,
895 1977 1190 2061 quoniam
1222 1977 1659 2061 praesupponit
1687 1995 1810 2038 ma-

311 2076 532 2138 teriam
563 2075 782 2139 debite
807 2084 1252 2159 praeparatam3
1275 2076 1380 2139 sed
1405 2075 1459 2138 si
1492 2075 1556 2137 in
1587 2074 1809 2137 verita-

309 2181 368 2234 te
398 2191 526 2236 non
559 2182 660 2236 est
690 2175 872 2257 panis
902 2174 1046 2238 talis
1076 2172 1550 2246 consecrabilis,
1569 2173 1634 2235 in
1667 2189 1810 2235 con·

311 2273 618 2335 secrando
649 2273 810 2334 nihil
843 2271 1012 2336 facit.
1036 2272 1166 2336 Nec
1194 2280 1406 2335 tamen
1442 2280 1540 2334 est
1567 2270 1808 2354 populo

310 2372 556 2434 occasio
600 2371 972 2435 idololatriae
1005 2389 1020 2432 ε
1053 2371 1357 2454 quoniam
1399 2376 1708 2452 quantum
1738 2369 1806 2431 in

36 2453 39 2556 ξ
311 2488 374 2531 se
401 2477 512 2545 est,
528 2470 841 2552 supponit
871 2470 1200 2533 materiam
1234 2489 1374 2532 esse
1406 2469 1808 2532 idoneam.—

36 2589 39 2638 γ
311 2568 618 2650 Denique,
655 2569 952 2650 quamvis
996 2575 1176 2651 pasta
1211 2576 1275 2631 et
1317 2567 1521 2651 paniS,
1557 2575 1626 2629 ut
1666 2585 1807 2650 pro-

311 2665 514 2728 babile
545 2673 668 2742 est,
690 2684 816 2729 non
845 2665 1151 2729 differant
1179 2667 1414 2749 specie,
1435 2683 1561 2728 non
1590 2673 1804 2728 tamen

36 2731 39 2824 l
311 2765 382 2825 de
410 2773 590 2847 pasta
621 2764 858 2827 confici
890 2771 1118 2847 potest,
1131 2764 1434 2847 quoniam
1464 2765 1670 2828 noluit
1699 2782 1804 2827 no-

310 2861 404 2925 bis
438 2863 734 2927 Christus
779 2864 847 2928 in
885 2864 1297 2926 sacramentis
1339 2863 1472 2926 suis
1501 2862 1804 2925 subtilem

311 2961 804 3045 disputationem
832 2962 1161 3045 imponere
1188 2963 1268 3025 de
1297 2961 1662 3025 differentia
1687 2980 1808 3024 ma·

1915 1979 2020 2042 tiae
2050 1979 2648 2042 manifestationem.
2683 1979 2955 2042 Hilarius
2993 1987 3207 2043 tamen
3238 1980 3415 2042 vide-

1917 2083 2020 2139 tur
2057 2077 2447 2139 contrarium
2485 2066 2739 2156 dicere3
2771 2077 2881 2139 sed
2922 2077 3203 2159 primum
3245 2095 3413 2142 com-

1917 2175 2177 2238 munius
2226 2176 2482 2248 dicitur,
2537 2175 2893 2257 praesertim
2947 2176 3098 2258 quia
3148 2175 3409 2240 divinus

1916 2273 2253 2356 Dionysius
2296 2274 2487 2337 tertio
2532 2273 2989 2338 Ecclesiasticae
3038 2275 3411 2338 hierarchiae

1916 2371 2196 2454 capitulo
2245 2378 2511 2435 testatur
2564 2390 2577 2434 ε
2629 2372 3077 2456 Symbolorum
3127 2373 3415 2436 conditor

1915 2469 2317 2532 sanctissima
2358 2470 2416 2533 ei
2456 2489 2635 2533 sacra
2678 2472 3076 2534 concoenanti
3117 2471 3408 2553 partitur.

1914 2569 2029 2631 Per
2065 2568 2465 2631 sanctissima
2502 2578 2714 2631 autem
2749 2568 3050 2650 intelligit
3088 2587 3319 2651 corpus
3350 2577 3414 2632 et

1915 2667 2291 2748 sanguinem
2323 2668 2578 2742 Christi,
2613 2676 2683 2730 ut
2721 2675 2894 2751 patet
2934 2667 3193 2730 ibidem.
3228 2667 3414 2750 Apud

1913 2766 2275 2829 Matthaeum
2306 2784 2561 2848 quoque
2600 2767 2737 2828 sine
2777 2766 3151 2849 exceptione
3182 2765 3415 2847 legitur

1915 2863 2202 2928 Christus
2240 2865 2477 2928 dixisse
2510 2882 2525 2927 ε
2560 2865 2844 2947 Accipite
2884 2872 2949 2927 et
2986 2864 3298 2928 comedite
3333 2882 3411 2927 ex
3493 2885 3668 2931 uates.

1914 2963 2034 3026 hoc
2083 2981 2325 3026 omnes.
2373 2963 2499 3026 Nec
2557 2982 2673 3046 per
2728 2964 2848 3026 hoc
2898 2963 3184 3026 Christus
3240 2963 3415 3026 dedit
3438 2951 3709 3002 ¹”¹·²⁶=²⁷·

311 3064 611 3126 tei-iarum
656 3062 884 3126 harum
919 3060 1264 3145 specifica3
1303 3061 1415 3125 sed
1457 3068 1528 3123 ut
1573 3079 1802 3145 panem
1837 3063 1880 3128 C
1912 3062 2086 3126 Judae
2115 3061 2513 3125 occasionem
2547 3061 2876 3147 peccandi,
2900 3062 3012 3125 sed
3042 3062 3255 3145 potius
3286 3079 3415 3145 poe-

314 3161 598 3224 usualem
629 3155 955 3224 triticeum
984 3161 1480 3243 habeamus‚qui
1509 3160 1681 3223 solus
1711 3168 1808 3223 est

36 3252 39 3335 ᾗ
313 3260 591 3322 materia·
623 3266 772 3341 apta
819 3276 935 3341 pro
992 3258 1466 3322 consecratione
1523 3259 1806 3341 corporis

36 3340 39 3531 ,
315 3357 586 3433 Domini,
623 3365 698 3419 ut
725 3365 901 3441 patet
935 3356 1015 3419 de
1047 3357 1552 3432 Consecratione,
1586 3356 1807 3419 distin-

313 3456 514 3519 ctione
538 3456 602 3531 2,
621 3456 902 3539 capitulo
925 3458 1076 3521 Non
1103 3464 1366 3533 oportet.
1387 3456 1530 3518 Haec
1560 3455 1800 3518 Scotus.

385 3555 508 3618 Sed
549 3555 1030 3636 Argentinensis
1072 3554 1177 3617 hic
1221 3554 1446 3617 scribit
1481 3571 1802 3635 expresse,

311 3655 474 3735 quod
503 3671 636 3716 non
676 3653 946 3716 habetur
975 3653 1041 3716 in
1077 3653 1222 3734 jure
1260 3654 1339 3715 de
1379 3652 1805 3715 Consecratio-

311 3772 407 3827 ne,
441 3772 560 3816 nec
591 3752 660 3815 in
691 3753 977 3825 Decreto,
1009 3770 1218 3834 neque
1248 3752 1316 3814 in
1347 3751 1800 3826 DecretalibuS,

311 3851 472 3913 sicut
499 3852 728 3914 Scotus
767 3850 1014 3932 allegat.
1049 3850 1126 3911 Et
1161 3850 1337 3913 addit
1374 3868 1442 3912 se
1472 3849 1804 3913 occasione

309 3949 702 4031 allegationis
745 3949 931 4011 istius
969 3950 1316 4011 recurrisse
1355 3950 1432 4011 ad
1474 3948 1670 4011 libros
1706 3948 1805 4028 ju-

311 4047 416 4121 ris,
450 4066 568 4110 nec
599 4046 692 4109 ibi
724 4048 811 4109 ita
848 4047 1090 4110 haberi.
1125 4046 1240 4111 Cui
1271 4046 1662 4109 contentioni
1694 4064 1802 4129 po-

311 4152 430 4207 test
469 4146 618 4227 quis
663 4145 938 4209 faciliter
974 4144 1172 4207 finem
1221 4144 1550 4227 imponere
1594 4152 1804 4207 textus

1915 3160 2160 3223 nitendi
2210 3167 2276 3223 et
2324 3160 2763 3242 resipiscendi.
2814 3160 2942 3224 Nec
2989 3159 3197 3223 obstat
3244 3161 3415 3243 quod

1915 3258 2201 3322 Christus
2246 3259 2427 3333 dixit,
2465 3259 2671 3322 Nolite
2718 3266 3008 3322 sanctum
3051 3260 3200 3321 dare
3246 3259 3415 3321 cani·
3441 3282 3707 3335 thiasus.

1914 3356 2034 3419 bus
2060 3373 2247 3418 :nam
2279 3356 2572 3438 quamvis
2602 3358 2887 3439 proditor
2916 3356 3025 3419 ille
3057 3356 3121 3418 in
3152 3356 3416 3419 veritate

1914 3453 2110 3517 fuerit
2152 3454 2349 3528 caniS,
2382 3455 2504 3517 hoc
2546 3462 2759 3517 tamen
2809 3455 3095 3517 nondum
3134 3454 3413 3517 innotuit

1912 3553 2075 3615 aliis.
2138 3553 2299 3615 Hinc
2356 3571 2653 3635 expresse
2714 3552 2940 3616 asserit
2994 3553 3408 3634 AugustinuS,

1915 3653 2082 3733 quod
2115 3650 2401 3715 Christus
2433 3651 2498 3712 in
2526 3651 2717 3714 Coena
2745 3668 2977 3733 corpus
3008 3669 3196 3713 suum
3228 3651 3421 3713 tradi-

1915 3750 2008 3813 dit
2033 3750 2209 3813 Judae
2238 3767 2385 3811 cum
2416 3748 2665 3811 ceteriS.
2695 3750 3103 3812 Postmodum
3133 3765 3283 3810 vero
3310 3750 3415 3811 (16-

1914 3848 2008 3910 dit
2037 3847 2381 3910 intinctum
2420 3864 2651 3929 panem
2684 3847 2819 3910 sive
2857 3846 3213 3909 buccellam
3241 3846 3415 3909 Judae

1916 3948 1980 4009 in
2009 3946 2439 4010 ostensionem
2471 3945 2871 4028 proditioniS,
2891 3952 2953 4008 et
2984 3944 3091 4006 illa
3124 3943 3414 4006 buccella

1914 4063 2041 4107 non
2073 4044 2316 4108 exstitit
2345 4052 2713 4107 consecrata
2744 4061 2758 4105 :
2794 4044 2935 4106 ideo
2966 4042 3085 4105 sub
3124 4041 3414 4104 buccella

1913 4161 2040 4207 non
2077 4143 2340 4205 tradidit
2376 4142 2434 4205 ei
2478 4159 2709 4224 corpus
2756 4161 2965 4204 suum.
3000 4142 3175 4215 Quod
3219 4140 3411 4203 etiam

314 4244 731 4326 inspiciendO,
753 4261 912 4327 quos
942 4243 1149 4307 recolo
1181 4262 1284 4306 me
1315 4242 1564 4324 legisse,
1588 4262 1806 4325 quam·
1831 4245 1881 4307 D
1910 4244 2167 4307 ,Ioannis
2219 4241 2661 4304 tertiodecimo
2718 4239 2989 4303 habetur
3044 4241 3110 4303 in
3169 4239 3406 4304 Glossa.
3437 4267 3707 4321 amanam,

315 4344 407 4406 vis
434 4361 550 4425 pro
587 4362 762 4405 nunc
798 4361 926 4406 non
966 4349 1259 4406 occurrat
1296 4340 1619 4404 memoriae
1656 4360 1806 4423 qua-

312 4540 413 4604 alii
457 4558 716 4624 quoque
758 4540 1046 4603 doctores
1089 4538 1436 4619 allegarent
1479 4557 1622 4619 quae
1660 4538 1806 4600 Sco-

1911 4341 2072 4404 Hinc
2111 4341 2280 4423 quod
2319 4340 2398 4402 de
2444 4339 2928 4403 consecratione
2970 4339 3252 4421 loquitur
3283 4339 3410 4402 Au·
3439 4333 3507 4375 ²⁶·

1911 4442 2226 4523 gustinuS,
2258 4441 2395 4503 Non
2430 4440 2595 4503 mala
2627 4439 2749 4502 fuit
2777 4439 3065 4503 buccella
3094 4460 3235 4522 quae
3264 4441 3409 4504 data
3440 4466 3705 4515 maome,

1911 4540 2036 4602 fuit
2061 4539 2235 4603 Judae
2264 4558 2301 4600 a
2331 4539 2649 4601 Domino:
2684 4538 2953 4601 salutem
2989 4538 3273 4601 medicus
3292 4540 3407 4602 (16-
3434 4531 3477 4574 ‘¹⁸
3480 4534 3569 4575 ’Μ’
3542 4545 3632 4585 ¹¹⁰·
3637 4536 3707 4579 ⁶⁶·

1907 4639 2020 4713 dit,
2055 4637 2167 4699 sed
2207 4637 2336 4711 ille,
2371 4637 2674 4719 quoniam
2721 4636 2927 4698 malus
2970 4643 3125 4711 erat,
3162 4639 3411 4719 accepit

1906 4737 1984 4800 ad
2028 4734 2379 4819 perniciem
2408 4752 2425 4814 ;
2458 4752 2585 4796 non
2629 4733 2971 4815 exponitur
3003 4734 3081 4797 de
3121 4733 3413 4798 buccella

1909 4836 2017 4898 illa
2057 4834 2344 4908 intincta,
2378 4834 2489 4897 sed
2528 4834 2606 4895 de
2646 4832 2937 4915 portione
2976 4832 3160 4915 panis
3193 4850 3412 4898 conse-

1910 4934 2089 5007 crati,
2123 4951 2315 5015 quam
2356 4931 2490 5013 jam
2528 4938 2676 4992 ante
2719 4938 3069 5012 acceperat.
3104 4932 3217 4994 Vel
3261 4932 3414 4995 dici-

1913 5040 2017 5095 tur
2044 5032 2234 5094 Judas
2274 5030 2338 5092 id
2377 5031 2456 5092 ad
2496 5027 2849 5112 perniciem
2884 5028 3231 5112 accepisse,
3263 5031 3414 5111 quia

1913 5130 2082 5213 quod
2126 5128 2414 5192 Christus
2462 5126 2615 5189 fecit
2662 5126 2738 5187 ad
2788 5125 2991 5208 ipsius
3036 5126 3305 5190 salutem
3349 5135 3415 5190 et

1915 5226 2479 5291 commonitionem
2518 5223 2901 5308 porrigendo
2940 5224 2997 5285 ei
3030 5223 3409 5301 buccellam,

1915 5332 2229 5408 quatenus
2273 5324 2497 5388 videns
2543 5341 2612 5386 se
2661 5322 3153 5405 deprehensum,
3188 5342 3225 5386 a
3268 5341 3412 5411 pro-

36 4044 38 4075 ι

36 4084 39 4153 Ι

315 4441 454 4505 liter
499 4443 810 4505 habeatur
860 4442 1119 4504 ibidem.
1153 4441 1281 4504 Nec
1325 4439 1594 4502 dubium
1646 4440 1802 4521 quin

313 4648 408 4703 tus
447 4641 700 4722 allegat,
748 4639 801 4701 si
847 4639 978 4702 illic
1019 4637 1424 4701 haberentur.

36 4780 39 4825 ι

730 4912 1205 4989 QUAESTIO
1270 4910 1376 4976 IV

439 5135 674 5219 Mplius
735 5132 1062 5216 quaeritur,
1112 5134 1241 5197 An
1285 5129 1660 5198 Christus
1715 5130 1802 5195 111

469 5236 718 5304 Ooena
759 5246 1046 5313 corpus
1081 5245 1316 5297 suum
1354 5228 1501 5296 sub
1548 5242 1804 5295 sacra-

316 5338 574 5403 mento
621 5332 934 5413 accepit
981 5344 1074 5397 ac
1119 5328 1664 5409 manducavit,
1712 5341 1806 5395 ac
