4267 6250
798 483 920 548 242

1461 503 1526 548 m
1567 503 1788 549 tumult
1829 501 1891 547 lv
1931 499 2417 547 snmnmuuuu·
2458 514 2539 528 --
2578 497 2734 544 ΒΙΕΤ.
2774 497 2879 560 1Χ;
2920 496 3147 553 QUAEST.
3188 497 3228 542 V

797 670 948 734 ralis
985 671 1350 746 intrinseca,
1384 669 1551 734 sicut
1577 671 1734 734 dum
1771 669 2070 752 phlegma
2105 668 2293 731 dulce
2323 669 2377 734 Α
2402 666 2622 748 gitatio
2661 665 3052 749 pertingens,
3086 665 3153 728 in
3194 664 3329 728 sola
3364 663 3783 728 delectatione
3822 662 3907 724 fi-

796 769 1099 843 decurrit‚
1149 769 1424 833 somniat
1470 770 1662 833 homo
1709 787 1778 832 se
1825 767 2038 832 dulcia
2083 767 2292 830 edere.

795 869 972 933 Unde
999 869 1228 932 medici
1259 887 1337 932 ex
1367 868 1629 933 somniis
1657 867 2128 950 dispositionem
2160 882 2299 928 con-

790 967 1028 1049 jiciunt
1065 967 1369 1050 corporis.
1403 968 1621 1049 Itaque
1659 965 1928 1048 pollutio
1973 965 2295 1028 interdum

793 1086 872 1130 ex
905 1067 1198 1129 illusione
1227 1065 1552 1146 contingit,
1563 1065 1815 1147 quando
1847 1082 1960 1146 per
1982 1064 2297 1127 daemones

797 1171 1282 1228 commoventur
1310 1164 1781 1246 phantasmata3
1804 1162 2187 1245 quandoque
2217 1179 2295 1222 ex

795 1263 1087 1346 reliquiis
1116 1262 1566 1344 cogitationum
1600 1262 2092 1345 praeteritarum3
2109 1278 2299 1342 quan·

797 1363 1005 1444 doque
1054 1380 1132 1423 ex
1182 1379 1372 1423 causa
1421 1360 1766 1423 intrinseca
1813 1357 2108 1432 naturali,
2155 1375 2296 1439 quae

793 1459 896 1522 vel
945 1458 1069 1521 fuit
1111 1459 1420 1521 voluntati
1471 1457 1780 1540 subjecta,
1833 1464 1904 1518 ut
1949 1474 2028 1519 ex
2077 1473 2297 1537 super-

794 1555 1046 1619 fluitate
1083 1556 1212 1619 cibi
1249 1563 1316 1619 et
1354 1563 1575 1639 potus3
1608 1563 1719 1618 aut
1754 1572 1883 1618 non
1921 1553 2046 1616 fuit
2073 1553 2297 1617 volun-

794 1655 906 1716 tati
963 1654 1274 1736 subjecta,
1336 1655 1472 1718 sive
1528 1653 1773 1716 accidat
1831 1673 1909 1715 ex
1966 1650 2297 1715 debilitate

793 1761 1034 1816 naturoe
1073 1771 1201 1816 non
1247 1752 1524 1834 potentis
1565 1769 1786 1815 semen
1831 1750 2126 1824 retinere,
2160 1749 2296 1813 sive

2404 766 2631 844 nitur3
2697 765 3077 847 quandoque
3136 772 3349 828 autem
3414 782 3563 826 cum
3624 761 3907 836 mortali,

2404 865 2658 946 quando
2713 881 3062 927 consensus
3118 862 3505 945 adjungitur.
3567 861 3911 943 Quumque

2405 962 2769 1045 cogitationi
2829 962 2938 1025 tali
2996 962 3081 1024 sit
3127 962 3464 1025 delectatio
3512 961 3593 1024 de
3640 959 3908 1044 propin-

2404 1080 2553 1144 quo,
2588 1068 2651 1124 et
2680 1060 3083 1124 delectationi
3124 1077 3495 1136 consensuS,
3530 1060 3596 1122 in
3630 1058 3907 1122 dubium

2406 1160 2565 1223 verti
2616 1166 2845 1243 potest,
2898 1167 3114 1221 utrum
3172 1177 3447 1241 sequens
3504 1157 3775 1241 pollutio
3822 1177 3906 1219 ex

2405 1267 2665 1341 peccato
2704 1258 3007 1321 acciderit
3052 1257 3153 1320 vel
3194 1274 3345 1332 non,
3378 1265 3442 1319 et
3483 1276 3567 1319 an
3608 1275 3686 1319 ex
3734 1273 3909 1319 mor-

2404 1357 2537 1430 tali,
2578 1375 2657 1420 an
2710 1356 2963 1419 veniali.
3017 1355 3179 1419 Satis
3228 1362 3441 1418 tamen
3490 1354 3911 1437 probabiliter

2406 1454 2641 1536 conjici
2674 1461 2881 1536 potest
2908 1471 3035 1516 non
3068 1454 3466 1536 praecessisse
3496 1470 3905 1526 consensum,

2406 1553 2659 1635 quando
2685 1553 2748 1615 in
2779 1553 2917 1635 ipsa
2945 1553 3180 1615 somnii
3212 1552 3662 1634 imaginatione
3687 1552 3913 1614 anima

2406 1650 2717 1714 dissentit.
2752 1651 2887 1714 Non
2920 1658 3133 1714 tamen
3168 1657 3418 1733 oportet
3449 1651 3640 1732 quod,
3672 1649 3729 1712 si
3756 1667 3913 1713 con·

2406 1750 2657 1824 sentiat,
2699 1767 3048 1813 consensus
3092 1749 3158 1812 in
3200 1749 3523 1831 vigilando
3571 1767 3913 1831 praecesse-

793 1871 872 1914 ex
911 1851 1054 1931 ejus
1089 1851 1326 1914 virtute
1367 1851 1727 1933 expellente
1775 1847 2124 1932 superflua,
2157 1847 2293 1909 sive
2330 1847 2378 1910 B
2408 1848 2511 1922 rit,
2544 1848 2694 1930 quia
2732 1848 2853 1911 hoc
2894 1855 3102 1930 potest
3128 1848 3419 1911 accidere
3457 1854 3721 1930 propter
3756 1847 3915 1928 liga-

794 1967 1201 2032 quocumque
1239 1949 1365 2013 alio
1405 1951 1614 2024 mode,
1649 1949 1716 2011 in
1755 1948 1925 2011 idem
1969 1946 2153 2009 redit.
2188 1946 2295 2009 Se-

795 2049 1027 2123 cunde,
1073 2048 1490 2130 distinguitur
1535 2048 1806 2131 pollutio
1853 2053 2165 2129 quantum
2214 2045 2293 2108 ad

794 2146 1054 2208 modum
1105 2164 1119 2208 ε
1173 2147 1323 2228 quia
1368 2146 1750 2229 quandoque
1797 2144 2110 2224 contingit
2156 2144 2295 2206 sine

795 2245 1269 2325 imaginatione,
1303 2245 1685 2328 quandoque
1713 2264 1860 2308 cum
1899 2242 2295 2324 imaginatio-

793 2361 894 2405 ne.
947 2342 1023 2404 Et
1070 2343 1190 2405 hoc
1237 2342 1601 2425 dupliciter,
1653 2343 1805 2425 quia
1853 2341 2176 2405 interdum
2226 2341 2293 2403 in

794 2440 1021 2504 somnii
1053 2440 1494 2522 imaginatione
1523 2440 1902 2523 turpitudini
1933 2440 2128 2504 homo
2158 2456 2298 2502 con·

793 2540 1007 2615 sentit,
1040 2539 1422 2623 quandoque
1458 2539 1776 2615 dissentit,
1809 2546 1875 2602 et
1902 2546 2118 2602 tamen
2158 2538 2293 2620 pol-

792 2637 953 2701 lutio
989 2639 1239 2702 accidit.
1275 2638 1439 2702 Dum
1479 2655 1630 2720 ergo
1668 2638 1807 2701 sine
1841 2636 2295 2719 imaginatione

791 2736 1060 2819 pollutio
1115 2737 1353 2812 evenit,
1403 2736 1657 2818 signum
1712 2743 1810 2800 est
1855 2737 2026 2819 quod
2083 2735 2169 2798 sit
2216 2753 2295 2797 ex

791 2854 982 2898 causa
1012 2835 1324 2917 corporali
1359 2835 1740 2914 intrinseca;
1773 2836 1883 2899 sed
1914 2835 2170 2917 quando
2200 2841 2297 2896 est

791 2951 942 2996 cum
990 2934 1464 3014 imaginatione,
1499 2942 1708 3018 potest
1746 2933 1890 2996 fieri
1937 2934 2030 2996 sic
2073 2941 2139 2996 et
2178 2933 2289 2996 sic.

2407 1947 2647 2012 tionem
2692 1946 2921 2028 judicii
2972 1947 3257 2021 rationis,
3302 1948 3473 2030 quod
3520 1947 3913 2030 quandoque

2407 2047 2547 2128 plus
2577 2047 2949 2129 quandoque
2980 2046 3189 2108 minus
3220 2044 3489 2109 liberum
3519 2054 3616 2109 est
3644 2045 3712 2108 in
3740 2063 3914 2108 som-

2406 2161 2507 2207 no.
2542 2145 2719 2207 Unde
2764 2144 2829 2206 in
2873 2143 2984 2206 tali
3030 2143 3383 2226 pollutione
3427 2145 3482 2207 si
3520 2144 3602 2206 ad
3646 2162 3909 2206 causam

2406 2261 2761 2316 recurrenS,
2795 2242 3045 2306 dubitet
3072 2242 3151 2305 de
3180 2259 3519 2318 consensu,
3546 2241 3737 2305 debet
3762 2241 3911 2304 abs-

2404 2341 2610 2403 tinere
2638 2341 2937 2419 omnino;
2968 2341 3021 2403 si
3051 2347 3265 2403 autem
3296 2358 3593 2422 expresse
3622 2339 3917 2402 inveniat

2405 2456 2789 2502 consensum
2833 2457 2959 2503 non
3004 2439 3425 2523 praecessisse,
3458 2446 3523 2503 et
3561 2439 3913 2502 necessitas

2406 2543 2627 2618 urgeat
2675 2537 2776 2600 vel
2832 2537 3047 2620 aliqua
3092 2557 3283 2602 causa
3336 2538 3546 2621 potior
3603 2538 3917 2602 reformet

2404 2643 2641 2710 actum,
2674 2643 2883 2719 potest
2912 2637 3215 2700 accedere
3252 2644 3360 2700 aut
3398 2637 3589 2700 etiam
3630 2637 3913 2700 celebra-

2407 2753 2496 2809 re,
2532 2751 2656 2797 non
2692 2733 2983 2798 obstante
3019 2735 3427 2799 immunditia
3468 2736 3754 2819 corporis
3801 2737 3917 2799 he-

2407 2833 2805 2897 betationeve
2864 2835 3117 2897 mentis.
3171 2835 3235 2898 Si
3292 2843 3507 2899 autem
3562 2836 3917 2900 necessitas

2408 2950 2535 2995 non
2586 2932 2935 3008 incumbat,
2976 2935 3232 2997 videtur
3275 2952 3405 2998 non
3452 2934 3757 2998 exhibere
3797 2935 3913 2998 de-

873 3032 944 3095 In
976 3032 1278 3096 omnibus
1307 3050 1456 3114 ergo
1485 3032 1802 3115 praedictis
1833 3031 2297 3114 pollutionibus
2331 3035 2375 3098 C
2406 3030 2605 3094 bitam
2638 3031 3059 3095 reverentiam
3089 3041 3507 3108 sacramento,
3538 3034 3593 3096 si
3622 3033 3907 3096 accedat.

795 3132 1142 3215 corporalis
1183 3131 1591 3195 immunditia
1618 3139 1716 3195 est
1745 3132 2143 3212 communis3
2184 3132 2295 3195 sed

797 3230 1118 3294 hebetatio
1158 3230 1389 3293 mentis
1428 3248 1556 3294 non
1588 3239 1688 3293 est
1713 3229 1838 3294 nisi
1878 3230 1943 3293 in
1985 3230 2113 3292 illis
2154 3250 2297 3313 quae

797 3348 946 3392 cum
979 3328 1428 3410 imaginatione
1456 3330 1854 3409 contingunt,
1888 3329 2040 3411 quia
2069 3329 2135 3391 in
2168 3328 2296 3391 illis

797 3447 940 3511 quae
971 3428 1108 3490 sine
1139 3427 1589 3508 imaginatione
1617 3428 1936 3503 accidunt,
1957 3428 2174 3491 anima
2200 3428 2296 3491 ni-

799 3526 891 3590 hil
921 3526 1304 3610 participare
1334 3527 1606 3590 videtur.
1630 3526 1758 3590 Nec
1789 3528 1918 3591 ulla
1947 3545 2169 3591 earum
2200 3534 2297 3589 est

799 3632 1155 3708 peccatum,
1189 3634 1260 3688 ut
1296 3627 1534 3709 patuit3
1573 3627 1684 3689 sed
1722 3633 1931 3709 potest
1963 3644 2102 3689 esse
2142 3625 2297 3689 effe-

771 3730 940 3791 .ctus
977 3724 1244 3806 peccati,
1275 3723 1650 3806 significans
1688 3732 2022 3806 peccatum
2061 3743 2295 3808 praece-

797 3822 955 3885 dens
985 3823 1253 3886 mortale
1273 3830 1384 3887 aut
1411 3823 1680 3887 veniale.
1715 3823 2050 3887 Peccatum
2078 3831 2297 3887 autem

798 3922 1062 3985 mortale
1101 3940 1180 3985 ex
1222 3929 1538 4004 praecepto
1579 3922 1850 4005 impedit
1878 3921 1960 3984 ab
1994 3921 2296 3985 Euchari-

797 4019 934 4084 stiae
982 4021 1415 4103 perceptione,
1466 4020 1619 4102 quia
1677 4020 2029 4083 mortaliter
2074 4028 2297 4102 peccat

797 4117 909 4201 qui
948 4138 1098 4182 cum
1143 4118 1532 4181 conscientia
1574 4118 1820 4201 peccati
1866 4118 2151 4181 mortalis
2190 4138 2297 4182 ac-

2405 3131 2701 3193 Attamen
2743 3131 2798 3194 si
2840 3131 3141 3207 celebrat,
3184 3151 3310 3196 non
3359 3140 3581 3216 peccat
3623 3133 3913 3196 mortali-

2406 3237 2524 3304 ter,
2558 3230 2668 3293 sed
2698 3230 3054 3306 venialiter,
3088 3230 3253 3294 sicut
3289 3232 3443 3295 dum
3484 3222 3631 3315 quis
3669 3232 3911 3295 mentis

2407 3328 2846 3410 evagationem
2889 3330 3139 3412 patiens
3182 3330 3479 3393 celebrat.

2486 3427 2749 3502 Quando
2792 3435 3009 3493 autem
3057 3448 3137 3492 ex
3185 3429 3483 3493 illusione
3534 3429 3788 3504 accidit,
3842 3438 3915 3493 et

2407 3526 2725 3589 illusionis
2773 3546 2965 3589 causa
3012 3527 3075 3589 in
3128 3527 3313 3591 nobis
3361 3528 3705 3610 praecessit,
3752 3536 3917 3611 puta

2408 3644 2609 3707 quum
2653 3625 2798 3707 quis
2847 3625 3141 3689 indevote
3186 3626 3268 3689 ad
3308 3626 3755 3690 dormiendum
3801 3645 3911 3689 ac-

2410 3724 2620 3798 cessit,
2654 3724 2827 3787 idem
2855 3731 2954 3787 est
2977 3724 3296 3806 judicium
3334 3743 3409 3788 ac
3442 3726 3520 3788 de
3550 3725 3915 3809 pollutione

2410 3840 2553 3903 quae
2600 3841 2679 3885 ex
2730 3823 3110 3905 cogitatione
3157 3824 3539 3906 praecedenti
3586 3832 3908 3888 causatur.

2409 3921 2474 3984 Si
2521 3929 2735 3984 autem
2782 3941 2973 3985 causa
3020 3922 3089 3985 in
3134 3921 3321 3986 nobis
3380 3941 3509 3987 non
3556 3923 3911 4006 praecessit,

2410 4019 2540 4083 imo
2571 4020 2771 4101 magis
2802 4021 3117 4084 contraria
3145 4038 3355 4095 causa,
3373 4030 3437 4084 et
3464 4022 3585 4085 hoc
3614 4021 3919 4105 frequen—

2409 4126 2505 4181 ter
2542 4118 2885 4199 contingat,
2921 4118 3269 4201 praesertim
3310 4138 3512 4201 quum
3550 4120 3697 4202 quis
3736 4138 3915 4184 com-

799 4217 984 4279 cedit.
1019 4216 1348 4280 Hebetudo
1389 4224 1604 4279 autem
1649 4216 1881 4279 mentis
1919 4224 1982 4279 et
2024 4216 2299 4281 immun·
2327 4219 2376 4281 D
2410 4216 2851 4279 municaturus
2879 4216 3265 4298 est,signum
3298 4225 3394 4280 est
3425 4218 3594 4299 quod
3622 4216 3915 4282 fructum

798 4314 956 4378 ditia
1004 4314 1373 4397 corporaliS,
1423 4331 1502 4376 ex
1550 4314 1824 4396 quadam
1881 4316 2297 4379 condecentia

799 4413 1180 4495 impediunt,
1202 4411 1506 4494 quoniam
1538 4411 1860 4476 indevotio
1887 4412 2179 4495 quaedam
2208 4414 2299 4477 vi·

796 4511 984 4574 detur
1019 4510 1107 4572 ita
1147 4509 1471 4585 accedere,
1503 4510 1631 4573 nisi
1669 4511 2012 4573 necessitas
2053 4520 2291 4593 urgeat.

797 4608 946 4672 Ideo
983 4608 1540 4683 considerandum,
1575 4616 1790 4671 utrum
1834 4608 1899 4671 in
1933 4628 2123 4673 causa
2162 4611 2297 4694 pol-

799 4706 1058 4771 lutionis
1117 4706 1422 4771 consistat
1477 4715 1812 4790 peccatum
1868 4709 2132 4771 mortale
2188 4717 2298 4772 aut

799 4805 1047 4869 veniale
1075 4804 1464 4889 praecedenS,
1498 4805 1651 4887 quia
1679 4806 1976 4887 cogitatio
2005 4808 2295 4889 turpium

797 4905 1179 4986 quandoque
1235 4912 1334 4967 est
1387 4903 1527 4967 sine
1584 4913 1866 4986 peccato,
1918 4905 2084 4968 sicut
2142 4907 2297 4969 dum

799 5010 1012 5065 manet
1051 5003 1118 5065 in
1157 5002 1537 5084 cogitatione
1577 5003 2001 5079 solummod0,
2037 5012 2106 5067 ut
2142 5005 2297 5068 dum

797 5101 942 5183 quis
989 5100 1323 5182 disputans
1371 5100 1450 5163 de
1499 5101 1757 5177 talibuS,
1801 5120 2062 5166 necesse
2107 5102 2299 5166 habet

797 5201 1074 5281 cogitare
1119 5199 1200 5262 de
1247 5198 1378 5279 eis3
1418 5199 1764 5282 aliquando
1809 5219 1962 5265 vero
2009 5210 2107 5265 est
2148 5220 2297 5264 cum

797 5306 1058 5382 peccato
1089 5298 1344 5373 veniali,
1369 5300 1624 5381 quando
1653 5300 1733 5364 ad
1761 5300 2171 5364 affectionem
2202 5317 2301 5363 co-

2407 4314 2780 4394 hujusmodi
2827 4315 3299 4378 communionis
3346 4314 3599 4379 auferre
3642 4326 3917 4381 conatur

2407 4412 2719 4478 diabolus.
2754 4413 2914 4476 Hinc
2953 4413 3019 4476 in
3048 4413 3160 4476 tali
3194 4432 3345 4477 casu
3380 4415 3745 4479 consultum
3783 4413 3915 4478 fuit

2408 4510 2663 4574 cuidam
2703 4511 3035 4584 monache,
3070 4517 3139 4573 ut
3168 4511 3235 4574 in
3266 4511 3723 4576 collationibus
3754 4513 3913 4595 legi-

2407 4616 2514 4671 tur
2558 4609 2833 4683 Patrum,
2884 4608 3055 4691 quod
3101 4610 3645 4691 communicaret;
3684 4612 3911 4695 sicque

2409 4706 2701 4772 diabolus
2730 4708 2955 4771 videns
2992 4726 3060 4771 se
3094 4726 3223 4773 non
3260 4727 3447 4792 posse
3482 4709 3771 4774 obtinere
3812 4711 3911 4775 in-

2408 4813 2678 4880 tentum,
2710 4806 2792 4869 ab
2822 4806 3120 4870 illusione
3150 4809 3441 4871 cessavit.
3476 4808 3540 4872 Si
3580 4817 3795 4873 autem
3828 4828 3910 4875 ex

2408 4904 2555 4968 cibo
2595 4912 2705 4967 aut
2747 4912 2901 4988 potu
2943 4906 3327 4989 praecedenti
3367 4908 3691 4983 acciderit,
3734 4908 3911 4973 idem

2407 5012 2505 5066 est
2529 5003 2849 5084 judicium
2884 5023 2961 5067 ac
2996 5004 3076 5069 de
3106 5005 3460 5087 pollutione
3490 5026 3633 5089 quae
3670 5027 3749 5071 ex
3778 5016 3913 5071 tur-

2409 5103 2476 5185 pi
2525 5102 2905 5184 cogitatione
2952 5106 3262 5186 processit
3306 5123 3321 5167 :
3366 5105 3494 5168 nisi
3540 5105 3608 5168 in
3654 5114 3910 5172 tantum

2411 5202 2583 5284 quod
2631 5219 2761 5265 non
2803 5201 2891 5265 ita
2932 5201 3011 5265 de
3062 5202 3236 5266 facili
3282 5204 3594 5286 contingit
3640 5224 3913 5289 peccam

2414 5301 2766 5364 mortaliter
2803 5302 2870 5365 in
2920 5304 3286 5386 sumptione
3326 5304 3453 5367 cibi
3495 5304 3661 5369 sicut
3701 5306 3768 5369 in
3806 5326 3915 5372 co-
