4267 6250
1279 493 2549 543 musmon-mstm
3344 473 3469 539 423

337 670 496 736 tem
533 671 747 755 culpae
793 672 888 737 sit
925 670 1216 753 qualitas
1263 672 1331 735 91
1369 672 1706 753 quantitas
1739 688 1972 753 poenae.
2013 671 2165 737 Non
2200 672 2379 737 enim
2422 688 2543 753 par
2586 670 2782 736 debet
2825 688 2971 736 eaee
3012 670 3267 734 fructus
3308 668 3467 734 boni

333 788 576 869 operis
616 788 766 869 ejus
803 790 920 871 qni
955 786 1126 850 nihil
1163 785 1270 851 vel
1305 786 1531 851 minus
1563 787 1882 868 peccavit,
1922 788 1989 851 et
2023 787 2171 867 eJus
2206 788 2323 869 qni
2358 788 2627 867 gravius
2664 787 2923 851 cecidit.
2964 786 3121 851 Ideo
3156 786 3466 851 discretio

333 902 702 985 poenitenti
737 904 932 967 valde
971 903 1342 967 necoesaria
1375 904 1500 979 981,
1539 903 1617 965 ut
1653 900 1768 965 illa
1799 903 1985 983 gerat
2017 920 2169 983 quae
2212 903 2413 966 tradit
2446 902 2887 983 Augustinus,
2927 902 3155 965 dicens
3186 922 3202 963 :
3234 902 3467 965 Consi-
3492 920 3763 995 Α-μςνο-

333 1019 536 1083 119191
569 1020 962 1101 qualitatem
999 1018 1300 1082 criminis
1335 1018 1404 1081 in
1443 1018 1612 1097 loco,
1651 1018 1720 1081 in
1761 1018 2082 1099 tempore,
2123 1020 2197 1082 in
2232 1019 2739 1101 perseverantia,
2780 1020 2853 1081 in
2888 1018 3202 1082 varietate
3238 1034 3465 1100 perso-
3488 986 3759 1089 'gf-‘'¹''

335 1154 480 1217 nae,
512 1138 580 1200 91
605 1136 790 1218 quali
829 1136 958 1199 boc
995 1135 1224 1199 fecerit
1257 1134 1642 1213 tentatione,
1671 1150 1758 1197 an
1795 1134 1866 1196 in
1901 1134 2116 1215 ipsius
2143 1135 2289 1197 vitii
2328 1133 2679 1216 multiplici
2716 1134 3159 1199 exsecutione.
3190 1134 3469 1217 Oportet

337 1252 534 1317 enim
561 1252 882 1333 poenitere
921 1251 1354 1315 fornioentem
1389 1250 1756 1313 secundum
1793 1249 2249 1314 excellentiam
2286 1250 2393 1314 sui
2436 1252 2650 1314 status
2688 1250 2790 1315 vel
2830 1250 3049 1328 officii,
3083 1249 3187 1313 vel
3224 1268 3466 1315 secun-

339 1368 514 1431 dum
553 1368 832 1432 modum
871 1367 1236 1432 meretricis
1261 1367 1329 1430 et
1365 1367 1436 1429 in
1473 1365 1748 1430 modum
1785 1366 2004 1447 operis
2039 1366 2171 1447 sui,
2202 1368 2270 1431 et
2304 1366 2587 1448 qualiter
2614 1366 3093 1449 turpitudinem
3122 1366 3328 1448 egerit
3358 1386 3375 1427 :
3406 1366 3467 1429 si

343 1486 426 1547 in
472 1484 618 1548 loco
669 1486 950 1563 sacrato,
989 1484 1047 1547 si
1093 1483 1166 1546 in
1208 1485 1506 1564 tempore
1551 1481 1834 1545 orationi
1885 1483 2271 1561 constituto,
2308 1484 2385 1546 ut
2428 1484 2586 1546 sunt
2634 1482 3025 1546 festivitates
3068 1484 3136 1546 et
3170 1484 3469 1564 tempora

337 1600 615 1681 jejunii.
647 1599 1036 1663 consideret
1067 1600 1390 1679 quantum
1419 1598 1955 1679 perseveraverit,
1983 1598 2048 1661 et
2071 1598 2310 1662 defleat
2335 1599 2514 1679 quod
2541 1600 3035 1680 perseveranter
3058 1600 3425 1680 peccaverit
3448 1620 3467 1680 3

347 1718 421 1781 et
457 1718 708 1798 quanta
743 1716 960 1779 victus
999 1715 1198 1779 fuerit
1233 1714 1732 1797 impugnatione
1765 1734 1780 1775 :
1813 1715 1970 1777 sunt
2004 1714 2183 1778 9111111
2212 1716 2327 1796 qui
2356 1731 2488 1778 non
2524 1714 2745 1779 solum
2780 1731 2913 1777 non
2944 1714 3321 1794 vincuntur,
3352 1716 3469 1779 sed

347 1834 530 1899 ultro
571 1852 646 1897 se
683 1834 952 1914 peccato
992 1833 1321 1913 offerunt3
1359 1850 1480 1895 nec
1516 1832 1900 1913 exspectant
1935 1832 2386 1909 tentationem,
2428 1831 2545 1895 sed
2585 1831 2999 1913 praeveniunt
3033 1831 3463 1913 voluptatem.

345 1952 444 2016 Et
475 1951 830 2032 pertractet
855 1966 1082 2012 8999111
1109 1965 1312 2030 quam
1351 1947 1704 2029 multiplici
1736 1946 1994 2011 actione
2030 1948 2179 2010 vitii
2214 1946 2687 2011 delectabiliter
2720 1948 3035 2029 peccavit.
3068 1948 3307 2013 Omnis
3342 1949 3471 2013 ista

349 2068 642 2131 varietas
691 2065 1064 2129 confitenda
1109 2066 1210 2128 981
1258 2066 1326 2128 91
1373 2063 1694 2143 deflenda,
1739 2064 1816 2126 ut
1859 2080 2070 2145 quum
2115 2064 2497 2145 cognoverit
2546 2064 2727 2145 quod
2774 2066 3117 2145 peccatum
3164 2065 3287 2143 est,
3337 2066 3469 2128 cito

347 2182 652 2247 inveniat
691 2182 912 2245 Deum
945 2180 1076 2244 sibi
1123 2179 1509 2261 propitium.
1543 2179 1622 2242 In
1663 2178 2118 2261 cognoscendo
2167 2180 2595 2260 augmentum
2634 2179 2909 2261 peccati,
2943 2180 3236 2243 inveniat
3270 2180 3471 2243 etiam

351 2298 552 2380 cujus
587 2297 806 2362 aetatis
832 2296 1054 2375 fuerit,
1084 2296 1278 2377 cujus
1312 2295 1654 2376 sapientia}
1682 2296 1748 2358 91
1775 2294 2046 2357 ordinis,
2081 2296 2481 2358 Immoretur
2516 2295 2585 2357 111
2620 2294 2905 2376 singulis
2938 2295 3111 2373 istis,
3142 2295 3208 2359 91
3234 2296 3474 2359 sentiat

351 2415 638 2479 modum
683 2412 1006 2493 criminis,
1049 2428 1338 2494 purgans
1372 2410 1664 2474 lacrimis
1713 2427 1980 2475 omnem
2023 2411 2411 2492 qualitatem
2452 2411 2621 2473 vitii.
2662 2411 2916 2475 Defleat
2960 2410 3296 2490 virtutem,
3340 2426 3475 2493 qua

353 2530 630 2595 interim
671 2530 884 2593 caruit
918 2548 934 2589 :
975 2528 1332 2592 dolendum
1381 2528 1483 2591 981
1527 2527 1706 2590 enim
1745 2543 1880 2590 non
1927 2526 2149 2591 solum
2192 2527 2371 2609 quod
2412 2526 2728 2609 peccavit,
2770 2526 2887 2591 sed
2924 2527 3084 2608 quia
3116 2544 3189 2590 se
3228 2527 3471 2591 virtute

353 2646 670 2729 privavit.
704 2646 958 2710 Defleat
985 2645 1212 2724 etiam,
1242 2643 1560 2725 quoniam
1589 2641 1928 2705 offendens
1955 2642 2024 2705 in
2053 2660 2213 2720 uno,
2250 2642 2463 2705 factus
2492 2643 2594 2705 est
2620 2642 2917 2705 omnium
2960 2658 3133 2705 reus.
3168 2642 3473 2722 Ingratus
3494 2659 3765 2711 samanae.

357 2763 540 2827 enim
579 2760 837 2825 exstitit
876 2760 994 2841 qui
1035 2759 1272 2842 plenus
1302 2757 1661 2821 virtutibus
1697 2758 1912 2821 Deum
1951 2758 2222 2821 omnino
2258 2774 2393 2821 non
2420 2758 2666 2821 timuit.
2698 2758 2777 2820 In
2812 2758 2939 2821 hoc
2974 2758 3151 2821 enim
3186 2758 3471 2839 quisque

355 2879 665 2960 peccator
698 2876 777 2939 fit
811 2874 1224 2957 culpabilior,
1257 2891 1392 2954 quo
1431 2874 1532 2937 981
1565 2874 1704 2937 Deo
1742 2873 2070 2953 acceptior
2101 2893 2118 2934 :
2152 2874 2299 2938 ideo
2331 2873 2509 2937 enim
2536 2873 2750 2937 Adam
2778 2873 2931 2956 plus
2966 2873 3283 2954 peccavit,
3313 2872 3471 2954 quia

357 2994 547 3058 omni
581 2992 758 3056 bono
796 2990 1178 3054 abundavit.
1213 2990 1365 3053 Alio
1395 2990 1596 3053 etiam
1637 2990 1835 3053 modo
1875 2989 2213 3053 offendens
2248 2990 2317 3052 in
2354 3006 2515 3069 uno,
2548 2991 2761 3053 factus
2798 2991 2898 3055 est
2934 2990 3234 3053 omnium
3264 3006 3417 3053 reus
3449 3008 3465 3050 ε

356 3112 522 3195 quia
557 3109 776 3174 omnis
813 3108 1028 3172 virtus
1063 3107 1312 3189 patitur
1347 3106 1817 3171 detrimentum
1854 3104 1938 3170 ab
1972 3123 2107 3170 uno
2146 3106 2333 3170 vitio.
2365 3106 2580 3170 Ponat
2614 3125 2686 3172 89
2716 3106 2985 3171 omnino
3023 3107 3092 3170 in
3122 3106 3375 3188 judicio
3406 3108 3471 3172 et
3496 3125 3766 3182 mmmm.

355 3229 686 3312 potaetate
713 3225 1098 3304 89991119118,
1129 3224 1300 3287 nihil
1335 3224 1442 3287 sui
1479 3241 1819 3289 reservans
1854 3222 2007 3303 sibi,
2039 3224 2116 3286 ut
2144 3223 2389 3304 omnia,
2418 3240 2496 3286 eo
2520 3223 2816 3304 jubente,
2849 3226 3116 3304 paratus
3143 3225 3232 3287 sit
3261 3224 3472 3288 facere
3494 3191 3624 3234 '¹³⁰‘

356 3363 482 3429 pro
519 3342 896 3426 recipienda
935 3342 1074 3404 vita
1117 3341 1380 3421 animae,
1422 3358 1570 3422 quae
1619 3339 1858 3404 faceret
1893 3356 2013 3420 pro
2051 3339 2361 3402 evitanda
2394 3341 2687 3420 corporis
2728 3342 2939 3403 morte
2983 3359 2998 3400 ε
3040 3343 3105 3404 91
3133 3341 3284 3421 1199,
3318 3357 3470 3405 cum

359 3461 716 3538 desideri0,
750 3459 909 3540 quia
934 3458 1142 3520 vitam
1179 3459 1520 3539 recuperat
1549 3451 1897 3518 infinitam.
1931 3454 2098 3519 Cum
2135 3455 2377 3535 gaudio
2407 3455 2583 3517 enim
2622 3454 2834 3518 facere
2861 3455 3053 3518 debet
3081 3456 3475 3520 immortalis

363 3578 655 3654 futurae,
681 3593 832 3656 quae
863 3575 1105 3638 faceret
1131 3589 1250 3655 pro
1280 3572 1640 3635 differenda
1671 3573 1883 3634 morte
1911 3571 2295 3635 9191119198.
2321 3571 2594 3651 Semper
2620 3571 3004 3652 deprecetur
3028 3571 3279 3650 Deum3
3312 3572 3475 3635 offe·

359 3697 466 3758 rat
493 3694 635 3757 Deo
673 3693 968 3755 mentem
1005 3691 1072 3754 et
1106 3689 1324 3752 cordis
1360 3689 1858 3769 contritionem3
1897 3687 2134 3751 deinde
2170 3688 2235 3750 et
2271 3685 2449 3767 quod
2484 3686 2723 3767 potest,
2752 3685 2864 3750 det
2899 3685 2979 3750 de
3015 3688 3469 3768 possaesione3

361 3813 431 3876 et
471 3811 633 3873 tunc
673 3808 731 3872 si
773 3805 936 3888 quid
979 3805 1232 3884 offerat,
1275 3821 1548 3868 securus
1588 3803 1837 3867 offerat.
1883 3802 2206 3883 Respexit
2238 3801 2569 3865 Dominus
2616 3801 2699 3865 ad
2746 3800 2913 3866 Abel
2960 3803 3027 3866 et
3071 3801 3154 3865 ad
3202 3819 3475 3866 munera
3527 3829 3639 3872 cen.
3656 3843 3707 3880 n.
3724 3832 3765 3872 1.

361 3926 532 4008 ejus.
577 3924 776 3987 Prius
824 3922 988 3985 dicit
1036 3926 1137 3986 ad
1173 3923 1352 3984 Abel
1398 3937 1598 4000 quam
1639 3925 1738 3984 αα
1777 3935 2098 3984 munera
2150 3921 2335 3992 ejus.
2378 3918 2455 3980 In
2496 3917 2749 3999 judicio
2798 3935 2951 3999 ergo
2996 3917 3211 3982 cordis
3247 3918 3473 3982 confe-

361 4041 568 4107 renda
605 4042 708 4105 981
748 4038 1170 4118 eleemosyna
1206 4034 1576 4100 tribuentiS.
1615 4035 1754 4098 Nec
1794 4033 2342 4098 considerandum
2383 4034 2485 4096 est
2520 4035 2865 4114 quantum,
2906 4033 3021 4097 sed
3062 4051 3194 4114 qua
3224 4036 3467 4112 mente,

363 4175 500 4240 qua
547 4155 896 4220 affectione
944 4153 1058 4215 dat
1101 4151 1280 4233 quod
1327 4152 1566 4232 potest.
1602 4149 1730 4224 Qui
1779 4165 1933 4229 ergo
1979 4165 2102 4212 sua
2150 4149 2415 4229 peccata
2459 4147 2783 4212 redimere
2819 4148 2965 4211 vult
3008 4147 3471 4230 temporalium

365 4273 724 4351 oblatione,
767 4271 954 4352 prius
991 4269 1222 4332 offerat
1255 4268 1569 4330 mentem.
1611 4265 1852 4329 Caveat
1891 4264 2115 4344 etiam,
2158 4281 2240 4327 ne
2276 4263 2513 4329 ductus
2557 4264 2972 4345 verecundia,
3005 4263 3257 4328 dividat
3296 4263 3471 4346 apud
3498 4287 3767 4344 Αυμμίι.

365 4407 440 4454 89
487 4386 996 4464 confessionem,
1037 4385 1113 4448 ut
1147 4382 1408 4446 diversa
1455 4381 1734 4445 diversis
1780 4380 1942 4443 velit
1985 4379 2435 4444 sacerdotibus
2486 4380 2927 4444 manifestare.
2967 4379 3252 4455 Quidam
3294 4381 3471 4444 enim
3496 4354 3625 4398 ”⁶²¹⁶

365 4506 488 4571 uni
525 4503 740 4568 celant
770 4500 950 4584 quod
985 4499 1171 4564 alteri
1211 4497 1766 4562 manifestandum
1805 4497 2194 4560 conservant
2230 4515 2244 4556 :
2286 4495 2465 4577 quod
2501 4498 2602 4559 est
2636 4515 2707 4560 se
2745 4497 3009 4561 laudare
3047 4497 3112 4559 et
3148 4496 3232 4560 ad
3266 4497 3479 4579 hypo·

369 4622 598 4686 crisim
635 4618 926 4696 tendere,
953 4619 1020 4681 et
1055 4633 1318 4696 semper
1353 4615 1546 4678 venia
1574 4631 1813 4692 carere,
1847 4613 1930 4675 ad
1957 4629 2160 4693 quam
2188 4629 2307 4692 per
2336 4611 2545 4675 frusta
2571 4614 2807 4693 putant
2840 4613 3203 4694 pervenire.
3236 4613 3478 4676 Caveat

370 4739 598 4816 etiam,
631 4753 715 4799 ne
751 4734 940 4817 prius
975 4731 1060 4795 ad
1095 4729 1504 4794 dominicum
1543 4746 1781 4810 corpus
1817 4727 2102 4807 accedat,
2145 4744 2346 4808 quam
2384 4728 2788 4790 confortetur
2822 4727 2993 4790 bona
3040 4728 3474 4809 conscientia3

372 4855 438 4917 et
487 4851 708 4915 doleat
747 4847 928 4930 quod
969 4846 1266 4910 nondum
1311 4846 1549 4910 audeat
1589 4861 1848 4908 sumere
1895 4859 2092 4924 quem
2135 4842 2423 4906 multum
2463 4842 2790 4905 desiderat
2834 4841 3057 4904 cibum
3096 4843 3471 4907 salutarem.

371 4967 693 5032 cohibeat
733 4965 934 5029 etiam
971 4981 1045 5027 se
1080 4981 1119 5026 a
1155 4963 1354 5042 ludis,
1381 4979 1421 5025 9
1450 4961 1841 5043 spectaculis
1882 4959 2132 5038 saeculi,
2166 4959 2280 5039 qui
2318 4957 2674 5040 perfectam
2712 4957 2856 5019 vult
2891 4958 3205 5039 consequi
3240 4959 3478 5022 remis-

375 5083 584 5147 sionis
611 5082 918 5163 gratiam.
953 5080 1073 5143 Isti
1111 5080 1268 5143 sunt
1300 5078 1483 5159 digni
1523 5077 1776 5140 fructus
1811 5074 2239 5157 poenitentiae,
2268 5074 2557 5137 animam
2586 5072 2914 5153 captivam
2944 5074 3383 5156 elaqueanteS,
3414 5076 3481 5139 et

379 5201 452 5264 in
501 5199 802 5264 libertate
853 5197 1210 5261 servantes.
1261 5195 1349 5258 Et
1399 5194 1572 5257 infra
1620 5213 1635 5255 :
1687 5192 1955 5266 Quaerat
2004 5192 2228 5254 anima
2275 5190 2511 5270 dignos
2562 5189 2837 5268 fructuS,
2888 5190 3010 5254 etsi
3058 5207 3192 5253 non
3244 5192 3481 5272 dignos
3546 5222 3727 5267 mmm,

389 5316 814 5400 poenitentiae.
847 5315 1018 5380 Sunt
1055 5313 1232 5378 enim
1269 5311 1452 5394 digni
1481 5310 1736 5374 fructus
1764 5309 2109 5389 virtutum,
2143 5308 2259 5390 qui
2295 5323 2428 5370 non
2456 5305 2789 5371 sufficiunt
2814 5306 3305 5389 poenitentibus.
3338 5307 3483 5372 Ρω-
