4267 6250
1389 502 1534 559 omn
1575 502 1668 551 srr
1707 502 2117 563 sanstae-rio,
2156 504 2285 551 sm.
3141 496 3153 508 ·
3274 484 3397 551 385

309 673 600 755 consequi
652 678 865 756 potest
920 672 1202 736 morbus.
1258 671 1380 735 Sed
1439 672 1506 734 in
1567 673 1790 735 morbo
1816 670 1871 735 A
1899 680 1996 735 est
2059 691 2139 736 ex
2202 681 2383 756 parte
2451 672 2922 737 satisfactionis.
2982 674 3201 757 Itaque
3266 690 3394 735 non

307 770 612 855 spirituali
661 790 790 835 non
837 779 936 835 est
992 770 1106 845 sic,
1159 771 1462 853 quoniam
1512 770 1788 833 liberum

305 869 630 932 arbitrium
675 888 803 933 non
850 868 1098 950 cogitur
1138 884 1154 929 :
1199 868 1440 932 idcirco
1481 869 1791 932 manenti-

305 966 418 1029 bus
462 966 968 1049 praecedentibus
1005 966 1237 1041 causiS,
1278 974 1489 1048 potest
1524 966 1788 1029 morbus

307 1065 419 1127 iste
463 1064 672 1138 vitari,
725 1063 1022 1146 quamvis
1078 1062 1471 1144 difficulter3
1525 1064 1788 1127 remotis

308 1180 550 1246 quoque
580 1162 790 1225 causis
825 1162 976 1237 illis,
1010 1169 1218 1245 potest
1248 1162 1508 1224 incurri.
1543 1162 1692 1225 Ideo
1719 1162 1788 1225 in

306 1260 415 1323 hac
457 1259 912 1323 satisfactionis
961 1258 1340 1322 definitione
1376 1260 1502 1322 duo
1541 1277 1787 1342 ponun-

305 1366 420 1433 tur,
463 1366 618 1441 puta
662 1374 678 1419 :
718 1356 1028 1420 abscissio
1075 1375 1432 1432 causarum,
1475 1366 1784 1440 quantum

305 1458 377 1519 ad
413 1456 741 1540 primum;
791 1474 865 1517 ac
912 1454 1252 1517 renitentia
1301 1454 1490 1519 liberi
1539 1455 1786 1518 arbitrii

305 1562 514 1617 contra
549 1560 910 1635 peccatum,
941 1560 1254 1634 quantum
1293 1554 1372 1615 ad
1407 1554 1781 1617 secundum.

304 1654 580 1735 Denique
629 1651 1044 1733 intelligenda
1085 1659 1235 1714 sunt
1276 1653 1409 1715 haec
1453 1653 1533 1714 de
1577 1654 1786 1735 proxi-

305 1752 417 1814 mis
445 1751 656 1814 causis
687 1751 928 1833 peccati
959 1750 1248 1823 actualis,
1279 1769 1422 1832 quae
1459 1758 1610 1813 sunt
1642 1751 1785 1813 libi-

1899 779 2108 854 potest
2156 772 2347 836 homo
2404 770 2769 835 satisfacere
2816 772 2966 847 Deo,
3020 772 3073 833 si
3125 771 3189 853 ly
3236 772 3397 831 satis

1897 870 2323 952 aequalitatem
2352 869 2725 953 quantitatis
2756 870 3058 953 importet
3076 887 3093 949 3
3114 869 3226 933 sed
3257 885 3400 950 pro-

1896 974 1968 1029 ut
2015 968 2441 1051 aequalitatem
2491 968 2922 1052 proportionis
2966 966 3273 1049 designat.
3319 966 3398 1027 Et

1897 1065 2064 1127 sicut
2101 1065 2224 1129 hoc
2255 1064 2502 1129 sufficit
2535 1066 2615 1127 ad
2652 1066 2964 1128 rationem
2990 1064 3277 1146 justitiae,
3310 1064 3398 1126 ita

1895 1163 1975 1224 ad
2014 1162 2327 1226 rationem
2362 1162 2833 1226 satisfactionis,

1978 1260 2071 1324 Ad
2101 1260 2429 1342 objectum
2460 1279 2612 1343 ergo
2639 1261 3007 1336 dicendum,
3030 1260 3201 1342 quod
3230 1260 3399 1324 sicut

1896 1358 2147 1421 offensa
2175 1359 2368 1421 habet
2396 1359 2737 1441 quamdam
2769 1358 3159 1421 infinitatem
3192 1376 3271 1421 ex
3302 1358 3394 1421 in-

1896 1455 2147 1519 finitate
2179 1458 2528 1538 majestatis
2557 1457 2815 1531 divinae,
2834 1456 2921 1519 ita
2950 1466 3015 1519 et
3043 1455 3391 1520 satisfactio

1894 1556 2129 1638 accipit
2166 1556 2509 1637 quamdam
2541 1556 2927 1619 infinitatem
2958 1574 3035 1619 ex
3069 1555 3387 1619 infinitate

1893 1653 2128 1717 divinae
2170 1653 2641 1729 misericordias,
2678 1662 2869 1736 prout
2902 1652 3249 1717 satisfactio
3294 1654 3387 1716 in-

1894 1750 2163 1815 formata
2216 1759 2315 1815 est
2360 1752 2582 1833 gratia,
2632 1771 2749 1835 per
2804 1771 2997 1834 quam
3048 1760 3385 1835 acceptum

303 1850 376 1912 do
401 1868 476 1911 ex
506 1849 970 1912 consuetudine
1001 1849 1308 1931 peccandi
1336 1848 1440 1911 vel
1467 1856 1614 1911 actu
1639 1868 1785 1932 pec·
1818 1854 1866 1917 B
1896 1850 2183 1914 redditur
2225 1851 2354 1913 Deo
2397 1852 2567 1932 quod
2610 1850 2803 1914 homo
2852 1851 3114 1931 reddere
3158 1859 3383 1934 potest.

305 1949 416 2011 cati
465 1948 710 2023 relicta,
757 1956 822 2011 et
868 1948 1158 2029 qnaedam
1205 1946 1494 2029 reliquiae
1541 1948 1785 2029 peccati

303 2046 618 2128 praeteriti,
657 2064 732 2109 ac
775 2046 1121 2109 exteriores
1166 2046 1472 2127 peccandi
1510 2047 1785 2110 occasio-

303 2163 428 2217 nes,
477 2152 547 2206 ut
606 2143 808 2219 locus,
859 2143 1028 2206 mala
1085 2144 1376 2219 societas,
1428 2151 1595 2224 etc.;
1643 2165 1786 2227 quae

305 2262 495 2307 causae
527 2250 800 2325 possunt
827 2242 1036 2317 vitari,
1070 2242 1363 2324 quamvis
1408 2241 1633 2317 fomes,
1673 2243 1784 2326 qui

304 2347 392 2403 est
414 2360 602 2404 causa
631 2348 878 2405 remota
908 2341 1176 2423 peccati,
1209 2348 1484 2422 nequeat
1509 2341 1788 2405 totaliter

303 2440 644 2522 exstirpari.
679 2475 762 2485 —
790 2439 920 2501 Hoc
951 2457 1206 2522 quoque
1237 2439 1592 2513 sciendum,
1615 2440 1786 2522 quod

305 2554 480 2599 causa
523 2536 675 2599 mali
723 2554 838 2599 seu
887 2535 1263 2618 privationis
1310 2554 1388 2599 eo
1433 2538 1619 2601 modo
1661 2554 1788 2620 quo

304 2634 483 2697 habet
527 2652 812 2709 causam,
859 2642 957 2697 est
1001 2633 1242 2698 bonum
1277 2634 1621 2698 deficiens.
1673 2636 1787 2699 Bo·

305 2752 446 2795 num
479 2750 634 2796 vero
673 2732 928 2796 facilius
967 2732 1212 2795 tollitur
1247 2752 1441 2815 quam
1479 2734 1787 2798 construi-

305 2838 414 2891 tur.
447 2830 692 2893 Idcirco
725 2828 980 2892 facilius
1017 2836 1115 2892 est
1151 2848 1372 2893 causas
1413 2830 1786 2912 privationis

303 2946 405 2989 seu
444 2928 595 2990 mali
632 2927 1034 3004 abscindere,
1067 2946 1262 3009 quam
1301 2928 1514 3010 ipsum
1547 2929 1786 2991 malum

1893 1950 2348 2011 Verumtamen
2389 1948 2650 2030 quidam
2689 1948 2932 2024 dicunt,
2964 1950 3135 2032 quod
3172 1968 3393 2033 pecca-

1895 2054 2032 2109 tum
2061 2046 2257 2133 babet
2284 2045 2671 2110 infinitatem
2700 2066 2779 2109 ex
2810 2056 2987 2129 parte
3016 2048 3389 2124 aversioniS,

1894 2154 1960 2209 et
1997 2146 2090 2209 sic
2127 2146 2323 2227 gratis
2362 2145 2748 2226 dimittitur3
2789 2147 2898 2210 sed
2930 2165 3008 2209 ex
3038 2154 3217 2230 parte
3246 2164 3393 2212 con·

1894 2244 2207 2307 versionis
2256 2250 2353 2306 est
2398 2244 2724 2325 gravitatis
2774 2244 2995 2319 rinitae,
3037 2253 3102 2308 et
3149 2246 3234 2308 ita
3278 2265 3395 2329 pro

1895 2360 1972 2406 eo
1999 2342 2299 2405 satisfieri
2332 2349 2559 2425 potest.
2595 2343 2716 2406 Sed
2746 2342 2867 2405 hoc
2896 2344 3058 2406 nihil
3089 2352 3206 2419 est,
3238 2363 3394 2427 quo-

1896 2442 2070 2503 niam
2101 2440 2449 2503 satisfactio
2487 2458 2614 2503 non
2650 2442 3103 2523 correspondet
3132 2450 3394 2524 peccato

1896 2538 2019 2601 nisi
2051 2539 2405 2601 secundum
2436 2538 2607 2620 quod
2638 2545 2735 2600 est
2762 2538 3013 2601 offensa
3040 2538 3149 2601 Dei
3177 2556 3191 2600 :
3223 2540 3393 2621 quod

1896 2655 2024 2701 non
2067 2636 2260 2699 habet
2300 2654 2379 2699 ex
2421 2643 2599 2719 parte
2640 2636 3097 2712 conversioniS,
3139 2638 3251 2700 sed
3297 2656 3393 2701 so—

1895 2735 2029 2798 lum
2073 2754 2152 2798 ex
2189 2742 2367 2818 parte
2404 2734 2775 2799 aversionis.
2810 2734 2970 2797 Hinc
3003 2734 3112 2797 alii
3144 2735 3388 2811 dicunt,

1895 2834 2066 2915 quod
2104 2833 2297 2895 etiam
2342 2840 2655 2914 quantum
2694 2832 2771 2895 ad
2812 2833 3233 2908 aversionem,
3276 2850 3393 2915 pro

1897 2940 2159 3014 peccato
2182 2931 2476 2995 satisfieri
2502 2939 2709 3015 potest
2730 2931 2963 2995 virtute
2988 2931 3200 2995 meriti
3224 2932 3397 2995 Chri·

305 3044 643 3101 removere,
695 3026 868 3109 quod
915 3044 1043 3089 non
1095 3034 1460 3089 removetur
1503 3026 1628 3089 nisi
1677 3027 1786 3091 bo-
1821 3032 1866 3095 C
1897 3030 2001 3103 sti,
2045 3030 2217 3113 quod
2256 3029 2377 3092 fuit
2421 3030 2892 3113 quodammodo
2935 3029 3283 3094 infinitum.
3320 3030 3399 3093 Et

303 3145 448 3188 num
479 3126 948 3199 constituendo,
981 3133 1052 3186 ut
1089 3132 1264 3207 patet
1301 3123 1368 3187 in
1407 3125 1686 3188 caecitate
1724 3133 1790 3188 et

303 3224 501 3286 causis
543 3223 706 3304 ejus.

373 3321 552 3385 Modo
599 3320 973 3395 videndum,
1023 3321 1300 3402 qualiter
1345 3320 1552 3384 valeat
1597 3321 1789 3385 homo

303 3437 410 3500 pro
451 3421 586 3482 suis
611 3418 916 3503 ,peccatis
962 3417 1326 3482 satisfacere
1374 3420 1522 3482 Deo.
1573 3420 1789 3502 Itaque

303 3516 777 3589 advertendum,
839 3516 1009 3598 quod
1067 3516 1260 3580 homo
1316 3517 1658 3598 dupliciter
1713 3516 1792 3579 fit

306 3613 546 3678 debitor
583 3616 715 3678 Deo
748 3631 764 3676 t
798 3614 1030 3697 primo,
1073 3615 1314 3678 ratione
1352 3614 1655 3678 beneficii
1693 3634 1792 3678 ac-

308 3714 510 3795 cepti;
551 3714 856 3787 secunde,
888 3713 1132 3776 ratione
1175 3713 1420 3794 peccati
1464 3714 1788 3777 commissi

307 3812 400 3875 vel
441 3812 724 3876 admissi.
765 3811 1310 3885 Quemadmodum
1353 3819 1567 3874 autem
1610 3812 1794 3876 latria

308 3929 412 3973 seu
456 3911 806 3992 gratiarum
849 3910 1015 3973 actio
1057 3909 1319 3992 respicit
1361 3908 1648 3973 debitum
1690 3929 1790 3973 ac·

309 4010 466 4092 cepti
507 4008 836 4082 beneficii,
868 4007 962 4069 sic
999 4007 1348 4071 satisfactio
1389 4009 1652 4090 respicit
1685 4009 1792 4071 de-

307 4105 503 4171 bitum
533 4106 782 4190 peccati
811 4106 1157 4170 commissi.
1201 4107 1271 4168 In
1310 4106 1660 4170 honoribus
1688 4127 1794 4171 au-

1897 3129 2017 3192 hoc
2055 3137 2155 3192 est
2192 3130 2362 3212 quod
2402 3129 2645 3191 dictum
2686 3137 2804 3204 est,
2838 3130 3007 3210 quod
3045 3147 3158 3210 per
3196 3127 3397 3192 fidem

1897 3226 2267 3290 mediatoris
2307 3227 2677 3290 hominibus
2715 3227 2915 3309 gratia
2956 3227 3101 3288 data
3142 3233 3258 3290 est.
3292 3228 3397 3290 At-

1896 3333 2111 3387 tamen
2143 3324 2198 3387 si
2228 3325 2395 3387 Deus
2426 3323 2796 3388 hominibus
2826 3324 2953 3387 alio
2987 3325 3175 3387 modo
3208 3324 3398 3405 grati-

1897 3441 2002 3485 am
2032 3423 2231 3496 daret,
2250 3421 2580 3484 sufficeret
2608 3420 2958 3484 satisfactio
2988 3441 3103 3504 per
3133 3422 3395 3485 modum

1899 3520 2295 3602 praedictum.
2327 3554 2410 3564 —
2438 3519 2583 3582 Haec
2623 3519 2897 3582 Thomas
2940 3519 3006 3580 in
3049 3519 3318 3602 Scripto.

1980 3616 2323 3680 Sciendum
2372 3624 2608 3690 autem,
2651 3616 2823 3697 quod
2867 3623 3124 3679 sanctus
3167 3617 3398 3679 Doctor

1899 3717 2020 3778 iste
2059 3715 2322 3777 recessit
2358 3733 2395 3776 a
2431 3731 2696 3796 corpore
2725 3732 2799 3775 ac
2839 3713 3139 3795 migravit
3169 3714 3247 3776 ad
3282 3715 3397 3777 Do-

1900 3814 2149 3876 minum
2182 3813 2249 3875 in
2279 3812 2729 3895 compilatione
2760 3812 2960 3875 tertiae
2990 3812 3187 3894 partis
3216 3812 3398 3875 Sum-

1901 3931 2042 3986 mae,
2064 3917 2213 3973 ante
2244 3910 2444 3992 ipsius
2475 3909 2992 3992 completionem,
3026 3909 3094 3971 in
3123 3915 3395 3972 tractatu

1899 4011 2022 4073 isto
2052 4010 2130 4072 de
2160 4008 2552 4072 Poenitentia.
2588 4009 2849 4071 Interim
2885 4008 3145 4090 quidam
3177 4008 3396 4071 doctor

1900 4107 2228 4192 supplevit
2256 4107 2423 4188 quod
2452 4105 2658 4169 defuit
2684 4125 2763 4169 ex
2794 4107 2916 4169 hoc
2948 4106 3195 4191 Scripto
3228 4105 3397 4189 ejus-

307 4211 427 4268 tem
451 4204 832 4270 exhibendis
854 4203 978 4267 diis
1001 4211 1188 4287 atque
1211 4205 1594 4287 parentibus,
1607 4206 1793 4270 etiam
1822 4210 1872 4272 D
1902 4207 2048 4269 dem
2105 4204 2310 4268 sancti
2368 4203 2651 4268 Doctoris
2704 4222 2719 4267 ε
2772 4203 3011 4269 idcirco
3058 4206 3137 4268 de
3185 4213 3397 4270 cetero

307 4305 652 4368 secundum
709 4303 1189 4386 Philosophum,
1243 4304 1641 4387 impossibile
1697 4313 1796 4370 est

307 4404 475 4467 reddi
519 4403 908 4486 aequivalens
948 4402 1299 4465 secundum
1339 4403 1790 4486 quantitatem3

305 4502 409 4565 sed
457 4501 707 4565 sufficit
755 4502 924 4584 quod
970 4501 1164 4564 homo
1211 4499 1407 4564 faciat
1458 4504 1628 4585 quod
1684 4523 1793 4587 po·

306 4609 442 4677 test,
475 4601 781 4685 quoniam
818 4600 1094 4663 amicitia
1131 4618 1262 4663 non
1301 4601 1561 4684 respicit
1602 4603 1796 4686 aequi·

303 4701 516 4764 valens
553 4701 679 4764 nisi
717 4700 1070 4763 secundum
1113 4701 1284 4783 quod
1327 4700 1634 4782 possibile
1675 4708 1789 4764 est.

307 4799 378 4861 Et
417 4801 538 4865 hoc
577 4799 772 4863 etiam
809 4806 908 4862 est
942 4799 1184 4882 aequale
1223 4799 1607 4882 aliqualiter,
1640 4807 1795 4884 puta

304 4899 654 4962 secundum
697 4897 1374 4980 proportionalitatem.
1421 4899 1580 4962 Nam
1628 4899 1796 4962 sicut

305 5015 368 5059 se
413 4997 606 5060 habet
651 4997 774 5060 hoc
820 4996 991 5078 quod
1038 4997 1168 5059 Deo
1215 4996 1504 5060 debitum
1553 5006 1670 5072 est,
1715 4997 1794 5061 ad

306 5095 542 5175 Deum3
587 5096 676 5158 ita
717 5096 840 5158 hoc
882 5094 1052 5177 quod
1097 5095 1214 5158 iste
1254 5103 1463 5179 potest
1508 5096 1792 5170 reddere,

303 5189 490 5256 habet
532 5212 602 5257 se
650 5195 728 5256 ad
774 5193 1011 5276 ipsum.
1058 5194 1290 5277 Sicque
1331 5194 1546 5277 aliqua
1590 5194 1796 5258 forma

300 5291 558 5373 justitiae
597 5301 1012 5359 conservatur
1057 5293 1316 5357 ibidem.
1361 5291 1796 5358 Consimiliter

541 5428 609 5480 T.
645 5427 726 5480 24.

1902 4305 2139 4388 scripta
2196 4302 2308 4366 illa
2364 4321 2442 4366 ex
2498 4302 2684 4366 tertia
2739 4310 2918 4387 parte
2984 4321 3113 4368 non
3166 4303 3393 4384 allego,

1901 4402 2054 4486 quia
2082 4401 2174 4464 nil
2204 4409 2315 4465 aut
2343 4420 2569 4484 parum
2603 4401 2695 4464 ibi
2734 4401 3028 4476 habetur,
3060 4400 3185 4463 nisi
3225 4401 3397 4483 quod

1901 4520 1979 4565 ex
2023 4502 2144 4564 hoc
2184 4501 2432 4584 Scripto
2474 4509 2811 4584 acceptum
2854 4508 2967 4564 est.
3010 4535 3092 4548 -
3128 4498 3396 4564 Concor-

1902 4602 2054 4664 dant
2091 4599 2390 4664 Albertus
2432 4607 2497 4663 et
2535 4601 2773 4663 Petrus.

1981 4701 2052 4762 In
2082 4700 2254 4762 idem
2283 4699 2449 4762 redit
2475 4698 2807 4781 responsio
2835 4697 3154 4773 Richardi‚
3187 4697 3398 4761 dicen·

1901 4799 1984 4861 tis
2028 4816 2042 4860 :
2084 4797 2423 4862 Hominem
2468 4814 2652 4878 posse
2698 4796 3065 4860 satisfacere
3108 4797 3259 4870 Dec,
3302 4797 3395 4858 in·

1901 4897 2103 4978 telligi
2145 4902 2352 4979 potest
2388 4894 2748 4976 dupliciter.
2794 4895 3026 4969 Prim0,
3067 4895 3237 4977 quod
3274 4894 3397 4957 hoc

1902 4996 2105 5080 possit
2152 5013 2267 5078 per
2313 5013 2381 5056 se
2430 4993 2569 5056 sine
2616 4993 2879 5055 alterius
2918 4993 3235 5075 adjutorio
3276 5012 3291 5055 ε
3332 5001 3399 5056 et

1903 5095 1990 5158 ita
2021 5111 2150 5158 non
2180 5100 2388 5176 potest
2416 5092 2555 5155 hoc.
2592 5091 2907 5166 Secundo,
2940 5091 3109 5173 quod
3143 5109 3257 5174 per
3288 5091 3396 5153 ad-

1899 5193 2214 5276 jutorium
2245 5191 2458 5253 meriti
2487 5209 2561 5253 ac
2591 5189 2806 5272 gratiae
2837 5189 3070 5254 Christi
3101 5190 3224 5252 hoc
3254 5206 3395 5272 pos-

1905 5293 1988 5356 sit
2021 5311 2035 5355 :
2068 5299 2133 5355 et
2174 5290 2263 5352 ita
2302 5297 2400 5353 est
2440 5289 2938 5354 concedendum.

3084 5421 3149 5476 25
