4267 6250
757 508 966 555 mun
1005 507 1072 554 m
1110 506 1406 565 Quantam
1447 505 1600 554 naas
1641 503 1948 553 nuum
1987 504 2185 554 emus
2226 507 2499 556 mamm-r
2539 508 2959 557 samum-ns
3334 489 3415 557 47

294 677 532 742 vitiose
559 685 874 754 erexerat,
911 677 1299 742 conveniens
1338 676 1464 740 fuit
1493 683 1564 740 ut
1601 675 1810 739 humi·
1839 675 1890 740 Α
1919 676 2323 742 sensibilium
2366 679 2757 760 judicabant.
2796 679 2869 742 Et
2912 680 3067 744 item
3104 687 3419 764 quantum

295 776 569 840 liaretur
617 776 744 840 sub
794 777 916 840 hoc
963 777 1134 860 quod
1182 776 1352 839 infra
1403 775 1616 858 ipsum
1663 773 1808 850 fuit,

295 883 568 959 propter
609 876 840 950 Deum,
873 884 945 939 ut
985 883 1160 939 tanto
1200 873 1512 938 humilius
1553 873 1814 936 descen-

295 975 484 1037 deret
531 974 657 1037 sub
701 991 782 1038 eo
831 974 1002 1057 quod
1051 971 1218 1036 infra
1267 972 1482 1055 ipsum
1531 970 1656 1034 fuit
1697 989 1814 1053 per

295 1080 624 1148 naturam,
657 1079 900 1155 quanto
938 1069 1280 1154 superbius
1315 1089 1385 1134 se
1421 1076 1709 1133 erexerat
1745 1069 1812 1132 in

295 1171 366 1233 id
393 1172 570 1253 qnod
601 1190 800 1254 supra
828 1171 1042 1253 ipsum
1069 1169 1208 1243 fuit,
1221 1170 1578 1252 appetendo
1607 1187 1818 1250 quam·

295 1270 448 1332 dam
493 1269 612 1332 Dei
656 1269 1111 1352 aequalitatem,
1145 1267 1208 1330 id
1250 1275 1348 1330 est
1386 1266 1812 1329 inordinatam

297 1367 843 1432 conformitatem.
878 1368 1077 1432 Penes
1107 1367 1418 1429 rationem
1458 1364 1625 1447 signi
1653 1365 1816 1428 acci-

297 1467 480 1548 pitur
506 1485 704 1529 eausa
731 1467 891 1540 haec,
923 1474 995 1527 ut
1032 1466 1225 1528 homo
1261 1463 1611 1538 erudiatur,
1643 1470 1710 1525 et
1735 1481 1814 1524 ex

295 1563 678 1627 visibilibus
715 1571 782 1626 et
817 1563 1234 1626 sensibilibus
1271 1561 1352 1624 ad
1381 1560 1812 1624 invisibilium

295 1663 598 1726 notitiam
629 1661 1222 1744 erigaturtsignum
1253 1678 1534 1742 namque
1563 1659 1808 1740 aliquid

295 1759 456 1823 facit
499 1761 728 1824 venire
776 1760 846 1822 in
893 1759 1186 1823 notitiam
1233 1758 1352 1834 rei,
1398 1765 1626 1840 praeter
1675 1776 1815 1839 spe-

1917 773 1998 837 ad
2063 774 2497 851 affectionem,
2562 778 2713 860 quia
2778 777 3047 841 terrenis
3114 786 3419 861 tanquam

1921 892 2177 938 summo
2210 874 2379 938 bono
2412 875 2681 939 inhaesit.
2716 876 2795 938 Et
2828 894 3073 951 rursuS,
3104 883 3417 959 quantum

1919 974 1999 1036 ad
2034 973 2375 1048 actionem,
2408 976 2712 1057 quoniam
2756 975 3110 1039 inordinate
3152 976 3423 1039 sensibi-

1925 1071 2092 1134 libus
2138 1072 2451 1136 utebatur.
2486 1073 2929 1136 Necessarium
2978 1073 3101 1137 fuit
3140 1091 3293 1156 ergo
3338 1073 3419 1137 ad

1921 1170 2227 1233 vitiorum
2258 1171 2673 1246 curationem,
2708 1180 2777 1234 ut
2814 1172 3005 1236 bomo
3042 1191 3123 1235 ex
3150 1173 3421 1236 sensibi-

1921 1269 2082 1332 lium
2125 1270 2351 1334 notitia
2388 1271 2468 1333 ad
2510 1271 2945 1354 spiritualium
2988 1271 3421 1353 cognitionem

1923 1369 2400 1444 conscenderet,
2434 1377 2497 1431 et
2534 1368 2842 1433 affectum
2885 1371 3055 1433 circa
3094 1378 3304 1433 creata
3344 1370 3424 1433 ad

1923 1465 2235 1530 Creatoris
2280 1467 2652 1531 transferret
2689 1486 2999 1545 amorem,
3032 1469 3127 1532 eis
3166 1486 3425 1552 quoque

1921 1566 2274 1628 secundum
2302 1566 2760 1629 institutionem
2788 1574 3077 1630 uteretur
3104 1567 3424 1631 divinam:

1922 1670 1987 1726 et
2015 1664 2161 1728 ideo
2200 1665 2557 1729 necessaria
2596 1665 2721 1728 fuit
2756 1675 3301 1730 sacramentorum
3333 1667 3429 1730 in-

1923 1763 2191 1838 stitutio,
2222 1783 2337 1847 per
2374 1783 2517 1848 quae
2554 1783 2635 1827 ex
2670 1764 3087 1829 sensibilibus
3127 1766 3207 1828 de
3242 1767 3430 1848 spiri-

295 1859 467 1922 ciem
513 1878 715 1942 quam
757 1858 1056 1922 sensibus
1101 1857 1351 1940 ingerit.
1383 1856 1581 1920 Penes
1625 1855 1812 1920 ratio·
1849 1854 1896 1918 B
1925 1861 2205 1925 tualibus
2263 1863 2624 1926 erudiretur
2668 1863 2761 1945 (et
2806 1863 2943 1928 haec
2992 1870 3089 1926 est
3146 1853 3429 1929 secunda

297 1976 454 2021 nem
505 1977 718 2022 causae
763 1957 1041 2021 sumitur
1084 1974 1275 2019 causa
1320 1956 1478 2029 haic,
1529 1974 1670 2037 quae
1717 1961 1814 2018 est

295 2056 686 2138 justificatio
717 2064 784 2120 et
819 2055 1098 2119 eruditio
1134 2072 1208 2117 ac
1245 2054 1540 2118 salutaris
1577 2053 1816 2116 exerci-

299 2155 458 2218 tatio
503 2155 792 2219 bominis
822 2172 840 2217 t
873 2161 1346 2217 sacramentum
1395 2152 1636 2215 etenim
1679 2169 1818 2233 gra-

301 2254 460 2316 tiam
513 2261 756 2317 causat.
809 2253 940 2317 Nec
997 2253 1166 2316 istud
1213 2252 1474 2334 derogat
1531 2249 1815 2314 bominis

303 2352 694 2434 perfectioni
722 2359 917 2435 atque
955 2351 1142 2414 saluti
1182 2351 1540 2414 secundum
1579 2357 1813 2412 statum

305 2450 586 2514 miseriae
645 2458 713 2513 et
767 2450 1014 2533 peccati
1073 2448 1137 2511 in
1195 2468 1388 2533 quem
1448 2449 1664 2531 lapsus
1718 2454 1817 2510 est

303 2556 556 2632 sponte.
607 2549 920 2612 Humiliat
965 2547 1140 2611 enim
1189 2565 1256 2610 se
1303 2547 1426 2610 sub
1478 2546 1816 2610 elementis

304 2656 570 2732 propter
601 2648 974 2722 Deum,non
1005 2654 1264 2729 propter
1291 2645 1696 2720 inferiora,et
1723 2644 1816 2707 sic

301 2747 572 2810 exaltari
604 2754 918 2826 meretur3
940 2754 1008 2809 et
1035 2746 1172 2829 ipse
1200 2745 1368 2808 Deus
1399 2745 1677 2807 instituit
1703 2762 1819 2826 per

305 2846 596 2910 visibilia
639 2853 704 2909 et
741 2845 1074 2908 sensibilia
1111 2845 1232 2908 ista
1271 2844 1339 2907 in
1379 2844 1518 2926 ipso
1557 2843 1818 2906 homine

307 2963 574 3009 causare
625 2945 898 3027 gratiam
951 2951 1016 3007 et
1063 2945 1353 3007 salutem.
1397 2941 1819 3007 Connaturale

1923 1977 2114 2022 causa
2159 1980 2353 2044 quam
2400 1962 2681 2043 assignat
2726 1961 3084 2043 Magister);
3114 1961 3425 2027 affectum

1924 2077 2179 2141 quoque
2209 2061 2287 2122 de
2316 2059 2731 2124 sensibilibus
2762 2061 2830 2122 in
2861 2061 2971 2123 Dei
3005 2061 3427 2126 reverentiam

1924 2156 2299 2221 reformaret
2325 2158 2419 2240 (et
2447 2158 2581 2223 haec
2620 2167 2717 2222 est
2754 2159 2963 2241 prima
2999 2160 3249 2242 causa);
3280 2178 3431 2224 con-

1921 2254 2213 2319 formiter
2242 2275 2359 2339 per
2385 2257 2522 2322 haec
2560 2257 2731 2320 circa
2758 2276 2836 2320 ea
2864 2258 2931 2320 in
2969 2260 3279 2322 honorem
3310 2259 3429 2322 Dei

1923 2355 2380 2417 exercitaretur
2404 2357 2498 2436 (et
2536 2354 2658 2417 ista
2694 2362 2792 2418 est
2826 2356 3016 2419 tertia
3045 2363 3282 2439 causa).
3315 2359 3431 2422 lta-

1922 2471 2049 2535 que
2087 2453 2289 2534 gratia
2326 2461 2391 2516 et
2424 2453 2691 2516 virtutes
2730 2462 2956 2518 sanant
2996 2455 3430 2519 sanctificant-

1927 2569 2052 2634 que
2096 2551 2470 2627 formaliter,
2504 2561 2900 2616 sacramenta
2936 2571 3089 2617 vero
3132 2553 3432 2618 effective

1926 2651 3059 2734 instrumentaliter,quemadmodum
3088 2654 3427 2717 medicina.

1928 2750 2172 2814 Idcirco
2210 2751 2377 2814 sicut
2419 2769 2547 2814 non
2592 2751 2904 2834 sequitur,
2939 2753 3185 2816 Sanitas
3230 2761 3431 2830 sanat,

1929 2867 2078 2932 ergo
2109 2851 2430 2913 medicina
2458 2868 2586 2915 non
2614 2858 2714 2914 est
2750 2853 3110 2916 necessaria
3128 2870 3146 2933 ;
3181 2854 3267 2917 ita
3304 2871 3435 2919 non

1931 2949 2242 3032 sequitur,
2303 2949 2515 3013 Gratia
2570 2959 2770 3027 curat,
2828 2971 2981 3034 ergo
3039 2960 3435 3017 sacramenta

307 3062 568 3128 quoque
604 3052 706 3107 est
741 3042 1013 3118 homini,
1045 3061 1125 3106 ex
1160 3041 1576 3105 sensibilibus
1614 3041 1692 3103 ad
1724 3040 1818 3102 in·
1856 3051 1901 3115 C
1931 3067 2058 3112 non
2089 3056 2240 3112 sunt
2267 3050 2645 3112 necessaria,

309 3144 753 3225 telligibilium
796 3142 1228 3225 cognitionem
1270 3142 1631 3206 ascendere.
1675 3140 1819 3204 Haee

309 3242 633 3307 Albertus.
1407 3288 1412 3293 ‚

389 3344 471 3405 At
515 3360 672 3418 vero
713 3341 986 3405 Thomas
1028 3341 1108 3404 de
1149 3340 1251 3405 his
1294 3339 1584 3403 scribens
1623 3338 1818 3403 diffu-

313 3441 448 3503 sius
481 3460 498 3504 :
531 3442 962 3517 Sacramenta,
986 3440 1216 3524 inquit,
1240 3458 1368 3503 non
1395 3446 1577 3501 erant
1605 3457 1820 3502 neces-

312 3542 477 3602 saria
535 3540 918 3604 necessitate
971 3539 1262 3602 absoluta
1305 3538 1504 3621 (sicut
1558 3556 1818 3601 necesse

313 3646 412 3701 est
457 3639 790 3703 hominem
839 3658 979 3702 esse
1028 3636 1426 3713 rationalem,
1465 3637 1568 3700 vel
1616 3637 1818 3699 Deum

313 3738 502 3819 esse),
537 3756 742 3821 quum
771 3758 854 3802 ex
880 3738 1016 3802 sola
1051 3736 1271 3801 divina
1299 3736 1580 3801 bonitate
1619 3741 1684 3799 et
1711 3752 1818 3799 vo-

315 3845 560 3909 luntate
597 3846 730 3910 sint
765 3846 1080 3921 instituta,
1111 3845 1224 3909 sed
1263 3844 1642 3909 necessitate
1676 3862 1819 3926 quae

315 3952 414 4007 ost
455 3963 536 4008 ex
583 3944 1027 4028 suppositione
1078 3942 1232 4006 finis
1275 3960 1290 4005 :
1333 3959 1461 4006 non
1511 3942 1599 4004 ita
1646 3942 1818 4024 quod

317 4042 484 4105 Deus
530 4042 672 4105 sine
723 4041 1138 4105 sacramentis
1194 4042 1524 4106 hominem
1573 4041 1817 4104 salvare

317 4159 446 4204 non
474 4149 714 4224 posset,
737 4141 1041 4224 quoniam
1071 4140 1484 4204 sacramentis
1513 4140 1818 4203 virtutem

2009 3148 2317 3212 Praeterea
2354 3150 2409 3212 si
2448 3157 2789 3233 quaeratur,
2819 3170 2900 3214 an
2942 3150 3009 3214 in
3042 3158 3208 3215 statu
3249 3151 3431 3215 inno-
3540 3227 3551 3238 ⁹

1931 3248 2157 3311 centias
2214 3256 2611 3311 sacramenta
2671 3248 2997 3331 fuissent;
3056 3250 3427 3327 dicendum,

1929 3346 2100 3429 quod
2145 3346 2387 3410 utilitas
2428 3356 2970 3413 sacramentorum
3014 3356 3109 3413 est
3152 3349 3429 3415 eruditio

1927 3453 2118 3527 atque
2159 3446 2419 3509 curatio.
2455 3446 2841 3529 Certumque
2884 3455 2981 3511 est
3018 3447 3187 3530 quod
3231 3467 3429 3530 quan·

1928 3552 2064 3606 tum
2123 3546 2202 3607 ad
2261 3545 2681 3621 curationem,
2742 3562 2870 3609 non
2924 3546 3217 3623 fuissent,
3280 3548 3431 3630 quia

1927 3650 2081 3707 tunc
2113 3642 2376 3707 morbus
2416 3644 2659 3727 peccati
2699 3661 2827 3708 non
2868 3646 3127 3709 exstitit.
3162 3645 3285 3710 Sed
3314 3646 3428 3709 ali·

1928 3742 2040 3825 qui
2087 3742 2330 3818 dicunt,
2372 3743 2542 3826 quod
2588 3750 2742 3806 tunc
2796 3743 3070 3807 fuissent
3114 3751 3428 3828 quantum

1927 3842 2007 3904 ad
2047 3841 2495 3917 eruditionem,
2528 3842 2679 3925 quia
2716 3848 2781 3904 et
2822 3848 2975 3904 tunc
3016 3842 3427 3907 connaturale

1927 3946 2063 4002 erat
2100 3940 2347 4004 homini
2384 3960 2465 4003 ex
2501 3939 2916 4003 sensibilibus
2953 3940 3033 4003 ad
3070 3940 3427 4023 spiritualia

1917 4039 2183 4102 elevari.
2228 4039 2350 4103 Sed
2398 4057 2525 4103 non
2573 4039 2827 4102 videtur
2876 4039 3261 4104 conveniens
3308 4040 3428 4103 ista

1927 4138 2169 4221 opinio,
2201 4139 2504 4221 quoniam
2546 4138 2933 4219 significatio
2971 4138 3051 4201 fit
3092 4139 3168 4202 ad
3214 4140 3428 4223 acqui-

226 4252 233 4259 ·
319 4248 382 4303 et
409 4241 944 4325 omnipotentiam
982 4259 1162 4303 suam
1200 4258 1330 4303 non
1368 4240 1672 4321 alligavit,
1707 4239 1818 4303 sed
1847 4240 1898 4303 D
1929 4239 2199 4301 rendum
2255 4238 2648 4319 agnitionem
2696 4238 2837 4320 ejus
2886 4239 3056 4321 quod
3105 4238 3425 4321 significa-

319 4340 474 4422 quia
510 4359 628 4423 per
671 4347 1067 4403 sacramenta
1106 4339 1558 4420 congruentius
1601 4338 1680 4401 fit
1724 4358 1821 4401 re-

321 4439 562 4519 paratio
611 4438 910 4501 hominis,
955 4437 1151 4519 Cujus
1200 4437 1611 4519 congruitatis
1660 4436 1820 4500 ratio

321 4537 596 4601 sumitur
625 4556 703 4600 ex
734 4538 874 4611 hoc,
887 4537 1060 4619 quod
1091 4556 1206 4619 per
1235 4544 1568 4618 peccatum
1597 4536 1819 4618 praeci-

323 4652 450 4715 pue
491 4635 664 4697 circa
704 4633 1038 4697 sensibilia
1075 4634 1268 4697 bomo
1312 4633 1437 4696 fuit
1482 4641 1818 4716 corruptus

315 4739 512 4816 atque
551 4734 873 4808 detentus,
906 4752 988 4796 ne
1032 4752 1101 4796 se
1148 4733 1228 4796 ad
1276 4733 1478 4795 Deum
1523 4733 1814 4814 erigeret.

323 4830 474 4893 Erat
496 4842 711 4895 autem
751 4832 1078 4914 corruptio
1113 4830 1222 4893 illa
1263 4838 1574 4913 quantum
1610 4831 1688 4894 ad
1718 4849 1819 4895 co-

323 4930 696 5010 gnitionem,
727 4930 882 5013 quia
923 4930 1204 4993 bumana
1243 4948 1424 4993 mens
1469 4929 1637 4992 circa
1683 4948 1821 4993 sen-

323 5030 534 5094 sibilia
577 5031 714 5095 sola
760 5048 828 5095 se
880 5037 1142 5094 noverat
1189 5045 1524 5111 occupare,
1572 5029 1638 5091 in
1686 5038 1820 5093 tan-

319 5136 470 5193 tum
500 5132 669 5214 quod
697 5130 887 5195 multi
926 5128 1022 5191 nil
1056 5136 1286 5212 praeter
1313 5127 1643 5191 sensibilia
1681 5148 1820 5193 esse

332 5229 704 5311 credebant3
735 5237 798 5293 et
825 5229 882 5292 si
921 5228 1034 5311 qui
1061 5228 1140 5291 ad
1181 5226 1682 5309 intelligibilium
1714 5246 1824 5291 no—

319 5328 533 5391 ·titiam
577 5330 996 5401 devenerunt,
1037 5345 1114 5389 ea
1143 5326 1511 5395 secundum
1558 5326 1820 5390 modum

1927 4344 2050 4399 tur.
2086 4338 2162 4399 Et
2192 4336 2483 4419 quamvis
2521 4337 2715 4401 homo
2744 4338 2809 4399 in
2845 4337 3055 4420 primo
3094 4344 3258 4401 statu
3290 4356 3429 4401 sen-

1929 4435 2145 4499 sibilia
2182 4443 2609 4517 cognosceret,
2642 4444 2706 4499 et
2736 4436 2801 4498 in
2840 4437 2934 4499 eis
2974 4436 3427 4501 similitudines

1929 4533 2363 4616 spiritualium
2421 4552 2636 4597 rerum
2694 4536 3111 4618 conspiceret,
3162 4554 3291 4599 non
3340 4543 3430 4599 ta-

1932 4651 2078 4695 men
2109 4652 2189 4695 ex
2218 4631 2635 4695 sensibilibus
2676 4634 3103 4715 cognitionem
3134 4634 3429 4716 spiritua·

1931 4732 2089 4793 lium
2135 4731 2510 4813 accepisset,
2542 4731 2651 4794 sed
2701 4732 2913 4813 potius
2962 4751 3040 4794 ex
3085 4732 3285 4795 divini
3338 4733 3432 4793 in-

1928 4830 2202 4893 fluentia
2250 4830 2515 4893 luminis
2562 4847 2575 4892 :
2624 4830 2767 4893 ideo
2812 4837 2967 4893 tunc
3014 4831 3431 4894 sacramentis

1928 4930 2006 4992 ad
2037 4930 2464 4993 eruditionem
2491 4946 2620 4992 non
2660 4929 2851 5010 eguit.
2888 4928 3047 4991 Hinc
3085 4930 3431 4992 dicendum

1929 5046 2078 5091 cum
2109 5028 2276 5103 aliis,
2310 5028 2482 5111 quod
2518 5034 2911 5090 sacramenta
2950 5027 3017 5089 in
3046 5034 3213 5091 statu
3248 5026 3427 5091 inno-

1931 5127 2156 5191 centiae
2203 5125 2561 5189 necessaria
2607 5142 2735 5189 non
2784 5124 3074 5188 fuissent.
3118 5160 3199 5171 —
3248 5126 3325 5189 Et
3372 5126 3427 5189 si

1929 5226 2270 5308 objiciatur
2300 5226 2380 5288 de
2420 5224 2845 5299 matrimoni0,
2878 5225 3048 5308 quod
3086 5232 3240 5287 tunc
3269 5233 3425 5302 erat,

1929 5334 1995 5388 et
2023 5332 2489 5389 sacramentum
2522 5323 2845 5405 consistit;
2878 5324 3244 5400 dicendum,
3259 5325 3430 5408 quod
