4267 6250
91 2947 160 2987 Aet.
168 2961 222 2998 n,
233 2951 290 2992 9,

95 3397 138 3435 {a

659 499 886 556 Quaesr.
931 500 994 546 lx
1036 499 1052 544 :
1091 499 1177 546 AN
1217 499 1282 547 m
1323 497 1475 547 mon
1515 499 1778 548 mrum:
1817 498 2042 548 Puoms
2083 498 2227 546 nnn
2266 497 2595 546 mltum
2634 497 3033 546 sunnam

3320 477 3400 544 73

303 675 438 734 rant
477 689 518 734 a
557 670 796 736 Judaeis
843 672 1190 748 conversis,
1235 689 1362 736 non
1409 669 1796 754 ponentibus
1825 670 1878 734 A
1907 689 1984 734 eo
2025 670 2511 735 fornicationem
2558 670 3026 754 prohibuerunt
3064 667 3245 751 quasi
3288 687 3403 752 per

304 789 478 852 spem
523 771 592 833 in
635 771 767 834 illis
815 771 999 855 quasi
1036 770 1310 853 alicujus
1348 777 1563 834 essent
1599 769 1796 833 virtu-

304 869 402 944 tis,
432 877 544 932 aut
573 870 758 953 quasi
789 871 930 934 sine
957 871 1054 934 eis
1081 887 1208 935 non
1239 868 1569 933 sufficeret
1597 869 1798 950 gratia

303 967 554 1042 Christi,
581 969 696 1032 sed
724 987 808 1032 ne
837 969 1102 1033 omnino
1129 969 1455 1032 videretur
1483 966 1584 1030 lex
1615 973 1796 1030 vetus

302 1066 716 1148 reprobanda,
749 1068 804 1130 si
839 1085 988 1130 mox
1018 1067 1200 1150 quasi
1240 1066 1598 1130 idololatria
1622 1064 1798 1146 fuge-

301 1172 470 1227 retur
499 1183 514 1227 :
546 1164 682 1228 imo
707 1166 830 1229 hoc
860 1167 1051 1230 modo
1080 1174 1216 1229 erat
1243 1172 1444 1229 mater
1471 1165 1798 1247 Synagoga

301 1263 673 1326 deducenda
707 1265 788 1326 ad
817 1265 1140 1326 tumulum
1177 1283 1326 1326 cum
1365 1264 1624 1327 honore.
1657 1262 1800 1326 Por-

301 1378 368 1423 ro
415 1368 563 1442 post
607 1361 1108 1443 divulgationem
1153 1361 1478 1444 Evangelii
1529 1378 1657 1424 non
1703 1378 1800 1423 so-

303 1459 432 1521 lum
465 1477 600 1522 non
629 1459 894 1523 fuerunt
920 1459 1268 1534 salutifera,
1301 1460 1412 1523 sed
1448 1458 1792 1524 mortifera.

303 1557 502 1620 Medio
553 1574 708 1638 ergo
753 1565 1044 1640 tempore
1101 1557 1566 1622 sacratissimus
1625 1557 1798 1640 prin-

303 1673 448 1737 ceps
474 1654 927 1738 Apostolorum
957 1657 1276 1731 PetruS,et
1301 1657 1547 1732 Paulus,
1559 1656 1798 1739 aliique

305 1753 584 1836 Apostoli
627 1761 1046 1818 servaverunt
1085 1755 1312 1837 legalia
1349 1773 1520 1831 vere,
1550 1772 1678 1818 non
1721 1755 1800 1818 si-

1909 789 1978 833 se
2006 770 2325 845 vitiosam,
2360 789 2501 852 quae
2536 769 2707 853 apud
2742 768 3013 851 gentiles
3052 788 3180 832 non
3216 787 3403 852 repu-

1907 867 2162 930 tabatur
2190 867 2430 930 illicita.
2464 867 2891 951 Idolothytum
2920 885 3073 930 vero
3102 867 3404 950 prohibu-

1910 975 2119 1042 erunt,
2164 974 2465 1050 tanquam
2516 967 2578 1030 id
2623 967 2793 1049 quod
2842 973 3059 1050 posset
3103 966 3430 1049 suspicio--

1911 1084 2060 1129 nem
2118 1083 2421 1147 generare
2469 1065 2841 1128 idololatriae
2894 1064 3101 1128 adhuc
3150 1071 3409 1128 retentae

1911 1166 1990 1228 de
2030 1165 2159 1228 illis
2206 1165 2507 1247 gentibus
2556 1165 2621 1228 in
2667 1164 2969 1228 cordibus
3004 1164 3406 1244 Judaeorum3

1909 1264 2285 1344 sanguinem
2317 1282 2570 1347 quoque
2599 1271 2665 1326 et
2688 1262 3409 1346 suffocatum,tanquam

1909 1381 1986 1426 ea
2015 1381 2157 1444 quae
2184 1361 2381 1426 Judaei
2423 1370 2683 1444 propter
2716 1362 3223 1425 dissuetudinem
3259 1361 3409 1425 abo-

1913 1460 2323 1524 minabantur
2353 1480 2369 1526 :
2403 1462 2942 1543 quemadmodum
2984 1479 3187 1543 usque
3218 1460 3409 1524 hodie

1912 1559 2023 1641 qui
2052 1558 2194 1621 vult
2222 1558 2403 1622 alteri
2435 1558 2752 1622 socialiter
2782 1559 3137 1632 convivere,
3151 1577 3409 1622 necesse

1911 1657 2104 1721 habet
2129 1657 2453 1721 abstinere
2479 1658 2560 1721 ab
2589 1658 2691 1721 his
2720 1677 2864 1741 quae
2891 1658 3051 1722 alter
3088 1658 3405 1722 abhorret.

1912 1792 1990 1801 —
2020 1756 2166 1819 Haec
2208 1756 2477 1819 Thomas
2522 1755 2587 1817 in
2631 1756 2899 1839 Scripto.

307 1851 656 1916 mulatorie.
698 1853 994 1917 Attamen
1043 1873 1334 1917 summus
1385 1854 1494 1916 ille
1540 1853 1800 1936 Aposto-
1835 1853 1884 1918 B
1990 1854 2062 1916 In
2092 1854 2328 1936 quibus
2358 1855 2744 1918 concordant
2772 1854 3011 1930 PetruS,
3034 1855 3406 1930 RicharduS,

309 1951 402 2013 lus
439 1951 805 2033 aliqualiter
843 1952 1096 2015 incaute
1131 1970 1198 2015 se
1232 1951 1456 2015 habuit
1487 1952 1551 2014 in
1584 1951 1798 2015 obser-

311 2050 557 2113 vatione
602 2048 926 2132 legalium,
968 2051 1244 2114 nimium
1287 2051 1798 2114 condescendens

306 2149 532 2212 Judaeis
579 2149 694 2231 qui
743 2148 970 2231 legalia
1015 2149 1209 2212 simul
1261 2168 1410 2212 cum
1459 2148 1800 2231 Evangelio

312 2247 701 2310 observanda
757 2247 1089 2330 putabant,
1142 2247 1228 2310 ita
1285 2256 1356 2309 ut
1399 2246 1598 2330 aliqui
1657 2247 1798 2328 ejus

313 2345 600 2427 exemplo
627 2345 1088 2409 inducerentur
1115 2346 1194 2409 ad
1223 2363 1298 2408 ea
1327 2346 1636 2409 servanda
1665 2353 1800 2408 tan-

311 2462 492 2524 quam
560 2443 966 2523 necessaria3
1025 2451 1092 2506 et
1147 2444 1351 2525 quoad
1409 2444 1530 2506 hoc
1587 2462 1798 2526 repre-

313 2541 638 2604 hensibilis
675 2549 830 2616 erat,
863 2549 928 2604 et
965 2542 1244 2625 aliquam
1283 2542 1492 2605 levem
1531 2543 1802 2606 incurrit

311 2639 578 2721 culpam.

384 2737 727 2812 Postremo,
767 2738 850 2800 de
889 2738 1032 2813 hoc,
1074 2757 1155 2801 an
1197 2745 1530 2802 teneamur
1569 2741 1648 2802 ad
1690 2739 1800 2802 ali-

315 2853 432 2916 qua
471 2835 701 2917 legalia
741 2835 1158 2911 observanda,
1199 2845 1348 2900 sunt
1385 2845 1514 2901 tres
1553 2839 1800 2921 opinio-

315 2951 437 2995 nes.
463 2933 616 3006 Una,
640 2934 810 3017 quod
843 2934 1242 3017 praeallegata
1271 2955 1414 3018 quae
1443 2936 1510 2998 in
1536 2936 1801 3000 Actibus

317 3030 602 3112 leguntur
629 3031 1103 3113 Apostolorum,
1137 3033 1574 3116 intelligantur
1599 3035 1676 3098 ad
1706 3035 1803 3097 lit-
1839 3035 1883 3100 C

316 3138 526 3205 teram,
573 3138 638 3193 et
687 3150 890 3213 usque
938 3151 1112 3195 nunc
1157 3133 1458 3216 obligent.
1512 3135 1632 3197 Sed
1682 3134 1802 3199 hoc

319 3227 644 3291 manifeste
683 3230 1106 3292 contrariatur
1135 3230 1324 3294 dictis
1351 3231 1660 3314 Apostoli,
1692 3234 1802 3315 qui

283 3326 462 3387 ‚dicit
488 3326 580 3389 nil
609 3346 752 3391 esse
781 3345 1140 3403 commune,
1157 3329 1218 3391 id
1249 3336 1346 3393 est
1376 3330 1798 3405 immundum,

319 3442 423 3505 per
456 3424 802 3500 Christum,
835 3425 962 3488 nisi
999 3426 1059 3488 ci
1098 3426 1209 3508 qui
1249 3428 1519 3491 aestimat
1559 3429 1800 3511 aliquid

317 3540 646 3586 commune
674 3541 833 3587 esse.
859 3523 972 3586 Est
997 3524 1188 3587 etiam
1223 3533 1442 3588 contra
1470 3527 1800 3602 rationem,

315 3621 457 3701 quia
493 3640 698 3703 quum
741 3620 904 3683 illud
945 3630 1334 3705 praeceptum
1373 3642 1501 3687 non
1544 3626 1628 3687 sit
1671 3644 1802 3688 mo-

318 3719 434 3782 rale
461 3720 616 3801 (non
649 3720 826 3783 enim
866 3720 1028 3783 ratio
1057 3722 1365 3785 naturalis
1404 3722 1526 3785 hoc
1553 3722 1798 3805 dictat),

315 3826 550 3899 oportet
578 3819 752 3901 quod
783 3818 868 3881 sit
897 3818 1323 3883 caerimoniale
1350 3837 1365 3882 :
1393 3820 1534 3885 ideo
1561 3821 1800 3903 obliga-

319 3916 396 3978 tio
429 3916 568 3997 ejus
605 3934 734 3979 non
779 3917 980 3999 magis
1019 3925 1233 3981 manet
1273 3937 1464 4001 quam
1501 3920 1794 3983 aliorum.

317 4048 388 4058 —
431 4014 548 4078 Alii
599 4032 752 4095 ergo
803 4016 1124 4091 dixerunt,
1177 4018 1349 4099 quod
1407 4036 1533 4081 non
1591 4018 1675 4081 sit
1720 4020 1798 4083 ad

319 4110 574 4175 litteram
633 4111 1122 4194 intelligendum
1174 4115 1254 4178 de
1302 4116 1611 4197 sanguine
1667 4117 1798 4179 ani-

1911 1952 2269 2026 DuranduS,
2314 1953 2583 2016 Thomas
2632 1952 2711 2014 de
2756 1951 3119 2034 Argentina,
3169 1952 3410 2036 aliique

1913 2051 2363 2126 communiter,
2397 2069 2669 2133 quorum
2714 2051 2951 2133 scripta
2995 2051 3061 2113 in
3096 2051 3411 2133 praeindu-

1914 2149 2034 2212 ctis
2084 2168 2163 2212 ex
2216 2149 2275 2212 S.
2320 2149 2559 2212 Thema
2617 2149 3265 2231 comprehenduntur.
3318 2149 3410 2212 Ex

1913 2247 2149 2328 quibus
2202 2253 2266 2309 et
2315 2253 2687 2327 argumenta
2741 2265 2883 2329 quae
2930 2253 3099 2308 tacta
3147 2254 3296 2310 sunt
3347 2253 3413 2310 et

1911 2344 2084 2426 tangi
2126 2353 2407 2426 possent,
2440 2344 2775 2408 solvuntur
2816 2344 3023 2408 facile.

1989 2439 2527 2504 Antisiodorensis
2575 2461 2831 2524 quoque
2878 2443 3239 2518 concordat,
3284 2444 3408 2507 nisi

1911 2542 2082 2624 quod
2121 2540 2317 2604 verba
2360 2541 2467 2604 illa
2504 2541 2584 2604 de
2620 2540 2935 2604 suffocato
2972 2549 3039 2604 et
3074 2543 3404 2624 sanguine,

1910 2639 2066 2703 dicit
2095 2657 2237 2702 esse
2276 2639 2689 2720 intelligenda
2724 2641 2803 2703 de
2838 2640 3174 2704 hominum
3213 2641 3411 2705 suffo-

1911 2739 2161 2800 catione
2198 2745 2265 2800 et
2300 2737 2567 2801 humani
2610 2738 2937 2820 sanguinis
2978 2738 3316 2803 effusione.

2334 3055 2809 3131 QUAESTIO
2880 3056 2991 3120 IX

2053 3328 2189 3392 Ono
2245 3329 2571 3412 quaeritur,
2623 3330 2754 3397 An
2811 3332 2897 3397 in
2950 3332 3128 3411 leg-e
3180 3333 3407 3399 natu-

2079 3442 2189 3494 rae
2220 3428 2484 3510 proles
2512 3427 2669 3495 fide
2699 3430 3122 3510 parentum
3148 3430 3408 3499 salva-

1912 3524 2168 3593 batur.

1992 3623 2299 3698 Quocirca
2326 3624 2695 3705 ambigitur,
2713 3644 2792 3688 an
2825 3624 2959 3689 sola
2986 3624 3116 3689 fide
3146 3624 3407 3689 informi

1911 3722 2032 3784 boc
2065 3720 2211 3785 fieri
2249 3722 2477 3805 potuit,
2512 3722 2611 3785 vel
2652 3722 2783 3786 fide
2814 3730 3061 3786 tantum
3099 3723 3405 3804 formata3

1909 3840 1990 3883 an
2021 3820 2210 3883 etiam
2245 3820 2690 3903 requirebatur
2718 3820 2999 3884 exterius
3028 3820 3406 3902 signum‚sa·

1909 3919 2143 3983 crificii
2184 3938 2439 4003 quoque
2480 3918 2715 3982 oblatio
2758 3918 2823 3981 in
2865 3918 3118 3981 adultis

1989 4018 2251 4081 Videtur
2281 4018 2451 4100 quod
2480 4016 2611 4080 fide
2643 4024 2977 4099 parentum
3015 4017 3244 4081 salvari
3274 4036 3403 4082 non

1909 4122 2221 4199 poterant,
2254 4116 2406 4197 quia
2443 4114 2605 4178 fides
2643 4122 2708 4178 et
2743 4121 2921 4178 actus
2960 4114 3101 4196 ejus
3146 4124 3406 4180 manent

321 4210 505 4284 malis,
526 4210 970 4294 suffocatoque
999 4211 1210 4286 bruto,
1229 4212 1342 4275 sed
1370 4214 1450 4277 de
1479 4212 1796 4279 effusione
1827 4215 1878 4279 D
1911 4214 1974 4276 in
2008 4214 2197 4278 corde
2227 4214 2543 4277 credentis
2577 4231 2592 4276 ε
2624 4232 2776 4294 ergo
2804 4232 2931 4277 non
2965 4214 3091 4277 nisi
3132 4233 3246 4297 per
3276 4233 3405 4278 mo-

320 4309 626 4388 sauguinis
685 4326 800 4391 per
850 4309 1294 4387 homicidium,
1347 4311 1795 4376 suffocatione-

321 4423 432 4485 que
465 4426 839 4490 pauperum.
875 4408 1050 4482 Quod
1089 4409 1282 4473 etiam
1323 4417 1488 4473 stare
1527 4428 1656 4475 non
1691 4430 1797 4493 po-

325 4510 448 4577 test,
495 4506 646 4588 quia
692 4506 1116 4590 Hieronymus
1161 4526 1356 4591 super
1400 4508 1796 4572 Ezechielem

325 4610 450 4682 post
487 4604 818 4687 mysticam
864 4603 1040 4668 illam
1089 4606 1575 4687 expositionem,
1617 4607 1799 4690 ponit

327 4698 657 4777 litteralem,
689 4722 884 4786 quam
925 4704 1084 4766 dicit
1117 4702 1450 4786 Apostolos
1495 4706 1798 4771 intendis-

327 4813 402 4857 sc.
431 4832 506 4843 —-
531 4800 689 4863 Hinc
718 4800 828 4863 alii
859 4800 1104 4876 dicunt,
1138 4802 1308 4884 quod
1339 4803 1608 4884 epistola
1632 4804 1796 4888 Apo-

327 4893 606 4959 stolorum
665 4915 794 4960 non
841 4906 977 4961 erat
1023 4902 1436 4982 praeceptoria
1484 4912 1794 4985 quantum

329 4990 398 5052 ad
447 4992 556 5057 hoc
612 4996 783 5078 quod
839 4996 1234 5061 abstinerent
1282 5018 1319 5061 a
1365 5001 1677 5082 sanguine
1731 5009 1797 5064 et

332 5088 636 5167 suffocato,
681 5095 794 5157 sed
840 5095 1123 5177 provisio
1168 5096 1248 5160 ad
1296 5100 1794 5163 conservandam

335 5204 530 5266 pacem
564 5211 636 5255 ac
663 5192 862 5257 vitam
894 5211 1300 5258 communem
1341 5195 1507 5261 inter
1536 5214 1796 5262 conver-

335 5300 424 5347 sos
447 5290 702 5369 gentiles
731 5298 797 5354 et
824 5310 1164 5357 conversos
1192 5312 1270 5357 ex
1295 5296 1328 5359 J
1335 5296 1622 5361 udaismo
1654 5314 1668 5361 :
1703 5298 1796 5361 id-

1906 4312 2060 4375 dum
2091 4332 2295 4376 causae
2326 4313 2665 4377 meritoriae
2696 4320 2980 4396 poterant
3006 4313 3271 4395 gratiam
3300 4322 3405 4377 aut

1907 4410 2177 4472 salutem
2206 4411 2387 4473 alteri
2419 4428 2777 4493 procurare.
2805 4411 2925 4475 Sed
2958 4412 3185 4474 caritas
3215 4418 3281 4474 et
3307 4430 3405 4475 ac-

1906 4515 2010 4570 tus
2049 4508 2189 4589 ejus
2226 4509 2547 4590 digniores
2584 4517 2733 4572 sunt
2766 4509 2897 4572 fide
2926 4516 2991 4572 et
3018 4518 3162 4572 actu
3206 4510 3401 4585 illius,

1908 4608 2239 4689 magisque
2268 4605 2397 4669 Deo
2434 4607 2678 4689 accepti
2722 4626 2913 4689 quam
2954 4606 3119 4671 fides
3148 4617 3213 4671 et
3237 4609 3405 4671 actio

1906 4705 2047 4787 ejus
2081 4723 2096 4767 :
2129 4724 2281 4787 ergo
2312 4724 2425 4788 per
2462 4713 2797 4788 parentum
2828 4706 3153 4770 caritatem
3190 4708 3404 4789 potius

1906 4803 2028 4866 hoc
2065 4803 2285 4867 fiebat.
2316 4840 2397 4851 --
2424 4805 2749 4877 Praeterea,
2784 4804 2837 4869 si
2866 4804 3027 4868 alter
3065 4814 3401 4888 parentum

1905 4902 2032 4965 fuit
2079 4903 2427 4977 idololatra,
2470 4911 2533 4967 et
2574 4903 2807 4966 obtulit
2848 4905 3094 4986 prolem
3142 4905 3402 4969 simula-

1906 5002 2054 5074 cris,
2092 5003 2247 5084 quid
2293 5002 2525 5065 fiebat?
2554 5037 2634 5047 —
2672 5002 2932 5077 Rursus,
2967 5001 3099 5065 fide
3142 5001 3401 5066 informi

1907 5120 2096 5164 nemo
2146 5108 2353 5183 potest
2394 5119 2461 5163 se
2506 5100 2719 5184 ipsum
2764 5100 2989 5182 juvare
3036 5100 3397 5175 salubriter,

1906 5219 2056 5281 ergo
2085 5219 2205 5263 nec
2233 5199 2451 5262 alium.
2476 5235 2557 5246 —
2585 5201 2844 5275 Iterum,
2878 5201 3087 5283 proles
3117 5219 3396 5276 carnem,

1909 5315 2036 5361 non
2083 5297 2385 5377 animam,
2436 5318 2473 5363 a
2520 5298 2889 5382 parentibus
2940 5298 3133 5363 habet
3182 5318 3197 5364 ε
3249 5316 3400 5381 ergo
