<?xml version="1.0" encoding="UTF-8"?>
<!DOCTYPE html PUBLIC "-//W3C//DTD XHTML 1.0 Transitional//EN"
    "http://www.w3.org/TR/xhtml1/DTD/xhtml1-transitional.dtd">
<html xmlns="http://www.w3.org/1999/xhtml" xml:lang="en" lang="en">
 <head>
  <title>
</title>
<meta http-equiv="Content-Type" content="text/html;charset=utf-8" />
  <meta name='ocr-system' content='tesseract 3.04.00' />
  <meta name='ocr-capabilities' content='ocr_page ocr_carea ocr_par ocr_line ocrx_word'/>
</head>
<body>
  <div class='ocr_page' id='page_1' title='image "./doctorisecstati04unkngoog_0451.png"; bbox 0 0 4267 6250; ppageno 0'>
   <div class='ocr_carea' id='block_1_1' title="bbox 23 743 1830 1841">
    <p class='ocr_par' dir='ltr' id='par_1_1' title="bbox 23 743 1830 1841">
     <span class='ocr_line' id='line_1_1' title="bbox 23 743 1830 862; baseline 0.004 -28"><span class='ocrx_word' id='word_1_1' title='bbox 23 743 43 856; x_wconf 72' lang='grc' dir='ltr'>Ι</span> <span class='ocrx_word' id='word_1_2' title='bbox 325 773 428 847; x_wconf 87' lang='lat' dir='ltr'><strong>lis,</strong></span> <span class='ocrx_word' id='word_1_3' title='bbox 459 783 526 837; x_wconf 88' lang='lat' dir='ltr'><strong>et</strong></span> <span class='ocrx_word' id='word_1_4' title='bbox 554 776 751 840; x_wconf 90' lang='lat' dir='ltr'><strong>etiam</strong></span> <span class='ocrx_word' id='word_1_5' title='bbox 791 779 1092 842; x_wconf 84' lang='lat' dir='ltr'><strong>exercitia</strong></span> <span class='ocrx_word' id='word_1_6' title='bbox 1130 778 1512 842; x_wconf 86' lang='lat' dir='ltr'><strong>humilitatis</strong></span> <span class='ocrx_word' id='word_1_7' title='bbox 1541 796 1620 841; x_wconf 91' lang='lat' dir='ltr'><strong>ex</strong></span> <span class='ocrx_word' id='word_1_8' title='bbox 1650 786 1830 862; x_wconf 90' lang='lat' dir='ltr'><strong>parte</strong></span> 
     </span>
     <span class='ocr_line' id='line_1_2' title="bbox 323 873 1828 960; baseline 0.003 -26"><span class='ocrx_word' id='word_1_9' title='bbox 323 873 550 948; x_wconf 90' lang='lat' dir='ltr'><strong>nostri,</strong></span> <span class='ocrx_word' id='word_1_10' title='bbox 591 883 665 935; x_wconf 91' lang='lat' dir='ltr'><strong>ut</strong></span> <span class='ocrx_word' id='word_1_11' title='bbox 709 877 919 940; x_wconf 89' lang='lat' dir='ltr'><strong>tunsio</strong></span> <span class='ocrx_word' id='word_1_12' title='bbox 960 876 1262 960; x_wconf 77' lang='lat' dir='ltr'><strong>pectoris,</strong></span> <span class='ocrx_word' id='word_1_13' title='bbox 1306 876 1517 940; x_wconf 79' lang='lat' dir='ltr'><strong>Oratio</strong></span> <span class='ocrx_word' id='word_1_14' title='bbox 1560 877 1828 940; x_wconf 90' lang='lat' dir='ltr'><strong>domini-</strong></span> 
     </span>
     <span class='ocr_line' id='line_1_3' title="bbox 323 971 1826 1058; baseline 0.003 -25"><span class='ocrx_word' id='word_1_15' title='bbox 323 971 504 1046; x_wconf 77' lang='lat' dir='ltr'><strong>caliS‚</strong></span> <span class='ocrx_word' id='word_1_16' title='bbox 539 972 696 1036; x_wconf 87' lang='lat' dir='ltr'><strong>item</strong></span> <span class='ocrx_word' id='word_1_17' title='bbox 727 976 911 1058; x_wconf 89' lang='lat' dir='ltr'><strong>panis</strong></span> <span class='ocrx_word' id='word_1_18' title='bbox 942 974 1343 1049; x_wconf 79' lang='lat' dir='ltr'><strong>benedictuS,</strong></span> <span class='ocrx_word' id='word_1_19' title='bbox 1377 974 1694 1038; x_wconf 88' lang='lat' dir='ltr'><strong>confessio</strong></span> <span class='ocrx_word' id='word_1_20' title='bbox 1722 994 1826 1056; x_wconf 83' lang='lat' dir='ltr'><strong>ge-</strong></span> 
     </span>
     <span class='ocr_line' id='line_1_4' title="bbox 323 1070 1824 1155; baseline 0.003 -24"><span class='ocrx_word' id='word_1_21' title='bbox 323 1070 584 1145; x_wconf 80' lang='lat' dir='ltr'><strong>neraliS,</strong></span> <span class='ocrx_word' id='word_1_22' title='bbox 635 1073 1018 1155; x_wconf 76' lang='lat' dir='ltr'><strong>compassio,</strong></span> <span class='ocrx_word' id='word_1_23' title='bbox 1067 1072 1454 1155; x_wconf 89' lang='lat' dir='ltr'><strong>injuriarum</strong></span> <span class='ocrx_word' id='word_1_24' title='bbox 1511 1072 1824 1147; x_wconf 84' lang='lat' dir='ltr'><strong>remissie,</strong></span> 
     </span>
     <span class='ocr_line' id='line_1_5' title="bbox 325 1168 1829 1254; baseline 0.003 -25"><span class='ocrx_word' id='word_1_25' title='bbox 325 1168 756 1252; x_wconf 79' lang='lat' dir='ltr'><strong>Extremaque</strong></span> <span class='ocrx_word' id='word_1_26' title='bbox 787 1172 1033 1246; x_wconf 90' lang='lat' dir='ltr'><strong>Unctio,</strong></span> <span class='ocrx_word' id='word_1_27' title='bbox 1055 1179 1122 1234; x_wconf 92' lang='lat' dir='ltr'><strong>et</strong></span> <span class='ocrx_word' id='word_1_28' title='bbox 1149 1190 1572 1254; x_wconf 82' lang='lat' dir='ltr'><strong>quaecumque</strong></span> <span class='ocrx_word' id='word_1_29' title='bbox 1611 1171 1829 1233; x_wconf 89' lang='lat' dir='ltr'><strong>unctio</strong></span> 
     </span>
     <span class='ocr_line' id='line_1_6' title="bbox 324 1268 1830 1351; baseline 0.003 -24"><span class='ocrx_word' id='word_1_30' title='bbox 324 1268 829 1343; x_wconf 79' lang='lat' dir='ltr'><strong>sacramentaliS,</strong></span> <span class='ocrx_word' id='word_1_31' title='bbox 876 1288 950 1331; x_wconf 90' lang='lat' dir='ltr'><strong>ac</strong></span> <span class='ocrx_word' id='word_1_32' title='bbox 992 1269 1116 1332; x_wconf 89' lang='lat' dir='ltr'><strong>alia</strong></span> <span class='ocrx_word' id='word_1_33' title='bbox 1163 1287 1588 1351; x_wconf 83' lang='lat' dir='ltr'><strong>quaecumque</strong></span> <span class='ocrx_word' id='word_1_34' title='bbox 1630 1269 1830 1350; x_wconf 86' lang='lat' dir='ltr'><strong>poeni·</strong></span> 
     </span>
     <span class='ocr_line' id='line_1_7' title="bbox 323 1364 1822 1450; baseline 0.003 -25"><span class='ocrx_word' id='word_1_35' title='bbox 323 1364 526 1427; x_wconf 89' lang='lat' dir='ltr'><strong>tentia</strong></span> <span class='ocrx_word' id='word_1_36' title='bbox 577 1365 756 1429; x_wconf 87' lang='lat' dir='ltr'><strong>levis.</strong></span> <span class='ocrx_word' id='word_1_37' title='bbox 798 1402 880 1413; x_wconf 89' lang='lat'><strong>--</strong></span> <span class='ocrx_word' id='word_1_38' title='bbox 925 1368 1070 1431; x_wconf 79' lang='lat' dir='ltr'><strong>Haec</strong></span> <span class='ocrx_word' id='word_1_39' title='bbox 1117 1368 1389 1430; x_wconf 80' lang='lat' dir='ltr'><strong>Thomas</strong></span> <span class='ocrx_word' id='word_1_40' title='bbox 1439 1366 1502 1429; x_wconf 92' lang='lat' dir='ltr'><strong>in</strong></span> <span class='ocrx_word' id='word_1_41' title='bbox 1555 1366 1822 1450; x_wconf 77' lang='lat' dir='ltr'><strong>scripto,</strong></span> 
     </span>
     <span class='ocr_line' id='line_1_8' title="bbox 321 1462 1822 1546; baseline 0.002 -21"><span class='ocrx_word' id='word_1_42' title='bbox 321 1462 441 1535; x_wconf 85' lang='lat' dir='ltr'><strong>Qui</strong></span> <span class='ocrx_word' id='word_1_43' title='bbox 489 1463 648 1526; x_wconf 90' lang='lat' dir='ltr'><strong>alibi</strong></span> <span class='ocrx_word' id='word_1_44' title='bbox 701 1465 880 1528; x_wconf 84' lang='lat' dir='ltr'><strong>addit</strong></span> <span class='ocrx_word' id='word_1_45' title='bbox 935 1465 1036 1528; x_wconf 91' lang='lat' dir='ltr'><strong>his</strong></span> <span class='ocrx_word' id='word_1_46' title='bbox 1097 1466 1454 1546; x_wconf 80' lang='lat' dir='ltr'><strong>ingressum</strong></span> <span class='ocrx_word' id='word_1_47' title='bbox 1513 1464 1822 1541; x_wconf 59' lang='lat' dir='ltr'><strong>ecclesiia,</strong></span> 
     </span>
     <span class='ocr_line' id='line_1_9' title="bbox 323 1562 1827 1646; baseline 0.002 -23"><span class='ocrx_word' id='word_1_48' title='bbox 323 1580 440 1642; x_wconf 87' lang='lat' dir='ltr'><strong>per</strong></span> <span class='ocrx_word' id='word_1_49' title='bbox 485 1580 683 1644; x_wconf 88' lang='lat' dir='ltr'><strong>quem</strong></span> <span class='ocrx_word' id='word_1_50' title='bbox 735 1563 896 1626; x_wconf 91' lang='lat' dir='ltr'><strong>dicit</strong></span> <span class='ocrx_word' id='word_1_51' title='bbox 938 1564 1039 1644; x_wconf 91' lang='lat' dir='ltr'><strong>(ut</strong></span> <span class='ocrx_word' id='word_1_52' title='bbox 1081 1563 1187 1646; x_wconf 90' lang='lat' dir='ltr'><strong>pie</strong></span> <span class='ocrx_word' id='word_1_53' title='bbox 1231 1562 1540 1644; x_wconf 88' lang='lat' dir='ltr'><strong>creditur)</strong></span> <span class='ocrx_word' id='word_1_54' title='bbox 1576 1563 1827 1626; x_wconf 87' lang='lat' dir='ltr'><strong>veniale</strong></span> 
     </span>
     <span class='ocr_line' id='line_1_10' title="bbox 321 1660 1826 1745; baseline 0.003 -24"><span class='ocrx_word' id='word_1_55' title='bbox 321 1660 584 1735; x_wconf 85' lang='lat' dir='ltr'><strong>dimitti,</strong></span> <span class='ocrx_word' id='word_1_56' title='bbox 627 1660 799 1723; x_wconf 90' lang='lat' dir='ltr'><strong>sicut</strong></span> <span class='ocrx_word' id='word_1_57' title='bbox 845 1682 961 1743; x_wconf 83' lang='lat' dir='ltr'><strong>per</strong></span> <span class='ocrx_word' id='word_1_58' title='bbox 1007 1681 1238 1745; x_wconf 91' lang='lat' dir='ltr'><strong>aquam</strong></span> <span class='ocrx_word' id='word_1_59' title='bbox 1287 1660 1711 1724; x_wconf 71' lang='lat' dir='ltr'><strong>benedictam.</strong></span> <span class='ocrx_word' id='word_1_60' title='bbox 1755 1664 1826 1725; x_wconf 89' lang='lat' dir='ltr'><strong>ln</strong></span> 
     </span>
     <span class='ocr_line' id='line_1_11' title="bbox 323 1758 1826 1841; baseline 0 -21"><span class='ocrx_word' id='word_1_61' title='bbox 323 1758 424 1821; x_wconf 86' lang='lat' dir='ltr'><strong>his</strong></span> <span class='ocrx_word' id='word_1_62' title='bbox 454 1761 924 1823; x_wconf 78' lang='lat' dir='ltr'><strong>sententialiter</strong></span> <span class='ocrx_word' id='word_1_63' title='bbox 951 1760 1358 1824; x_wconf 88' lang='lat' dir='ltr'><strong>continentur</strong></span> <span class='ocrx_word' id='word_1_64' title='bbox 1388 1759 1826 1841; x_wconf 82' lang='lat' dir='ltr'><strong>responsiones</strong></span> 
     </span>
    </p>
   </div>
   <div class='ocr_carea' id='block_1_2' title="bbox 21 1155 37 1875">
    <p class='ocr_par' dir='ltr' id='par_1_2' title="bbox 21 1155 37 1875">
     <span class='ocr_line' id='line_1_12' title="bbox 21 1155 37 1875; textangle 90"><span class='ocrx_word' id='word_1_65' title='bbox 24 1669 37 1875; x_wconf 40' lang='lat' dir='ltr'><strong>2⁴⁴ss--w-</strong></span> <span class='ocrx_word' id='word_1_66' title='bbox 22 1316 37 1652; x_wconf 48' lang='lat' dir='ltr'><strong>umss⁴</strong></span> <span class='ocrx_word' id='word_1_67' title='bbox 21 1226 23 1233; x_wconf 89' lang='lat'>·</span> <span class='ocrx_word' id='word_1_68' title='bbox 21 1190 23 1207; x_wconf 86' lang='lat'><strong>··</strong></span> <span class='ocrx_word' id='word_1_69' title='bbox 23 1155 33 1166; x_wconf 59' lang='lat'>2</span> 
     </span>
    </p>
   </div>
   <div class='ocr_carea' id='block_1_3' title="bbox 703 508 3058 565">
    <p class='ocr_par' dir='ltr' id='par_1_3' title="bbox 703 508 3058 565">
     <span class='ocr_line' id='line_1_13' title="bbox 703 508 3058 565; baseline 0.003 -9"><span class='ocrx_word' id='word_1_70' title='bbox 703 509 930 565; x_wconf 74' lang='lat' dir='ltr'><strong>QUAEST.</strong></span> <span class='ocrx_word' id='word_1_71' title='bbox 969 508 1018 557; x_wconf 88' lang='lat'><strong>11</strong></span> <span class='ocrx_word' id='word_1_72' title='bbox 1059 510 1076 554; x_wconf 72' lang='grc' dir='ltr'><strong><em>Ζ</em></strong></span> <span class='ocrx_word' id='word_1_73' title='bbox 1117 512 1204 557; x_wconf 76' lang='grc' dir='ltr'><strong>ΔΝ</strong></span> <span class='ocrx_word' id='word_1_74' title='bbox 1245 508 1560 559; x_wconf 73' lang='lat' dir='ltr'>OPORTEAT</span> <span class='ocrx_word' id='word_1_75' title='bbox 1599 508 1761 555; x_wconf 70' lang='lat' dir='ltr'><strong>ANTE</strong></span> <span class='ocrx_word' id='word_1_76' title='bbox 1802 508 2251 559; x_wconf 65' lang='lat' dir='ltr'><strong>susctntormu</strong></span> <span class='ocrx_word' id='word_1_77' title='bbox 2290 512 2687 561; x_wconf 71' lang='lat' dir='ltr'><strong>BAP’nsn&#39;rls</strong></span> <span class='ocrx_word' id='word_1_78' title='bbox 2729 515 3058 563; x_wconf 70' lang='lat' dir='ltr'><strong>Poemmn·</strong></span> 
     </span>
    </p>
   </div>
   <div class='ocr_carea' id='block_1_4' title="bbox 3314 497 3436 562">
    <p class='ocr_par' dir='ltr' id='par_1_4' title="bbox 3314 497 3436 562">
     <span class='ocr_line' id='line_1_14' title="bbox 3314 497 3436 562; baseline 0.016 -1"><span class='ocrx_word' id='word_1_79' title='bbox 3314 497 3436 562; x_wconf 78' lang='lat'><strong>433</strong></span> 
     </span>
    </p>
   </div>
   <div class='ocr_carea' id='block_1_5' title="bbox 323 676 3435 769">
    <p class='ocr_par' dir='ltr' id='par_1_5' title="bbox 323 676 3435 769">
     <span class='ocr_line' id='line_1_15' title="bbox 323 676 3435 769; baseline 0.003 -31"><span class='ocrx_word' id='word_1_80' title='bbox 323 676 624 759; x_wconf 78' lang='lat' dir='ltr'><strong>reprimit</strong></span> <span class='ocrx_word' id='word_1_81' title='bbox 665 678 941 755; x_wconf 89' lang='lat' dir='ltr'><strong>inimici,</strong></span> <span class='ocrx_word' id='word_1_82' title='bbox 987 688 1053 744; x_wconf 89' lang='lat' dir='ltr'><strong>et</strong></span> <span class='ocrx_word' id='word_1_83' title='bbox 1095 680 1460 743; x_wconf 81' lang='lat' dir='ltr'><strong>benedictio</strong></span> <span class='ocrx_word' id='word_1_84' title='bbox 1502 679 1830 763; x_wconf 91' lang='lat' dir='ltr'><strong>episcopa·</strong></span> <span class='ocrx_word' id='word_1_85' title='bbox 1857 680 1910 743; x_wconf 80' lang='lat' dir='ltr'>A</span> <span class='ocrx_word' id='word_1_86' title='bbox 1939 682 2385 746; x_wconf 79' lang='lat' dir='ltr'><strong>antecedenter</strong></span> <span class='ocrx_word' id='word_1_87' title='bbox 2428 684 2595 748; x_wconf 88' lang='lat' dir='ltr'><strong>Deus</strong></span> <span class='ocrx_word' id='word_1_88' title='bbox 2638 685 2937 768; x_wconf 90' lang='lat' dir='ltr'><strong>prohibet</strong></span> <span class='ocrx_word' id='word_1_89' title='bbox 2978 684 3435 769; x_wconf 91' lang='lat' dir='ltr'><strong>concupiscen-</strong></span> 
     </span>
    </p>
   </div>
   <div class='ocr_carea' id='block_1_6' title="bbox 1935 780 3441 1845">
    <p class='ocr_par' dir='ltr' id='par_1_6' title="bbox 1935 780 3441 1845">
     <span class='ocr_line' id='line_1_16' title="bbox 1939 780 3435 867; baseline 0.004 -27"><span class='ocrx_word' id='word_1_90' title='bbox 1939 780 2092 841; x_wconf 83' lang='lat' dir='ltr'><strong>tiam</strong></span> <span class='ocrx_word' id='word_1_91' title='bbox 2150 781 2378 855; x_wconf 81' lang='lat' dir='ltr'><strong>coituS‚</strong></span> <span class='ocrx_word' id='word_1_92' title='bbox 2438 783 2941 867; x_wconf 86' lang='lat' dir='ltr'><strong>adspectumque</strong></span> <span class='ocrx_word' id='word_1_93' title='bbox 3006 784 3297 847; x_wconf 90' lang='lat' dir='ltr'><strong>mulieris</strong></span> <span class='ocrx_word' id='word_1_94' title='bbox 3354 784 3435 846; x_wconf 90' lang='lat' dir='ltr'><strong>ad</strong></span> 
     </span>
     <span class='ocr_line' id='line_1_17' title="bbox 1937 879 3435 964; baseline 0.003 -25"><span class='ocrx_word' id='word_1_95' title='bbox 1937 879 2565 961; x_wconf 83' lang='lat' dir='ltr'><strong>concupiscendum3</strong></span> <span class='ocrx_word' id='word_1_96' title='bbox 2608 890 3072 964; x_wconf 88' lang='lat' dir='ltr'><strong>consequenter</strong></span> <span class='ocrx_word' id='word_1_97' title='bbox 3108 900 3260 945; x_wconf 88' lang='lat' dir='ltr'><strong>vero</strong></span> <span class='ocrx_word' id='word_1_98' title='bbox 3294 898 3435 964; x_wconf 91' lang='lat' dir='ltr'><strong>pro-</strong></span> 
     </span>
     <span class='ocr_line' id='line_1_18' title="bbox 1937 975 3427 1044; baseline 0.003 -8"><span class='ocrx_word' id='word_1_99' title='bbox 1937 975 2197 1038; x_wconf 87' lang='lat' dir='ltr'><strong>hibetur</strong></span> <span class='ocrx_word' id='word_1_100' title='bbox 2227 978 2437 1041; x_wconf 89' lang='lat' dir='ltr'><strong>omnis</strong></span> <span class='ocrx_word' id='word_1_101' title='bbox 2475 979 2833 1043; x_wconf 87' lang='lat' dir='ltr'><strong>inordinata</strong></span> <span class='ocrx_word' id='word_1_102' title='bbox 2871 980 3105 1044; x_wconf 80' lang='lat' dir='ltr'><strong>effusio</strong></span> <span class='ocrx_word' id='word_1_103' title='bbox 3141 979 3427 1043; x_wconf 69' lang='lat' dir='ltr'><strong>seminis</strong></span> 
     </span>
     <span class='ocr_line' id='line_1_19' title="bbox 1937 1072 3434 1159; baseline 0.003 -24"><span class='ocrx_word' id='word_1_104' title='bbox 1937 1072 2040 1135; x_wconf 87' lang='lat' dir='ltr'><strong>Sic</strong></span> <span class='ocrx_word' id='word_1_105' title='bbox 2083 1081 2149 1136; x_wconf 89' lang='lat' dir='ltr'><strong>et</strong></span> <span class='ocrx_word' id='word_1_106' title='bbox 2191 1082 2581 1159; x_wconf 57' lang='lat' dir='ltr'><strong>praeceptum</strong></span> <span class='ocrx_word' id='word_1_107' title='bbox 2625 1078 2978 1158; x_wconf 88' lang='lat' dir='ltr'><strong>poenitendi</strong></span> <span class='ocrx_word' id='word_1_108' title='bbox 3018 1084 3434 1140; x_wconf 86' lang='lat' dir='ltr'><strong>sacramenta-</strong></span> 
     </span>
     <span class='ocr_line' id='line_1_20' title="bbox 1937 1169 3437 1259; baseline 0.004 -28"><span class='ocrx_word' id='word_1_109' title='bbox 1937 1169 2084 1233; x_wconf 90' lang='lat' dir='ltr'><strong>liter</strong></span> <span class='ocrx_word' id='word_1_110' title='bbox 2111 1178 2177 1234; x_wconf 90' lang='lat' dir='ltr'><strong>et</strong></span> <span class='ocrx_word' id='word_1_111' title='bbox 2206 1172 2577 1248; x_wconf 89' lang='lat' dir='ltr'><strong>confitendi,</strong></span> <span class='ocrx_word' id='word_1_112' title='bbox 2598 1175 2855 1257; x_wconf 84' lang='lat' dir='ltr'><strong>proprie</strong></span> <span class='ocrx_word' id='word_1_113' title='bbox 2884 1183 2948 1237; x_wconf 92' lang='lat' dir='ltr'><strong>et</strong></span> <span class='ocrx_word' id='word_1_114' title='bbox 2975 1176 3213 1239; x_wconf 89' lang='lat' dir='ltr'><strong>directe</strong></span> <span class='ocrx_word' id='word_1_115' title='bbox 3243 1174 3437 1259; x_wconf 89' lang='lat' dir='ltr'><strong>respi-</strong></span> 
     </span>
     <span class='ocr_line' id='line_1_21' title="bbox 1937 1267 3439 1357; baseline 0.004 -28"><span class='ocrx_word' id='word_1_116' title='bbox 1937 1267 2024 1329; x_wconf 85' lang='lat' dir='ltr'><strong>cit</strong></span> <span class='ocrx_word' id='word_1_117' title='bbox 2062 1267 2431 1351; x_wconf 86' lang='lat' dir='ltr'><strong>baptizatos.</strong></span> <span class='ocrx_word' id='word_1_118' title='bbox 2466 1270 2543 1333; x_wconf 92' lang='lat' dir='ltr'><strong>Et</strong></span> <span class='ocrx_word' id='word_1_119' title='bbox 2580 1272 2898 1354; x_wconf 89' lang='lat' dir='ltr'><strong>loquendo</strong></span> <span class='ocrx_word' id='word_1_120' title='bbox 2941 1273 3021 1335; x_wconf 89' lang='lat' dir='ltr'><strong>de</strong></span> <span class='ocrx_word' id='word_1_121' title='bbox 3062 1272 3439 1357; x_wconf 87' lang='lat' dir='ltr'><strong>poenitentia</strong></span> 
     </span>
     <span class='ocr_line' id='line_1_22' title="bbox 1937 1368 3441 1443; baseline 0.005 -16"><span class='ocrx_word' id='word_1_122' title='bbox 1937 1372 2008 1427; x_wconf 92' lang='lat' dir='ltr'><strong>ut</strong></span> <span class='ocrx_word' id='word_1_123' title='bbox 2037 1373 2134 1429; x_wconf 87' lang='lat' dir='ltr'><strong>est</strong></span> <span class='ocrx_word' id='word_1_124' title='bbox 2162 1368 2385 1443; x_wconf 87' lang='lat' dir='ltr'><strong>virtus,</strong></span> <span class='ocrx_word' id='word_1_125' title='bbox 2419 1388 2680 1431; x_wconf 87' lang='lat' dir='ltr'><strong>necesse</strong></span> <span class='ocrx_word' id='word_1_126' title='bbox 2710 1377 2807 1432; x_wconf 87' lang='lat' dir='ltr'><strong>est</strong></span> <span class='ocrx_word' id='word_1_127' title='bbox 2836 1370 3126 1433; x_wconf 90' lang='lat' dir='ltr'><strong>adultum</strong></span> <span class='ocrx_word' id='word_1_128' title='bbox 3157 1379 3303 1434; x_wconf 89' lang='lat' dir='ltr'><strong>ante</strong></span> <span class='ocrx_word' id='word_1_129' title='bbox 3332 1372 3441 1433; x_wconf 92' lang='lat' dir='ltr'><strong>Ba-</strong></span> 
     </span>
     <span class='ocr_line' id='line_1_23' title="bbox 1937 1465 3441 1548; baseline 0.003 -22"><span class='ocrx_word' id='word_1_130' title='bbox 1937 1465 2249 1546; x_wconf 90' lang='lat' dir='ltr'><strong>ptismum</strong></span> <span class='ocrx_word' id='word_1_131' title='bbox 2288 1468 2620 1548; x_wconf 87' lang='lat' dir='ltr'><strong>poenitere,</strong></span> <span class='ocrx_word' id='word_1_132' title='bbox 2664 1487 2791 1531; x_wconf 91' lang='lat' dir='ltr'><strong>non</strong></span> <span class='ocrx_word' id='word_1_133' title='bbox 2835 1476 3051 1532; x_wconf 87' lang='lat' dir='ltr'><strong>autem</strong></span> <span class='ocrx_word' id='word_1_134' title='bbox 3097 1477 3171 1532; x_wconf 91' lang='lat' dir='ltr'><strong>ut</strong></span> <span class='ocrx_word' id='word_1_135' title='bbox 3209 1477 3307 1533; x_wconf 90' lang='lat' dir='ltr'><strong>est</strong></span> <span class='ocrx_word' id='word_1_136' title='bbox 3342 1488 3441 1532; x_wconf 91' lang='lat' dir='ltr'><strong>sa-</strong></span> 
     </span>
     <span class='ocr_line' id='line_1_24' title="bbox 1937 1566 3439 1649; baseline 0.004 -26"><span class='ocrx_word' id='word_1_137' title='bbox 1937 1570 2379 1643; x_wconf 85' lang='lat' dir='ltr'><strong>cramentum3</strong></span> <span class='ocrx_word' id='word_1_138' title='bbox 2424 1566 2534 1627; x_wconf 90' lang='lat' dir='ltr'><strong>sed</strong></span> <span class='ocrx_word' id='word_1_139' title='bbox 2583 1567 2877 1646; x_wconf 83' lang='lat' dir='ltr'><strong>congruit</strong></span> <span class='ocrx_word' id='word_1_140' title='bbox 2926 1575 2998 1628; x_wconf 91' lang='lat' dir='ltr'><strong>ut</strong></span> <span class='ocrx_word' id='word_1_141' title='bbox 3040 1574 3187 1631; x_wconf 89' lang='lat' dir='ltr'><strong>ante</strong></span> <span class='ocrx_word' id='word_1_142' title='bbox 3228 1567 3439 1649; x_wconf 87' lang='lat' dir='ltr'><strong>Bapti-</strong></span> 
     </span>
     <span class='ocr_line' id='line_1_25' title="bbox 1938 1662 3439 1748; baseline 0.003 -26"><span class='ocrx_word' id='word_1_143' title='bbox 1938 1680 2149 1723; x_wconf 90' lang='lat' dir='ltr'><strong>smum</strong></span> <span class='ocrx_word' id='word_1_144' title='bbox 2200 1662 2601 1725; x_wconf 82' lang='lat' dir='ltr'><strong>confiteatur.</strong></span> <span class='ocrx_word' id='word_1_145' title='bbox 2656 1663 2986 1728; x_wconf 85' lang='lat' dir='ltr'><strong>Confessio</strong></span> <span class='ocrx_word' id='word_1_146' title='bbox 3036 1684 3313 1748; x_wconf 89' lang='lat' dir='ltr'><strong>namque</strong></span> <span class='ocrx_word' id='word_1_147' title='bbox 3357 1664 3439 1728; x_wconf 87' lang='lat' dir='ltr'><strong>fit</strong></span> 
     </span>
     <span class='ocr_line' id='line_1_26' title="bbox 1935 1760 3437 1845; baseline 0.003 -24"><span class='ocrx_word' id='word_1_148' title='bbox 1935 1760 2273 1834; x_wconf 86' lang='lat' dir='ltr'><strong>sacerdoti,</strong></span> <span class='ocrx_word' id='word_1_149' title='bbox 2316 1768 2385 1823; x_wconf 92' lang='lat' dir='ltr'><strong>ut</strong></span> <span class='ocrx_word' id='word_1_150' title='bbox 2431 1760 2623 1823; x_wconf 89' lang='lat' dir='ltr'><strong>homo</strong></span> <span class='ocrx_word' id='word_1_151' title='bbox 2672 1770 2930 1843; x_wconf 87' lang='lat' dir='ltr'><strong>peccata</strong></span> <span class='ocrx_word' id='word_1_152' title='bbox 2978 1782 3091 1825; x_wconf 91' lang='lat' dir='ltr'><strong>sua</strong></span> <span class='ocrx_word' id='word_1_153' title='bbox 3142 1780 3437 1845; x_wconf 80' lang='lat' dir='ltr'><strong>recogno-</strong></span> 
     </span>
    </p>
   </div>
   <div class='ocr_carea' id='block_1_7' title="bbox 324 1856 3433 1953">
    <p class='ocr_par' dir='ltr' id='par_1_7' title="bbox 324 1856 3433 1953">
     <span class='ocr_line' id='line_1_27' title="bbox 324 1856 3433 1953; baseline 0.002 -35"><span class='ocrx_word' id='word_1_154' title='bbox 324 1857 592 1933; x_wconf 86' lang='lat' dir='ltr'><strong>Alberti,</strong></span> <span class='ocrx_word' id='word_1_155' title='bbox 641 1858 1124 1933; x_wconf 81' lang='lat' dir='ltr'><strong>Bonaventurae,</strong></span> <span class='ocrx_word' id='word_1_156' title='bbox 1178 1857 1366 1931; x_wconf 88' lang='lat' dir='ltr'><strong>Petri,</strong></span> <span class='ocrx_word' id='word_1_157' title='bbox 1418 1856 1712 1920; x_wconf 86' lang='lat' dir='ltr'><strong>Richardi</strong></span> <span class='ocrx_word' id='word_1_158' title='bbox 1761 1864 1826 1953; x_wconf 82' lang='lat' dir='ltr'><strong>et</strong></span> <span class='ocrx_word' id='word_1_159' title='bbox 1862 1859 1908 1921; x_wconf 90' lang='lat' dir='ltr'>B</span> <span class='ocrx_word' id='word_1_160' title='bbox 1939 1865 2090 1932; x_wconf 89' lang='lat' dir='ltr'><strong>scat,</strong></span> <span class='ocrx_word' id='word_1_161' title='bbox 2124 1865 2315 1940; x_wconf 90' lang='lat' dir='ltr'><strong>atque</strong></span> <span class='ocrx_word' id='word_1_162' title='bbox 2354 1860 2431 1921; x_wconf 91' lang='lat' dir='ltr'><strong>de</strong></span> <span class='ocrx_word' id='word_1_163' title='bbox 2471 1860 2565 1923; x_wconf 90' lang='lat' dir='ltr'><strong>eis</strong></span> <span class='ocrx_word' id='word_1_164' title='bbox 2602 1859 2957 1934; x_wconf 88' lang='lat' dir='ltr'><strong>erubescat,</strong></span> <span class='ocrx_word' id='word_1_165' title='bbox 2988 1880 3062 1923; x_wconf 92' lang='lat' dir='ltr'><strong>ac</strong></span> <span class='ocrx_word' id='word_1_166' title='bbox 3102 1862 3181 1924; x_wconf 91' lang='lat' dir='ltr'><strong>de</strong></span> <span class='ocrx_word' id='word_1_167' title='bbox 3210 1878 3433 1924; x_wconf 89' lang='lat' dir='ltr'><strong>corum</strong></span> 
     </span>
    </p>
   </div>
   <div class='ocr_carea' id='block_1_8' title="bbox 27 1955 1567 2059">
    <p class='ocr_par' dir='ltr' id='par_1_8' title="bbox 27 1955 1567 2059">
     <span class='ocr_line' id='line_1_28' title="bbox 27 1955 1567 2059; baseline 0.001 -42"><span class='ocrx_word' id='word_1_168' title='bbox 27 1957 37 2059; x_wconf 32' lang='lat' dir='ltr'><strong>l</strong></span> <span class='ocrx_word' id='word_1_169' title='bbox 325 1956 612 2038; x_wconf 86' lang='lat' dir='ltr'><strong>plurium</strong></span> <span class='ocrx_word' id='word_1_170' title='bbox 653 1957 954 2031; x_wconf 88' lang='lat' dir='ltr'><strong>aliorum,</strong></span> <span class='ocrx_word' id='word_1_171' title='bbox 997 1958 1076 2020; x_wconf 89' lang='lat' dir='ltr'><strong>de</strong></span> <span class='ocrx_word' id='word_1_172' title='bbox 1121 1957 1236 2019; x_wconf 86' lang='lat' dir='ltr'><strong>ista</strong></span> <span class='ocrx_word' id='word_1_173' title='bbox 1283 1955 1567 2019; x_wconf 88' lang='lat' dir='ltr'><strong>materia.</strong></span> 
     </span>
    </p>
   </div>
   <div class='ocr_carea' id='block_1_9' title="bbox 769 2273 1391 2349">
    <p class='ocr_par' dir='ltr' id='par_1_9' title="bbox 769 2273 1391 2349">
     <span class='ocr_line' id='line_1_29' title="bbox 769 2273 1391 2349; baseline 0.002 -12"><span class='ocrx_word' id='word_1_174' title='bbox 769 2273 1242 2349; x_wconf 83' lang='lat' dir='ltr'>QUAESTIO</span> <span class='ocrx_word' id='word_1_175' title='bbox 1312 2275 1391 2338; x_wconf 95' lang='lat' dir='ltr'><strong>II</strong></span> 
     </span>
    </p>
   </div>
   <div class='ocr_carea' id='block_1_10' title="bbox 324 2548 1831 2829">
    <p class='ocr_par' dir='ltr' id='par_1_10' title="bbox 324 2548 1831 2829">
     <span class='ocr_line' id='line_1_30' title="bbox 448 2548 1830 2631; baseline 0.004 -18"><span class='ocrx_word' id='word_1_176' title='bbox 448 2550 734 2613; x_wconf 79' lang='lat' dir='ltr'><strong>Raeterea</strong></span> <span class='ocrx_word' id='word_1_177' title='bbox 801 2548 1132 2631; x_wconf 82' lang='lat' dir='ltr'><strong>quaeritur,</strong></span> <span class='ocrx_word' id='word_1_178' title='bbox 1195 2550 1328 2616; x_wconf 82' lang='lat' dir='ltr'><strong>An</strong></span> <span class='ocrx_word' id='word_1_179' title='bbox 1397 2551 1494 2617; x_wconf 83' lang='lat' dir='ltr'><strong>de</strong></span> <span class='ocrx_word' id='word_1_180' title='bbox 1560 2566 1830 2631; x_wconf 77' lang='lat' dir='ltr'><strong>pocca-</strong></span> 
     </span>
     <span class='ocr_line' id='line_1_31' title="bbox 475 2647 1828 2729; baseline 0.001 -15"><span class='ocrx_word' id='word_1_181' title='bbox 475 2650 590 2715; x_wconf 77' lang='lat' dir='ltr'><strong>tie</strong></span> <span class='ocrx_word' id='word_1_182' title='bbox 641 2647 1272 2729; x_wconf 70' lang='lat' dir='ltr'><strong>praecedentibus</strong></span> <span class='ocrx_word' id='word_1_183' title='bbox 1323 2650 1828 2729; x_wconf 76' lang='lat' dir='ltr'><strong>Baptismum</strong></span> 
     </span>
     <span class='ocr_line' id='line_1_32' title="bbox 324 2747 1831 2829; baseline 0 -16"><span class='ocrx_word' id='word_1_184' title='bbox 324 2748 692 2827; x_wconf 84' lang='lat' dir='ltr'><strong>oporteat</strong></span> <span class='ocrx_word' id='word_1_185' title='bbox 721 2748 912 2812; x_wconf 87' lang='lat' dir='ltr'><strong>ante</strong></span> <span class='ocrx_word' id='word_1_186' title='bbox 951 2748 1532 2827; x_wconf 77' lang='lat' dir='ltr'><strong>susceptionem</strong></span> <span class='ocrx_word' id='word_1_187' title='bbox 1561 2747 1831 2829; x_wconf 77' lang='lat' dir='ltr'><strong>Bapti-</strong></span> 
     </span>
    </p>
   </div>
   <div class='ocr_carea' id='block_1_11' title="bbox 323 2844 1826 3025">
    <p class='ocr_par' dir='ltr' id='par_1_11' title="bbox 323 2844 1826 3025">
     <span class='ocr_line' id='line_1_33' title="bbox 323 2844 1599 2925; baseline 0.001 -14"><span class='ocrx_word' id='word_1_188' title='bbox 323 2846 608 2912; x_wconf 77' lang='lat' dir='ltr'><strong>smatis</strong></span> <span class='ocrx_word' id='word_1_189' title='bbox 649 2846 1037 2925; x_wconf 79' lang='lat' dir='ltr'><strong>poenitere</strong></span> <span class='ocrx_word' id='word_1_190' title='bbox 1079 2858 1172 2911; x_wconf 86' lang='lat' dir='ltr'><strong>ac</strong></span> <span class='ocrx_word' id='word_1_191' title='bbox 1212 2844 1599 2912; x_wconf 76' lang='lat' dir='ltr'><strong>confiteri.</strong></span> 
     </span>
     <span class='ocr_line' id='line_1_34' title="bbox 402 2942 1826 3025; baseline 0.002 -22"><span class='ocrx_word' id='word_1_192' title='bbox 402 2942 672 3005; x_wconf 84' lang='lat' dir='ltr'><strong>Videtur</strong></span> <span class='ocrx_word' id='word_1_193' title='bbox 717 2942 886 3024; x_wconf 90' lang='lat' dir='ltr'><strong>quod</strong></span> <span class='ocrx_word' id='word_1_194' title='bbox 931 2942 1046 3016; x_wconf 89' lang='lat' dir='ltr'><strong>sic,</strong></span> <span class='ocrx_word' id='word_1_195' title='bbox 1087 2942 1240 3025; x_wconf 87' lang='lat' dir='ltr'><strong>quia</strong></span> <span class='ocrx_word' id='word_1_196' title='bbox 1281 2943 1670 3025; x_wconf 90' lang='lat' dir='ltr'><strong>principium</strong></span> <span class='ocrx_word' id='word_1_197' title='bbox 1717 2942 1826 3006; x_wconf 92' lang='lat' dir='ltr'><strong>bo-</strong></span> 
     </span>
    </p>
   </div>
   <div class='ocr_carea' id='block_1_12' title="bbox 1937 1958 3439 3023">
    <p class='ocr_par' dir='ltr' id='par_1_12' title="bbox 1937 1958 3439 3023">
     <span class='ocr_line' id='line_1_35' title="bbox 1940 1958 3432 2039; baseline 0.003 -21"><span class='ocrx_word' id='word_1_198' title='bbox 1940 1958 2317 2020; x_wconf 89' lang='lat' dir='ltr'><strong>remissione</strong></span> <span class='ocrx_word' id='word_1_199' title='bbox 2363 1965 2579 2039; x_wconf 85' lang='lat' dir='ltr'><strong>gratus</strong></span> <span class='ocrx_word' id='word_1_200' title='bbox 2626 1959 2707 2021; x_wconf 86' lang='lat' dir='ltr'><strong>sit</strong></span> <span class='ocrx_word' id='word_1_201' title='bbox 2766 1960 2912 2022; x_wconf 86' lang='lat' dir='ltr'><strong>Deo.</strong></span> <span class='ocrx_word' id='word_1_202' title='bbox 2964 1960 3111 2023; x_wconf 88' lang='lat' dir='ltr'><strong>ldeo</strong></span> <span class='ocrx_word' id='word_1_203' title='bbox 3158 1961 3237 2022; x_wconf 90' lang='lat' dir='ltr'><strong>de</strong></span> <span class='ocrx_word' id='word_1_204' title='bbox 3284 1978 3432 2023; x_wconf 91' lang='lat' dir='ltr'><strong>con-</strong></span> 
     </span>
     <span class='ocr_line' id='line_1_36' title="bbox 1937 2054 3435 2139; baseline 0.005 -23"><span class='ocrx_word' id='word_1_205' title='bbox 1937 2073 2095 2136; x_wconf 85' lang='lat' dir='ltr'><strong>gruo</strong></span> <span class='ocrx_word' id='word_1_206' title='bbox 2124 2054 2317 2119; x_wconf 88' lang='lat' dir='ltr'><strong>debet</strong></span> <span class='ocrx_word' id='word_1_207' title='bbox 2343 2057 2735 2139; x_wconf 89' lang='lat' dir='ltr'><strong>Baptismum</strong></span> <span class='ocrx_word' id='word_1_208' title='bbox 2766 2058 3275 2139; x_wconf 81' lang='lat' dir='ltr'><strong>praecedere,sed</strong></span> <span class='ocrx_word' id='word_1_209' title='bbox 3306 2076 3435 2123; x_wconf 89' lang='lat' dir='ltr'><strong>non</strong></span> 
     </span>
     <span class='ocr_line' id='line_1_37' title="bbox 1938 2156 3435 2240; baseline 0.003 -25"><span class='ocrx_word' id='word_1_210' title='bbox 1938 2161 2189 2235; x_wconf 91' lang='lat' dir='ltr'><strong>oportet</strong></span> <span class='ocrx_word' id='word_1_211' title='bbox 2236 2172 2354 2217; x_wconf 90' lang='lat' dir='ltr'><strong>nec</strong></span> <span class='ocrx_word' id='word_1_212' title='bbox 2401 2156 2591 2218; x_wconf 90' lang='lat' dir='ltr'><strong>debet</strong></span> <span class='ocrx_word' id='word_1_213' title='bbox 2633 2156 2815 2238; x_wconf 91' lang='lat' dir='ltr'><strong>sequi</strong></span> <span class='ocrx_word' id='word_1_214' title='bbox 2862 2157 3181 2220; x_wconf 86' lang='lat' dir='ltr'><strong>absolutio</strong></span> <span class='ocrx_word' id='word_1_215' title='bbox 3225 2176 3435 2240; x_wconf 88' lang='lat' dir='ltr'><strong>neque</strong></span> 
     </span>
     <span class='ocr_line' id='line_1_38' title="bbox 1939 2249 3435 2337; baseline 0.004 -26"><span class='ocrx_word' id='word_1_216' title='bbox 1939 2249 2179 2332; x_wconf 82' lang='lat' dir='ltr'><strong>ligatio,</strong></span> <span class='ocrx_word' id='word_1_217' title='bbox 2211 2254 2513 2334; x_wconf 92' lang='lat' dir='ltr'><strong>quoniam</strong></span> <span class='ocrx_word' id='word_1_218' title='bbox 2558 2260 2765 2316; x_wconf 88' lang='lat' dir='ltr'><strong>totum</strong></span> <span class='ocrx_word' id='word_1_219' title='bbox 2804 2254 3074 2317; x_wconf 87' lang='lat' dir='ltr'><strong>solvitur</strong></span> <span class='ocrx_word' id='word_1_220' title='bbox 3116 2254 3183 2317; x_wconf 91' lang='lat' dir='ltr'><strong>in</strong></span> <span class='ocrx_word' id='word_1_221' title='bbox 3224 2254 3435 2337; x_wconf 88' lang='lat' dir='ltr'><strong>Bapti-</strong></span> 
     </span>
     <span class='ocr_line' id='line_1_39' title="bbox 1939 2350 3438 2435; baseline 0.003 -24"><span class='ocrx_word' id='word_1_222' title='bbox 1939 2368 2096 2412; x_wconf 91' lang='lat' dir='ltr'><strong>smo.</strong></span> <span class='ocrx_word' id='word_1_223' title='bbox 2131 2350 2279 2413; x_wconf 88' lang='lat' dir='ltr'><strong>ldeo</strong></span> <span class='ocrx_word' id='word_1_224' title='bbox 2316 2352 2713 2433; x_wconf 89' lang='lat' dir='ltr'><strong>poenitentia,</strong></span> <span class='ocrx_word' id='word_1_225' title='bbox 2747 2360 3058 2435; x_wconf 89' lang='lat' dir='ltr'><strong>quantum</strong></span> <span class='ocrx_word' id='word_1_226' title='bbox 3086 2354 3166 2415; x_wconf 88' lang='lat' dir='ltr'><strong>ad</strong></span> <span class='ocrx_word' id='word_1_227' title='bbox 3205 2353 3438 2416; x_wconf 92' lang='lat' dir='ltr'><strong>contri-</strong></span> 
     </span>
     <span class='ocr_line' id='line_1_40' title="bbox 1939 2447 3435 2533; baseline 0.003 -24"><span class='ocrx_word' id='word_1_228' title='bbox 1939 2447 2203 2521; x_wconf 90' lang='lat' dir='ltr'><strong>tionem,</strong></span> <span class='ocrx_word' id='word_1_229' title='bbox 2236 2450 2541 2531; x_wconf 80' lang='lat' dir='ltr'><strong>praecedit</strong></span> <span class='ocrx_word' id='word_1_230' title='bbox 2567 2451 2969 2530; x_wconf 82' lang='lat' dir='ltr'><strong>necessari03</strong></span> <span class='ocrx_word' id='word_1_231' title='bbox 3002 2459 3315 2533; x_wconf 89' lang='lat' dir='ltr'><strong>quantum</strong></span> <span class='ocrx_word' id='word_1_232' title='bbox 3353 2452 3435 2514; x_wconf 94' lang='lat' dir='ltr'><strong>ad</strong></span> 
     </span>
     <span class='ocr_line' id='line_1_41' title="bbox 1939 2546 3435 2632; baseline 0.003 -24"><span class='ocrx_word' id='word_1_233' title='bbox 1939 2546 2429 2623; x_wconf 83' lang='lat' dir='ltr'><strong>confessionem,</strong></span> <span class='ocrx_word' id='word_1_234' title='bbox 2480 2549 2561 2611; x_wconf 91' lang='lat' dir='ltr'><strong>de</strong></span> <span class='ocrx_word' id='word_1_235' title='bbox 2618 2566 2940 2630; x_wconf 82' lang='lat' dir='ltr'><strong>congru03</strong></span> <span class='ocrx_word' id='word_1_236' title='bbox 2994 2557 3307 2632; x_wconf 90' lang='lat' dir='ltr'><strong>quantum</strong></span> <span class='ocrx_word' id='word_1_237' title='bbox 3354 2551 3435 2613; x_wconf 90' lang='lat' dir='ltr'><strong>ad</strong></span> 
     </span>
     <span class='ocr_line' id='line_1_42' title="bbox 1938 2642 3437 2722; baseline 0.003 -16"><span class='ocrx_word' id='word_1_238' title='bbox 1938 2642 2403 2709; x_wconf 89' lang='lat' dir='ltr'><strong>absolutionem</strong></span> <span class='ocrx_word' id='word_1_239' title='bbox 2434 2654 2499 2709; x_wconf 88' lang='lat' dir='ltr'><strong>et</strong></span> <span class='ocrx_word' id='word_1_240' title='bbox 2526 2647 3041 2722; x_wconf 89' lang='lat' dir='ltr'><strong>satisfactionem,</strong></span> <span class='ocrx_word' id='word_1_241' title='bbox 3060 2657 3281 2711; x_wconf 90' lang='lat' dir='ltr'><strong>neutro</strong></span> <span class='ocrx_word' id='word_1_242' title='bbox 3311 2665 3437 2711; x_wconf 91' lang='lat' dir='ltr'><strong>mo-</strong></span> 
     </span>
     <span class='ocr_line' id='line_1_43' title="bbox 1939 2742 3439 2828; baseline 0.002 -22"><span class='ocrx_word' id='word_1_243' title='bbox 1939 2744 2040 2806; x_wconf 92' lang='lat' dir='ltr'><strong>do.</strong></span> <span class='ocrx_word' id='word_1_244' title='bbox 2074 2742 2152 2806; x_wconf 90' lang='lat' dir='ltr'><strong>Et</strong></span> <span class='ocrx_word' id='word_1_245' title='bbox 2182 2745 2331 2826; x_wconf 90' lang='lat' dir='ltr'><strong>quia</strong></span> <span class='ocrx_word' id='word_1_246' title='bbox 2358 2753 2827 2808; x_wconf 88' lang='lat' dir='ltr'><strong>sacramentum</strong></span> <span class='ocrx_word' id='word_1_247' title='bbox 2868 2747 3037 2809; x_wconf 92' lang='lat' dir='ltr'><strong>istud</strong></span> <span class='ocrx_word' id='word_1_248' title='bbox 3078 2746 3439 2828; x_wconf 89' lang='lat' dir='ltr'><strong>completur</strong></span> 
     </span>
     <span class='ocr_line' id='line_1_44' title="bbox 1940 2842 3438 2926; baseline 0.003 -22"><span class='ocrx_word' id='word_1_249' title='bbox 1940 2842 2006 2904; x_wconf 89' lang='lat' dir='ltr'><strong>in</strong></span> <span class='ocrx_word' id='word_1_250' title='bbox 2035 2842 2454 2919; x_wconf 89' lang='lat' dir='ltr'><strong>absolutione,</strong></span> <span class='ocrx_word' id='word_1_251' title='bbox 2487 2844 2791 2926; x_wconf 89' lang='lat' dir='ltr'><strong>quoniam</strong></span> <span class='ocrx_word' id='word_1_252' title='bbox 2831 2844 2923 2907; x_wconf 91' lang='lat' dir='ltr'><strong>ibi</strong></span> <span class='ocrx_word' id='word_1_253' title='bbox 2964 2844 3303 2908; x_wconf 79' lang='lat' dir='ltr'><strong>exhibetur</strong></span> <span class='ocrx_word' id='word_1_254' title='bbox 3342 2864 3438 2908; x_wconf 89' lang='lat' dir='ltr'><strong>re·</strong></span> 
     </span>
     <span class='ocr_line' id='line_1_45' title="bbox 1939 2940 3439 3023; baseline 0.003 -22"><span class='ocrx_word' id='word_1_255' title='bbox 1939 2941 2258 3020; x_wconf 83' lang='lat' dir='ltr'><strong>medium3</strong></span> <span class='ocrx_word' id='word_1_256' title='bbox 2282 2940 2425 3004; x_wconf 90' lang='lat' dir='ltr'><strong>ideo</strong></span> <span class='ocrx_word' id='word_1_257' title='bbox 2454 2942 2829 3023; x_wconf 86' lang='lat' dir='ltr'><strong>poenitcntia</strong></span> <span class='ocrx_word' id='word_1_258' title='bbox 2849 2940 2929 3005; x_wconf 78' lang='lat' dir='ltr'><strong>‘ut</strong></span> <span class='ocrx_word' id='word_1_259' title='bbox 2958 2950 3055 3006; x_wconf 90' lang='lat' dir='ltr'><strong>est</strong></span> <span class='ocrx_word' id='word_1_260' title='bbox 3083 2961 3439 3007; x_wconf 87' lang='lat' dir='ltr'><strong>sacramen-</strong></span> 
     </span>
    </p>
   </div>
   <div class='ocr_carea' id='block_1_13' title="bbox 325 3038 3438 3125">
    <p class='ocr_par' dir='ltr' id='par_1_13' title="bbox 325 3038 3438 3125">
     <span class='ocr_line' id='line_1_46' title="bbox 325 3038 3438 3125; baseline 0 -22"><span class='ocrx_word' id='word_1_261' title='bbox 325 3059 580 3114; x_wconf 89' lang='lat' dir='ltr'><strong>norum,</strong></span> <span class='ocrx_word' id='word_1_262' title='bbox 617 3039 938 3103; x_wconf 84' lang='lat' dir='ltr'><strong>confessio</strong></span> <span class='ocrx_word' id='word_1_263' title='bbox 967 3048 1067 3101; x_wconf 86' lang='lat' dir='ltr'><strong>cst</strong></span> <span class='ocrx_word' id='word_1_264' title='bbox 1095 3041 1434 3115; x_wconf 88' lang='lat' dir='ltr'><strong>malorum,</strong></span> <span class='ocrx_word' id='word_1_265' title='bbox 1467 3042 1669 3125; x_wconf 89' lang='lat' dir='ltr'><strong>etqui</strong></span> <span class='ocrx_word' id='word_1_266' title='bbox 1708 3042 1826 3104; x_wconf 89' lang='lat' dir='ltr'><strong>im·</strong></span> <span class='ocrx_word' id='word_1_267' title='bbox 1857 3038 1901 3103; x_wconf 87' lang='lat' dir='ltr'>C</span> <span class='ocrx_word' id='word_1_268' title='bbox 1939 3047 2076 3101; x_wconf 89' lang='lat' dir='ltr'><strong>tum</strong></span> <span class='ocrx_word' id='word_1_269' title='bbox 2125 3038 2445 3114; x_wconf 83' lang='lat' dir='ltr'><strong>Ecclesiae,</strong></span> <span class='ocrx_word' id='word_1_270' title='bbox 2496 3039 2895 3122; x_wconf 88' lang='lat' dir='ltr'><strong>Baptismum</strong></span> <span class='ocrx_word' id='word_1_271' title='bbox 2944 3041 3255 3125; x_wconf 87' lang='lat' dir='ltr'><strong>sequitur,</strong></span> <span class='ocrx_word' id='word_1_272' title='bbox 3309 3060 3438 3106; x_wconf 91' lang='lat' dir='ltr'><strong>non</strong></span> 
     </span>
    </p>
   </div>
   <div class='ocr_carea' id='block_1_14' title="bbox 325 3139 1828 3518">
    <p class='ocr_par' dir='ltr' id='par_1_14' title="bbox 325 3139 1827 3312">
     <span class='ocr_line' id='line_1_47' title="bbox 327 3139 1827 3222; baseline 0.001 -19"><span class='ocrx_word' id='word_1_273' title='bbox 327 3141 648 3222; x_wconf 87' lang='lat' dir='ltr'><strong>poenitens</strong></span> <span class='ocrx_word' id='word_1_274' title='bbox 715 3147 781 3202; x_wconf 90' lang='lat' dir='ltr'><strong>et</strong></span> <span class='ocrx_word' id='word_1_275' title='bbox 847 3139 1228 3202; x_wconf 88' lang='lat' dir='ltr'><strong>incontritus</strong></span> <span class='ocrx_word' id='word_1_276' title='bbox 1285 3141 1362 3203; x_wconf 87' lang='lat' dir='ltr'><strong>ad</strong></span> <span class='ocrx_word' id='word_1_277' title='bbox 1431 3141 1827 3222; x_wconf 89' lang='lat' dir='ltr'><strong>Baptismum</strong></span> 
     </span>
     <span class='ocr_line' id='line_1_48' title="bbox 325 3237 1651 3312; baseline 0.002 -13"><span class='ocrx_word' id='word_1_278' title='bbox 325 3238 596 3312; x_wconf 90' lang='lat' dir='ltr'><strong>accedit,</strong></span> <span class='ocrx_word' id='word_1_279' title='bbox 641 3237 838 3300; x_wconf 85' lang='lat' dir='ltr'><strong>fictus</strong></span> <span class='ocrx_word' id='word_1_280' title='bbox 880 3238 1144 3300; x_wconf 88' lang='lat' dir='ltr'><strong>accedit.</strong></span> <span class='ocrx_word' id='word_1_281' title='bbox 1646 3253 1651 3258; x_wconf 89' lang='grc'><strong><em>’</em></strong></span> 
     </span>
    </p>

    <p class='ocr_par' dir='ltr' id='par_1_15' title="bbox 327 3337 1828 3518">
     <span class='ocr_line' id='line_1_49' title="bbox 401 3337 1828 3419; baseline 0.001 -21"><span class='ocrx_word' id='word_1_282' title='bbox 401 3337 472 3398; x_wconf 90' lang='lat' dir='ltr'><strong>In</strong></span> <span class='ocrx_word' id='word_1_283' title='bbox 517 3337 910 3399; x_wconf 87' lang='lat' dir='ltr'><strong>contrarium</strong></span> <span class='ocrx_word' id='word_1_284' title='bbox 956 3343 1074 3411; x_wconf 88' lang='lat' dir='ltr'><strong>est,</strong></span> <span class='ocrx_word' id='word_1_285' title='bbox 1114 3337 1284 3419; x_wconf 90' lang='lat' dir='ltr'><strong>quod</strong></span> <span class='ocrx_word' id='word_1_286' title='bbox 1326 3337 1689 3419; x_wconf 89' lang='lat' dir='ltr'><strong>Baptismus</strong></span> <span class='ocrx_word' id='word_1_287' title='bbox 1728 3346 1828 3401; x_wconf 91' lang='lat' dir='ltr'><strong>est</strong></span> 
     </span>
     <span class='ocr_line' id='line_1_50' title="bbox 327 3434 1682 3518; baseline 0.001 -22"><span class='ocrx_word' id='word_1_288' title='bbox 327 3434 725 3518; x_wconf 87' lang='lat' dir='ltr'><strong>principium</strong></span> <span class='ocrx_word' id='word_1_289' title='bbox 767 3454 840 3497; x_wconf 93' lang='lat' dir='ltr'><strong>ac</strong></span> <span class='ocrx_word' id='word_1_290' title='bbox 880 3434 1078 3514; x_wconf 82' lang='lat' dir='ltr'><strong>janua</strong></span> <span class='ocrx_word' id='word_1_291' title='bbox 1119 3443 1682 3497; x_wconf 87' lang='lat' dir='ltr'><strong>sacramentorum.</strong></span> 
     </span>
    </p>
   </div>
   <div class='ocr_carea' id='block_1_15' title="bbox 325 3629 1830 4202">
    <p class='ocr_par' dir='ltr' id='par_1_16' title="bbox 325 3629 1830 4202">
     <span class='ocr_line' id='line_1_51' title="bbox 405 3629 1828 3713; baseline 0.001 -21"><span class='ocrx_word' id='word_1_292' title='bbox 405 3630 500 3692; x_wconf 84' lang='lat' dir='ltr'><strong>Ad</strong></span> <span class='ocrx_word' id='word_1_293' title='bbox 543 3629 665 3692; x_wconf 87' lang='lat' dir='ltr'><strong>boc</strong></span> <span class='ocrx_word' id='word_1_294' title='bbox 703 3629 1142 3692; x_wconf 86' lang='lat' dir='ltr'><strong>Bonaventura</strong></span> <span class='ocrx_word' id='word_1_295' title='bbox 1183 3630 1524 3713; x_wconf 89' lang='lat' dir='ltr'><strong>respondet</strong></span> <span class='ocrx_word' id='word_1_296' title='bbox 1557 3647 1570 3692; x_wconf 92' lang='lat'>:</span> <span class='ocrx_word' id='word_1_297' title='bbox 1603 3631 1828 3704; x_wconf 87' lang='lat' dir='ltr'><strong>Quem-</strong></span> 
     </span>
     <span class='ocr_line' id='line_1_52' title="bbox 329 3726 1828 3808; baseline 0 -17"><span class='ocrx_word' id='word_1_298' title='bbox 329 3728 676 3791; x_wconf 87' lang='lat' dir='ltr'><strong>admodum</strong></span> <span class='ocrx_word' id='word_1_299' title='bbox 708 3726 1001 3808; x_wconf 75' lang='lat' dir='ltr'><strong>quaedam</strong></span> <span class='ocrx_word' id='word_1_300' title='bbox 1039 3734 1192 3788; x_wconf 89' lang='lat' dir='ltr'><strong>sunt</strong></span> <span class='ocrx_word' id='word_1_301' title='bbox 1229 3727 1296 3788; x_wconf 90' lang='lat' dir='ltr'><strong>in</strong></span> <span class='ocrx_word' id='word_1_302' title='bbox 1336 3727 1828 3808; x_wconf 80' lang='lat' dir='ltr'><strong>praedicamento</strong></span> 
     </span>
     <span class='ocr_line' id='line_1_53' title="bbox 332 3823 1824 3909; baseline 0.001 -21"><span class='ocrx_word' id='word_1_303' title='bbox 332 3845 446 3909; x_wconf 89' lang='lat' dir='ltr'><strong>per</strong></span> <span class='ocrx_word' id='word_1_304' title='bbox 494 3845 586 3900; x_wconf 87' lang='lat' dir='ltr'><strong>se,</strong></span> <span class='ocrx_word' id='word_1_305' title='bbox 633 3832 706 3887; x_wconf 91' lang='lat' dir='ltr'><strong>ut</strong></span> <span class='ocrx_word' id='word_1_306' title='bbox 745 3842 982 3906; x_wconf 83' lang='lat' dir='ltr'><strong>genera</strong></span> <span class='ocrx_word' id='word_1_307' title='bbox 1023 3823 1390 3887; x_wconf 88' lang='lat' dir='ltr'><strong>subalterna</strong></span> <span class='ocrx_word' id='word_1_308' title='bbox 1431 3832 1496 3887; x_wconf 90' lang='lat' dir='ltr'><strong>et</strong></span> <span class='ocrx_word' id='word_1_309' title='bbox 1537 3827 1784 3908; x_wconf 90' lang='lat' dir='ltr'><strong>species</strong></span> <span class='ocrx_word' id='word_1_310' title='bbox 1807 3845 1824 3906; x_wconf 83' lang='lat'><em>3</em></span> 
     </span>
     <span class='ocr_line' id='line_1_54' title="bbox 329 3922 1830 4008; baseline 0 -21"><span class='ocrx_word' id='word_1_311' title='bbox 329 3925 619 4008; x_wconf 80' lang='lat' dir='ltr'><strong>quaedam</strong></span> <span class='ocrx_word' id='word_1_312' title='bbox 655 3941 769 4006; x_wconf 88' lang='lat' dir='ltr'><strong>per</strong></span> <span class='ocrx_word' id='word_1_313' title='bbox 809 3922 1270 3997; x_wconf 86' lang='lat' dir='ltr'><strong>reductionem,</strong></span> <span class='ocrx_word' id='word_1_314' title='bbox 1305 3931 1374 3985; x_wconf 91' lang='lat' dir='ltr'><strong>ut</strong></span> <span class='ocrx_word' id='word_1_315' title='bbox 1411 3923 1728 4006; x_wconf 89' lang='lat' dir='ltr'><strong>principia</strong></span> <span class='ocrx_word' id='word_1_316' title='bbox 1765 3933 1830 3987; x_wconf 89' lang='lat' dir='ltr'><strong>et</strong></span> 
     </span>
     <span class='ocr_line' id='line_1_55' title="bbox 330 4021 1826 4107; baseline 0 -21"><span class='ocrx_word' id='word_1_317' title='bbox 330 4023 722 4107; x_wconf 87' lang='lat' dir='ltr'><strong>privationes</strong></span> <span class='ocrx_word' id='word_1_318' title='bbox 755 4037 770 4083; x_wconf 77' lang='grc' dir='ltr'><em>τ</em></span> <span class='ocrx_word' id='word_1_319' title='bbox 807 4021 892 4083; x_wconf 85' lang='lat' dir='ltr'><strong>ita</strong></span> <span class='ocrx_word' id='word_1_320' title='bbox 922 4021 1270 4084; x_wconf 90' lang='lat' dir='ltr'><strong>tenendum</strong></span> <span class='ocrx_word' id='word_1_321' title='bbox 1301 4030 1399 4084; x_wconf 88' lang='lat' dir='ltr'><strong>est</strong></span> <span class='ocrx_word' id='word_1_322' title='bbox 1426 4022 1504 4085; x_wconf 90' lang='lat' dir='ltr'><strong>de</strong></span> <span class='ocrx_word' id='word_1_323' title='bbox 1543 4023 1826 4086; x_wconf 86' lang='lat' dir='ltr'><strong>articulis</strong></span> 
     </span>
     <span class='ocr_line' id='line_1_56' title="bbox 325 4120 1828 4202; baseline -0.001 -16"><span class='ocrx_word' id='word_1_324' title='bbox 325 4122 504 4186; x_wconf 87' lang='lat' dir='ltr'><strong>fidei.</strong></span> <span class='ocrx_word' id='word_1_325' title='bbox 537 4121 696 4185; x_wconf 89' lang='lat' dir='ltr'><strong>Nam</strong></span> <span class='ocrx_word' id='word_1_326' title='bbox 728 4120 1018 4202; x_wconf 79' lang='lat' dir='ltr'><strong>quaedam</strong></span> <span class='ocrx_word' id='word_1_327' title='bbox 1049 4128 1200 4182; x_wconf 90' lang='lat' dir='ltr'><strong>sunt</strong></span> <span class='ocrx_word' id='word_1_328' title='bbox 1227 4121 1468 4183; x_wconf 87' lang='lat' dir='ltr'><strong>directe</strong></span> <span class='ocrx_word' id='word_1_329' title='bbox 1498 4120 1828 4184; x_wconf 89' lang='lat' dir='ltr'><strong>credibilia</strong></span> 
     </span>
    </p>
   </div>
   <div class='ocr_carea' id='block_1_16' title="bbox 1937 3139 3439 4203">
    <p class='ocr_par' dir='ltr' id='par_1_17' title="bbox 1937 3139 3439 3712">
     <span class='ocr_line' id='line_1_57' title="bbox 1939 3139 3439 3224; baseline 0.003 -24"><span class='ocrx_word' id='word_1_330' title='bbox 1939 3139 2259 3221; x_wconf 82' lang='lat' dir='ltr'><strong>praecedit.</strong></span> <span class='ocrx_word' id='word_1_331' title='bbox 2296 3175 2373 3185; x_wconf 94' lang='lat'><strong>—</strong></span> <span class='ocrx_word' id='word_1_332' title='bbox 2401 3139 2545 3202; x_wconf 79' lang='lat' dir='ltr'><strong>Haec</strong></span> <span class='ocrx_word' id='word_1_333' title='bbox 2587 3139 3047 3203; x_wconf 85' lang='lat' dir='ltr'><strong>Bonaventura.</strong></span> <span class='ocrx_word' id='word_1_334' title='bbox 3090 3142 3159 3204; x_wconf 92' lang='lat' dir='ltr'><strong>ln</strong></span> <span class='ocrx_word' id='word_1_335' title='bbox 3200 3141 3439 3224; x_wconf 84' lang='lat' dir='ltr'><strong>quibus</strong></span> 
     </span>
     <span class='ocr_line' id='line_1_58' title="bbox 1938 3237 3439 3320; baseline 0.003 -22"><span class='ocrx_word' id='word_1_336' title='bbox 1938 3239 2108 3319; x_wconf 89' lang='lat' dir='ltr'><strong>quod</strong></span> <span class='ocrx_word' id='word_1_337' title='bbox 2138 3237 2247 3312; x_wconf 90' lang='lat' dir='ltr'><strong>ait,</strong></span> <span class='ocrx_word' id='word_1_338' title='bbox 2282 3237 2723 3319; x_wconf 87' lang='lat' dir='ltr'><strong>poenitentiam</strong></span> <span class='ocrx_word' id='word_1_339' title='bbox 2756 3246 3068 3320; x_wconf 88' lang='lat' dir='ltr'><strong>quantum</strong></span> <span class='ocrx_word' id='word_1_340' title='bbox 3095 3240 3176 3301; x_wconf 88' lang='lat' dir='ltr'><strong>ad</strong></span> <span class='ocrx_word' id='word_1_341' title='bbox 3206 3240 3439 3302; x_wconf 91' lang='lat' dir='ltr'><strong>contri-</strong></span> 
     </span>
     <span class='ocr_line' id='line_1_59' title="bbox 1937 3336 3435 3420; baseline 0.001 -21"><span class='ocrx_word' id='word_1_342' title='bbox 1937 3337 2179 3400; x_wconf 89' lang='lat' dir='ltr'><strong>tionem</strong></span> <span class='ocrx_word' id='word_1_343' title='bbox 2218 3345 2509 3419; x_wconf 91' lang='lat' dir='ltr'><strong>oportere</strong></span> <span class='ocrx_word' id='word_1_344' title='bbox 2537 3336 2938 3418; x_wconf 89' lang='lat' dir='ltr'><strong>Baptismum</strong></span> <span class='ocrx_word' id='word_1_345' title='bbox 2970 3339 3327 3420; x_wconf 81' lang='lat' dir='ltr'><strong>praecederc</strong></span> <span class='ocrx_word' id='word_1_346' title='bbox 3366 3340 3435 3401; x_wconf 91' lang='lat' dir='ltr'><strong>in</strong></span> 
     </span>
     <span class='ocr_line' id='line_1_60' title="bbox 1937 3432 3439 3515; baseline 0.001 -20"><span class='ocrx_word' id='word_1_347' title='bbox 1937 3435 2191 3508; x_wconf 77' lang='lat' dir='ltr'><strong>adultiS,</strong></span> <span class='ocrx_word' id='word_1_348' title='bbox 2210 3440 2458 3515; x_wconf 90' lang='lat' dir='ltr'><strong>oportet</strong></span> <span class='ocrx_word' id='word_1_349' title='bbox 2484 3451 2636 3496; x_wconf 88' lang='lat' dir='ltr'><strong>sanc</strong></span> <span class='ocrx_word' id='word_1_350' title='bbox 2666 3432 2957 3515; x_wconf 83' lang='lat' dir='ltr'><strong>intelligi.</strong></span> <span class='ocrx_word' id='word_1_351' title='bbox 2979 3434 3238 3497; x_wconf 89' lang='lat' dir='ltr'><strong>Sufficit</strong></span> <span class='ocrx_word' id='word_1_352' title='bbox 3265 3436 3439 3498; x_wconf 91' lang='lat' dir='ltr'><strong>enim</strong></span> 
     </span>
     <span class='ocr_line' id='line_1_61' title="bbox 1937 3531 3435 3595; baseline 0.001 -2"><span class='ocrx_word' id='word_1_353' title='bbox 1937 3532 2328 3594; x_wconf 86' lang='lat' dir='ltr'><strong>attritionem</strong></span> <span class='ocrx_word' id='word_1_354' title='bbox 2377 3531 2611 3592; x_wconf 89' lang='lat' dir='ltr'><strong>habere</strong></span> <span class='ocrx_word' id='word_1_355' title='bbox 2655 3548 2669 3592; x_wconf 93' lang='lat'><strong>:</strong></span> <span class='ocrx_word' id='word_1_356' title='bbox 2710 3531 2867 3594; x_wconf 89' lang='lat' dir='ltr'><strong>alias</strong></span> <span class='ocrx_word' id='word_1_357' title='bbox 2917 3531 3133 3594; x_wconf 88' lang='lat' dir='ltr'><strong>nullus</strong></span> <span class='ocrx_word' id='word_1_358' title='bbox 3180 3532 3435 3595; x_wconf 89' lang='lat' dir='ltr'><strong>adultus</strong></span> 
     </span>
     <span class='ocr_line' id='line_1_62' title="bbox 1939 3629 3429 3712; baseline 0.001 -20"><span class='ocrx_word' id='word_1_359' title='bbox 1939 3631 2004 3692; x_wconf 91' lang='lat' dir='ltr'><strong>in</strong></span> <span class='ocrx_word' id='word_1_360' title='bbox 2036 3629 2360 3712; x_wconf 88' lang='lat' dir='ltr'><strong>Baptismo</strong></span> <span class='ocrx_word' id='word_1_361' title='bbox 2391 3636 2769 3711; x_wconf 83' lang='lat' dir='ltr'><strong>purgaretur</strong></span> <span class='ocrx_word' id='word_1_362' title='bbox 2794 3649 2833 3692; x_wconf 88' lang='lat' dir='ltr'><strong>a</strong></span> <span class='ocrx_word' id='word_1_363' title='bbox 2864 3630 3115 3692; x_wconf 86' lang='lat' dir='ltr'><strong>mortali</strong></span> <span class='ocrx_word' id='word_1_364' title='bbox 3148 3637 3429 3712; x_wconf 90' lang='lat' dir='ltr'><strong>peccato.</strong></span> 
     </span>
    </p>

    <p class='ocr_par' dir='ltr' id='par_1_18' title="bbox 1937 3724 3436 4203">
     <span class='ocr_line' id='line_1_63' title="bbox 2019 3724 3434 3791; baseline 0.001 -3"><span class='ocrx_word' id='word_1_365' title='bbox 2019 3727 2181 3789; x_wconf 86' lang='lat' dir='ltr'><strong>Hinc</strong></span> <span class='ocrx_word' id='word_1_366' title='bbox 2228 3726 2461 3788; x_wconf 88' lang='lat' dir='ltr'><strong>clarius</strong></span> <span class='ocrx_word' id='word_1_367' title='bbox 2508 3724 2733 3787; x_wconf 87' lang='lat' dir='ltr'><strong>scribit</strong></span> <span class='ocrx_word' id='word_1_368' title='bbox 2773 3726 3125 3789; x_wconf 86' lang='lat' dir='ltr'><strong>Richardus</strong></span> <span class='ocrx_word' id='word_1_369' title='bbox 3174 3745 3189 3790; x_wconf 90' lang='lat'><strong>:</strong></span> <span class='ocrx_word' id='word_1_370' title='bbox 3234 3727 3434 3791; x_wconf 88' lang='lat' dir='ltr'><strong>Poeni-</strong></span> 
     </span>
     <span class='ocr_line' id='line_1_64' title="bbox 1940 3824 3433 3898; baseline 0.001 -11"><span class='ocrx_word' id='word_1_371' title='bbox 1940 3825 2139 3887; x_wconf 89' lang='lat' dir='ltr'><strong>tentia</strong></span> <span class='ocrx_word' id='word_1_372' title='bbox 2188 3824 2582 3886; x_wconf 88' lang='lat' dir='ltr'><strong>considerata</strong></span> <span class='ocrx_word' id='word_1_373' title='bbox 2634 3831 2705 3884; x_wconf 91' lang='lat' dir='ltr'><strong>ut</strong></span> <span class='ocrx_word' id='word_1_374' title='bbox 2760 3832 3251 3898; x_wconf 89' lang='lat' dir='ltr'><strong>sacramentum,</strong></span> <span class='ocrx_word' id='word_1_375' title='bbox 3305 3843 3433 3889; x_wconf 90' lang='lat' dir='ltr'><strong>non</strong></span> 
     </span>
     <span class='ocr_line' id='line_1_65' title="bbox 1940 3920 3433 4005; baseline 0 -20"><span class='ocrx_word' id='word_1_376' title='bbox 1940 3931 2038 3985; x_wconf 93' lang='lat' dir='ltr'><strong>est</strong></span> <span class='ocrx_word' id='word_1_377' title='bbox 2083 3921 2439 3984; x_wconf 87' lang='lat' dir='ltr'><strong>neccssaria</strong></span> <span class='ocrx_word' id='word_1_378' title='bbox 2481 3920 2558 3982; x_wconf 89' lang='lat' dir='ltr'><strong>de</strong></span> <span class='ocrx_word' id='word_1_379' title='bbox 2602 3921 2880 4002; x_wconf 89' lang='lat' dir='ltr'><strong>peccatis</strong></span> <span class='ocrx_word' id='word_1_380' title='bbox 2926 3922 3433 4005; x_wconf 62' lang='lat' dir='ltr'><strong>praecedentibus</strong></span> 
     </span>
     <span class='ocr_line' id='line_1_66' title="bbox 1937 4017 3430 4103; baseline 0.001 -19"><span class='ocrx_word' id='word_1_381' title='bbox 1937 4020 2355 4103; x_wconf 86' lang='lat' dir='ltr'><strong>Baptismum.</strong></span> <span class='ocrx_word' id='word_1_382' title='bbox 2409 4017 2814 4082; x_wconf 87' lang='lat' dir='ltr'><strong>Considerata</strong></span> <span class='ocrx_word' id='word_1_383' title='bbox 2868 4037 3022 4083; x_wconf 88' lang='lat' dir='ltr'><strong>vero</strong></span> <span class='ocrx_word' id='word_1_384' title='bbox 3078 4029 3149 4082; x_wconf 90' lang='lat' dir='ltr'><strong>ut</strong></span> <span class='ocrx_word' id='word_1_385' title='bbox 3202 4022 3430 4097; x_wconf 80' lang='lat' dir='ltr'><strong>virtuS,</strong></span> 
     </span>
     <span class='ocr_line' id='line_1_67' title="bbox 1937 4118 3436 4203; baseline 0.001 -21"><span class='ocrx_word' id='word_1_386' title='bbox 1937 4119 2147 4182; x_wconf 91' lang='lat' dir='ltr'><strong>adhuc</strong></span> <span class='ocrx_word' id='word_1_387' title='bbox 2186 4118 2529 4202; x_wconf 85' lang='lat' dir='ltr'><strong>dupliciter</strong></span> <span class='ocrx_word' id='word_1_388' title='bbox 2574 4118 2872 4194; x_wconf 89' lang='lat' dir='ltr'><strong>sumitur,</strong></span> <span class='ocrx_word' id='word_1_389' title='bbox 2915 4126 3155 4203; x_wconf 87' lang='lat' dir='ltr'><strong>utpote,</strong></span> <span class='ocrx_word' id='word_1_390' title='bbox 3202 4128 3275 4182; x_wconf 90' lang='lat' dir='ltr'><strong>ut</strong></span> <span class='ocrx_word' id='word_1_391' title='bbox 3310 4121 3436 4183; x_wconf 88' lang='lat' dir='ltr'><strong>vir·</strong></span> 
     </span>
    </p>
   </div>
   <div class='ocr_carea' id='block_1_17' title="bbox 328 4215 3435 4302">
    <p class='ocr_par' dir='ltr' id='par_1_19' title="bbox 328 4215 3435 4302">
     <span class='ocr_line' id='line_1_68' title="bbox 328 4215 3435 4302; baseline -0.001 -17"><span class='ocrx_word' id='word_1_392' title='bbox 328 4229 392 4286; x_wconf 89' lang='lat' dir='ltr'><strong>et</strong></span> <span class='ocrx_word' id='word_1_393' title='bbox 419 4219 750 4290; x_wconf 86' lang='lat' dir='ltr'><strong>credenda,</strong></span> <span class='ocrx_word' id='word_1_394' title='bbox 765 4225 838 4279; x_wconf 91' lang='lat' dir='ltr'><strong>ut</strong></span> <span class='ocrx_word' id='word_1_395' title='bbox 865 4218 1118 4281; x_wconf 86' lang='lat' dir='ltr'><strong>articuli</strong></span> <span class='ocrx_word' id='word_1_396' title='bbox 1148 4218 1646 4302; x_wconf 81' lang='lat' dir='ltr'><strong>fidei3quaedam</strong></span> <span class='ocrx_word' id='word_1_397' title='bbox 1677 4237 1828 4282; x_wconf 90' lang='lat' dir='ltr'><strong>vero</strong></span> <span class='ocrx_word' id='word_1_398' title='bbox 1859 4220 1910 4282; x_wconf 93' lang='lat' dir='ltr'>D</span> <span class='ocrx_word' id='word_1_399' title='bbox 1939 4226 2041 4280; x_wconf 90' lang='lat' dir='ltr'><strong>tus</strong></span> <span class='ocrx_word' id='word_1_400' title='bbox 2080 4215 2400 4290; x_wconf 88' lang='lat' dir='ltr'><strong>informis,</strong></span> <span class='ocrx_word' id='word_1_401' title='bbox 2441 4225 2505 4280; x_wconf 91' lang='lat' dir='ltr'><strong>et</strong></span> <span class='ocrx_word' id='word_1_402' title='bbox 2546 4225 2616 4280; x_wconf 90' lang='lat' dir='ltr'><strong>ut</strong></span> <span class='ocrx_word' id='word_1_403' title='bbox 2656 4217 2863 4281; x_wconf 83' lang='lat' dir='ltr'><strong>virtus</strong></span> <span class='ocrx_word' id='word_1_404' title='bbox 2906 4218 3193 4282; x_wconf 88' lang='lat' dir='ltr'><strong>formata.</strong></span> <span class='ocrx_word' id='word_1_405' title='bbox 3246 4218 3324 4282; x_wconf 89' lang='lat' dir='ltr'><strong>Et</strong></span> <span class='ocrx_word' id='word_1_406' title='bbox 3363 4227 3435 4283; x_wconf 90' lang='lat' dir='ltr'><strong>ut</strong></span> 
     </span>
    </p>
   </div>
   <div class='ocr_carea' id='block_1_18' title="bbox 25 4318 1831 5387">
    <p class='ocr_par' dir='ltr' id='par_1_20' title="bbox 81 4318 1831 4798">
     <span class='ocr_line' id='line_1_69' title="bbox 329 4318 1831 4400; baseline -0.002 -16"><span class='ocrx_word' id='word_1_407' title='bbox 329 4329 480 4384; x_wconf 89' lang='lat' dir='ltr'><strong>sunt</strong></span> <span class='ocrx_word' id='word_1_408' title='bbox 515 4318 980 4393; x_wconf 88' lang='lat' dir='ltr'><strong>antecedentia,</strong></span> <span class='ocrx_word' id='word_1_409' title='bbox 1013 4325 1080 4381; x_wconf 90' lang='lat' dir='ltr'><strong>et</strong></span> <span class='ocrx_word' id='word_1_410' title='bbox 1113 4319 1404 4400; x_wconf 57' lang='lat' dir='ltr'><strong>quaedam</strong></span> <span class='ocrx_word' id='word_1_411' title='bbox 1445 4336 1831 4400; x_wconf 88' lang='lat' dir='ltr'><strong>consequeu-</strong></span> 
     </span>
     <span class='ocr_line' id='line_1_70' title="bbox 85 4416 1826 4508; baseline -0.001 -27"><span class='ocrx_word' id='word_1_412' title='bbox 85 4423 300 4508; x_wconf 59' lang='lat' dir='ltr'><strong>Cl-txxjn.</strong></span> <span class='ocrx_word' id='word_1_413' title='bbox 328 4421 436 4495; x_wconf 87' lang='lat' dir='ltr'><strong>tia,</strong></span> <span class='ocrx_word' id='word_1_414' title='bbox 469 4427 543 4482; x_wconf 92' lang='lat' dir='ltr'><strong>ut</strong></span> <span class='ocrx_word' id='word_1_415' title='bbox 567 4419 816 4482; x_wconf 89' lang='lat' dir='ltr'><strong>dictum</strong></span> <span class='ocrx_word' id='word_1_416' title='bbox 846 4426 944 4480; x_wconf 89' lang='lat' dir='ltr'><strong>est</strong></span> <span class='ocrx_word' id='word_1_417' title='bbox 977 4435 1171 4500; x_wconf 90' lang='lat' dir='ltr'><strong>super</strong></span> <span class='ocrx_word' id='word_1_418' title='bbox 1209 4416 1490 4479; x_wconf 88' lang='lat' dir='ltr'><strong>tertium.</strong></span> <span class='ocrx_word' id='word_1_419' title='bbox 1525 4417 1730 4500; x_wconf 87' lang='lat' dir='ltr'><strong>Atque</strong></span> <span class='ocrx_word' id='word_1_420' title='bbox 1763 4419 1826 4480; x_wconf 89' lang='lat' dir='ltr'><strong>in</strong></span> 
     </span>
     <span class='ocr_line' id='line_1_71' title="bbox 81 4491 1830 4599; baseline -0.003 -16"><span class='ocrx_word' id='word_1_421' title='bbox 81 4491 251 4542; x_wconf 49' lang='grc' dir='ltr'><strong>μηθ’</strong></span> <span class='ocrx_word' id='word_1_422' title='bbox 328 4518 628 4582; x_wconf 87' lang='lat' dir='ltr'><strong>omnibus</strong></span> <span class='ocrx_word' id='word_1_423' title='bbox 658 4517 759 4579; x_wconf 87' lang='lat' dir='ltr'><strong>his</strong></span> <span class='ocrx_word' id='word_1_424' title='bbox 791 4525 1088 4580; x_wconf 89' lang='lat' dir='ltr'><strong>censetur</strong></span> <span class='ocrx_word' id='word_1_425' title='bbox 1116 4517 1474 4590; x_wconf 80' lang='lat' dir='ltr'><strong>haereticuS,</strong></span> <span class='ocrx_word' id='word_1_426' title='bbox 1499 4517 1610 4599; x_wconf 92' lang='lat' dir='ltr'><strong>qui</strong></span> <span class='ocrx_word' id='word_1_427' title='bbox 1637 4517 1830 4579; x_wconf 89' lang='lat' dir='ltr'><strong>sentit</strong></span> 
     </span>
     <span class='ocr_line' id='line_1_72' title="bbox 328 4615 1828 4701; baseline -0.001 -21"><span class='ocrx_word' id='word_1_428' title='bbox 328 4635 628 4701; x_wconf 84' lang='lat' dir='ltr'><strong>perverse</strong></span> <span class='ocrx_word' id='word_1_429' title='bbox 667 4635 782 4679; x_wconf 89' lang='lat' dir='ltr'><strong>seu</strong></span> <span class='ocrx_word' id='word_1_430' title='bbox 821 4622 1039 4679; x_wconf 88' lang='lat' dir='ltr'><strong>contra</strong></span> <span class='ocrx_word' id='word_1_431' title='bbox 1076 4615 1670 4678; x_wconf 87' lang='lat' dir='ltr'><strong>determinationem</strong></span> <span class='ocrx_word' id='word_1_432' title='bbox 1718 4615 1828 4678; x_wconf 85' lang='lat' dir='ltr'><strong>Ec-</strong></span> 
     </span>
     <span class='ocr_line' id='line_1_73' title="bbox 330 4713 1830 4798; baseline -0.002 -19"><span class='ocrx_word' id='word_1_433' title='bbox 330 4717 558 4780; x_wconf 84' lang='lat' dir='ltr'><strong>clesiae.</strong></span> <span class='ocrx_word' id='word_1_434' title='bbox 594 4715 697 4778; x_wconf 88' lang='lat' dir='ltr'><strong>Sic</strong></span> <span class='ocrx_word' id='word_1_435' title='bbox 731 4731 989 4798; x_wconf 89' lang='lat' dir='ltr'><strong>quoque</strong></span> <span class='ocrx_word' id='word_1_436' title='bbox 1021 4721 1116 4777; x_wconf 88' lang='lat' dir='ltr'><strong>est</strong></span> <span class='ocrx_word' id='word_1_437' title='bbox 1157 4715 1234 4776; x_wconf 92' lang='lat' dir='ltr'><strong>de</strong></span> <span class='ocrx_word' id='word_1_438' title='bbox 1275 4713 1608 4796; x_wconf 82' lang='lat' dir='ltr'><strong>praeceptis</strong></span> <span class='ocrx_word' id='word_1_439' title='bbox 1639 4714 1830 4776; x_wconf 91' lang='lat' dir='ltr'><strong>Deca-</strong></span> 
     </span>
    </p>

    <p class='ocr_par' dir='ltr' id='par_1_21' title="bbox 328 4811 1830 5092">
     <span class='ocr_line' id='line_1_74' title="bbox 331 4811 1827 4897; baseline -0.001 -20"><span class='ocrx_word' id='word_1_440' title='bbox 331 4815 480 4897; x_wconf 78' lang='lat' dir='ltr'><strong>logi,</strong></span> <span class='ocrx_word' id='word_1_441' title='bbox 511 4815 682 4897; x_wconf 90' lang='lat' dir='ltr'><strong>quod</strong></span> <span class='ocrx_word' id='word_1_442' title='bbox 724 4813 794 4877; x_wconf 91' lang='lat' dir='ltr'><strong>in</strong></span> <span class='ocrx_word' id='word_1_443' title='bbox 836 4813 932 4876; x_wconf 89' lang='lat' dir='ltr'><strong>eis</strong></span> <span class='ocrx_word' id='word_1_444' title='bbox 979 4820 1130 4875; x_wconf 89' lang='lat' dir='ltr'><strong>sunt</strong></span> <span class='ocrx_word' id='word_1_445' title='bbox 1171 4813 1462 4895; x_wconf 81' lang='lat' dir='ltr'><strong>quaedam</strong></span> <span class='ocrx_word' id='word_1_446' title='bbox 1507 4811 1827 4893; x_wconf 86' lang='lat' dir='ltr'><strong>prohibita</strong></span> 
     </span>
     <span class='ocr_line' id='line_1_75' title="bbox 329 4908 1830 4995; baseline -0.001 -20"><span class='ocrx_word' id='word_1_447' title='bbox 329 4912 768 4995; x_wconf 91' lang='lat' dir='ltr'><strong>principaliter</strong></span> <span class='ocrx_word' id='word_1_448' title='bbox 795 4918 860 4974; x_wconf 91' lang='lat' dir='ltr'><strong>et</strong></span> <span class='ocrx_word' id='word_1_449' title='bbox 885 4908 1506 4992; x_wconf 75' lang='lat' dir='ltr'><strong>explicite‚quaedam</strong></span> <span class='ocrx_word' id='word_1_450' title='bbox 1533 4917 1830 4991; x_wconf 89' lang='lat' dir='ltr'><strong>tanquam</strong></span> 
     </span>
     <span class='ocr_line' id='line_1_76' title="bbox 328 5006 1826 5092; baseline -0.003 -17"><span class='ocrx_word' id='word_1_451' title='bbox 328 5030 581 5074; x_wconf 83' lang='lat' dir='ltr'><strong>annexa</strong></span> <span class='ocrx_word' id='word_1_452' title='bbox 619 5017 686 5072; x_wconf 90' lang='lat' dir='ltr'><strong>et</strong></span> <span class='ocrx_word' id='word_1_453' title='bbox 727 5008 1042 5092; x_wconf 90' lang='lat' dir='ltr'><strong>implicite</strong></span> <span class='ocrx_word' id='word_1_454' title='bbox 1073 5024 1088 5069; x_wconf 92' lang='lat'>:</span> <span class='ocrx_word' id='word_1_455' title='bbox 1123 5006 1291 5070; x_wconf 89' lang='lat' dir='ltr'><strong>sicut</strong></span> <span class='ocrx_word' id='word_1_456' title='bbox 1331 5008 1395 5070; x_wconf 90' lang='lat' dir='ltr'><strong>in</strong></span> <span class='ocrx_word' id='word_1_457' title='bbox 1432 5008 1553 5072; x_wconf 92' lang='lat' dir='ltr'><strong>hoc</strong></span> <span class='ocrx_word' id='word_1_458' title='bbox 1595 5027 1826 5091; x_wconf 82' lang='lat' dir='ltr'><strong>praece-</strong></span> 
     </span>
    </p>

    <p class='ocr_par' dir='ltr' id='par_1_22' title="bbox 25 5105 1829 5387">
     <span class='ocr_line' id='line_1_77' title="bbox 97 5105 1828 5193; baseline -0.001 -23"><span class='ocrx_word' id='word_1_459' title='bbox 97 5120 300 5182; x_wconf 63' lang='lat' dir='ltr'><strong>Eam,</strong></span> <span class='ocrx_word' id='word_1_460' title='bbox 329 5119 462 5193; x_wconf 89' lang='lat' dir='ltr'><strong>pto,</strong></span> <span class='ocrx_word' id='word_1_461' title='bbox 485 5110 623 5174; x_wconf 87' lang='lat' dir='ltr'><strong>Non</strong></span> <span class='ocrx_word' id='word_1_462' title='bbox 654 5105 1100 5180; x_wconf 86' lang='lat' dir='ltr'><strong>moechaberis‚</strong></span> <span class='ocrx_word' id='word_1_463' title='bbox 1123 5105 1426 5190; x_wconf 83' lang='lat' dir='ltr'><strong>explicite</strong></span> <span class='ocrx_word' id='word_1_464' title='bbox 1454 5106 1828 5188; x_wconf 88' lang='lat' dir='ltr'><strong>prohibetur</strong></span> 
     </span>
     <span class='ocr_line' id='line_1_78' title="bbox 25 5185 1829 5289; baseline -0.002 -16"><span class='ocrx_word' id='word_1_465' title='bbox 25 5210 31 5223; x_wconf 95' lang='lat'>&#39;</span> <span class='ocrx_word' id='word_1_466' title='bbox 84 5185 131 5228; x_wconf 48' lang='grc' dir='ltr'>Ἀ</span> <span class='ocrx_word' id='word_1_467' title='bbox 328 5208 624 5272; x_wconf 87' lang='lat' dir='ltr'><strong>adulterii</strong></span> <span class='ocrx_word' id='word_1_468' title='bbox 653 5214 857 5280; x_wconf 88' lang='lat' dir='ltr'><strong>actus,</strong></span> <span class='ocrx_word' id='word_1_469' title='bbox 888 5205 1204 5289; x_wconf 90' lang='lat' dir='ltr'><strong>implicite</strong></span> <span class='ocrx_word' id='word_1_470' title='bbox 1231 5223 1383 5268; x_wconf 91' lang='lat' dir='ltr'><strong>vero</strong></span> <span class='ocrx_word' id='word_1_471' title='bbox 1412 5206 1621 5268; x_wconf 86' lang='lat' dir='ltr'><strong>omnis</strong></span> <span class='ocrx_word' id='word_1_472' title='bbox 1646 5213 1829 5269; x_wconf 87' lang='lat' dir='ltr'><strong>actus</strong></span> 
     </span>
     <span class='ocr_line' id='line_1_79' title="bbox 329 5303 1827 5387; baseline -0.003 -16"><span class='ocrx_word' id='word_1_473' title='bbox 329 5307 595 5370; x_wconf 88' lang='lat' dir='ltr'><strong>interior</strong></span> <span class='ocrx_word' id='word_1_474' title='bbox 641 5311 706 5368; x_wconf 89' lang='lat' dir='ltr'><strong>et</strong></span> <span class='ocrx_word' id='word_1_475' title='bbox 752 5304 1028 5368; x_wconf 87' lang='lat' dir='ltr'><strong>exterior</strong></span> <span class='ocrx_word' id='word_1_476' title='bbox 1074 5303 1283 5366; x_wconf 88' lang='lat' dir='ltr'><strong>illiciti</strong></span> <span class='ocrx_word' id='word_1_477' title='bbox 1330 5303 1552 5366; x_wconf 85' lang='lat' dir='ltr'><strong>coitus.</strong></span> <span class='ocrx_word' id='word_1_478' title='bbox 1595 5303 1827 5387; x_wconf 89' lang='lat' dir='ltr'><strong>Sicque</strong></span> 
     </span>
    </p>
   </div>
   <div class='ocr_carea' id='block_1_19' title="bbox 575 5437 758 5492">
    <p class='ocr_par' dir='ltr' id='par_1_23' title="bbox 575 5437 758 5492">
     <span class='ocr_line' id='line_1_80' title="bbox 575 5437 758 5492; baseline -0.016 -1"><span class='ocrx_word' id='word_1_479' title='bbox 575 5437 643 5492; x_wconf 80' lang='lat' dir='ltr'><strong>T.</strong></span> <span class='ocrx_word' id='word_1_480' title='bbox 677 5437 758 5490; x_wconf 76' lang='lat'><strong>24.</strong></span> 
     </span>
    </p>
   </div>
   <div class='ocr_carea' id='block_1_20' title="bbox 1935 4316 3435 5388">
    <p class='ocr_par' dir='ltr' id='par_1_24' title="bbox 1935 4316 3435 5388">
     <span class='ocr_line' id='line_1_81' title="bbox 1938 4316 3434 4391; baseline 0 -10"><span class='ocrx_word' id='word_1_481' title='bbox 1938 4316 2143 4381; x_wconf 88' lang='lat' dir='ltr'><strong>virtus</strong></span> <span class='ocrx_word' id='word_1_482' title='bbox 2181 4316 2473 4391; x_wconf 88' lang='lat' dir='ltr'><strong>formata,</strong></span> <span class='ocrx_word' id='word_1_483' title='bbox 2506 4335 2634 4380; x_wconf 91' lang='lat' dir='ltr'><strong>non</strong></span> <span class='ocrx_word' id='word_1_484' title='bbox 2672 4325 2769 4380; x_wconf 90' lang='lat' dir='ltr'><strong>est</strong></span> <span class='ocrx_word' id='word_1_485' title='bbox 2806 4317 3165 4381; x_wconf 86' lang='lat' dir='ltr'><strong>necessaria</strong></span> <span class='ocrx_word' id='word_1_486' title='bbox 3189 4319 3271 4383; x_wconf 90' lang='lat' dir='ltr'><strong>de</strong></span> <span class='ocrx_word' id='word_1_487' title='bbox 3300 4319 3434 4382; x_wconf 89' lang='lat' dir='ltr'><strong>cul-</strong></span> 
     </span>
     <span class='ocr_line' id='line_1_82' title="bbox 1937 4415 3433 4500; baseline 0.003 -23"><span class='ocrx_word' id='word_1_488' title='bbox 1937 4415 2038 4499; x_wconf 87' lang='lat' dir='ltr'><strong>pis</strong></span> <span class='ocrx_word' id='word_1_489' title='bbox 2070 4415 2578 4498; x_wconf 81' lang='lat' dir='ltr'><strong>praecedentibus</strong></span> <span class='ocrx_word' id='word_1_490' title='bbox 2608 4415 3033 4498; x_wconf 83' lang='lat' dir='ltr'><strong>Baptismum:</strong></span> <span class='ocrx_word' id='word_1_491' title='bbox 3051 4416 3202 4499; x_wconf 90' lang='lat' dir='ltr'><strong>quia</strong></span> <span class='ocrx_word' id='word_1_492' title='bbox 3230 4437 3433 4500; x_wconf 89' lang='lat' dir='ltr'><strong>quum</strong></span> 
     </span>
     <span class='ocr_line' id='line_1_83' title="bbox 1937 4514 3431 4598; baseline 0.003 -22"><span class='ocrx_word' id='word_1_493' title='bbox 1937 4514 2082 4576; x_wconf 87' lang='lat' dir='ltr'><strong>talis</strong></span> <span class='ocrx_word' id='word_1_494' title='bbox 2113 4515 2491 4596; x_wconf 88' lang='lat' dir='ltr'><strong>poenitentia</strong></span> <span class='ocrx_word' id='word_1_495' title='bbox 2514 4532 2641 4577; x_wconf 89' lang='lat' dir='ltr'><strong>non</strong></span> <span class='ocrx_word' id='word_1_496' title='bbox 2666 4515 2869 4598; x_wconf 91' lang='lat' dir='ltr'><strong>possit</strong></span> <span class='ocrx_word' id='word_1_497' title='bbox 2896 4515 3090 4578; x_wconf 92' lang='lat' dir='ltr'><strong>simul</strong></span> <span class='ocrx_word' id='word_1_498' title='bbox 3119 4535 3257 4580; x_wconf 88' lang='lat' dir='ltr'><strong>esse</strong></span> <span class='ocrx_word' id='word_1_499' title='bbox 3288 4536 3431 4580; x_wconf 92' lang='lat' dir='ltr'><strong>cum</strong></span> 
     </span>
     <span class='ocr_line' id='line_1_84' title="bbox 1938 4613 3433 4698; baseline 0.002 -22"><span class='ocrx_word' id='word_1_500' title='bbox 1938 4620 2199 4696; x_wconf 90' lang='lat' dir='ltr'><strong>peccato</strong></span> <span class='ocrx_word' id='word_1_501' title='bbox 2248 4613 2521 4688; x_wconf 89' lang='lat' dir='ltr'><strong>mortali,</strong></span> <span class='ocrx_word' id='word_1_502' title='bbox 2572 4632 2899 4695; x_wconf 90' lang='lat' dir='ltr'><strong>nunquam</strong></span> <span class='ocrx_word' id='word_1_503' title='bbox 2957 4633 3073 4698; x_wconf 90' lang='lat' dir='ltr'><strong>per</strong></span> <span class='ocrx_word' id='word_1_504' title='bbox 3122 4616 3433 4679; x_wconf 89' lang='lat' dir='ltr'><strong>actualem</strong></span> 
     </span>
     <span class='ocr_line' id='line_1_85' title="bbox 1937 4712 3432 4797; baseline 0.001 -22"><span class='ocrx_word' id='word_1_505' title='bbox 1937 4712 2409 4796; x_wconf 88' lang='lat' dir='ltr'><strong>susceptionem</strong></span> <span class='ocrx_word' id='word_1_506' title='bbox 2456 4712 2761 4794; x_wconf 88' lang='lat' dir='ltr'><strong>Baptismi</strong></span> <span class='ocrx_word' id='word_1_507' title='bbox 2812 4713 3242 4776; x_wconf 87' lang='lat' dir='ltr'><strong>remitteretur</strong></span> <span class='ocrx_word' id='word_1_508' title='bbox 3289 4733 3432 4797; x_wconf 91' lang='lat' dir='ltr'><strong>pec-</strong></span> 
     </span>
     <span class='ocr_line' id='line_1_86' title="bbox 1937 4810 3432 4895; baseline 0.003 -23"><span class='ocrx_word' id='word_1_509' title='bbox 1937 4818 2151 4873; x_wconf 89' lang='lat' dir='ltr'><strong>catum</strong></span> <span class='ocrx_word' id='word_1_510' title='bbox 2184 4810 2449 4874; x_wconf 89' lang='lat' dir='ltr'><strong>mortale</strong></span> <span class='ocrx_word' id='word_1_511' title='bbox 2485 4810 2733 4873; x_wconf 89' lang='lat' dir='ltr'><strong>actuale</strong></span> <span class='ocrx_word' id='word_1_512' title='bbox 2766 4827 2779 4873; x_wconf 92' lang='lat'>:</span> <span class='ocrx_word' id='word_1_513' title='bbox 2816 4811 2967 4892; x_wconf 92' lang='lat' dir='ltr'><strong>quia</strong></span> <span class='ocrx_word' id='word_1_514' title='bbox 3004 4819 3116 4874; x_wconf 92' lang='lat' dir='ltr'><strong>aut</strong></span> <span class='ocrx_word' id='word_1_515' title='bbox 3143 4831 3258 4894; x_wconf 88' lang='lat' dir='ltr'><strong>per</strong></span> <span class='ocrx_word' id='word_1_516' title='bbox 3300 4831 3432 4895; x_wconf 88' lang='lat' dir='ltr'><strong>poe·</strong></span> 
     </span>
     <span class='ocr_line' id='line_1_87' title="bbox 1938 4909 3435 4990; baseline 0.002 -19"><span class='ocrx_word' id='word_1_517' title='bbox 1938 4909 2273 4972; x_wconf 89' lang='lat' dir='ltr'><strong>nitentiam</strong></span> <span class='ocrx_word' id='word_1_518' title='bbox 2321 4915 2491 4972; x_wconf 88' lang='lat' dir='ltr'><strong>esset</strong></span> <span class='ocrx_word' id='word_1_519' title='bbox 2534 4909 2668 4990; x_wconf 89' lang='lat' dir='ltr'><strong>jam</strong></span> <span class='ocrx_word' id='word_1_520' title='bbox 2713 4915 2859 4970; x_wconf 87' lang='lat' dir='ltr'><strong>ante</strong></span> <span class='ocrx_word' id='word_1_521' title='bbox 2908 4909 3274 4986; x_wconf 91' lang='lat' dir='ltr'><strong>remissum,</strong></span> <span class='ocrx_word' id='word_1_522' title='bbox 3324 4919 3435 4974; x_wconf 91' lang='lat' dir='ltr'><strong>aut</strong></span> 
     </span>
     <span class='ocr_line' id='line_1_88' title="bbox 1935 5007 3433 5093; baseline 0.001 -23"><span class='ocrx_word' id='word_1_523' title='bbox 1935 5009 2334 5090; x_wconf 85' lang='lat' dir='ltr'><strong>Baptismum</strong></span> <span class='ocrx_word' id='word_1_524' title='bbox 2386 5007 2744 5091; x_wconf 86' lang='lat' dir='ltr'><strong>suscipiens</strong></span> <span class='ocrx_word' id='word_1_525' title='bbox 2793 5015 2961 5070; x_wconf 88' lang='lat' dir='ltr'><strong>esset</strong></span> <span class='ocrx_word' id='word_1_526' title='bbox 3014 5008 3433 5093; x_wconf 86' lang='lat' dir='ltr'><strong>indispositus</strong></span> 
     </span>
     <span class='ocr_line' id='line_1_89' title="bbox 1936 5106 3425 5188; baseline 0.001 -19"><span class='ocrx_word' id='word_1_527' title='bbox 1936 5107 2015 5169; x_wconf 91' lang='lat' dir='ltr'><strong>ad</strong></span> <span class='ocrx_word' id='word_1_528' title='bbox 2072 5106 2516 5170; x_wconf 89' lang='lat' dir='ltr'><strong>remissionem</strong></span> <span class='ocrx_word' id='word_1_529' title='bbox 2575 5113 2981 5188; x_wconf 88' lang='lat' dir='ltr'><strong>peccatorum</strong></span> <span class='ocrx_word' id='word_1_530' title='bbox 3039 5107 3425 5171; x_wconf 86' lang='lat' dir='ltr'><strong>mortalium.</strong></span> 
     </span>
     <span class='ocr_line' id='line_1_90' title="bbox 1938 5203 3425 5288; baseline -0.001 -19"><span class='ocrx_word' id='word_1_531' title='bbox 1938 5205 2207 5288; x_wconf 86' lang='lat' dir='ltr'><strong>Sumpta</strong></span> <span class='ocrx_word' id='word_1_532' title='bbox 2247 5223 2398 5268; x_wconf 87' lang='lat' dir='ltr'><strong>vero</strong></span> <span class='ocrx_word' id='word_1_533' title='bbox 2442 5212 2515 5266; x_wconf 91' lang='lat' dir='ltr'><strong>ut</strong></span> <span class='ocrx_word' id='word_1_534' title='bbox 2548 5204 2753 5267; x_wconf 86' lang='lat' dir='ltr'><strong>virtus</strong></span> <span class='ocrx_word' id='word_1_535' title='bbox 2792 5203 3108 5280; x_wconf 77' lang='lat' dir='ltr'><strong>informiS,</strong></span> <span class='ocrx_word' id='word_1_536' title='bbox 3150 5204 3269 5267; x_wconf 93' lang='lat' dir='ltr'><strong>hoc</strong></span> <span class='ocrx_word' id='word_1_537' title='bbox 3308 5213 3425 5282; x_wconf 90' lang='lat' dir='ltr'><strong>est,</strong></span> 
     </span>
     <span class='ocr_line' id='line_1_91' title="bbox 1938 5301 3427 5388; baseline 0.002 -22"><span class='ocrx_word' id='word_1_538' title='bbox 1938 5311 2011 5366; x_wconf 88' lang='lat' dir='ltr'><strong>ut</strong></span> <span class='ocrx_word' id='word_1_539' title='bbox 2048 5303 2381 5367; x_wconf 86' lang='lat' dir='ltr'><strong>detestatio</strong></span> <span class='ocrx_word' id='word_1_540' title='bbox 2416 5302 2704 5385; x_wconf 82' lang='lat' dir='ltr'><strong>quaedam</strong></span> <span class='ocrx_word' id='word_1_541' title='bbox 2743 5301 2988 5385; x_wconf 91' lang='lat' dir='ltr'><strong>peccati</strong></span> <span class='ocrx_word' id='word_1_542' title='bbox 3018 5322 3167 5367; x_wconf 90' lang='lat' dir='ltr'><strong>cum</strong></span> <span class='ocrx_word' id='word_1_543' title='bbox 3197 5321 3427 5388; x_wconf 88' lang='lat' dir='ltr'><strong>propo-</strong></span> 
     </span>
    </p>
   </div>
   <div class='ocr_carea' id='block_1_21' title="bbox 3110 5437 3177 5490">
    <p class='ocr_par' dir='ltr' id='par_1_25' title="bbox 3110 5437 3177 5490">
     <span class='ocr_line' id='line_1_92' title="bbox 3110 5437 3177 5490; baseline 0.03 -2"><span class='ocrx_word' id='word_1_544' title='bbox 3110 5437 3177 5490; x_wconf 79' lang='lat'><strong>28</strong></span> 
     </span>
    </p>
   </div>
  </div>
 </body>
</html>
