<?xml version="1.0" encoding="UTF-8"?>
<!DOCTYPE html PUBLIC "-//W3C//DTD XHTML 1.0 Transitional//EN"
    "http://www.w3.org/TR/xhtml1/DTD/xhtml1-transitional.dtd">
<html xmlns="http://www.w3.org/1999/xhtml" xml:lang="en" lang="en">
 <head>
  <title>
</title>
<meta http-equiv="Content-Type" content="text/html;charset=utf-8" />
  <meta name='ocr-system' content='tesseract 3.04.00' />
  <meta name='ocr-capabilities' content='ocr_page ocr_carea ocr_par ocr_line ocrx_word'/>
</head>
<body>
  <div class='ocr_page' id='page_1' title='image "./doctorisecstati04unkngoog_0528.png"; bbox 0 0 4267 6250; ppageno 0'>
   <div class='ocr_carea' id='block_1_1' title="bbox 855 480 3066 550">
    <p class='ocr_par' dir='ltr' id='par_1_1' title="bbox 855 480 3066 550">
     <span class='ocr_line' id='line_1_1' title="bbox 855 480 3066 550; baseline 0.001 -3"><span class='ocrx_word' id='word_1_1' title='bbox 855 480 977 549; x_wconf 72' lang='lat'><strong>494</strong></span> <span class='ocrx_word' id='word_1_2' title='bbox 1754 499 1931 550; x_wconf 70' lang='lat' dir='ltr'><strong>mun</strong></span> <span class='ocrx_word' id='word_1_3' title='bbox 1970 500 2031 548; x_wconf 77' lang='lat' dir='ltr'><strong>tv</strong></span> <span class='ocrx_word' id='word_1_4' title='bbox 2072 500 2557 550; x_wconf 62' lang='lat' dir='ltr'><strong>snm-munna.</strong></span> <span class='ocrx_word' id='word_1_5' title='bbox 2597 520 2680 531; x_wconf 91' lang='lat'>—</span> <span class='ocrx_word' id='word_1_6' title='bbox 2717 500 2872 549; x_wconf 73' lang='lat' dir='ltr'><strong>msr.</strong></span> <span class='ocrx_word' id='word_1_7' title='bbox 2913 502 3066 549; x_wconf 83' lang='lat' dir='ltr'><strong>xvm</strong></span> 
     </span>
    </p>
   </div>
   <div class='ocr_carea' id='block_1_2' title="bbox 1292 740 3526 817">
    <p class='ocr_par' dir='ltr' id='par_1_2' title="bbox 1292 740 3526 817">
     <span class='ocr_line' id='line_1_2' title="bbox 1292 740 3526 817; baseline 0.001 -14"><span class='ocrx_word' id='word_1_8' title='bbox 1292 740 1367 803; x_wconf 86' lang='lat' dir='ltr'><strong>F.</strong></span> <span class='ocrx_word' id='word_1_9' title='bbox 1424 744 1791 809; x_wconf 80' lang='lat' dir='ltr'><em>Quomodo</em></span> <span class='ocrx_word' id='word_1_10' title='bbox 1836 740 2262 804; x_wconf 77' lang='lat' dir='ltr'><strong>sacerdotes</strong></span> <span class='ocrx_word' id='word_1_11' title='bbox 2308 742 2546 817; x_wconf 71' lang='lat' dir='ltr'><strong>noant</strong></span> <span class='ocrx_word' id='word_1_12' title='bbox 2589 744 2705 803; x_wconf 83' lang='lat' dir='ltr'><strong>vel</strong></span> <span class='ocrx_word' id='word_1_13' title='bbox 2748 743 3041 804; x_wconf 79' lang='lat' dir='ltr'><strong>solvunt</strong></span> <span class='ocrx_word' id='word_1_14' title='bbox 3085 758 3132 807; x_wconf 86' lang='lat' dir='ltr'><strong>a</strong></span> <span class='ocrx_word' id='word_1_15' title='bbox 3173 743 3526 817; x_wconf 73' lang='lat' dir='ltr'><strong>peccatis.</strong></span> 
     </span>
    </p>
   </div>
   <div class='ocr_carea' id='block_1_3' title="bbox 988 962 3971 1046">
    <p class='ocr_par' dir='ltr' id='par_1_3' title="bbox 988 962 3971 1046">
     <span class='ocr_line' id='line_1_3' title="bbox 988 962 3971 1046; baseline 0 -19"><span class='ocrx_word' id='word_1_16' title='bbox 988 963 1137 1027; x_wconf 93' lang='lat' dir='ltr'><strong>Non</strong></span> <span class='ocrx_word' id='word_1_17' title='bbox 1166 964 1384 1027; x_wconf 88' lang='lat' dir='ltr'><strong>autem</strong></span> <span class='ocrx_word' id='word_1_18' title='bbox 1418 962 1544 1026; x_wconf 89' lang='lat' dir='ltr'><strong>hoc</strong></span> <span class='ocrx_word' id='word_1_19' title='bbox 1580 962 2029 1027; x_wconf 88' lang='lat' dir='ltr'><strong>sacerdotibus</strong></span> <span class='ocrx_word' id='word_1_20' title='bbox 2066 962 2411 1042; x_wconf 79' lang='lat' dir='ltr'><strong>concessit,</strong></span> <span class='ocrx_word' id='word_1_21' title='bbox 2453 962 2696 1043; x_wconf 88' lang='lat' dir='ltr'><strong>quibus</strong></span> <span class='ocrx_word' id='word_1_22' title='bbox 2725 964 2946 1026; x_wconf 87' lang='lat' dir='ltr'><strong>tamen</strong></span> <span class='ocrx_word' id='word_1_23' title='bbox 2972 962 3207 1027; x_wconf 84' lang='lat' dir='ltr'>tribuit</span> <span class='ocrx_word' id='word_1_24' title='bbox 3232 964 3624 1046; x_wconf 85' lang='lat' dir='ltr'><strong>potestatem</strong></span> <span class='ocrx_word' id='word_1_25' title='bbox 3662 964 3971 1029; x_wconf 85' lang='lat' dir='ltr'><strong>solvendi</strong></span> 
     </span>
    </p>
   </div>
   <div class='ocr_carea' id='block_1_4' title="bbox 553 1085 3971 3374">
    <p class='ocr_par' dir='ltr' id='par_1_4' title="bbox 553 1085 3971 3374">
     <span class='ocr_line' id='line_1_4' title="bbox 582 1085 3970 1171; baseline 0 -18"><span class='ocrx_word' id='word_1_26' title='bbox 582 1110 689 1155; x_wconf 62' lang='lat' dir='ltr'><strong>Lae.</strong></span> <span class='ocrx_word' id='word_1_27' title='bbox 704 1115 825 1163; x_wconf 70' lang='lat' dir='ltr'><strong>v,1.3,</strong></span> <span class='ocrx_word' id='word_1_28' title='bbox 856 1090 923 1152; x_wconf 92' lang='lat' dir='ltr'><strong>et</strong></span> <span class='ocrx_word' id='word_1_29' title='bbox 948 1087 1218 1169; x_wconf 89' lang='lat' dir='ltr'><strong>ligandi,</strong></span> <span class='ocrx_word' id='word_1_30' title='bbox 1255 1088 1324 1150; x_wconf 95' lang='lat' dir='ltr'><strong>id</strong></span> <span class='ocrx_word' id='word_1_31' title='bbox 1362 1088 1461 1151; x_wconf 91' lang='lat' dir='ltr'><strong>est</strong></span> <span class='ocrx_word' id='word_1_32' title='bbox 1488 1086 1873 1153; x_wconf 87' lang='lat' dir='ltr'><strong>ostendendi</strong></span> <span class='ocrx_word' id='word_1_33' title='bbox 1910 1086 2216 1151; x_wconf 88' lang='lat' dir='ltr'><strong>homines</strong></span> <span class='ocrx_word' id='word_1_34' title='bbox 2253 1104 2397 1150; x_wconf 89' lang='lat' dir='ltr'><strong>esse</strong></span> <span class='ocrx_word' id='word_1_35' title='bbox 2434 1085 2674 1167; x_wconf 87' lang='lat' dir='ltr'><strong>ligatos</strong></span> <span class='ocrx_word' id='word_1_36' title='bbox 2699 1085 2805 1150; x_wconf 86' lang='lat' dir='ltr'><strong>vel</strong></span> <span class='ocrx_word' id='word_1_37' title='bbox 2840 1086 3115 1150; x_wconf 90' lang='lat' dir='ltr'><strong>solutos.</strong></span> <span class='ocrx_word' id='word_1_38' title='bbox 3161 1086 3347 1151; x_wconf 85' lang='lat' dir='ltr'>Unde</span> <span class='ocrx_word' id='word_1_39' title='bbox 3386 1088 3714 1152; x_wconf 88' lang='lat' dir='ltr'>Dominus</span> <span class='ocrx_word' id='word_1_40' title='bbox 3749 1089 3970 1171; x_wconf 91' lang='lat' dir='ltr'><strong>lepro-</strong></span> 
     </span>
     <span class='ocr_line' id='line_1_5' title="bbox 564 1178 3971 1285; baseline 0 -17"><span class='ocrx_word' id='word_1_41' title='bbox 564 1178 634 1219; x_wconf 27' lang='lat'><strong>¹⁴’*</strong></span> <span class='ocrx_word' id='word_1_42' title='bbox 856 1221 1004 1269; x_wconf 90' lang='lat' dir='ltr'><strong>sum</strong></span> <span class='ocrx_word' id='word_1_43' title='bbox 1035 1204 1299 1267; x_wconf 91' lang='lat' dir='ltr'><strong>sanitati</strong></span> <span class='ocrx_word' id='word_1_44' title='bbox 1328 1204 1513 1285; x_wconf 90' lang='lat' dir='ltr'><strong>prius</strong></span> <span class='ocrx_word' id='word_1_45' title='bbox 1548 1220 1665 1285; x_wconf 89' lang='lat' dir='ltr'><strong>per</strong></span> <span class='ocrx_word' id='word_1_46' title='bbox 1686 1221 1758 1266; x_wconf 89' lang='lat' dir='ltr'><strong>se</strong></span> <span class='ocrx_word' id='word_1_47' title='bbox 1779 1202 2090 1281; x_wconf 80' lang='lat' dir='ltr'><strong>restituit,</strong></span> <span class='ocrx_word' id='word_1_48' title='bbox 2123 1201 2358 1266; x_wconf 90' lang='lat' dir='ltr'><strong>deinde</strong></span> <span class='ocrx_word' id='word_1_49' title='bbox 2385 1202 2469 1265; x_wconf 88' lang='lat' dir='ltr'><strong>ad</strong></span> <span class='ocrx_word' id='word_1_50' title='bbox 2504 1202 2874 1266; x_wconf 79' lang='lat' dir='ltr'><strong>sacerdotes</strong></span> <span class='ocrx_word' id='word_1_51' title='bbox 2909 1202 3114 1281; x_wconf 86' lang='lat' dir='ltr'><strong>misit,</strong></span> <span class='ocrx_word' id='word_1_52' title='bbox 3156 1220 3440 1285; x_wconf 89' lang='lat' dir='ltr'><strong>quorum</strong></span> <span class='ocrx_word' id='word_1_53' title='bbox 3463 1202 3716 1283; x_wconf 88' lang='lat' dir='ltr'><strong>judicio</strong></span> <span class='ocrx_word' id='word_1_54' title='bbox 3747 1208 3971 1269; x_wconf 79' lang='lat' dir='ltr'><strong>osten-</strong></span> 
     </span>
     <span class='ocr_line' id='line_1_6' title="bbox 584 1317 3960 1402; baseline 0.002 -25"><span class='ocrx_word' id='word_1_55' title='bbox 584 1334 673 1378; x_wconf 71' lang='lat' dir='ltr'><strong>Joa</strong></span> <span class='ocrx_word' id='word_1_56' title='bbox 674 1346 830 1386; x_wconf 68' lang='grc' dir='ltr'>ηηηηηη</span> <span class='ocrx_word' id='word_1_57' title='bbox 854 1318 1119 1385; x_wconf 88' lang='lat' dir='ltr'><strong>deretur</strong></span> <span class='ocrx_word' id='word_1_58' title='bbox 1146 1320 1503 1383; x_wconf 91' lang='lat' dir='ltr'><strong>mundatus</strong></span> <span class='ocrx_word' id='word_1_59' title='bbox 1528 1340 1544 1402; x_wconf 83' lang='lat'>3</span> <span class='ocrx_word' id='word_1_60' title='bbox 1576 1319 1668 1382; x_wconf 90' lang='lat' dir='ltr'><strong>ita</strong></span> <span class='ocrx_word' id='word_1_61' title='bbox 1694 1320 1895 1385; x_wconf 87' lang='lat' dir='ltr'><strong>etiam</strong></span> <span class='ocrx_word' id='word_1_62' title='bbox 1923 1318 2245 1383; x_wconf 84' lang='lat' dir='ltr'><strong>Lazarum</strong></span> <span class='ocrx_word' id='word_1_63' title='bbox 2266 1318 2410 1397; x_wconf 75' lang='lat' dir='ltr'><strong>Jam</strong></span> <span class='ocrx_word' id='word_1_64' title='bbox 2439 1317 2870 1399; x_wconf 86' lang='lat' dir='ltr'><strong>vivificatum,</strong></span> <span class='ocrx_word' id='word_1_65' title='bbox 2894 1317 3134 1381; x_wconf 87' lang='lat' dir='ltr'><strong>obtulit</strong></span> <span class='ocrx_word' id='word_1_66' title='bbox 3161 1318 3505 1401; x_wconf 83' lang='lat' dir='ltr'><strong>discipulis</strong></span> <span class='ocrx_word' id='word_1_67' title='bbox 3532 1319 3960 1385; x_wconf 89' lang='lat' dir='ltr'><strong>solvendum:</strong></span> 
     </span>
     <span class='ocr_line' id='line_1_7' title="bbox 558 1400 3968 1518; baseline -0 -18"><span class='ocrx_word' id='word_1_68' title='bbox 558 1400 628 1442; x_wconf 71' lang='lat'><strong>⁴⁴&#39;</strong></span> <span class='ocrx_word' id='word_1_69' title='bbox 856 1436 1013 1517; x_wconf 87' lang='lat' dir='ltr'><strong>quia</strong></span> <span class='ocrx_word' id='word_1_70' title='bbox 1042 1437 1164 1500; x_wconf 89' lang='lat' dir='ltr'><strong>etsi</strong></span> <span class='ocrx_word' id='word_1_71' title='bbox 1194 1436 1434 1517; x_wconf 90' lang='lat' dir='ltr'><strong>aliquis</strong></span> <span class='ocrx_word' id='word_1_72' title='bbox 1472 1436 1648 1518; x_wconf 89' lang='lat' dir='ltr'><strong>apud</strong></span> <span class='ocrx_word' id='word_1_73' title='bbox 1675 1435 1891 1501; x_wconf 90' lang='lat' dir='ltr'><strong>Deum</strong></span> <span class='ocrx_word' id='word_1_74' title='bbox 1920 1435 2009 1498; x_wconf 88' lang='lat' dir='ltr'><strong>sit</strong></span> <span class='ocrx_word' id='word_1_75' title='bbox 2037 1434 2320 1514; x_wconf 79' lang='lat' dir='ltr'><strong>solutuS,</strong></span> <span class='ocrx_word' id='word_1_76' title='bbox 2352 1450 2484 1497; x_wconf 91' lang='lat' dir='ltr'><strong>non</strong></span> <span class='ocrx_word' id='word_1_77' title='bbox 2521 1434 2742 1497; x_wconf 86' lang='lat' dir='ltr'><strong>tamen</strong></span> <span class='ocrx_word' id='word_1_78' title='bbox 2771 1434 2838 1496; x_wconf 93' lang='lat' dir='ltr'><strong>in</strong></span> <span class='ocrx_word' id='word_1_79' title='bbox 2869 1433 3034 1497; x_wconf 87' lang='lat' dir='ltr'><strong>facie</strong></span> <span class='ocrx_word' id='word_1_80' title='bbox 3059 1434 3370 1498; x_wconf 85' lang='lat' dir='ltr'><strong>Ecclesiae</strong></span> <span class='ocrx_word' id='word_1_81' title='bbox 3397 1434 3657 1499; x_wconf 91' lang='lat' dir='ltr'><strong>solutus</strong></span> <span class='ocrx_word' id='word_1_82' title='bbox 3683 1435 3968 1499; x_wconf 90' lang='lat' dir='ltr'><strong>habetur</strong></span> 
     </span>
     <span class='ocr_line' id='line_1_8' title="bbox 855 1548 3966 1634; baseline 0.001 -21"><span class='ocrx_word' id='word_1_83' title='bbox 855 1552 983 1615; x_wconf 93' lang='lat' dir='ltr'><strong>nisi</strong></span> <span class='ocrx_word' id='word_1_84' title='bbox 1022 1569 1138 1633; x_wconf 93' lang='lat' dir='ltr'><strong>per</strong></span> <span class='ocrx_word' id='word_1_85' title='bbox 1177 1550 1507 1631; x_wconf 89' lang='lat' dir='ltr'><strong>judicium</strong></span> <span class='ocrx_word' id='word_1_86' title='bbox 1558 1550 1935 1616; x_wconf 88' lang='lat' dir='ltr'><strong>sacerdotis.</strong></span> <span class='ocrx_word' id='word_1_87' title='bbox 1978 1550 2058 1614; x_wconf 91' lang='lat' dir='ltr'><strong>In</strong></span> <span class='ocrx_word' id='word_1_88' title='bbox 2106 1549 2441 1613; x_wconf 86' lang='lat' dir='ltr'><strong>solvendis</strong></span> <span class='ocrx_word' id='word_1_89' title='bbox 2491 1566 2645 1630; x_wconf 88' lang='lat' dir='ltr'><strong>ergo</strong></span> <span class='ocrx_word' id='word_1_90' title='bbox 2695 1548 2907 1631; x_wconf 90' lang='lat' dir='ltr'><strong>culpis</strong></span> <span class='ocrx_word' id='word_1_91' title='bbox 2944 1549 3049 1612; x_wconf 88' lang='lat' dir='ltr'><strong>vel</strong></span> <span class='ocrx_word' id='word_1_92' title='bbox 3097 1550 3457 1613; x_wconf 88' lang='lat' dir='ltr'><strong>retinendis</strong></span> <span class='ocrx_word' id='word_1_93' title='bbox 3513 1550 3604 1614; x_wconf 87' lang='lat' dir='ltr'><strong>ita</strong></span> <span class='ocrx_word' id='word_1_94' title='bbox 3653 1553 3966 1634; x_wconf 87' lang='lat' dir='ltr'><strong>operatur</strong></span> 
     </span>
     <span class='ocr_line' id='line_1_9' title="bbox 854 1662 3960 1749; baseline 0 -20"><span class='ocrx_word' id='word_1_95' title='bbox 854 1666 1159 1731; x_wconf 82' lang='lat' dir='ltr'><strong>sacerdos</strong></span> <span class='ocrx_word' id='word_1_96' title='bbox 1188 1666 1605 1747; x_wconf 86' lang='lat' dir='ltr'><strong>evangelicus</strong></span> <span class='ocrx_word' id='word_1_97' title='bbox 1634 1667 1700 1729; x_wconf 91' lang='lat' dir='ltr'><strong>et</strong></span> <span class='ocrx_word' id='word_1_98' title='bbox 1718 1665 1995 1746; x_wconf 87' lang='lat' dir='ltr'><strong>judicat,</strong></span> <span class='ocrx_word' id='word_1_99' title='bbox 2029 1665 2204 1729; x_wconf 90' lang='lat' dir='ltr'><strong>sicut</strong></span> <span class='ocrx_word' id='word_1_100' title='bbox 2230 1664 2394 1727; x_wconf 92' lang='lat' dir='ltr'><strong>olim</strong></span> <span class='ocrx_word' id='word_1_101' title='bbox 2422 1662 2653 1744; x_wconf 87' lang='lat' dir='ltr'><strong>legalis</strong></span> <span class='ocrx_word' id='word_1_102' title='bbox 2681 1664 2750 1726; x_wconf 91' lang='lat' dir='ltr'><strong>in</strong></span> <span class='ocrx_word' id='word_1_103' title='bbox 2779 1664 2912 1727; x_wconf 86' lang='lat' dir='ltr'><strong>illis</strong></span> <span class='ocrx_word' id='word_1_104' title='bbox 2939 1664 3056 1745; x_wconf 89' lang='lat' dir='ltr'><strong>qui</strong></span> <span class='ocrx_word' id='word_1_105' title='bbox 3084 1665 3512 1728; x_wconf 89' lang='lat' dir='ltr'><strong>contaminati</strong></span> <span class='ocrx_word' id='word_1_106' title='bbox 3541 1668 3724 1729; x_wconf 91' lang='lat' dir='ltr'><strong>erant</strong></span> <span class='ocrx_word' id='word_1_107' title='bbox 3751 1667 3960 1749; x_wconf 87' lang='lat' dir='ltr'><strong>lepra,</strong></span> 
     </span>
     <span class='ocr_line' id='line_1_10' title="bbox 854 1780 3960 1864; baseline 0 -18"><span class='ocrx_word' id='word_1_108' title='bbox 854 1800 1003 1863; x_wconf 86' lang='lat' dir='ltr'><strong>quae</strong></span> <span class='ocrx_word' id='word_1_109' title='bbox 1040 1784 1381 1863; x_wconf 88' lang='lat' dir='ltr'><strong>peccatum</strong></span> <span class='ocrx_word' id='word_1_110' title='bbox 1412 1783 1650 1864; x_wconf 87' lang='lat' dir='ltr'><strong>signat.</strong></span> <span class='ocrx_word' id='word_1_111' title='bbox 1692 1781 1881 1845; x_wconf 89' lang='lat' dir='ltr'><strong>Unde</strong></span> <span class='ocrx_word' id='word_1_112' title='bbox 1916 1781 2368 1861; x_wconf 89' lang='lat' dir='ltr'><strong>Hieronymus</strong></span> <span class='ocrx_word' id='word_1_113' title='bbox 2404 1796 2603 1861; x_wconf 91' lang='lat' dir='ltr'><strong>super</strong></span> <span class='ocrx_word' id='word_1_114' title='bbox 2643 1780 3054 1859; x_wconf 85' lang='lat' dir='ltr'><strong>Matthaeum,</strong></span> <span class='ocrx_word' id='word_1_115' title='bbox 3089 1780 3203 1843; x_wconf 92' lang='lat' dir='ltr'><strong>ubi</strong></span> <span class='ocrx_word' id='word_1_116' title='bbox 3241 1780 3572 1846; x_wconf 89' lang='lat' dir='ltr'><strong>Dominus</strong></span> <span class='ocrx_word' id='word_1_117' title='bbox 3611 1783 3705 1845; x_wconf 88' lang='lat' dir='ltr'><strong>ait</strong></span> <span class='ocrx_word' id='word_1_118' title='bbox 3732 1782 3960 1863; x_wconf 85' lang='lat' dir='ltr'><strong>Petro,</strong></span> 
     </span>
     <span class='ocr_line' id='line_1_11' title="bbox 557 1894 3964 1979; baseline 0.001 -19"><span class='ocrx_word' id='word_1_119' title='bbox 557 1926 823 1977; x_wconf 49' lang='lat' dir='ltr'><strong>umhfl„</strong></span> <span class='ocrx_word' id='word_1_120' title='bbox 850 1895 999 1960; x_wconf 87' lang='lat' dir='ltr'><strong>Tibi</strong></span> <span class='ocrx_word' id='word_1_121' title='bbox 1037 1897 1206 1961; x_wconf 88' lang='lat' dir='ltr'><strong>dabo</strong></span> <span class='ocrx_word' id='word_1_122' title='bbox 1244 1897 1461 1960; x_wconf 84' lang='lat' dir='ltr'><strong>claves</strong></span> <span class='ocrx_word' id='word_1_123' title='bbox 1489 1898 1673 1978; x_wconf 86' lang='lat' dir='ltr'><strong>regni</strong></span> <span class='ocrx_word' id='word_1_124' title='bbox 1710 1895 2049 1975; x_wconf 88' lang='lat' dir='ltr'><strong>coelorum,</strong></span> <span class='ocrx_word' id='word_1_125' title='bbox 2082 1896 2150 1959; x_wconf 90' lang='lat' dir='ltr'><strong>et</strong></span> <span class='ocrx_word' id='word_1_126' title='bbox 2176 1895 2641 1977; x_wconf 87' lang='lat' dir='ltr'><strong>quodcumque</strong></span> <span class='ocrx_word' id='word_1_127' title='bbox 2668 1894 2977 1975; x_wconf 85' lang='lat' dir='ltr'><strong>ligaveris</strong></span> <span class='ocrx_word' id='word_1_128' title='bbox 3003 1913 3202 1978; x_wconf 88' lang='lat' dir='ltr'><strong>super</strong></span> <span class='ocrx_word' id='word_1_129' title='bbox 3229 1897 3493 1979; x_wconf 91' lang='lat' dir='ltr'><strong>terram,</strong></span> <span class='ocrx_word' id='word_1_130' title='bbox 3526 1898 3650 1961; x_wconf 89' lang='lat' dir='ltr'><strong>erit</strong></span> <span class='ocrx_word' id='word_1_131' title='bbox 3677 1898 3964 1979; x_wconf 89' lang='lat' dir='ltr'><strong>ligatum</strong></span> 
     </span>
     <span class='ocr_line' id='line_1_12' title="bbox 559 1992 3958 2095; baseline 0.001 -20"><span class='ocrx_word' id='word_1_132' title='bbox 559 1992 732 2095; x_wconf 45' lang='lat' dir='ltr'><strong>¹⁹1„OE</strong></span> <span class='ocrx_word' id='word_1_133' title='bbox 780 2054 825 2095; x_wconf 51' lang='grc' dir='ltr'><strong>ἢ,</strong></span> <span class='ocrx_word' id='word_1_134' title='bbox 854 2012 921 2076; x_wconf 91' lang='lat' dir='ltr'><strong>et</strong></span> <span class='ocrx_word' id='word_1_135' title='bbox 956 2012 1026 2075; x_wconf 93' lang='lat' dir='ltr'><strong>in</strong></span> <span class='ocrx_word' id='word_1_136' title='bbox 1064 2013 1269 2092; x_wconf 86' lang='lat' dir='ltr'><strong>coelis,</strong></span> <span class='ocrx_word' id='word_1_137' title='bbox 1303 2013 1369 2075; x_wconf 90' lang='lat' dir='ltr'><strong>et</strong></span> <span class='ocrx_word' id='word_1_138' title='bbox 1403 2013 1867 2094; x_wconf 89' lang='lat' dir='ltr'><strong>quodcumque</strong></span> <span class='ocrx_word' id='word_1_139' title='bbox 1896 2000 2175 2075; x_wconf 84' lang='lat' dir='ltr'><strong>solveris</strong></span> <span class='ocrx_word' id='word_1_140' title='bbox 2210 2027 2409 2092; x_wconf 91' lang='lat' dir='ltr'><strong>super</strong></span> <span class='ocrx_word' id='word_1_141' title='bbox 2445 2011 2708 2090; x_wconf 90' lang='lat' dir='ltr'><strong>terram,</strong></span> <span class='ocrx_word' id='word_1_142' title='bbox 2750 2011 2874 2073; x_wconf 90' lang='lat' dir='ltr'><strong>erit</strong></span> <span class='ocrx_word' id='word_1_143' title='bbox 2909 2010 3202 2075; x_wconf 88' lang='lat' dir='ltr'><strong>solutum</strong></span> <span class='ocrx_word' id='word_1_144' title='bbox 3244 2013 3311 2077; x_wconf 91' lang='lat' dir='ltr'><strong>et</strong></span> <span class='ocrx_word' id='word_1_145' title='bbox 3345 2013 3416 2075; x_wconf 92' lang='lat' dir='ltr'><strong>in</strong></span> <span class='ocrx_word' id='word_1_146' title='bbox 3453 2013 3638 2077; x_wconf 88' lang='lat' dir='ltr'><strong>coelis</strong></span> <span class='ocrx_word' id='word_1_147' title='bbox 3677 2034 3693 2075; x_wconf 91' lang='lat'>:</span> <span class='ocrx_word' id='word_1_148' title='bbox 3733 2014 3958 2095; x_wconf 88' lang='lat' dir='ltr'><strong>Hunc,</strong></span> 
     </span>
     <span class='ocr_line' id='line_1_13' title="bbox 558 2113 3958 2221; baseline 0.001 -30"><span class='ocrx_word' id='word_1_149' title='bbox 558 2113 713 2221; x_wconf 44' lang='grc' dir='ltr'><strong>ἕξω·</strong></span> <span class='ocrx_word' id='word_1_150' title='bbox 740 2128 823 2167; x_wconf 76' lang='grc'><strong>”··</strong></span> <span class='ocrx_word' id='word_1_151' title='bbox 854 2128 1093 2209; x_wconf 89' lang='lat' dir='ltr'><strong>inquit,</strong></span> <span class='ocrx_word' id='word_1_152' title='bbox 1127 2127 1347 2192; x_wconf 92' lang='lat' dir='ltr'><strong>locum</strong></span> <span class='ocrx_word' id='word_1_153' title='bbox 1383 2128 1655 2208; x_wconf 89' lang='lat' dir='ltr'><strong>quidam</strong></span> <span class='ocrx_word' id='word_1_154' title='bbox 1689 2145 1825 2192; x_wconf 93' lang='lat' dir='ltr'><strong>non</strong></span> <span class='ocrx_word' id='word_1_155' title='bbox 1860 2126 2324 2209; x_wconf 81' lang='lat' dir='ltr'><strong>intelligenteS,</strong></span> <span class='ocrx_word' id='word_1_156' title='bbox 2347 2125 2599 2206; x_wconf 78' lang='lat' dir='ltr'><strong>aliquid</strong></span> <span class='ocrx_word' id='word_1_157' title='bbox 2635 2128 2908 2189; x_wconf 91' lang='lat' dir='ltr'><strong>sumunt</strong></span> <span class='ocrx_word' id='word_1_158' title='bbox 2944 2126 3023 2192; x_wconf 95' lang='lat' dir='ltr'><strong>de</strong></span> <span class='ocrx_word' id='word_1_159' title='bbox 3059 2128 3411 2209; x_wconf 89' lang='lat' dir='ltr'><strong>supercilio</strong></span> <span class='ocrx_word' id='word_1_160' title='bbox 3439 2128 3958 2210; x_wconf 83' lang='lat' dir='ltr'><strong>Pharisaeorum,</strong></span> 
     </span>
     <span class='ocr_line' id='line_1_14' title="bbox 855 2242 3966 2325; baseline 0.001 -18"><span class='ocrx_word' id='word_1_161' title='bbox 855 2246 930 2307; x_wconf 91' lang='lat' dir='ltr'><strong>ut</strong></span> <span class='ocrx_word' id='word_1_162' title='bbox 957 2243 1267 2309; x_wconf 89' lang='lat' dir='ltr'><strong>damnare</strong></span> <span class='ocrx_word' id='word_1_163' title='bbox 1304 2244 1613 2308; x_wconf 84' lang='lat' dir='ltr'><strong>innoxios</strong></span> <span class='ocrx_word' id='word_1_164' title='bbox 1639 2243 1746 2309; x_wconf 85' lang='lat' dir='ltr'><strong>vel</strong></span> <span class='ocrx_word' id='word_1_165' title='bbox 1781 2244 2039 2308; x_wconf 85' lang='lat' dir='ltr'><strong>solvere</strong></span> <span class='ocrx_word' id='word_1_166' title='bbox 2072 2260 2144 2309; x_wconf 85' lang='lat' dir='ltr'><strong>se</strong></span> <span class='ocrx_word' id='word_1_167' title='bbox 2174 2243 2406 2325; x_wconf 91' lang='lat' dir='ltr'><strong>putent</strong></span> <span class='ocrx_word' id='word_1_168' title='bbox 2441 2242 2703 2323; x_wconf 77' lang='lat' dir='ltr'><strong>noxiOS,</strong></span> <span class='ocrx_word' id='word_1_169' title='bbox 2743 2259 2951 2323; x_wconf 84' lang='lat' dir='ltr'><strong>quum</strong></span> <span class='ocrx_word' id='word_1_170' title='bbox 2992 2245 3168 2325; x_wconf 88' lang='lat' dir='ltr'><strong>apud</strong></span> <span class='ocrx_word' id='word_1_171' title='bbox 3203 2245 3421 2309; x_wconf 89' lang='lat' dir='ltr'><strong>Deum</strong></span> <span class='ocrx_word' id='word_1_172' title='bbox 3457 2262 3591 2309; x_wconf 92' lang='lat' dir='ltr'><strong>non</strong></span> <span class='ocrx_word' id='word_1_173' title='bbox 3632 2247 3966 2311; x_wconf 88' lang='lat' dir='ltr'><strong>sententia</strong></span> 
     </span>
     <span class='ocr_line' id='line_1_15' title="bbox 555 2358 3968 2444; baseline 0.001 -19"><span class='ocrx_word' id='word_1_174' title='bbox 555 2388 659 2433; x_wconf 59' lang='grc' dir='ltr'><strong>ιω,</strong></span> <span class='ocrx_word' id='word_1_175' title='bbox 678 2402 765 2443; x_wconf 62' lang='grc' dir='ltr'><strong>ω,</strong></span> <span class='ocrx_word' id='word_1_176' title='bbox 784 2393 826 2435; x_wconf 82' lang='lat'><strong>2,</strong></span> <span class='ocrx_word' id='word_1_177' title='bbox 854 2360 1291 2441; x_wconf 85' lang='lat' dir='ltr'><strong>sacerdotum,</strong></span> <span class='ocrx_word' id='word_1_178' title='bbox 1309 2361 1426 2425; x_wconf 90' lang='lat' dir='ltr'><strong>sed</strong></span> <span class='ocrx_word' id='word_1_179' title='bbox 1450 2377 1715 2426; x_wconf 90' lang='lat' dir='ltr'><strong>reorum</strong></span> <span class='ocrx_word' id='word_1_180' title='bbox 1737 2361 1872 2424; x_wconf 84' lang='lat' dir='ltr'><strong>vita</strong></span> <span class='ocrx_word' id='word_1_181' title='bbox 1900 2361 2254 2442; x_wconf 86' lang='lat' dir='ltr'><strong>quaeratur.</strong></span> <span class='ocrx_word' id='word_1_182' title='bbox 2277 2358 2356 2422; x_wconf 94' lang='lat' dir='ltr'><strong>In</strong></span> <span class='ocrx_word' id='word_1_183' title='bbox 2382 2358 2677 2425; x_wconf 89' lang='lat' dir='ltr'><strong>Levitico</strong></span> <span class='ocrx_word' id='word_1_184' title='bbox 2701 2376 2773 2423; x_wconf 90' lang='lat' dir='ltr'><strong>se</strong></span> <span class='ocrx_word' id='word_1_185' title='bbox 2801 2359 3142 2425; x_wconf 86' lang='lat' dir='ltr'><strong>ostendere</strong></span> <span class='ocrx_word' id='word_1_186' title='bbox 3169 2361 3620 2427; x_wconf 88' lang='lat' dir='ltr'><strong>sacerdotibus</strong></span> <span class='ocrx_word' id='word_1_187' title='bbox 3639 2362 3968 2444; x_wconf 82' lang='lat' dir='ltr'><strong>jubentur</strong></span> 
     </span>
     <span class='ocr_line' id='line_1_16' title="bbox 853 2474 3968 2561; baseline 0.001 -22"><span class='ocrx_word' id='word_1_188' title='bbox 853 2476 1119 2558; x_wconf 86' lang='lat' dir='ltr'><strong>leprosi,</strong></span> <span class='ocrx_word' id='word_1_189' title='bbox 1161 2494 1330 2559; x_wconf 88' lang='lat' dir='ltr'><strong>quos</strong></span> <span class='ocrx_word' id='word_1_190' title='bbox 1377 2478 1476 2540; x_wconf 91' lang='lat' dir='ltr'><strong>illi</strong></span> <span class='ocrx_word' id='word_1_191' title='bbox 1511 2494 1644 2541; x_wconf 94' lang='lat' dir='ltr'><strong>non</strong></span> <span class='ocrx_word' id='word_1_192' title='bbox 1691 2476 1940 2541; x_wconf 88' lang='lat' dir='ltr'><strong>faciunt</strong></span> <span class='ocrx_word' id='word_1_193' title='bbox 1989 2476 2288 2558; x_wconf 90' lang='lat' dir='ltr'><strong>leprosos</strong></span> <span class='ocrx_word' id='word_1_194' title='bbox 2331 2474 2438 2538; x_wconf 88' lang='lat' dir='ltr'><strong>vel</strong></span> <span class='ocrx_word' id='word_1_195' title='bbox 2482 2475 2789 2555; x_wconf 90' lang='lat' dir='ltr'><strong>mundos,</strong></span> <span class='ocrx_word' id='word_1_196' title='bbox 2834 2477 2951 2540; x_wconf 89' lang='lat' dir='ltr'><strong>sed</strong></span> <span class='ocrx_word' id='word_1_197' title='bbox 2995 2477 3376 2541; x_wconf 89' lang='lat' dir='ltr'><strong>discernunt</strong></span> <span class='ocrx_word' id='word_1_198' title='bbox 3413 2479 3532 2561; x_wconf 89' lang='lat' dir='ltr'><strong>qui</strong></span> <span class='ocrx_word' id='word_1_199' title='bbox 3580 2480 3812 2543; x_wconf 91' lang='lat' dir='ltr'><strong>mundi</strong></span> <span class='ocrx_word' id='word_1_200' title='bbox 3847 2480 3968 2545; x_wconf 86' lang='lat' dir='ltr'><strong>vel</strong></span> 
     </span>
     <span class='ocr_line' id='line_1_17' title="bbox 851 2591 3964 2686; baseline 0.002 -32"><span class='ocrx_word' id='word_1_201' title='bbox 851 2591 1181 2657; x_wconf 88' lang='lat' dir='ltr'><strong>immundi</strong></span> <span class='ocrx_word' id='word_1_202' title='bbox 1208 2594 1383 2657; x_wconf 87' lang='lat' dir='ltr'><strong>sunt.</strong></span> <span class='ocrx_word' id='word_1_203' title='bbox 1410 2594 1511 2657; x_wconf 90' lang='lat' dir='ltr'><strong>Ita</strong></span> <span class='ocrx_word' id='word_1_204' title='bbox 1546 2594 1613 2658; x_wconf 94' lang='lat' dir='ltr'><strong>et</strong></span> <span class='ocrx_word' id='word_1_205' title='bbox 1649 2593 1756 2656; x_wconf 91' lang='lat' dir='ltr'><strong>hic</strong></span> <span class='ocrx_word' id='word_1_206' title='bbox 1782 2593 2003 2674; x_wconf 89' lang='lat' dir='ltr'><strong>aperte</strong></span> <span class='ocrx_word' id='word_1_207' title='bbox 2032 2591 2424 2686; x_wconf 86' lang='lat' dir='ltr'><strong>ostenditur,</strong></span> <span class='ocrx_word' id='word_1_208' title='bbox 2445 2592 2625 2673; x_wconf 88' lang='lat' dir='ltr'><strong>quod</strong></span> <span class='ocrx_word' id='word_1_209' title='bbox 2661 2608 2795 2655; x_wconf 92' lang='lat' dir='ltr'><strong>non</strong></span> <span class='ocrx_word' id='word_1_210' title='bbox 2823 2610 3084 2674; x_wconf 89' lang='lat' dir='ltr'><strong>semper</strong></span> <span class='ocrx_word' id='word_1_211' title='bbox 3105 2594 3406 2675; x_wconf 87' lang='lat' dir='ltr'><strong>sequitur</strong></span> <span class='ocrx_word' id='word_1_212' title='bbox 3431 2594 3613 2659; x_wconf 90' lang='lat' dir='ltr'><strong>Deus</strong></span> <span class='ocrx_word' id='word_1_213' title='bbox 3639 2595 3964 2661; x_wconf 86' lang='lat' dir='ltr'><strong>Ecclesiae</strong></span> 
     </span>
     <span class='ocr_line' id='line_1_18' title="bbox 844 2706 3964 2792; baseline 0.001 -20"><span class='ocrx_word' id='word_1_214' title='bbox 844 2708 1199 2790; x_wconf 89' lang='lat' dir='ltr'><strong>judicium,</strong></span> <span class='ocrx_word' id='word_1_215' title='bbox 1240 2727 1387 2790; x_wconf 86' lang='lat' dir='ltr'><strong>quae</strong></span> <span class='ocrx_word' id='word_1_216' title='bbox 1434 2727 1562 2791; x_wconf 81' lang='lat' dir='ltr'><strong>per</strong></span> <span class='ocrx_word' id='word_1_217' title='bbox 1612 2708 2105 2789; x_wconf 89' lang='lat' dir='ltr'><strong>subreptionem</strong></span> <span class='ocrx_word' id='word_1_218' title='bbox 2157 2708 2223 2771; x_wconf 91' lang='lat' dir='ltr'><strong>et</strong></span> <span class='ocrx_word' id='word_1_219' title='bbox 2268 2706 2710 2788; x_wconf 82' lang='lat' dir='ltr'><strong>ignorantiam</strong></span> <span class='ocrx_word' id='word_1_220' title='bbox 2761 2708 3093 2772; x_wconf 89' lang='lat' dir='ltr'><strong>interdum</strong></span> <span class='ocrx_word' id='word_1_221' title='bbox 3135 2708 3441 2792; x_wconf 81' lang='lat' dir='ltr'><strong>judicat3</strong></span> <span class='ocrx_word' id='word_1_222' title='bbox 3500 2711 3683 2775; x_wconf 91' lang='lat' dir='ltr'><strong>Deus</strong></span> <span class='ocrx_word' id='word_1_223' title='bbox 3728 2714 3964 2775; x_wconf 88' lang='lat' dir='ltr'><strong>autem</strong></span> 
     </span>
     <span class='ocr_line' id='line_1_19' title="bbox 849 2823 3965 2909; baseline 0.001 -21"><span class='ocrx_word' id='word_1_224' title='bbox 849 2842 1111 2907; x_wconf 91' lang='lat' dir='ltr'><strong>semper</strong></span> <span class='ocrx_word' id='word_1_225' title='bbox 1147 2824 1404 2905; x_wconf 90' lang='lat' dir='ltr'><strong>judicat</strong></span> <span class='ocrx_word' id='word_1_226' title='bbox 1448 2824 1811 2889; x_wconf 89' lang='lat' dir='ltr'><strong>secundum</strong></span> <span class='ocrx_word' id='word_1_227' title='bbox 1850 2823 2216 2887; x_wconf 87' lang='lat' dir='ltr'><strong>veritatem.</strong></span> <span class='ocrx_word' id='word_1_228' title='bbox 2256 2824 2344 2887; x_wconf 88' lang='lat' dir='ltr'><strong>Et</strong></span> <span class='ocrx_word' id='word_1_229' title='bbox 2387 2824 2457 2887; x_wconf 90' lang='lat' dir='ltr'><strong>in</strong></span> <span class='ocrx_word' id='word_1_230' title='bbox 2502 2824 2914 2887; x_wconf 86' lang='lat' dir='ltr'><strong>remittendis</strong></span> <span class='ocrx_word' id='word_1_231' title='bbox 2959 2824 3066 2888; x_wconf 90' lang='lat' dir='ltr'><strong>vel</strong></span> <span class='ocrx_word' id='word_1_232' title='bbox 3103 2825 3172 2888; x_wconf 93' lang='lat' dir='ltr'><strong>in</strong></span> <span class='ocrx_word' id='word_1_233' title='bbox 3222 2826 3580 2891; x_wconf 89' lang='lat' dir='ltr'><strong>retinendis</strong></span> <span class='ocrx_word' id='word_1_234' title='bbox 3620 2827 3834 2909; x_wconf 89' lang='lat' dir='ltr'><strong>culpis</strong></span> <span class='ocrx_word' id='word_1_235' title='bbox 3886 2829 3965 2892; x_wconf 92' lang='lat' dir='ltr'><strong>id</strong></span> 
     </span>
     <span class='ocr_line' id='line_1_20' title="bbox 842 2939 3966 3027; baseline 0.001 -22"><span class='ocrx_word' id='word_1_236' title='bbox 842 2941 1015 3022; x_wconf 89' lang='lat' dir='ltr'><strong>juris</strong></span> <span class='ocrx_word' id='word_1_237' title='bbox 1054 2942 1120 3005; x_wconf 90' lang='lat' dir='ltr'><strong>et</strong></span> <span class='ocrx_word' id='word_1_238' title='bbox 1158 2940 1354 3005; x_wconf 86' lang='lat' dir='ltr'><strong>officii</strong></span> <span class='ocrx_word' id='word_1_239' title='bbox 1391 2940 1633 3005; x_wconf 87' lang='lat' dir='ltr'><strong>habent</strong></span> <span class='ocrx_word' id='word_1_240' title='bbox 1660 2940 2017 3022; x_wconf 86' lang='lat' dir='ltr'><strong>evangelici</strong></span> <span class='ocrx_word' id='word_1_241' title='bbox 2056 2940 2450 3020; x_wconf 83' lang='lat' dir='ltr'><strong>sacerdotes,</strong></span> <span class='ocrx_word' id='word_1_242' title='bbox 2478 2940 2657 3023; x_wconf 86' lang='lat' dir='ltr'><strong>quod</strong></span> <span class='ocrx_word' id='word_1_243' title='bbox 2693 2939 2854 3004; x_wconf 94' lang='lat' dir='ltr'><strong>olim</strong></span> <span class='ocrx_word' id='word_1_244' title='bbox 2892 2939 3218 3005; x_wconf 88' lang='lat' dir='ltr'><strong>habebant</strong></span> <span class='ocrx_word' id='word_1_245' title='bbox 3252 2942 3378 3006; x_wconf 88' lang='lat' dir='ltr'><strong>sub</strong></span> <span class='ocrx_word' id='word_1_246' title='bbox 3414 2943 3556 3025; x_wconf 85' lang='lat' dir='ltr'><strong>lege</strong></span> <span class='ocrx_word' id='word_1_247' title='bbox 3602 2945 3842 3027; x_wconf 84' lang='lat' dir='ltr'><strong>legales</strong></span> <span class='ocrx_word' id='word_1_248' title='bbox 3885 2947 3966 3009; x_wconf 91' lang='lat' dir='ltr'><strong>in</strong></span> 
     </span>
     <span class='ocr_line' id='line_1_21' title="bbox 850 3055 3965 3140; baseline 0.002 -19"><span class='ocrx_word' id='word_1_249' title='bbox 850 3058 1157 3121; x_wconf 84' lang='lat' dir='ltr'><strong>curandis</strong></span> <span class='ocrx_word' id='word_1_250' title='bbox 1207 3056 1507 3139; x_wconf 76' lang='lat' dir='ltr'><strong>leprosis·</strong></span> <span class='ocrx_word' id='word_1_251' title='bbox 1544 3056 1633 3121; x_wconf 87' lang='lat' dir='ltr'><strong>Hi</strong></span> <span class='ocrx_word' id='word_1_252' title='bbox 1676 3074 1830 3140; x_wconf 84' lang='lat' dir='ltr'><strong>ergo</strong></span> <span class='ocrx_word' id='word_1_253' title='bbox 1880 3057 2146 3138; x_wconf 86' lang='lat' dir='ltr'><strong>peccata</strong></span> <span class='ocrx_word' id='word_1_254' title='bbox 2192 3055 2538 3119; x_wconf 90' lang='lat' dir='ltr'><strong>dimittunt</strong></span> <span class='ocrx_word' id='word_1_255' title='bbox 2573 3056 2677 3120; x_wconf 91' lang='lat' dir='ltr'><strong>vel</strong></span> <span class='ocrx_word' id='word_1_256' title='bbox 2727 3056 3031 3139; x_wconf 88' lang='lat' dir='ltr'><strong>retinent,</strong></span> <span class='ocrx_word' id='word_1_257' title='bbox 3070 3056 3233 3122; x_wconf 92' lang='lat' dir='ltr'><strong>dum</strong></span> <span class='ocrx_word' id='word_1_258' title='bbox 3279 3060 3555 3125; x_wconf 86' lang='lat' dir='ltr'><strong>dimissa</strong></span> <span class='ocrx_word' id='word_1_259' title='bbox 3590 3078 3630 3125; x_wconf 88' lang='lat' dir='ltr'><strong>a</strong></span> <span class='ocrx_word' id='word_1_260' title='bbox 3663 3062 3806 3126; x_wconf 90' lang='lat' dir='ltr'><strong>Deo</strong></span> <span class='ocrx_word' id='word_1_261' title='bbox 3843 3063 3965 3129; x_wconf 85' lang='lat' dir='ltr'><strong>vel</strong></span> 
     </span>
     <span class='ocr_line' id='line_1_22' title="bbox 553 3172 3967 3262; baseline 0.003 -26"><span class='ocrx_word' id='word_1_262' title='bbox 553 3206 823 3256; x_wconf 61' lang='lat' dir='ltr'><strong>N„‚„‚„.‚27‚</strong></span> <span class='ocrx_word' id='word_1_263' title='bbox 848 3175 1101 3239; x_wconf 87' lang='lat' dir='ltr'><strong>retenta</strong></span> <span class='ocrx_word' id='word_1_264' title='bbox 1130 3173 1432 3255; x_wconf 89' lang='lat' dir='ltr'><strong>judicant</strong></span> <span class='ocrx_word' id='word_1_265' title='bbox 1468 3176 1533 3239; x_wconf 91' lang='lat' dir='ltr'><strong>et</strong></span> <span class='ocrx_word' id='word_1_266' title='bbox 1576 3173 1949 3238; x_wconf 89' lang='lat' dir='ltr'><strong>ostendunt.</strong></span> <span class='ocrx_word' id='word_1_267' title='bbox 1990 3172 2259 3237; x_wconf 89' lang='lat' dir='ltr'><strong>Ponunt</strong></span> <span class='ocrx_word' id='word_1_268' title='bbox 2303 3173 2483 3241; x_wconf 90' lang='lat' dir='ltr'><strong>enim</strong></span> <span class='ocrx_word' id='word_1_269' title='bbox 2517 3173 2886 3238; x_wconf 86' lang='lat' dir='ltr'><strong>sacerdotes</strong></span> <span class='ocrx_word' id='word_1_270' title='bbox 2922 3191 3166 3239; x_wconf 91' lang='lat' dir='ltr'><strong>nomen</strong></span> <span class='ocrx_word' id='word_1_271' title='bbox 3211 3177 3483 3241; x_wconf 92' lang='lat' dir='ltr'><strong>Domini</strong></span> <span class='ocrx_word' id='word_1_272' title='bbox 3529 3196 3727 3262; x_wconf 86' lang='lat' dir='ltr'><strong>super</strong></span> <span class='ocrx_word' id='word_1_273' title='bbox 3775 3180 3967 3250; x_wconf 85' lang='lat' dir='ltr'><strong>filios</strong></span> 
     </span>
     <span class='ocr_line' id='line_1_23' title="bbox 848 3289 3964 3374; baseline 0.002 -20"><span class='ocrx_word' id='word_1_274' title='bbox 848 3291 1074 3372; x_wconf 89' lang='lat' dir='ltr'><strong>Israel,</strong></span> <span class='ocrx_word' id='word_1_275' title='bbox 1114 3291 1232 3355; x_wconf 90' lang='lat' dir='ltr'><strong>sed</strong></span> <span class='ocrx_word' id='word_1_276' title='bbox 1267 3291 1410 3373; x_wconf 91' lang='lat' dir='ltr'><strong>ipse</strong></span> <span class='ocrx_word' id='word_1_277' title='bbox 1448 3290 1797 3370; x_wconf 87' lang='lat' dir='ltr'><strong>benedicit,</strong></span> <span class='ocrx_word' id='word_1_278' title='bbox 1838 3290 1912 3352; x_wconf 91' lang='lat' dir='ltr'><strong>ut</strong></span> <span class='ocrx_word' id='word_1_279' title='bbox 1959 3289 2202 3353; x_wconf 90' lang='lat' dir='ltr'><strong>dicitur</strong></span> <span class='ocrx_word' id='word_1_280' title='bbox 2228 3290 2300 3352; x_wconf 93' lang='lat' dir='ltr'><strong>in</strong></span> <span class='ocrx_word' id='word_1_281' title='bbox 2335 3289 2666 3354; x_wconf 88' lang='lat' dir='ltr'><strong>Numeris.</strong></span> <span class='ocrx_word' id='word_1_282' title='bbox 2707 3290 2902 3355; x_wconf 87' lang='lat' dir='ltr'><strong>Hunc</strong></span> <span class='ocrx_word' id='word_1_283' title='bbox 2938 3291 3211 3356; x_wconf 90' lang='lat' dir='ltr'><strong>modum</strong></span> <span class='ocrx_word' id='word_1_284' title='bbox 3248 3293 3496 3374; x_wconf 88' lang='lat' dir='ltr'><strong>ligandi</strong></span> <span class='ocrx_word' id='word_1_285' title='bbox 3542 3297 3610 3358; x_wconf 92' lang='lat' dir='ltr'><strong>et</strong></span> <span class='ocrx_word' id='word_1_286' title='bbox 3649 3295 3964 3361; x_wconf 84' lang='lat' dir='ltr'><strong>solvendi</strong></span> 
     </span>
    </p>
   </div>
   <div class='ocr_carea' id='block_1_5' title="bbox 846 3406 1860 3492">
    <p class='ocr_par' dir='ltr' id='par_1_5' title="bbox 846 3406 1860 3492">
     <span class='ocr_line' id='line_1_24' title="bbox 846 3406 1860 3492; baseline -0.002 -22"><span class='ocrx_word' id='word_1_287' title='bbox 846 3407 1297 3489; x_wconf 83' lang='lat' dir='ltr'><strong>Hieronymus</strong></span> <span class='ocrx_word' id='word_1_288' title='bbox 1342 3424 1543 3492; x_wconf 88' lang='lat' dir='ltr'><strong>supra</strong></span> <span class='ocrx_word' id='word_1_289' title='bbox 1586 3406 1860 3470; x_wconf 88' lang='lat' dir='ltr'><strong>notavit.</strong></span> 
     </span>
    </p>
   </div>
   <div class='ocr_carea' id='block_1_6' title="bbox 1646 3667 3138 3745">
    <p class='ocr_par' dir='ltr' id='par_1_6' title="bbox 1646 3667 3138 3745">
     <span class='ocr_line' id='line_1_25' title="bbox 1646 3667 3138 3745; baseline 0.001 -13"><span class='ocrx_word' id='word_1_290' title='bbox 1646 3667 1723 3732; x_wconf 89' lang='lat' dir='ltr'><strong>G.</strong></span> <span class='ocrx_word' id='word_1_291' title='bbox 1772 3671 1983 3732; x_wconf 71' lang='lat' dir='ltr'><strong>Alius</strong></span> <span class='ocrx_word' id='word_1_292' title='bbox 2022 3672 2287 3732; x_wconf 75' lang='lat' dir='ltr'><strong>modu-s·</strong></span> <span class='ocrx_word' id='word_1_293' title='bbox 2334 3671 2628 3745; x_wconf 67' lang='lat' dir='ltr'><strong>licandi</strong></span> <span class='ocrx_word' id='word_1_294' title='bbox 2669 3670 2741 3733; x_wconf 81' lang='lat' dir='ltr'><strong>et</strong></span> <span class='ocrx_word' id='word_1_295' title='bbox 2786 3674 3138 3736; x_wconf 73' lang='lat' dir='ltr'><strong>solvendi.</strong></span> 
     </span>
    </p>
   </div>
   <div class='ocr_carea' id='block_1_7' title="bbox 544 3899 3964 5270">
    <p class='ocr_par' dir='ltr' id='par_1_7' title="bbox 976 3899 3960 3998">
     <span class='ocr_line' id='line_1_26' title="bbox 976 3899 3960 3998; baseline 0.002 -35"><span class='ocrx_word' id='word_1_296' title='bbox 976 3900 1217 3982; x_wconf 86' lang='lat' dir='ltr'><strong>Ligant</strong></span> <span class='ocrx_word' id='word_1_297' title='bbox 1265 3916 1529 3981; x_wconf 88' lang='lat' dir='ltr'><strong>quoque</strong></span> <span class='ocrx_word' id='word_1_298' title='bbox 1566 3900 1957 3980; x_wconf 79' lang='lat' dir='ltr'><strong>sacerdoteS,</strong></span> <span class='ocrx_word' id='word_1_299' title='bbox 1989 3901 2152 3964; x_wconf 89' lang='lat' dir='ltr'><strong>dum</strong></span> <span class='ocrx_word' id='word_1_300' title='bbox 2201 3899 2718 3966; x_wconf 85' lang='lat' dir='ltr'><strong>satisfactionem</strong></span> <span class='ocrx_word' id='word_1_301' title='bbox 2773 3903 3174 3998; x_wconf 86' lang='lat' dir='ltr'><strong>poenitentiae</strong></span> <span class='ocrx_word' id='word_1_302' title='bbox 3228 3903 3688 3969; x_wconf 86' lang='lat' dir='ltr'><strong>confitentibus</strong></span> <span class='ocrx_word' id='word_1_303' title='bbox 3725 3904 3960 3988; x_wconf 89' lang='lat' dir='ltr'><strong>impo-</strong></span> 
     </span>
    </p>

    <p class='ocr_par' dir='ltr' id='par_1_8' title="bbox 844 4016 3964 4102">
     <span class='ocr_line' id='line_1_27' title="bbox 844 4016 3964 4102; baseline 0.002 -22"><span class='ocrx_word' id='word_1_304' title='bbox 844 4019 1052 4100; x_wconf 83' lang='lat' dir='ltr'><strong>nunt3</strong></span> <span class='ocrx_word' id='word_1_305' title='bbox 1084 4017 1373 4096; x_wconf 83' lang='lat' dir='ltr'><strong>solvunt,</strong></span> <span class='ocrx_word' id='word_1_306' title='bbox 1406 4034 1615 4098; x_wconf 83' lang='lat' dir='ltr'><strong>quum</strong></span> <span class='ocrx_word' id='word_1_307' title='bbox 1652 4016 1734 4080; x_wconf 90' lang='lat' dir='ltr'><strong>de</strong></span> <span class='ocrx_word' id='word_1_308' title='bbox 1762 4033 1840 4080; x_wconf 87' lang='lat' dir='ltr'><strong>ea</strong></span> <span class='ocrx_word' id='word_1_309' title='bbox 1874 4016 2126 4098; x_wconf 78' lang='lat' dir='ltr'><strong>aliquid</strong></span> <span class='ocrx_word' id='word_1_310' title='bbox 2153 4017 2520 4096; x_wconf 91' lang='lat' dir='ltr'><strong>dimittunt,</strong></span> <span class='ocrx_word' id='word_1_311' title='bbox 2561 4019 2668 4082; x_wconf 88' lang='lat' dir='ltr'><strong>vel</strong></span> <span class='ocrx_word' id='word_1_312' title='bbox 2703 4037 2819 4100; x_wconf 90' lang='lat' dir='ltr'><strong>per</strong></span> <span class='ocrx_word' id='word_1_313' title='bbox 2856 4037 3002 4084; x_wconf 88' lang='lat' dir='ltr'><strong>eam</strong></span> <span class='ocrx_word' id='word_1_314' title='bbox 3039 4022 3352 4102; x_wconf 86' lang='lat' dir='ltr'><strong>purgatos</strong></span> <span class='ocrx_word' id='word_1_315' title='bbox 3385 4021 3470 4084; x_wconf 84' lang='lat' dir='ltr'><strong>ad</strong></span> <span class='ocrx_word' id='word_1_316' title='bbox 3506 4025 3964 4088; x_wconf 88' lang='lat' dir='ltr'><strong>sacramento-</strong></span> 
     </span>
    </p>

    <p class='ocr_par' dir='ltr' id='par_1_9' title="bbox 548 4132 3962 4570">
     <span class='ocr_line' id='line_1_28' title="bbox 605 4132 3960 4220; baseline 0.002 -23"><span class='ocrx_word' id='word_1_317' title='bbox 605 4162 678 4220; x_wconf 54' lang='grc' dir='ltr'><strong>εχ,</strong></span> <span class='ocrx_word' id='word_1_318' title='bbox 710 4163 814 4209; x_wconf 56' lang='grc' dir='ltr'><strong>ω,</strong></span> <span class='ocrx_word' id='word_1_319' title='bbox 844 4151 994 4198; x_wconf 89' lang='lat' dir='ltr'><strong>rum</strong></span> <span class='ocrx_word' id='word_1_320' title='bbox 1032 4133 1569 4198; x_wconf 89' lang='lat' dir='ltr'><strong>communionem</strong></span> <span class='ocrx_word' id='word_1_321' title='bbox 1606 4133 1987 4212; x_wconf 88' lang='lat' dir='ltr'><strong>admittunt,</strong></span> <span class='ocrx_word' id='word_1_322' title='bbox 2026 4150 2226 4214; x_wconf 92' lang='lat' dir='ltr'><strong>quem</strong></span> <span class='ocrx_word' id='word_1_323' title='bbox 2255 4132 2529 4197; x_wconf 90' lang='lat' dir='ltr'><strong>modum</strong></span> <span class='ocrx_word' id='word_1_324' title='bbox 2559 4136 2864 4216; x_wconf 85' lang='lat' dir='ltr'><strong>superius</strong></span> <span class='ocrx_word' id='word_1_325' title='bbox 2889 4135 3025 4201; x_wconf 87' lang='lat' dir='ltr'><strong>Leo</strong></span> <span class='ocrx_word' id='word_1_326' title='bbox 3053 4137 3236 4218; x_wconf 88' lang='lat' dir='ltr'><strong>Papa</strong></span> <span class='ocrx_word' id='word_1_327' title='bbox 3262 4138 3536 4200; x_wconf 87' lang='lat' dir='ltr'><strong>notavit.</strong></span> <span class='ocrx_word' id='word_1_328' title='bbox 3569 4139 3960 4204; x_wconf 89' lang='lat' dir='ltr'><strong>Secundum</strong></span> 
     </span>
     <span class='ocr_line' id='line_1_29' title="bbox 556 4227 3962 4338; baseline 0.002 -24"><span class='ocrx_word' id='word_1_329' title='bbox 556 4239 641 4270; x_wconf 69' lang='lat'><strong>”¹¹</strong></span> <span class='ocrx_word' id='word_1_330' title='bbox 658 4227 693 4270; x_wconf 84' lang='lat'>⁰</span> <span class='ocrx_word' id='word_1_331' title='bbox 696 4259 709 4272; x_wconf 93' lang='grc'><em>·</em></span> <span class='ocrx_word' id='word_1_332' title='bbox 847 4252 1021 4315; x_wconf 85' lang='lat' dir='ltr'><strong>hunc</strong></span> <span class='ocrx_word' id='word_1_333' title='bbox 1051 4249 1324 4313; x_wconf 92' lang='lat' dir='ltr'><strong>modum</strong></span> <span class='ocrx_word' id='word_1_334' title='bbox 1373 4249 1682 4312; x_wconf 90' lang='lat' dir='ltr'><strong>dicuntur</strong></span> <span class='ocrx_word' id='word_1_335' title='bbox 1720 4249 1919 4313; x_wconf 89' lang='lat' dir='ltr'><strong>etiam</strong></span> <span class='ocrx_word' id='word_1_336' title='bbox 1962 4249 2333 4313; x_wconf 89' lang='lat' dir='ltr'><strong>sacerdotes</strong></span> <span class='ocrx_word' id='word_1_337' title='bbox 2369 4250 2701 4315; x_wconf 91' lang='lat' dir='ltr'><strong>dimittere</strong></span> <span class='ocrx_word' id='word_1_338' title='bbox 2737 4254 3003 4333; x_wconf 82' lang='lat' dir='ltr'><strong>peccata</strong></span> <span class='ocrx_word' id='word_1_339' title='bbox 3039 4253 3142 4317; x_wconf 86' lang='lat' dir='ltr'><strong>vel</strong></span> <span class='ocrx_word' id='word_1_340' title='bbox 3183 4254 3484 4319; x_wconf 87' lang='lat' dir='ltr'><strong>retinere.</strong></span> <span class='ocrx_word' id='word_1_341' title='bbox 3527 4255 3714 4318; x_wconf 91' lang='lat' dir='ltr'><strong>Unde</strong></span> <span class='ocrx_word' id='word_1_342' title='bbox 3751 4273 3962 4338; x_wconf 88' lang='lat' dir='ltr'><strong>supe-</strong></span> 
     </span>
     <span class='ocr_line' id='line_1_30' title="bbox 548 4364 3958 4453; baseline 0.003 -24"><span class='ocrx_word' id='word_1_343' title='bbox 548 4394 817 4452; x_wconf 62' lang='lat' dir='ltr'><strong>0p,‚‚‚49313‚</strong></span> <span class='ocrx_word' id='word_1_344' title='bbox 846 4369 986 4430; x_wconf 89' lang='lat' dir='ltr'><strong>rius</strong></span> <span class='ocrx_word' id='word_1_345' title='bbox 1031 4366 1446 4448; x_wconf 86' lang='lat' dir='ltr'><strong>Augustinus</strong></span> <span class='ocrx_word' id='word_1_346' title='bbox 1490 4365 1662 4428; x_wconf 81' lang='lat' dir='ltr'><strong>dixit</strong></span> <span class='ocrx_word' id='word_1_347' title='bbox 1701 4386 1715 4427; x_wconf 77' lang='grc' dir='ltr'><strong><em>ε</em></strong></span> <span class='ocrx_word' id='word_1_348' title='bbox 1758 4364 2015 4439; x_wconf 90' lang='lat' dir='ltr'><strong>Quibus</strong></span> <span class='ocrx_word' id='word_1_349' title='bbox 2060 4367 2429 4447; x_wconf 90' lang='lat' dir='ltr'><strong>remittunt,</strong></span> <span class='ocrx_word' id='word_1_350' title='bbox 2472 4369 2749 4432; x_wconf 87' lang='lat' dir='ltr'><strong>remittit</strong></span> <span class='ocrx_word' id='word_1_351' title='bbox 2794 4370 2999 4450; x_wconf 81' lang='lat' dir='ltr'><strong>DeuS,</strong></span> <span class='ocrx_word' id='word_1_352' title='bbox 3039 4372 3161 4435; x_wconf 88' lang='lat' dir='ltr'><strong>etc.</strong></span> <span class='ocrx_word' id='word_1_353' title='bbox 3209 4369 3394 4452; x_wconf 91' lang='lat' dir='ltr'><strong>Opus</strong></span> <span class='ocrx_word' id='word_1_354' title='bbox 3439 4373 3619 4436; x_wconf 95' lang='lat' dir='ltr'><strong>enim</strong></span> <span class='ocrx_word' id='word_1_355' title='bbox 3659 4372 3958 4453; x_wconf 72' lang='lat' dir='ltr'><strong>Justitiae</strong></span> 
     </span>
     <span class='ocr_line' id='line_1_31' title="bbox 845 4482 3960 4570; baseline 0.003 -22"><span class='ocrx_word' id='word_1_356' title='bbox 845 4483 1149 4549; x_wconf 88' lang='lat' dir='ltr'><strong>exercent</strong></span> <span class='ocrx_word' id='word_1_357' title='bbox 1180 4482 1247 4544; x_wconf 91' lang='lat' dir='ltr'><strong>in</strong></span> <span class='ocrx_word' id='word_1_358' title='bbox 1286 4483 1682 4563; x_wconf 74' lang='lat' dir='ltr'><strong>peccatoreS,</strong></span> <span class='ocrx_word' id='word_1_359' title='bbox 1722 4499 1929 4563; x_wconf 90' lang='lat' dir='ltr'><strong>quum</strong></span> <span class='ocrx_word' id='word_1_360' title='bbox 1960 4499 2073 4546; x_wconf 86' lang='lat' dir='ltr'><strong>eos</strong></span> <span class='ocrx_word' id='word_1_361' title='bbox 2094 4483 2279 4563; x_wconf 88' lang='lat' dir='ltr'><strong>justa</strong></span> <span class='ocrx_word' id='word_1_362' title='bbox 2313 4501 2507 4566; x_wconf 87' lang='lat' dir='ltr'><strong>poena</strong></span> <span class='ocrx_word' id='word_1_363' title='bbox 2541 4485 2778 4569; x_wconf 83' lang='lat' dir='ltr'><strong>ligant3</strong></span> <span class='ocrx_word' id='word_1_364' title='bbox 2819 4503 2987 4569; x_wconf 86' lang='lat' dir='ltr'><strong>opus</strong></span> <span class='ocrx_word' id='word_1_365' title='bbox 3023 4488 3515 4570; x_wconf 62' lang='lat' dir='ltr'><strong>misericordiae,</strong></span> <span class='ocrx_word' id='word_1_366' title='bbox 3547 4490 3708 4553; x_wconf 89' lang='lat' dir='ltr'><strong>dum</strong></span> <span class='ocrx_word' id='word_1_367' title='bbox 3745 4491 3827 4554; x_wconf 93' lang='lat' dir='ltr'><strong>de</strong></span> <span class='ocrx_word' id='word_1_368' title='bbox 3871 4510 3960 4556; x_wconf 85' lang='lat' dir='ltr'><strong>ea</strong></span> 
     </span>
    </p>

    <p class='ocr_par' dir='ltr' id='par_1_10' title="bbox 842 4596 3960 4689">
     <span class='ocr_line' id='line_1_32' title="bbox 842 4596 3960 4689; baseline 0.002 -24"><span class='ocrx_word' id='word_1_369' title='bbox 842 4598 1094 4682; x_wconf 87' lang='lat' dir='ltr'><strong>aliquid</strong></span> <span class='ocrx_word' id='word_1_370' title='bbox 1130 4598 1447 4680; x_wconf 84' lang='lat' dir='ltr'><strong>relaxant,</strong></span> <span class='ocrx_word' id='word_1_371' title='bbox 1489 4596 1594 4661; x_wconf 89' lang='lat' dir='ltr'><strong>vel</strong></span> <span class='ocrx_word' id='word_1_372' title='bbox 1638 4600 2198 4664; x_wconf 88' lang='lat' dir='ltr'><strong>sacramentorum</strong></span> <span class='ocrx_word' id='word_1_373' title='bbox 2249 4603 2700 4666; x_wconf 89' lang='lat' dir='ltr'><strong>communioni</strong></span> <span class='ocrx_word' id='word_1_374' title='bbox 2748 4603 3140 4686; x_wconf 89' lang='lat' dir='ltr'><strong>conciliant;</strong></span> <span class='ocrx_word' id='word_1_375' title='bbox 3187 4605 3316 4670; x_wconf 88' lang='lat' dir='ltr'><strong>alia</strong></span> <span class='ocrx_word' id='word_1_376' title='bbox 3361 4622 3560 4688; x_wconf 89' lang='lat' dir='ltr'><strong>opera</strong></span> <span class='ocrx_word' id='word_1_377' title='bbox 3595 4607 3664 4670; x_wconf 93' lang='lat' dir='ltr'><strong>in</strong></span> <span class='ocrx_word' id='word_1_378' title='bbox 3713 4623 3960 4689; x_wconf 89' lang='lat' dir='ltr'><strong>pecca-</strong></span> 
     </span>
    </p>

    <p class='ocr_par' dir='ltr' id='par_1_11' title="bbox 840 4717 3954 4807">
     <span class='ocr_line' id='line_1_33' title="bbox 840 4717 3954 4807; baseline 0.003 -25"><span class='ocrx_word' id='word_1_379' title='bbox 840 4720 1017 4783; x_wconf 89' lang='lat' dir='ltr'><strong>tores</strong></span> <span class='ocrx_word' id='word_1_380' title='bbox 1072 4733 1373 4782; x_wconf 80' lang='lat' dir='ltr'><strong>exercere</strong></span> <span class='ocrx_word' id='word_1_381' title='bbox 1436 4717 1791 4798; x_wconf 90' lang='lat' dir='ltr'><strong>nequeunt.</strong></span> <span class='ocrx_word' id='word_1_382' title='bbox 1846 4717 1930 4779; x_wconf 83' lang='lat' dir='ltr'><strong>Et</strong></span> <span class='ocrx_word' id='word_1_383' title='bbox 1983 4717 2346 4782; x_wconf 88' lang='lat' dir='ltr'><strong>notandum</strong></span> <span class='ocrx_word' id='word_1_384' title='bbox 2401 4721 2524 4800; x_wconf 86' lang='lat' dir='ltr'><strong>est,</strong></span> <span class='ocrx_word' id='word_1_385' title='bbox 2581 4722 2737 4802; x_wconf 87' lang='lat' dir='ltr'><strong>quia</strong></span> <span class='ocrx_word' id='word_1_386' title='bbox 2795 4739 2965 4804; x_wconf 87' lang='lat' dir='ltr'><strong>quos</strong></span> <span class='ocrx_word' id='word_1_387' title='bbox 3027 4723 3472 4788; x_wconf 85' lang='lat' dir='ltr'><strong>satisfactione</strong></span> <span class='ocrx_word' id='word_1_388' title='bbox 3534 4725 3954 4807; x_wconf 80' lang='lat' dir='ltr'><strong>poenitentiae</strong></span> 
     </span>
    </p>

    <p class='ocr_par' dir='ltr' id='par_1_12' title="bbox 838 4832 3952 5043">
     <span class='ocr_line' id='line_1_34' title="bbox 839 4832 3952 4922; baseline 0.003 -23"><span class='ocrx_word' id='word_1_389' title='bbox 839 4836 1068 4918; x_wconf 85' lang='lat' dir='ltr'><strong>ligant,</strong></span> <span class='ocrx_word' id='word_1_390' title='bbox 1110 4851 1187 4898; x_wconf 90' lang='lat' dir='ltr'><strong>eo</strong></span> <span class='ocrx_word' id='word_1_391' title='bbox 1226 4834 1372 4916; x_wconf 89' lang='lat' dir='ltr'><strong>ipso</strong></span> <span class='ocrx_word' id='word_1_392' title='bbox 1409 4849 1448 4896; x_wconf 88' lang='lat' dir='ltr'><strong>a</strong></span> <span class='ocrx_word' id='word_1_393' title='bbox 1484 4832 1769 4914; x_wconf 87' lang='lat' dir='ltr'><strong>peccatis</strong></span> <span class='ocrx_word' id='word_1_394' title='bbox 1808 4832 2063 4897; x_wconf 86' lang='lat' dir='ltr'><strong>solutos</strong></span> <span class='ocrx_word' id='word_1_395' title='bbox 2104 4835 2461 4900; x_wconf 91' lang='lat' dir='ltr'><strong>ostendunt</strong></span> <span class='ocrx_word' id='word_1_396' title='bbox 2499 4857 2514 4899; x_wconf 72' lang='grc' dir='ltr'><strong><em>ε</em></strong></span> <span class='ocrx_word' id='word_1_397' title='bbox 2558 4839 2716 4919; x_wconf 89' lang='lat' dir='ltr'><strong>quia</strong></span> <span class='ocrx_word' id='word_1_398' title='bbox 2750 4855 2884 4902; x_wconf 90' lang='lat' dir='ltr'><strong>non</strong></span> <span class='ocrx_word' id='word_1_399' title='bbox 2930 4839 3296 4922; x_wconf 87' lang='lat' dir='ltr'><strong>imponitur</strong></span> <span class='ocrx_word' id='word_1_400' title='bbox 3329 4841 3529 4905; x_wconf 87' lang='lat' dir='ltr'><strong>alicui</strong></span> <span class='ocrx_word' id='word_1_401' title='bbox 3573 4843 3952 4911; x_wconf 86' lang='lat' dir='ltr'><strong>satisfactio</strong></span> 
     </span>
     <span class='ocr_line' id='line_1_35' title="bbox 838 4949 3944 5043; baseline 0.004 -28"><span class='ocrx_word' id='word_1_402' title='bbox 838 4949 1330 5034; x_wconf 85' lang='lat' dir='ltr'><strong>poenitentialis,</strong></span> <span class='ocrx_word' id='word_1_403' title='bbox 1370 4949 1501 5013; x_wconf 89' lang='lat' dir='ltr'><strong>nisi</strong></span> <span class='ocrx_word' id='word_1_404' title='bbox 1538 4965 1738 5031; x_wconf 87' lang='lat' dir='ltr'><strong>quem</strong></span> <span class='ocrx_word' id='word_1_405' title='bbox 1772 4949 2077 5014; x_wconf 88' lang='lat' dir='ltr'><strong>sacerdos</strong></span> <span class='ocrx_word' id='word_1_406' title='bbox 2104 4968 2256 5016; x_wconf 88' lang='lat' dir='ltr'><strong>vere</strong></span> <span class='ocrx_word' id='word_1_407' title='bbox 2293 4953 2720 5034; x_wconf 88' lang='lat' dir='ltr'><strong>poenitentem</strong></span> <span class='ocrx_word' id='word_1_408' title='bbox 2760 4955 3132 5020; x_wconf 87' lang='lat' dir='ltr'><strong>arbitratur.</strong></span> <span class='ocrx_word' id='word_1_409' title='bbox 3174 4957 3310 5019; x_wconf 87' lang='lat' dir='ltr'><strong>Alii</strong></span> <span class='ocrx_word' id='word_1_410' title='bbox 3348 4975 3502 5023; x_wconf 85' lang='lat' dir='ltr'><strong>vero</strong></span> <span class='ocrx_word' id='word_1_411' title='bbox 3538 4977 3675 5024; x_wconf 90' lang='lat' dir='ltr'><strong>non</strong></span> <span class='ocrx_word' id='word_1_412' title='bbox 3711 4961 3944 5043; x_wconf 89' lang='lat' dir='ltr'><strong>impo-</strong></span> 
     </span>
    </p>

    <p class='ocr_par' dir='ltr' id='par_1_13' title="bbox 544 5067 3952 5270">
     <span class='ocr_line' id='line_1_36' title="bbox 559 5067 3952 5182; baseline 0.003 -51"><span class='ocrx_word' id='word_1_413' title='bbox 559 5133 733 5182; x_wconf 58' lang='lat' dir='ltr'>Gnum</span> <span class='ocrx_word' id='word_1_414' title='bbox 762 5136 811 5181; x_wconf 57' lang='lat' dir='ltr'><strong>h</strong></span> <span class='ocrx_word' id='word_1_415' title='bbox 834 5069 1025 5148; x_wconf 91' lang='lat' dir='ltr'><strong>nunt,</strong></span> <span class='ocrx_word' id='word_1_416' title='bbox 1069 5069 1135 5132; x_wconf 88' lang='lat' dir='ltr'><strong>et</strong></span> <span class='ocrx_word' id='word_1_417' title='bbox 1162 5085 1239 5132; x_wconf 90' lang='lat' dir='ltr'><strong>eo</strong></span> <span class='ocrx_word' id='word_1_418' title='bbox 1270 5068 1414 5148; x_wconf 86' lang='lat' dir='ltr'><strong>ipso</strong></span> <span class='ocrx_word' id='word_1_419' title='bbox 1444 5068 1785 5148; x_wconf 87' lang='lat' dir='ltr'><strong>peccatum</strong></span> <span class='ocrx_word' id='word_1_420' title='bbox 1814 5067 2079 5130; x_wconf 89' lang='lat' dir='ltr'><strong>retineri</strong></span> <span class='ocrx_word' id='word_1_421' title='bbox 2118 5085 2159 5130; x_wconf 87' lang='lat' dir='ltr'><strong>a</strong></span> <span class='ocrx_word' id='word_1_422' title='bbox 2184 5068 2324 5132; x_wconf 91' lang='lat' dir='ltr'><strong>Deo</strong></span> <span class='ocrx_word' id='word_1_423' title='bbox 2355 5069 2678 5150; x_wconf 87' lang='lat' dir='ltr'><strong>judicant.</strong></span> <span class='ocrx_word' id='word_1_424' title='bbox 2717 5071 2911 5145; x_wconf 89' lang='lat' dir='ltr'><strong>Quod</strong></span> <span class='ocrx_word' id='word_1_425' title='bbox 2953 5074 3174 5136; x_wconf 86' lang='lat' dir='ltr'><strong>autem</strong></span> <span class='ocrx_word' id='word_1_426' title='bbox 3212 5074 3338 5137; x_wconf 85' lang='lat' dir='ltr'><strong>hoc</strong></span> <span class='ocrx_word' id='word_1_427' title='bbox 3365 5075 3449 5137; x_wconf 88' lang='lat' dir='ltr'><strong>ad</strong></span> <span class='ocrx_word' id='word_1_428' title='bbox 3485 5075 3703 5141; x_wconf 86' lang='lat' dir='ltr'><strong>claves</strong></span> <span class='ocrx_word' id='word_1_429' title='bbox 3737 5081 3952 5158; x_wconf 88' lang='lat' dir='ltr'><strong>perti-</strong></span> 
     </span>
     <span class='ocr_line' id='line_1_37' title="bbox 544 5170 3950 5270; baseline 0.005 -25"><span class='ocrx_word' id='word_1_430' title='bbox 544 5199 714 5245; x_wconf 61' lang='lat' dir='ltr'><strong>neant.</strong></span> <span class='ocrx_word' id='word_1_431' title='bbox 735 5170 810 5243; x_wconf 64' lang='lat' dir='ltr'><strong>&#39;aa</strong></span> <span class='ocrx_word' id='word_1_432' title='bbox 837 5187 1010 5266; x_wconf 86' lang='lat' dir='ltr'><strong>neat,</strong></span> <span class='ocrx_word' id='word_1_433' title='bbox 1027 5184 1441 5266; x_wconf 84' lang='lat' dir='ltr'><strong>Augustinus</strong></span> <span class='ocrx_word' id='word_1_434' title='bbox 1471 5183 1757 5247; x_wconf 89' lang='lat' dir='ltr'><strong>ostendit</strong></span> <span class='ocrx_word' id='word_1_435' title='bbox 1780 5183 2006 5247; x_wconf 88' lang='lat' dir='ltr'><strong>dicens</strong></span> <span class='ocrx_word' id='word_1_436' title='bbox 2030 5203 2046 5244; x_wconf 75' lang='grc' dir='ltr'><strong><em>ε</em></strong></span> <span class='ocrx_word' id='word_1_437' title='bbox 2068 5183 2370 5250; x_wconf 83' lang='lat' dir='ltr'><strong>Frustrat</strong></span> <span class='ocrx_word' id='word_1_438' title='bbox 2387 5186 2604 5252; x_wconf 86' lang='lat' dir='ltr'><strong>claves</strong></span> <span class='ocrx_word' id='word_1_439' title='bbox 2631 5187 2944 5253; x_wconf 84' lang='lat' dir='ltr'><strong>Ecclesiae</strong></span> <span class='ocrx_word' id='word_1_440' title='bbox 2971 5190 3086 5270; x_wconf 88' lang='lat' dir='ltr'><strong>qui</strong></span> <span class='ocrx_word' id='word_1_441' title='bbox 3109 5191 3254 5256; x_wconf 88' lang='lat' dir='ltr'><strong>sine</strong></span> <span class='ocrx_word' id='word_1_442' title='bbox 3279 5191 3550 5257; x_wconf 86' lang='lat' dir='ltr'><strong>arbitrio</strong></span> <span class='ocrx_word' id='word_1_443' title='bbox 3579 5195 3950 5263; x_wconf 84' lang='lat' dir='ltr'><strong>sacerdotis</strong></span> 
     </span>
    </p>
   </div>
   <div class='ocr_carea' id='block_1_8' title="bbox 542 5263 3950 5392">
    <p class='ocr_par' dir='ltr' id='par_1_14' title="bbox 542 5263 3950 5392">
     <span class='ocr_line' id='line_1_38' title="bbox 542 5263 3950 5392; baseline 0.002 -21"><span class='ocrx_word' id='word_1_444' title='bbox 542 5263 809 5379; x_wconf 48' lang='grc' dir='ltr'><strong>ἷῖῗῗιιιῗίῖἷ</strong></span> <span class='ocrx_word' id='word_1_445' title='bbox 836 5301 1291 5386; x_wconf 86' lang='lat' dir='ltr'><strong>poenitentiam</strong></span> <span class='ocrx_word' id='word_1_446' title='bbox 1329 5300 1486 5381; x_wconf 88' lang='lat' dir='ltr'><strong>agit,</strong></span> <span class='ocrx_word' id='word_1_447' title='bbox 1528 5300 1587 5364; x_wconf 88' lang='lat' dir='ltr'><strong>si</strong></span> <span class='ocrx_word' id='word_1_448' title='bbox 1634 5299 1777 5364; x_wconf 88' lang='lat' dir='ltr'><strong>sine</strong></span> <span class='ocrx_word' id='word_1_449' title='bbox 1822 5299 1957 5364; x_wconf 89' lang='lat' dir='ltr'><strong>oris</strong></span> <span class='ocrx_word' id='word_1_450' title='bbox 2006 5300 2418 5368; x_wconf 86' lang='lat' dir='ltr'><strong>confessione</strong></span> <span class='ocrx_word' id='word_1_451' title='bbox 2454 5305 2753 5369; x_wconf 90' lang='lat' dir='ltr'><strong>criminis</strong></span> <span class='ocrx_word' id='word_1_452' title='bbox 2797 5305 3204 5389; x_wconf 87' lang='lat' dir='ltr'><strong>indulgentia</strong></span> <span class='ocrx_word' id='word_1_453' title='bbox 3249 5309 3660 5392; x_wconf 80' lang='lat' dir='ltr'><strong>impetratur.</strong></span> <span class='ocrx_word' id='word_1_454' title='bbox 3697 5347 3788 5360; x_wconf 90' lang='lat'><strong>-·</strong></span> <span class='ocrx_word' id='word_1_455' title='bbox 3815 5314 3950 5379; x_wconf 85' lang='lat' dir='ltr'><strong>Est</strong></span> 
     </span>
    </p>
   </div>
  </div>
 </body>
</html>
