4267 6250
1043 495 1108 542 m
1147 495 1372 544 tiranii
1411 496 1474 542 iv
1513 494 1998 543 smmum
2037 513 2120 526 -
2156 495 2315 542 nis-r.
2360 495 2423 542 ix
2464 495 2677 542 suna
2793 469 2801 477 ’
3284 475 3411 542 229

281 740 296 748 ,
319 671 596 754 sanguis,
639 673 762 736 sed
789 673 1100 752 essentia,
1135 689 1272 738 non
1307 671 1554 738 salubri
1593 671 1958 736 efficientia.
1992 672 2160 736 Item
2196 669 2611 754 Augustinus
2650 689 2667 733 t
2706 669 2899 736 Multi
2936 670 3202 753 indigne
3247 668 3417 735 acci·
3438 691 3709 736 nocam.

319 789 496 870 piunt
548 805 796 870 corpus
849 789 1148 870 Domini,
1196 788 1277 853 de
1325 787 1569 870 quibus
1617 787 1977 870 Apostolus
2030 789 2125 851 ait
2164 809 2180 850 ε
2227 787 2358 861 Qui
2408 788 2759 852 manducat
2816 789 2883 852 et
2924 785 3093 851 bibit
3142 786 3415 852 calicem
3434 753 3709 868 ‘'ist-2522

321 903 578 967 Domini
607 905 901 987 indigne,
919 906 1250 987 judiciuin
1286 905 1414 970 sibi
1441 906 1796 969 manducat
1825 905 1891 968 et
1915 904 2102 968 bibit.
2125 905 2254 968 Per
2290 905 2465 986 quod
2494 904 2808 968 docemur
2827 920 3030 986 quam
3058 903 3147 968 sit
3182 920 3417 967 caven·
3439 882 3508 924 ²⁹·

321 1020 493 1100 dum,
541 1021 713 1085 male
768 1022 1064 1105 accipere
1117 1022 1392 1086 bonum.
1425 1022 1594 1086 Ecce
1649 1022 1829 1086 enim
1875 1019 2123 1085 factum
2179 1022 2279 1086 est
2333 1020 2608 1100 malum,
2652 1020 2811 1085 dum
2869 1020 3041 1086 male
3095 1020 3415 1103 accipitur

322 1135 558 1201 bonum
589 1157 606 1200 ε
647 1137 824 1202 sicut
878 1141 1144 1202 econtra
1190 1139 1512 1220 Apostolo
1569 1139 1818 1204 factum
1861 1141 1962 1203 est
2003 1139 2280 1219 bonum,
2326 1155 2533 1220 quum
2582 1137 2748 1202 bene
2783 1139 3102 1220 accipitur
3136 1137 3412 1218 malum,

325 1253 560 1318 scilicet
595 1253 762 1317 dum
798 1253 1115 1318 stimulus
1160 1254 1418 1320 Satanae
1465 1255 1788 1337 patienter
1817 1255 2139 1337 portatur.
2172 1255 2345 1336 Ergo
2384 1255 2449 1317 et
2478 1253 2653 1318 mala
2678 1256 2957 1336 prosunt
2989 1254 3205 1334 bonis,
3246 1253 3419 1317 sicut

325 1369 582 1451 angelus
625 1371 888 1435 Satanae
945 1370 1196 1453 Paulo;
1236 1373 1302 1436 et
1345 1372 1571 1436 sancta
1623 1371 1864 1436 obsunt
1916 1371 2110 1435 malis
2144 1391 2159 1432 :
2202 1371 2395 1436 bonis
2440 1371 2596 1436 sunt
2632 1371 2713 1434 ad
2759 1371 3065 1452 salutem,
3104 1370 3299 1435 malis
3335 1369 3421 1434 ad

321 1485 654 1566 judicium.
697 1487 888 1550 Unde
942 1486 1060 1567 qui
1100 1487 1454 1551 manducat
1499 1489 1564 1551 et
1609 1486 1778 1551 bibit
1823 1486 2113 1569 indigne,
2150 1486 2479 1568 judicium
2527 1487 2655 1551 sibi
2694 1487 3046 1552 manducat
3090 1488 3157 1551 et
3190 1485 3358 1551 bibit
3397 1504 3415 1549 ε

329 1620 452 1665 non
485 1603 636 1684 quia
681 1620 789 1666 res
826 1602 941 1666 illa
977 1602 1152 1666 mala
1197 1605 1320 1682 est,
1365 1601 1482 1668 sed
1534 1603 1692 1685 quia
1732 1602 1948 1667 malus
1985 1603 2158 1667 male
2206 1603 2443 1684 accipit
2492 1604 2671 1684 quod
2700 1602 2949 1667 bonum
3000 1603 3121 1667 est.
3173 1601 3357 1666 Idem
3398 1621 3415 1663 ε

331 1719 586 1802 Indigne
621 1720 776 1802 quis
811 1737 1084 1784 sumens
1111 1717 1350 1801 corpus
1378 1719 1646 1800 Christi,
1687 1737 1820 1784 non
1859 1717 2055 1784 efficit
2093 1720 2193 1801 ut,
2225 1720 2383 1802 quia
2418 1719 2635 1784 malus
2670 1719 2791 1798 est,
2834 1717 3084 1783 malum
3113 1717 3203 1782 sit
3242 1718 3421 1800 quod
3499 1737 3609 1794 Aug.
3636 1736 3693 1779 α.

333 1836 596 1918 accipit3
649 1836 756 1900 vel
811 1836 972 1918 quia
1030 1853 1166 1900 non
1214 1836 1295 1898 ad
1347 1835 1630 1902 salutem
1679 1836 1940 1918 accipit,
1997 1836 2095 1899 nil
2150 1837 2449 1918 accipiat.
2494 1835 2749 1918 Corpus
2794 1835 2971 1899 enim
3028 1835 3095 1898 et
3148 1835 3420 1916 sanguis
3446 1799 3716 1905 2:⁹³⁰&

336 1953 586 2016 Domini
613 1953 827 2016 nihilo
873 1953 1096 2016 minus
1123 1953 1262 2017 erat
1291 1953 1360 2016 in
1397 1933 1534 2017 illis'
1569 1953 1812 2035 quibus
1848 1953 1943 2017 ait
1976 1954 2339 2036 Apostolus
2370 1972 2386 2015 z
2427 1953 2558 2027 Qui
2594 1953 2947 2016 manducat
2972 1951 3260 2032 indigne,
3292 1953 3418 2016 etc.
3446 1923 3521 1967 ω’·
3540 1938 3581 1976 ”
3602 1937 3647 1967 '¹‘
3668 1926 3715 1966 ⁹·

336 2103 417 2114 -—
439 2069 556 2132 His
589 2069 870 2150 aliisque
905 2067 1206 2150 pluribus
1242 2069 1464 2149 aperte
1503 2069 1891 2148 ostenditur,
1917 2069 2096 2149 quod
2133 2069 2332 2132 etiam
2363 2085 2403 2132 a
2430 2069 2624 2133 malis
2651 2085 2883 2132 verum
2910 2084 3151 2150 corpus
3176 2066 3421 2132 Christi

345 2187 402 2248 et
436 2185 696 2267 sanguis
740 2185 1051 2264 sumitur,
1093 2185 1210 2248 sed
1255 2183 1834 2265 sacramentaliter,
1874 2201 2008 2249 non
2053 2184 2506 2268 spiritualiter.

697 2419 772 2483 C.
824 2422 928 2484 De
972 2420 1468 2497 intellioentia
1514 2422 2012 2497 quorumdam
2055 2421 2457 2482 verborum
2501 2419 3045 2496 ambianorum.

457 2633 826 2698 Secundum
855 2634 980 2698 hos
1009 2633 1180 2697 duos
1207 2633 1442 2696 modos
1468 2630 2247 2713 sumendi,intelligentia
2272 2629 2713 2712 quorumdam
2743 2629 3093 2695 verborum
3121 2630 3430 2714 ambigue

345 2751 644 2815 dictorum
695 2749 1158 2831 distinguenda
1196 2750 1317 2813 est.
1357 2748 1476 2812 Ait
1515 2749 1692 2812 enim
1733 2747 2149 2830 Augustinus
2193 2767 2207 2808 :
2249 2747 2475 2811 Bonus
2524 2746 2763 2829 accipit
2810 2748 3316 2827 sacramentum,
3359 2749 3426 2812 et
3452 2770 3720 2844 ‚ipsse-n.

345 2885 464 2931 rem
512 2865 952 2947 sacramenti3
1007 2865 1224 2930 malus
1277 2881 1431 2928 vero
1493 2865 2000 2943 sacramentum,
2055 2865 2120 2927 et
2170 2881 2302 2926 non
2351 2879 2515 2927 rem.
2566 2862 3061 2927 Sacramentum
3110 2862 3218 2927 hic
3264 2863 3427 2927 dicit
3450 2833 3529 2939 ’ἧι
3545 2832 3719 2888 ⁰⁰“¹'’

348 3000 558 3064 corpus
582 2983 827 3047 Christi
864 2981 1208 3064 proprium
1246 2979 1328 3044 de
1355 2979 1627 3062 Virgine
1663 2981 1892 3043 natum
1911 2975 1971 3062 *3
2012 2997 2153 3044 rein
2190 2997 2370 3061 vero,
2404 2979 2811 3062 spiritualem
2844 2978 3090 3043 Christi
3134 2997 3417 3045 carnem.
3476 3003 3495 3022 ·
3520 3003 3685 3056 μαι..-

346 3099 546 3164 Bonus
580 3115 732 3183 ergo
771 3101 1121 3180 utramque
1164 3095 1407 3162 Christi
1452 3112 1714 3160 carnem
1751 3095 2024 3179 accipit3
2057 3093 2274 3160 malus
2319 3112 2474 3161 vero
2512 3095 2769 3159 tantum
2808 3097 3315 3179 sacramentum,
3354 3094 3423 3160 id
3447 3067 3565 3109 “¹¹¹''

349 3220 433 3281 est
465 3234 692 3299 corpus
720 3215 966 3280 Christi
1009 3214 1135 3278 sub
1163 3213 1596 3293 sacramento,
1637 3214 1704 3277 et
1741 3230 1874 3277 non
1919 3230 2061 3277 rem
2105 3211 2542 3294 spiritualem.
2584 3214 2753 3277 Item
2787 3233 2804 3277 ι
2836 3214 2983 3279 Νοιι
3020 3214 3425 3279 manducans
3492 3228 3672 3276 imam.

347 3333 692 3413 manducat,
746 3333 812 3396 et
865 3332 1272 3395 manducans
1325 3347 1458 3394 non
1519 3329 1872 3393 manducat
1921 3349 1936 3391 :
1991 3330 2149 3411 quia
2203 3346 2335 3393 non
2386 3330 2790 3395 manducans
2844 3331 3421 3413 sacramentaliter,

350 3448 668 3530 aliquando
707 3447 1060 3512 manducat
1085 3445 1535 3529 spiritualiter,
1567 3445 1634 3509 et
1660 3462 2040 3510 econvers0.
2070 3446 2158 3509 Et
2192 3446 2307 3528 qui
2346 3446 2745 3511 manducant
2770 3448 3222 3530 spiritualiter,
3250 3448 3424 3512 veri-

351 3566 526 3627 tatem
560 3566 772 3628 carnis
809 3567 874 3627 et
910 3562 1253 3645 sanguinis
1301 3562 1612 3625 dicuntur
1647 3578 1909 3625 sumere
1951 3582 1966 3623 :
2010 3563 2167 3642 quia
2202 3562 2415 3644 ipsam
2454 3561 2867 3626 efficientiam
2904 3562 3168 3643 habent,
3210 3562 3277 3625 id
3325 3565 3426 3627 est

349 3682 776 3746 remissionem
812 3681 1256 3762 peecatorum,
1282 3696 1402 3761 pro
1433 3696 1564 3761 qua
1601 3678 1864 3742 videtur
1898 3679 2094 3758 orari,
2133 3694 2339 3760 quum
2370 3678 2614 3741 dicitur
2652 3698 2669 3740 ε
2710 3678 3063 3743 Perficiant
3096 3679 3167 3741 in
3202 3678 3418 3759 nobiS,
3477 3704 3526 3748 in
3538 3705 3713 3749 sunni.

352 3796 625 3878 Domine,
665 3814 1076 3879 quaesumuS,
1115 3798 1230 3859 tua
1257 3795 1664 3859 sacramenta
1701 3795 1877 3877 quod
1906 3794 2265 3874 continent,
2305 3795 2381 3857 ut
2416 3795 2596 3875 quod
2631 3811 2806 3857 nunc
2850 3794 3067 3876 specie
3102 3794 3419 3875 gerimus,
3446 3768 3689 3888 ὲζζζζζ

353 3930 546 3977 rerum
591 3914 864 3979 veritate
914 3913 1278 3995 capiamus.
1327 3911 1573 3976 Rerum
1610 3911 1953 3975 veritatem
2003 3911 2164 3974 dicit
2220 3912 2433 3992 ipsam
2480 3908 2893 3974 efficientiam
2936 3930 2951 3973 ε
2993 3912 3183 3992 quasi
3218 3910 3417 3989 dicat,

357 4028 464 4092 Per
497 4030 630 4095 haec
665 4031 1075 4095 sacramenta
1114 4029 1377 4111 praesta,
1417 4028 1492 4091 ut
1529 4028 1702 4091 sicut
1737 4026 2295 4091 sacramentaliter
2344 4043 2604 4090 carnem
2640 4025 2888 4090 Christi
2934 4026 3287 4105 sumimuS,
3330 4026 3422 4089 ita

357 4144 750 4225 spiritualiter
779 4162 1146 4209 sumamus.
1170 4142 1292 4208 Vel
1323 4143 1488 4225 petit
1517 4142 1842 4221 sacerdoS,
1873 4144 1949 4205 ut
1976 4142 2278 4205 Christus
2307 4144 2421 4224 qui
2449 4159 2623 4205 nunc
2654 4160 2802 4206 vere
2831 4141 2955 4205 sub
2991 4142 3207 4224 specie
3232 4140 3423 4225 panis

360 4264 412 4324 et
434 4261 556 4325 vini
591 4262 898 4341 sumitur,
931 4260 1282 4325 manifesta
1309 4260 1563 4324 visione
1599 4258 1772 4322 sicut
1801 4258 1870 4321 in
1906 4260 2189 4323 essentia
2227 4258 2593 4323 divinitatis
2629 4260 2752 4340 est,
2779 4259 3173 4341 quandoque
3202 4258 3423 4340 capia-

363 4378 470 4440 tur.
505 4376 764 4443 Constat
798 4395 954 4460 ergo
988 4395 1028 4440 a
1059 4376 1250 4441 bonis
1287 4378 1354 4441 et
1380 4394 1420 4441 a
1455 4376 1650 4440 malis
1686 4376 1860 4441 sumi
1900 4393 2139 4457 corpus
2168 4376 2412 4440 Christi
2441 4397 2458 4459 ;
2489 4376 2606 4440 sed
2633 4394 2672 4440 a
2699 4376 2893 4441 bonis
2920 4376 3003 4441 ad
3039 4375 3345 4456 salutem,
3384 4390 3425 4438 a

367 4493 528 4557 malis
568 4495 646 4559 ad
691 4494 1076 4577 perniciem.

889 4750 1175 4818 SUMM
1189 4750 1248 4815 Α
1843 4702 1894 4764 Α
1925 4701 1987 4812 id
2018 4708 2117 4765 est
2144 4701 2224 4765 de
2254 4700 2497 4783 duplici
2528 4700 2670 4812 ejus
2710 4701 3221 4813 manducatione,
3254 4701 3427 4765 vide-

1925 4800 2076 4862 licet
2113 4798 2554 4862 sacramentali
2594 4806 2659 4862 et
2696 4799 3032 4881 spirituali.
3067 4800 3237 4861 Inter
3264 4817 3427 4882 quos

565 4990 576 5001 .
623 4906 1222 4966 DISTINCTIONIS
1277 4906 1520 4964 NONAE
1927 4898 2147 4961 modos
2186 4916 2265 4959 ex
2302 4895 2516 4960 verbis
2556 4896 2891 4978 Augustini
2930 4896 3304 4978 distinguit3
3336 4906 3424 4960 ta-

1927 5015 2076 5060 men
2105 4996 2275 5059 sicut
2302 4994 2557 5078 patebit,
2573 5002 2869 5077 poterunt
2894 5002 3021 5058 tres
3052 4996 3221 5059 modi
3256 5015 3430 5059 man-

473 5094 800 5171 OSTQUAM
831 5096 1129 5159 tractavit
1153 5102 1378 5160 auctor
1404 5096 1484 5160 de
1524 5094 1822 5158 Euchari-
1927 5093 2202 5158 ducandi
2266 5092 2595 5174 distingui,
2658 5092 2743 5154 ita
2808 5100 2881 5154 ut
2943 5112 3110 5155 unus
3176 5092 3427 5157 dicatur

491 5192 598 5256 stia
621 5202 690 5257 ut
715 5202 812 5259 est
839 5199 1329 5265 sacramentum,
1347 5202 1413 5256 et
1440 5194 1520 5256 de
1550 5193 1649 5255 his
1678 5212 1820 5275 quis
1927 5200 2175 5255 tantum
2240 5189 2737 5265 sacramentalia,
2796 5190 3115 5254 secundus
3176 5198 3424 5254 tantum

379 5290 736 5356 eontinentur
761 5294 828 5356 in
857 5310 955 5368 ea,
977 5310 1152 5356 nunc
1179 5292 1310 5374 agit
1336 5292 1416 5355 de
1444 5311 1566 5355 usu
1597 5291 1818 5373 ipsius,
1929 5290 2303 5373 spiritualis,
2335 5289 2563 5352 tertius
2611 5287 2805 5351 simul
2846 5287 3323 5352 sacramentalis
3363 5296 3429 5353 et
