4267 6250
377 497 456 544 An
490 496 866 548 cmcuumsio
907 501 1047 548 ποι-ι·
1087 497 1538 548 samua-rm:
1577 499 1642 546 m
1683 497 2000 546 amomi!
2041 496 2279 545 comm
2320 497 2647 546 ornanum
2688 497 3021 557 runca-mu,
3062 497 3190 546 mc.
3284 479 3365 544 69

294 675 465 743 ctum,
494 671 788 752 quamvis
831 671 1074 755 aliquid
1107 671 1185 734 de
1218 669 1346 732 ritu
1377 677 1440 733 et
1473 669 1762 733 acciden-
1792 666 1842 731 A
1873 677 1944 732 ut
1983 671 2047 732 in
2092 670 2437 753 Baptismo,
2472 672 2967 736 confirmatione
3008 677 3072 735 et
3109 669 3359 744 Ordine,

293 767 498 830 talibus
525 769 872 832 omittatur.
910 769 1126 834 Causae
1155 777 1368 832 autem
1401 768 1762 851 spirituales
1872 777 1944 830 ut
1986 768 2153 832 infra
2198 770 2465 832 dicetur.
2511 771 2926 834 circumcisio
2972 777 3185 832 autem
3228 778 3367 834 erat

293 873 500 930 octavae
541 867 668 930 diei
711 875 1064 949 tanguntur
1113 867 1180 930 in
1229 868 1458 930 littera.
1501 867 1762 929 Littera·
1871 868 2313 950 principaliter
2352 868 2605 948 signum
2648 868 3063 931 constitutum
3102 868 3179 930 ad
3218 885 3367 951 pur-

295 963 400 1026 lem
427 983 572 1028 vero
609 985 866 1028 causam
905 965 1108 1029 Rabbi
1146 967 1388 1049 Moyses
1424 965 1637 1038 tradit,
1671 965 1764 1027 di·
1869 965 2149 1047 gaudum
2185 985 2199 1029 :
2237 965 2379 1029 ideo
2411 967 2475 1028 in
2516 967 2657 1048 ipsa
2694 984 2821 1029 non
2862 965 3217 1048 ponebatur
3253 966 3365 1028 ho-

293 1063 488 1136 eendo,
519 1064 690 1144 quod
729 1082 892 1146 puer
920 1071 1068 1127 ante
1101 1071 1396 1126 octavum
1426 1062 1598 1126 diem
1631 1071 1762 1125 tam
1871 1080 1977 1125 mo
2026 1063 2090 1125 in
2140 1063 2267 1126 alio
2314 1070 2498 1126 statu.
2550 1063 2710 1126 Hinc
2759 1062 3184 1126 characterem
3235 1081 3361 1126 non

293 1170 448 1224 tener
471 1169 570 1224 est
598 1162 779 1244 quasi
823 1162 887 1224 in
927 1170 1108 1226 utero
1141 1162 1360 1224 matris
1394 1181 1408 1226 :
1443 1162 1612 1224 unde
1643 1181 1763 1225 nec
1871 1161 2215 1244 impressit.
2259 1162 2803 1235 Quemadmodum
2853 1179 3003 1225 vero
3053 1162 3119 1224 in
3160 1162 3367 1244 Bapti-

291 1259 396 1320 alia
421 1260 718 1322 animalia
749 1268 896 1323 ante
924 1261 1096 1323 diem
1129 1260 1566 1324 offerebantur
1593 1269 1763 1323 octa-
1870 1277 2010 1322 smo
2057 1268 2275 1323 manet
2322 1260 2648 1322 character
2700 1260 3070 1343 spiritualiS,
3123 1260 3365 1324 ratione

293 1375 442 1418 vum.
491 1393 573 1402 —
619 1358 806 1421 Porro
853 1377 1002 1420 cum
1061 1358 1187 1420 illis
1235 1358 1346 1440 qui
1399 1359 1464 1420 in
1513 1359 1762 1422 deserto
1871 1357 2056 1440 cujus
2113 1357 2329 1430 fictus,
2380 1358 2667 1441 deposita
2722 1358 3006 1431 fictione,
3056 1358 3363 1422 effectum

293 1453 527 1518 fuerunt
581 1457 734 1530 nati,
796 1456 1236 1539 dispensatum
1297 1465 1394 1520 est
1451 1466 1760 1539 quantum
1870 1455 2132 1518 sortitur
2188 1457 2541 1539 Baptismi3
2602 1457 2693 1518 sic
2752 1456 2819 1519 in
2876 1456 3365 1520 circumcisione

292 1554 356 1614 ad
391 1562 634 1637 tempus
674 1554 1207 1628 circumcisioniS,
1243 1563 1500 1638 propter
1541 1573 1762 1618 causas
1871 1554 2105 1616 mansit
2148 1554 2473 1618 character
2514 1555 2809 1630 exterior,
2843 1555 2965 1618 hoc
3006 1555 3177 1618 idem
3220 1554 3365 1618 effi-

105 1675 270 1730 qma
293 1652 644 1734 praehabitas
657 1671 676 1733 ;
693 1661 906 1717 tamen
937 1654 1292 1717 secundum
1319 1653 1760 1734 Augustinum,
1870 1652 2066 1715 cienS.

293 1751 386 1830 qui
421 1769 494 1813 ex
537 1751 924 1834 negligentia
965 1759 1075 1815 aut
1117 1759 1488 1834 contemptu
1532 1753 1762 1814 omise-
1949 1751 2026 1813 At
2069 1769 2222 1814 vero
2265 1759 2599 1834 peccatum
2642 1753 2899 1815 aliunde
2943 1759 3361 1827 contractum,

295 1855 442 1922 runt,
473 1849 968 1913 inobedientiam
1001 1849 1423 1912 incurrerunt.
1459 1851 1588 1913 Nec
1617 1869 1762 1912 con·
1795 1848 1842 1911 B
1871 1851 2259 1913 conveniens
2310 1850 2433 1913 fuit
2480 1870 2595 1934 per
2637 1851 2835 1915 alium
2878 1851 3013 1914 tolli
3052 1871 3067 1914 ε
3112 1852 3253 1914 ideo
3298 1851 3363 1913 in

295 1953 398 2008 stat
438 1966 824 2030 quemquam
865 1948 1124 2013 illorum
1167 1948 1232 2011 in
1280 1949 1530 2012 deserto
1567 1948 1760 2012 obiis-
1871 1947 2159 2032 quolibet
2187 1957 2351 2011 statu
2385 1956 2528 2032 post
2566 1956 2919 2032 peccatum,
2952 1949 3077 2012 fuit
3106 1949 3364 2031 aliquod

95 2054 271 2105 hunw-
295 2063 370 2116 se,
399 2065 590 2126 quum
630 2046 880 2109 dicatur
919 2046 985 2108 in
1015 2047 1262 2110 Psalmo
1297 2063 1312 2107 ε
1344 2047 1482 2110 Non
1521 2055 1656 2110 erat
1695 2046 1759 2109 in
1870 2047 2227 2110 remedium
2288 2066 2401 2128 per
2450 2048 2619 2131 quod
2665 2048 2971 2128 originale
3032 2055 3366 2130 peccatum

297 2141 564 2205 tribubus
607 2161 828 2206 eorum
877 2143 1198 2206 infirmus.
1243 2145 1364 2208 Sed
1408 2145 1644 2226 egressi
1683 2146 1762 2208 de
1869 2145 2106 2207 virtute
2138 2146 2451 2228 passionis
2482 2146 2717 2209 Christi
2746 2146 3105 2209 tollebatur.
3131 2146 3367 2219 Quum-

293 2240 553 2323 AEgypto,
587 2250 734 2304 sunt
780 2242 1016 2306 mortui
1062 2243 1128 2304 in
1171 2243 1442 2317 deserte,
1475 2244 1588 2325 qui
1630 2242 1764 2306 fue·
1871 2262 1996 2325 que
2027 2243 2211 2325 pueri
2242 2250 2387 2305 ante
2419 2263 2605 2306 usum
2647 2244 2833 2307 liberi
2864 2243 3111 2306 arbitrii
3142 2262 3270 2308 non
3300 2263 3368 2308 se

295 2347 416 2400 rant
441 2340 824 2414 circumcisi,
858 2348 923 2404 et
961 2340 1048 2403 ita
1087 2341 1302 2404 nullus
1340 2348 1438 2404 est
1467 2341 1556 2405 ibi
1598 2360 1762 2406 mor·
1871 2349 2165 2424 poterant
2191 2343 2268 2404 ad
2298 2343 2565 2424 gratiam
2598 2362 2971 2425 praeparare,
2996 2363 3075 2406 ne
3107 2344 3371 2406 omnino

297 2444 422 2500 tuus
480 2437 987 2502 incircumcisus,
1057 2439 1120 2501 Si
1183 2458 1336 2502 vero
1396 2440 1592 2522 aliqui
1665 2440 1762 2502 iu·
1871 2441 2008 2504 sine
2049 2440 2333 2504 remedio
2375 2440 2911 2523 relinquerentur,
2943 2442 3225 2524 oportuit
3255 2441 3369 2505 ali-

295 2535 630 2599 circumcisi
677 2536 979 2600 obierunt
1023 2535 1288 2610 ibidem,
1331 2539 1500 2602 idem
1543 2539 1622 2601 de
1670 2539 1763 2601 eis
1871 2540 2041 2622 quod
2083 2539 2441 2602 remedium
2486 2539 2621 2602 dari
2663 2541 2835 2622 quod
2874 2560 2953 2603 ex
2991 2558 3183 2623 opere
3224 2559 3371 2624 ope-

293 2634 608 2698 dicendum
652 2645 749 2698 est
790 2637 962 2718 quod
1005 2636 1086 2698 de
1130 2635 1258 2698 illis
1300 2637 1410 2718 qui
1455 2645 1601 2700 ante
1643 2638 1763 2700 cir-
1872 2644 2006 2700 rato
2045 2645 2378 2718 peecatum
2418 2636 2703 2701 aboleret
2738 2638 3045 2718 originale
3078 2656 3093 2700 t
3130 2638 3369 2702 idcirco

295 2733 680 2797 cumcisionis
717 2733 1182 2797 institutionem
1230 2734 1682 2798 moriebantur.
1869 2755 1906 2797 a
1936 2734 2185 2797 cunctis
2226 2736 2615 2809 conceditur,
2648 2737 2817 2818 quod
2848 2736 2971 2798 tale
3011 2738 3366 2800 remedium

359 2833 648 2896 Praeterea
677 2833 732 2895 si
757 2840 1098 2914 quaeratur,
1131 2851 1210 2895 an
1243 2832 1427 2894 licuit
1458 2833 1765 2914 praeveni·
1869 2833 1994 2896 fuit
2023 2832 2453 2907 circumcisio,
2486 2851 2613 2896 non
2646 2840 2858 2897 tamen
2899 2835 3151 2917 aperuit
3184 2835 3369 2916 janu-

293 2931 533 2993 rediem
561 2931 1446 3013 octavum3dicendum‚quod
1471 2931 1764 3011 Magister
1869 2950 1972 2993 am
2023 2931 2226 3011 regni,
2277 2950 2487 3014 neque
2536 2940 2778 2994 naturae
2830 2932 3362 3014 impedimentum

293 3027 521 3090 videtur
547 3029 786 3091 sentire
816 3029 880 3090 in
913 3029 1142 3098 littera,
1176 3029 1348 3110 quod
1383 3027 1762 3091 imminente
1793 3029 1837 3093 c
1868 3029 2148 3092 abstulit.
2182 3064 2263 3075 —
2294 3029 2414 3092 Sed
2445 3029 2644 3112 quaeri
2677 3036 2905 3111 potest,
2939 3049 3019 3092 an
3051 3031 3249 3108 etiam¹
3272 3051 3368 3095 ac-

294 3127 534 3191 articulo
574 3128 800 3191 mortis
841 3126 1022 3190 licuit
1059 3126 1430 3209 praevenire.
1465 3127 1635 3190 Idem
1673 3136 1760 3191 te-
1869 3127 2065 3189 tualia
2115 3136 2373 3210 peccata
2430 3128 2695 3191 abstulit
2743 3129 2809 3191 in
2856 3129 3091 3192 adulto.
3144 3130 3368 3194 Dicen-

295 3234 388 3287 net
425 3224 954 3289 Antisiodorensis
999 3225 1066 3286 in
1103 3225 1386 3298 Summa,
1431 3232 1654 3306 quarto
1693 3225 1763 3288 li·
1869 3226 2046 3298 dum,
2096 3226 2266 3307 quod
2324 3225 2730 3289 circumcisio
2786 3227 3025 3289 directe
3081 3228 3369 3292 ordinata

295 3322 410 3385 bro.
427 3324 542 3386 Alii
569 3323 899 3404 Hugonem
933 3323 1012 3385 de
1041 3323 1100 3386 S.
1120 3323 1370 3385 Victore
1401 3332 1758 3405 sequenteS,
1869 3322 1994 3384 fuit
2032 3329 2251 3385 contra
2293 3322 2599 3405 originale
2640 3331 2995 3405 peccatum,
3031 3345 3107 3388 ex
3148 3343 3367 3389 conse-

295 3422 504 3497 dicunt,
544 3423 716 3504 quod
763 3438 893 3484 non
941 3421 1066 3483 fuit
1106 3439 1366 3484 necesse
1408 3422 1760 3503 praevenire
1872 3420 2092 3501 quenti
2138 3426 2351 3482 tamen
2395 3420 2589 3483 etiam
2634 3422 2909 3484 actualia
2951 3431 3208 3505 peccata
3251 3425 3369 3487 tol-

296 3518 444 3581 diem
473 3528 788 3591 octavum,
824 3517 1124 3600 quoniam
1165 3518 1292 3580 illis
1322 3518 1432 3600 qui
1464 3518 1764 3581 obierunt
1873 3517 2064 3590 lebat,
2099 3517 2209 3580 ubi
2256 3518 2494 3600 reperit
2536 3538 2629 3581 ea.
2676 3520 2886 3583 Sancti
2933 3539 3083 3584 vero
3124 3522 3203 3583 de
3246 3522 3367 3585 hoc

297 3626 424 3680 ante
461 3626 750 3681 octavum
783 3616 978 3691 diem,
1009 3616 1212 3679 valuit
1239 3617 1316 3679 ad
1357 3616 1630 3679 salutem
1671 3637 1763 3681 re·
1870 3633 1999 3678 non
2045 3616 2415 3698 loquuntur,
2450 3616 2600 3698 quia
2641 3618 2720 3679 ad
2758 3618 2880 3681 hoc
2920 3636 3047 3681 non
3085 3618 3208 3681 fuit
3246 3620 3366 3682 cir-

299 3716 548 3778 medium
586 3717 760 3800 quod
797 3723 944 3778 ante
979 3714 1536 3778 circumcisionem
1571 3715 1760 3778 exsti·
1872 3714 2183 3777 cumeisio
2214 3713 2655 3795 principaliter
2684 3715 2991 3777 instituta.

296 3820 454 3889 terat,
483 3815 646 3897 quod
675 3814 884 3876 adhuc
917 3812 1275 3875 efficaciam
1312 3812 1551 3875 habuit.
1586 3813 1760 3886 Quod
1950 3812 2263 3885 Quaeritur
2292 3830 2566 3893 quoque,
2600 3831 2679 3874 an
2711 3813 3117 3877 circumcisio
3148 3822 3366 3877 contu-

297 3912 650 3975 confirmant
681 3930 797 3993 per
822 3910 1068 3974 Judaeos
1099 3910 1209 3991 qui
1245 3928 1416 3972 nunc
1447 3917 1616 3984 sunt,
1651 3910 1760 3993 qui
1872 3909 1945 3972 lit
1985 3910 2273 3990 gratiam.
2316 3909 2873 3991 Respondendum,
2908 3912 3074 3992 quod
3121 3914 3199 3975 de
3245 3912 3366 3975 hoc

297 4017 424 4071 ante
469 4018 758 4073 octavum
815 4008 986 4072 diem
1047 4026 1378 4089 nunquam
1426 4008 1760 4070 circumci-
1871 4016 2020 4071 sunt
2049 4008 2265 4071 multae
2294 4007 2644 4089 opiniones,
2662 4008 2792 4070 Una
2820 4008 3162 4071 dicentium
3195 4011 3366 4092 quod

298 4107 528 4184 duntur,
566 4118 630 4171 et
673 4126 790 4190 per
831 4106 1118 4171 Glossam
1168 4124 1364 4187 super
1411 4105 1570 4167 illud
1622 4108 1762 4169 Pro·
1870 4124 2020 4179 non,
2043 4106 2346 4187 quoniam
2376 4106 2453 4167 ad
2485 4106 2797 4169 Romanos
2826 4107 3052 4169 asserit
3080 4109 3363 4190 quaedam
3389 4132 3658 4183 mmmm.

62 4220 65 4289 3
99 4208 275 4260 raama.
299 4205 661 4280 verbiorum,
695 4205 1070 4285 unigenitus
1102 4222 1276 4266 eram
1312 4222 1522 4266 coram
1563 4212 1762 4267 matre
1793 4210 1842 4273 D
1869 4205 2079 4286 glossa
2110 4223 2124 4266 ε
2160 4205 2228 4265 In
2269 4204 2755 4267 circumcisione
2795 4213 3053 4287 peccata
3089 4207 3364 4271 dimitte-

304 4322 428 4366 mea
457 4326 471 4369 :
501 4325 636 4387 quae
667 4304 846 4379 dicit,
879 4303 1049 4385 quod
1087 4301 1252 4365 alius
1294 4301 1474 4365 filius
1513 4303 1766 4365 Bethsa-
1873 4303 2124 4376 bantur,
2161 4303 2271 4365 sed
2311 4303 2512 4384 gratia
2545 4322 2659 4384 per
2689 4322 2829 4375 eam
2864 4322 2991 4367 non
3030 4306 3369 4387 praestaba-

301 4400 404 4465 bee
447 4404 739 4485 parvulus
798 4419 924 4465 non
983 4408 1411 4483 computatur,
1463 4403 1764 4483 quoniam
1873 4410 1995 4463 tur.
2041 4400 2349 4463 Dicebant
2392 4420 2689 4482 namque,
2724 4403 2892 4484 quod
2939 4422 3138 4485 quum
3184 4405 3371 4487 origi-

62 4514 65 4583 ;
105 4500 430 4601 gemmante
464 4510 750 4565 octavum
790 4500 960 4563 diem
1004 4507 1314 4573 mortuuS,
1348 4516 1476 4563 non
1508 4498 1632 4561 fuit
1661 4518 1767 4563 no-
1875 4501 2016 4563 nale
2057 4507 2391 4583 peccatum
2432 4499 2523 4561 nil
2563 4499 2737 4562 aliud
2777 4501 2859 4562 sit
2890 4520 3080 4583 quam
3124 4503 3373 4566 intensa

133 4594 142 4603 '
305 4597 574 4673 minatuS‚
605 4608 671 4663 et
699 4618 815 4682 per
845 4616 1241 4681 consequens
1281 4617 1400 4661 nec
1435 4598 1768 4660 circumci-
1877 4598 2397 4680 concupiscentia
2438 4616 2584 4659 cum
2637 4598 2915 4660 carentia
2960 4600 3223 4679 justitiae
3265 4603 3372 4665 de-

303 4714 511 4759 sus.—
539 4697 846 4761 cultellus
875 4714 1131 4779 quoque
1161 4696 1450 4778 lapideus
1487 4714 1611 4758 non
1646 4695 1769 4759 fuit
1876 4697 2044 4770 bitae,
2080 4694 2485 4758 circumcisio
2518 4696 2655 4758 sine
2688 4695 2807 4758 hoc
2838 4697 3004 4777 quod
3039 4697 3102 4759 in
3134 4718 3209 4761 ea
3235 4717 3373 4780 gra-

64 4862 66 4873 ,
305 4794 372 4855 de
413 4797 798 4869 necessitate,
831 4795 940 4858 sed
986 4794 1064 4857 de
1109 4793 1274 4857 bene
1317 4813 1456 4857 esse
1499 4794 1770 4856 circum·
1874 4794 1964 4855 tia
2012 4794 2429 4865 conferretur,
2472 4792 2725 4855 auferre
2769 4801 3014 4875 poterat
3058 4795 3369 4872 debitum,

64 4926 66 4929 >
112 4894 284 4953 “stine
306 4892 559 4957 cisionis.
598 4930 678 4940 —
715 4892 1034 4975 Amplius,
1076 4893 1242 4956 sicut
1279 4900 1608 4956 ostensum
1650 4901 1765 4966 est,
1875 4910 2002 4954 non
2043 4891 2391 4954 auferendo
2440 4898 2709 4965 reatum,
2756 4899 2825 4953 ut
2866 4911 2981 4973 per
3019 4893 3161 4967 hoc,
3202 4896 3373 4977 quod

64 4978 67 5077 ξ
307 4990 680 5055 circumcisio
737 4992 1168 5055 characterem
1227 5008 1354 5053 non
1421 4990 1762 5073 impressit.
1878 4990 2070 5052 homo
2101 4989 2275 5051 illam
2313 4989 2627 5070 justitiam
2663 5007 2789 5052 non
2826 4989 3119 5065 habebat,
3154 5010 3277 5055 non
3311 4994 3371 5056 ei

64 5078 66 5177 ζ
308 5086 613 5153 character
649 5107 926 5171 namque
960 5096 1058 5151 est
1085 5088 1414 5170 spirituale
1451 5088 1768 5170 quoddam
1879 5088 2305 5169 imputaretur
2332 5088 2411 5149 ad
2452 5106 2726 5169 poenam.
2764 5087 2883 5150 Sed
2925 5088 3044 5150 hoc
3072 5108 3212 5152 esse
3244 5108 3370 5153 non

64 5192 66 5197 ’
309 5186 536 5267 signum
565 5188 1028 5261 distinctivum,
1063 5206 1178 5269 per
1205 5187 1326 5250 hoc
1357 5187 1524 5268 quod
1568 5185 1770 5248 homi·
1878 5192 2107 5269 potest,
2142 5186 2443 5267 quoniam
2490 5186 2693 5267 culpae
2740 5186 3202 5249 inordinatione
3246 5207 3373 5250 ma-

315 5302 414 5346 nes
442 5286 504 5347 in
534 5286 742 5369 aliquo
772 5294 940 5349 statu
981 5284 1392 5368 perfectionis
1421 5285 1770 5359 coustituit,
1882 5290 2092 5357 nente,
2126 5282 2305 5346 nullo
2336 5284 2525 5347 modo
2554 5290 2761 5366 potest
2790 5301 2916 5345 non
2958 5284 3255 5367 imputari
3292 5286 3369 5349 ad
