4267 6250
1183 500 1362 548 mm
1400 501 1463 547 tv
1505 500 1990 547 smmwmuu.
2031 517 2112 528 —
2152 500 2305 546 msr.
2346 499 2458 545 vm
3249 471 3370 536 203

311 674 406 737 alii
431 674 549 738 cibi
580 696 595 736 :
629 675 778 742 ideo
812 676 1060 759 ubique
1098 695 1246 741 mos
1286 677 1410 740 iste
1447 678 1766 742 servatur.
1797 676 1950 740 Non
1980 677 2157 740 enim
2194 677 2352 758 quia
2386 676 2539 758 post
2580 674 2763 738 cibos
2800 673 2981 737 dedit
3016 671 3368 751 Dominus,

311 791 434 854 ideo
469 793 679 872 pransi
715 793 824 858 vel
859 794 1098 857 coenati
1126 793 1292 857 illud
1329 795 1622 875 accipere
1658 793 1918 872 debent,
1959 794 2035 856 ut
2061 793 2161 854 illi
2191 792 2515 856 faciebant
2550 809 2718 874 quos
2752 789 3115 872 Apostolus
3150 788 3374 852 redar-

309 910 448 988 guit.
499 911 660 974 Nam
716 912 1019 976 Salvator
1073 929 1206 994 quo
1260 912 1716 976 vehementius
1771 911 2261 974 commendaret
2322 910 2622 990 mysterii
2688 909 2869 971 illius
2930 906 3369 980 altitudinem,

313 1023 584 1090 ultimum
637 1027 766 1090 hoc
829 1027 1044 1091 voluit
1107 1023 1374 1109 infigere
1439 1026 1746 1090 cordibus
1801 1028 1866 1090 et
1927 1026 2267 1090 memoriae
2332 1025 2833 1106 discipulorum,
2892 1042 2931 1086 a
2995 1021 3237 1103 quibus
3290 1019 3374 1082 ad

311 1141 645 1222 passionem
683 1143 1104 1224 digressurus
1149 1145 1310 1208 erat.
1357 1143 1502 1217 Quo
1554 1145 1776 1207 autem
1825 1143 2052 1206 ordine
2102 1143 2411 1223 deinceps
2448 1143 2839 1220 sumeretur,
2878 1137 3221 1222 Apostolis
3256 1153 3373 1218 per

312 1273 454 1336 quos
490 1256 812 1323 Ecclesias
857 1259 1302 1341 dispositurus
1346 1262 1506 1337 erat,
1558 1258 1917 1323 reservavit
1960 1259 2352 1322 docendum.

785 1482 868 1545 D.
919 1486 1022 1546 De
1065 1485 1539 1548 sacramento
1585 1485 1658 1547 et
1699 1499 1788 1548 re
1832 1484 2297 1548 sacramenti
2340 1483 2850 1546 Eucharistiae.

420 1697 596 1760 Nunc
629 1696 793 1779 quid
829 1695 923 1760 ibi
974 1698 1456 1761 sacramentum
1500 1698 1610 1772 sit,
1650 1698 1715 1760 et
1751 1696 1913 1777 quid
1960 1714 2086 1775 reS,
2121 1696 2485 1759 videamus.
2526 1694 3019 1758 Sacramentum
3065 1694 3165 1757 est
3200 1692 3369 1755 invi·
3395 1707 3667 1764 augasm-

314 1813 492 1876 sibilis
522 1814 744 1894 gratiae
787 1812 1072 1876 visibilis
1103 1813 1334 1876 forma.
1377 1813 1618 1877 Forma
1653 1831 1807 1894 ergo
1846 1813 2036 1894 panis
2073 1813 2140 1874 et
2175 1813 2336 1892 vini,
2379 1829 2526 1892 quae
2565 1811 2656 1874 ibi
2698 1811 2980 1888 videtur,
3024 1811 3121 1873 est
3156 1826 3370 1872 sacra·
3394 1771 3660 1885 ἷζοιῗῗζὲ,

315 1931 592 2009 mentum,
634 1929 703 1992 id
758 1930 860 1993 est
912 1930 1176 2010 signum
1231 1947 1434 1995 sacrae
1489 1931 1606 2008 rei,
1649 1931 1806 2011 quia
1859 1931 2097 2011 praeter
2152 1929 2439 2010 speciem
2494 1944 2694 2009 quam
2750 1927 2988 2008 ingerit
3041 1924 3367 2024 sensibuS,

314 2045 524 2125 aliquid
558 2045 734 2109 aliud
773 2045 933 2108 facit
967 2046 1036 2108 in
1081 2046 1522 2127 cognitionem
1561 2047 1804 2110 venire.
1845 2045 2096 2109 Tenent
2131 2061 2285 2126 ergo
2324 2045 2577 2126 species
2612 2043 2931 2106 vocabula
2964 2058 3183 2105 rerum
3222 2058 3371 2121 quae

314 2163 436 2224 ante
466 2161 742 2241 fuerunt,
774 2162 1026 2226 scilicet
1060 2162 1250 2244 panis
1285 2163 1352 2226 et
1386 2162 1550 2225 vini.
1583 2199 1672 2208 —
1703 2161 1921 2242 Hujus
1957 2163 2180 2225 autem
2208 2161 2603 2225 sacramenti
2636 2159 2899 2241 gemina
2935 2161 3037 2223 est
3070 2176 3213 2223 res:
3240 2175 3372 2220 una

313 2277 525 2340 scilicet
567 2279 868 2340 contenta
907 2278 974 2342 et
1017 2278 1420 2359 significata3
1473 2278 1678 2341 altera
1729 2278 2095 2359 significata
2146 2280 2210 2342 et
2247 2294 2379 2340 non
2431 2277 2755 2340 contenta.
2796 2277 2931 2340 Res
2968 2276 3271 2339 contenta
3306 2275 3372 2337 et

312 2393 653 2472 significata,
696 2395 796 2457 ost
851 2411 1001 2457 caro
1049 2394 1292 2458 Christi
1349 2411 1548 2475 quam
1601 2394 1681 2457 de
1727 2395 1997 2475 Virgine
2047 2394 2271 2472 traxit,
2319 2394 2384 2456 et
2442 2393 2711 2473 sanguis
2758 2410 2953 2474 quem
3004 2409 3122 2473 pro
3178 2390 3370 2454 nobis

315 2506 474 2570 fudit.
514 2509 640 2574 Res
686 2510 910 2574 autem
957 2505 1324 2590 significata
1368 2513 1434 2574 et
1469 2527 1602 2573 non
1640 2511 1965 2590 contenta,
2005 2512 2105 2573 est
2145 2509 2365 2573 unitas
2402 2508 2711 2572 Ecclesiae
2751 2509 2818 2571 in
2862 2508 3365 2590 praedestinatiS,

312 2624 544 2702 vocatis,
587 2625 968 2705 justificatis
1017 2627 1082 2689 et
1127 2627 1528 2707 glorificatis.
1570 2626 1730 2690 Haec
1781 2627 1880 2690 est
1924 2627 2169 2710 duplex
2218 2642 2367 2687 caro
2424 2624 2665 2688 Christi
2721 2625 2785 2687 et
2830 2623 3121 2704 sanguis.
3180 2621 3367 2684 Unde

311 2735 716 2820 Hieronymus
756 2761 773 2803 ε
813 2741 1205 2823 Dupliciter,
1255 2743 1492 2824 inquit,
1533 2742 1922 2822 intelligitur
1959 2758 2106 2804 caro
2159 2741 2405 2805 Christi
2450 2740 2515 2803 et
2560 2740 2830 2820 sanguis
2878 2738 3069 2820 ejus:
3104 2737 3208 2802 vel
3254 2735 3369 2798 illa
3451 2752 3568 2796 naec.
3616 2753 3659 2794 in

311 2869 432 2932 quae
458 2857 755 2921 crucifixa
785 2859 885 2921 est
919 2860 985 2921 et
1021 2857 1301 2939 sepulta,
1337 2859 1402 2920 et
1438 2858 1706 2938 sanguis
1736 2858 1852 2938 qui
1890 2859 2124 2921 militis
2161 2857 2385 2920 lancea
2414 2856 2670 2920 effusus
2707 2857 2847 2936 est3
2879 2855 2986 2918 vel
3022 2853 3137 2917 illa
3176 2853 3369 2934 spiri·
3396 2815 3549 2870 Ephoe'
3572 2817 3659 2862 ''⁷‘

311 2971 476 3034 tualis
510 2991 578 3036 ac
614 2974 840 3037 divina
875 2974 956 3036 de
994 2991 1126 3054 qua
1163 2975 1303 3055 ipse
1342 2974 1456 3053 ait,
1489 2974 1652 3036 Caro
1691 2991 1838 3036 mea
1875 2991 2026 3036 vere
2067 2975 2169 3037 est
2200 2973 2408 3054 cibuS,
2442 2972 2508 3035 et
2548 2973 2817 3053 sanguis
2854 2989 3042 3035 meus
3079 2989 3231 3034 vere
3269 2971 3368 3032 est
3398 2977 3583 3082 sgfmnn-
3603 2991 3660 3028 v1.

311 3089 507 3170 potus;
544 3091 624 3169 et,
669 3090 815 3154 Nisi
864 3089 1418 3154 manducaveritis
1469 3107 1726 3153 carnem
1774 3107 2018 3168 meam,
2058 3091 2123 3153 et
2167 3089 2466 3154 biberitis
2511 3107 2735 3153 meum
2782 3087 3193 3169 sanguinem,
3234 3102 3367 3149 non
3430 3102 3545 3147 ma.
3566 3105 3635 3146 54.

311 3202 590 3271 habebitis
625 3208 832 3270 vitam
871 3208 940 3269 in
970 3206 1180 3270 vobis.
1214 3207 1382 3271 Sunt
1425 3224 1576 3287 ergo
1622 3208 1730 3270 hic
1767 3208 1891 3270 tria
1936 3207 2398 3287 distinguenda
2431 3227 2444 3268 :
2479 3224 2709 3285 unum,
2753 3206 2931 3287 quod
2966 3206 3223 3268 tantum
3270 3206 3366 3267 est
3422 3230 3545 3285 ιω,
3572 3230 3661 3272 ῑῃι

309 3326 786 3405 sacramentum3
831 3323 1136 3403 alterurn,
1187 3324 1366 3404 quod
1403 3326 1503 3387 est
1549 3326 2031 3387 sacramentum
2069 3325 2135 3387 et
2172 3340 2318 3402 res;
2358 3325 2424 3387 et
2460 3324 2750 3402 tertium,
2792 3323 2971 3403 quod
3018 3324 3117 3385 est
3153 3338 3259 3383 res
3303 3323 3371 3385 et
3395 3293 3491 3336 ⁶⁰¹⁸
3511 3294 3653 3343 '¹¹²⁴'

309 3452 418 3498 non
449 3441 940 3503 sacramentum.
975 3440 1470 3503 Sacramentum
1498 3440 1564 3503 et
1589 3455 1722 3501 non
1751 3457 1877 3518 reS,
1913 3440 2012 3502 est
2039 3440 2292 3520 species
2316 3438 2599 3501 visibilis
2635 3439 2825 3520 panis
2851 3438 2917 3501 et
2944 3437 3119 3518 vini;
3158 3454 3374 3499 sacra-

311 3557 566 3618 mentum
615 3558 682 3620 et
715 3574 845 3634 res,
889 3572 1039 3619 caro
1081 3542 1321 3619 Christi
1371 3556 1637 3637 propria
1678 3556 1744 3618 et
1786 3557 2098 3636 sanguis3
2132 3573 2237 3619 res
2274 3557 2339 3618 et
2374 3573 2507 3618 non
2544 3555 3049 3632 sacramentum,
3090 3553 3371 3632 mystica

311 3669 430 3749 ejus
471 3688 630 3734 car0.
679 3672 888 3734 Porro
926 3671 1042 3733 illa
1086 3671 1338 3752 species
1374 3671 1658 3734 visibilis
1705 3673 2187 3735 sacramentum
2227 3672 2327 3735 est
2362 3671 2641 3752 geminae
2678 3671 2797 3748 rei,
2831 3670 2987 3750 quia
3022 3670 3369 3749 utramque

311 3802 425 3847 rem
451 3783 763 3867 significat
789 3789 856 3851 et
891 3787 1235 3867 utriusque
1273 3786 1364 3850 rei
1405 3785 1912 3849 similitudinem
1948 3787 2118 3867 gerit
2155 3804 2553 3868 expressam.
2586 3786 2755 3848 Nam
2796 3785 2967 3847 sicut
3007 3784 3197 3864 panis
3233 3801 3367 3865 prae

310 3903 506 3966 ceteris
539 3903 700 3967 cibis
737 3920 977 3984 corpus
1005 3902 1212 3967 reficit
1255 3904 1320 3966 et
1355 3904 1702 3982 sustentat,
1734 3904 1800 3965 et
1839 3902 2070 3967 vinum
2105 3904 2445 3967 hominem
2479 3902 2768 3965 laetificat
2803 3902 2998 3981 atque
3035 3899 3315 3963 inebriat
3348 3920 3364 3980 3

307 4016 386 4079 sic
410 4034 542 4082 caro
565 4018 807 4083 Christi
837 4018 1216 4082 interiorem
1244 4018 1584 4081 hominem
1612 4018 1764 4099 plus
1793 4019 2026 4082 ceteris
2050 4019 2281 4100 gratiis
2306 4017 2735 4100 spiritualiter
2754 4017 2963 4080 reficit
2991 4018 3055 4079 et
3084 4015 3359 4095 saginat.

309 4131 464 4199 Unde
494 4156 508 4197 ε
537 4134 722 4199 Calix
759 4152 952 4200 meus
986 4134 1317 4199 inebrians
1353 4152 1554 4215 quam
1605 4136 1957 4216 praeclarus
2002 4138 2122 4199 est.
2164 4135 2379 4199 Habet
2414 4135 2613 4199 etiam
2660 4134 3162 4197 similitudinem
3212 4148 3361 4195 cum
3390 4152 3651 4202 Ps.xx=1‚5.

309 4266 364 4312 re
395 4254 676 4333 mystica,
716 4270 866 4333 quae
914 4252 1014 4315 est
1059 4252 1278 4316 unitas
1325 4252 1622 4317 fidelium
1665 4272 1678 4313 :
1722 4253 1878 4333 quia
1921 4253 2092 4315 sicut
2141 4271 2223 4316 ex
2275 4252 2503 4315 multis
2546 4252 2767 4333 granis
2815 4250 3157 4314 conficitur
3192 4268 3365 4314 unus

307 4367 484 4448 paniS,
520 4372 580 4432 et
609 4387 692 4432 ex
719 4368 1022 4449 pluribus
1049 4369 1256 4432 acinis
1292 4369 1520 4431 vinum
1560 4369 1630 4431 in
1668 4386 1877 4431 unum
1906 4369 2201 4447 confluit,
2242 4368 2337 4431 sic
2365 4385 2447 4431 ex
2479 4368 2706 4432 multis
2735 4364 3025 4431 fidelium
3068 4369 3367 4449 personis

308 4482 488 4547 unitas
535 4484 973 4548 ecclesiastica
1015 4484 1288 4547 constat.
1332 4484 1518 4547 Unde
1564 4483 1926 4566 Apostolus
1967 4503 1981 4544 :
2026 4484 2213 4545 Unus
2262 4485 2453 4564 panis
2499 4486 2564 4547 et
2615 4502 2821 4547 unum
2879 4502 3115 4566 corpus
3171 4484 3660 4548 multi1c0r.x.1⁷.

307 4614 520 4663 sumuS.
567 4600 756 4665 Unde
811 4600 1225 4681 Augustinus
1265 4620 1280 4662 :
1326 4601 1512 4663 Unus
1564 4602 1756 4682 panis
1812 4601 1878 4664 et
1921 4617 2124 4664 unum
2187 4617 2425 4679 corpus
2480 4600 2771 4663 Ecclesia
2810 4601 3071 4681 dicitur,
3121 4618 3239 4683 pro
3287 4619 3365 4665 eo
3440 4611 3659 4668 Lmubi

307 4716 451 4793 quod
483 4719 649 4781 sicut
683 4734 859 4782 unus
886 4716 1078 4797 panis
1106 4734 1188 4779 ex
1225 4716 1455 4781 multis
1483 4717 1702 4797 granis
1739 4718 1805 4779 et
1831 4733 2039 4779 unum
2084 4733 2324 4797 corpus
2362 4734 2443 4780 ex
2479 4716 2709 4779 multis
2745 4717 3060 4779 membris
3095 4735 3367 4799 compo·
3392 4689 3537 4731 ‘⁰⁰⁸'

307 4829 472 4910 nitur,
508 4833 599 4895 sic
635 4832 930 4896 Ecclesia
966 4849 1048 4894 ex
1077 4832 1304 4895 multis
1333 4832 1638 4896 fidelibus
1667 4833 1932 4895 caritate
1970 4833 2317 4913 copulant-e
2340 4833 2767 4895 connectitur.
2800 4832 2945 4894 Hoc
2974 4834 3364 4912 mysterium

308 4946 455 5021 pacis
491 4950 552 5011 et
577 4948 853 5010 unitatis
879 4948 1122 5010 nostrae
1161 4946 1460 5011 Christus
1493 4948 1562 5010 in
1603 4965 1724 5011 sua
1765 4965 1991 5011 mensa
2040 4950 2465 5011 consecravit.
2501 4948 2627 5021 Qui
2667 4948 2903 5028 accipit
2948 4948 3074 5009 hoc
3120 4949 3369 5027 myste-

307 5059 448 5123 rium
485 5064 774 5143 unitatis,
817 5065 882 5127 et
918 5080 1051 5125 non
1087 5064 1265 5127 tenet
1305 5064 1642 5127 vinculum
1683 5064 1887 5146 paciS,
1921 5081 2051 5127 non
2092 5065 2330 5146 accipit
2366 5065 2491 5127 hoc
2528 5063 2919 5145 mysterium
2960 5080 3076 5143 pro
3116 5081 3209 5142 se,
3250 5063 3364 5126 sed

307 5178 494 5241 contra
527 5198 610 5244 se.
645 5179 852 5261 CuJ'us
889 5180 1090 5243 etiam
1132 5181 1616 5243 sacramentum
1653 5184 1752 5243 est
1791 5198 2028 5263 corpus
2079 5182 2322 5244 Christi
2374 5180 2715 5262 proprium
2763 5180 2843 5243 de
2876 5179 3144 5261 Virgine
3182 5166 3366 5241 sum*-

307 5292 465 5369 ptum
503 5316 516 5356 :
556 5297 710 5379 quia
743 5297 818 5361 ut
845 5313 1087 5378 corpus
1115 5296 1358 5361 Christi
1387 5314 1470 5361 ex
1507 5297 1739 5360 multis
1766 5298 2080 5361 membris
2115 5298 2493 5380 purissimis
2522 5299 2586 5361 et
2614 5295 3056 5360 immaculatis
3084 5296 3363 5376 constat,
