4267 6250
837 498 964 563 ‘436

1494 516 1557 561 IN
1597 516 1820 562 mentm
1863 515 1922 561 {v
1965 512 2449 561 snummlnun.
2490 528 2571 541 -·
2612 512 2765 559 ΒΙΒΤ.
2806 511 2954 574 xvl3
2996 511 3220 568 QUAEST.
3262 512 3308 557 11

843 684 1000 749 Aliae
1029 704 1180 749 vero
1213 686 1705 750 circumstantiae
1741 685 1942 768 magis
1981 692 2091 747 aut
2126 684 2342 747 minus
2370 684 2423 749 A
2454 683 2835 765 quandoque
2892 681 3281 755 diminuunt,
3333 688 3404 743 ut
3450 680 3505 743 si
3562 679 3779 761 aliqua
3834 678 3966 741 cir-

845 791 1130 865 gravant,
1149 785 1501 847 secundum
1533 785 1702 867 quod
1733 783 1834 846 his
1865 784 2066 866 magis
2093 790 2205 845 aut
2233 782 2346 844 mi·

846 902 967 944 nus
997 882 1374 966 propinquae
1405 890 1571 946 sunt.
1597 884 1756 946 Hinc
1787 892 2041 965 tempus
2071 889 2134 944 et
2166 882 2344 943 locus

848 980 1061 1043 minus
1099 989 1383 1061 gravant,
1418 982 1569 1065 quia
1616 982 1972 1044 extrinseca
2019 988 2189 1049 sunt.
2222 979 2343 1043 Sed

845 1078 1013 1141 inter
1047 1098 1144 1155 ea,
1182 1081 1462 1143 conditio
1502 1097 1786 1163 personae
1830 1079 1976 1162 plus
2024 1086 2341 1160 aggravat,

850 1178 1150 1259 quoniam
1195 1198 1387 1260 agens
1432 1178 1734 1241 directius
1777 1178 2229 1260 correspondet
2273 1176 2347 1238 fi-

849 1276 953 1354 ni3
985 1283 1049 1337 et
1090 1284 1233 1358 post
1269 1278 1412 1351 hoc,
1457 1277 1703 1350 moduS,
1737 1276 1846 1359 qui
1895 1276 2347 1357 correspondet

851 1374 1055 1453 actui;
1082 1382 1227 1457 post
1254 1376 1397 1449 hoc,
1415 1375 1932 1448 instrumentum,
1947 1374 2118 1456 quod
2154 1373 2345 1455 perti-

852 1481 960 1537 net
988 1475 1065 1536 ad
1099 1475 1358 1538 modum
1388 1475 1635 1556 agendi.
1673 1474 1748 1536 Et
1777 1475 1933 1550 haec,
1958 1483 2028 1536 ut
2056 1473 2120 1535 in
2154 1474 2349 1555 pluri-

850 1571 972 1635 bus
1017 1573 1102 1635 ita
1147 1592 1214 1635 se
1257 1573 1528 1652 habent3
1562 1580 1773 1635 tamen
1816 1572 1906 1634 nil
1945 1572 2245 1656 prohibet
2282 1571 2349 1634 in

848 1670 1066 1753 aliquo
1101 1672 1284 1733 aliter
1323 1690 1390 1733 se
1433 1671 1686 1745 habere,
1721 1670 1872 1753 quia
1915 1687 2241 1733 sermones
2284 1670 2349 1731 in

852 1768 1220 1842 moralibuS,
1275 1769 1766 1832 determinatum
1823 1768 1916 1830 nil
1969 1768 2227 1843 habent,
2280 1774 2350 1829 ut

850 1866 1088 1929 dicitur
1129 1867 1500 1930 Ethicorum
1546 1867 1844 1929 secundo.

927 1966 1166 2027 Rursus
1217 1965 1323 2027 hie
1372 1965 1699 2047 quaeritur,
1741 1984 1823 2026 an
1871 1964 2351 2027 circumstantia

850 2064 1101 2127 trahere
1131 2063 1337 2146 possit
1361 2064 1426 2125 in
1459 2064 1648 2126 aliam
1681 2064 1962 2145 speciem
1994 2063 2218 2145 culpae.
2254 2063 2352 2125 Di-

853 2160 1151 2236 cendum,
1177 2161 1347 2243 quod
1378 2167 1623 2223 certum
1653 2168 1748 2223 est
1777 2161 1898 2222 hoc
1931 2160 1995 2222 in
2026 2160 2349 2242 aliquibus

851 2258 997 2321 fieri
1033 2258 1251 2341 :quod
1300 2257 1574 2340 qualiter
1620 2257 1767 2321 fieri
1813 2265 2024 2340 queat,
2076 2256 2348 2320 difficile

851 2365 949 2420 est
989 2357 1433 2419 determinare.
1471 2356 1685 2438 Aliqui
1727 2356 1900 2419 enim
1942 2356 2185 2431 dicunt,
2231 2356 2351 2419 hoc

854 2455 1000 2518 fieri
1040 2454 1106 2517 in
1147 2464 1458 2537 quantum
1490 2454 1985 2518 circumstantiae
2025 2454 2151 2517 illae
2188 2453 2353 2517 acci-

851 2554 1118 2638 piuntur
1167 2561 1238 2616 ut
1293 2554 1460 2617 fines
1507 2552 1874 2629 voluntatiS‚
1927 2552 2078 2635 quia
2133 2572 2171 2615 a
2218 2553 2353 2616 fine

850 2659 1030 2715 actus
1061 2651 1318 2716 moralis
1346 2651 1582 2732 accipit
1617 2651 1918 2733 speciem.
1954 2650 2076 2713 Sed
2105 2669 2235 2714 non
2265 2650 2356 2713 vi-

853 2750 1038 2813 detur
1080 2749 1200 2814 hoc
1247 2749 1648 2812 sufficienter
1695 2749 2034 2831 prolatum,
2068 2750 2219 2832 quia
2261 2750 2353 2812 in-

852 2848 1103 2911 terdum
1151 2847 1395 2931 peccati
1441 2848 1687 2930 speeies
1732 2847 2010 2910 variatur
2051 2848 2189 2911 sine
2232 2848 2352 2912 hoc

853 2948 1024 3029 quod
1074 2947 1344 3009 intentio
1394 2945 1634 3008 feratur
1680 2946 1756 3008 ad
1805 2946 2348 3010 circumstantiam

2456 782 2839 844 cumstantia
2904 780 3233 844 subtrahat
3299 779 3607 842 rationem
3679 777 3955 862 peccati.

2456 879 2632 943 Sicut
2677 880 2967 963 accipere
3017 899 3150 943 rem
3200 879 3496 951 alienam,
3528 878 3719 940 habet
3764 877 3963 939 ratio-

2458 997 2607 1041 nem
2650 978 2894 1061 peccati
2936 996 3015 1040 ex
3062 976 3540 1040 circumstantia
3585 978 3772 1055 quid,
3800 974 3967 1057 quia

2457 1076 2720 1139 alterius
2759 1096 2894 1139 rem
2934 1076 3193 1139 invadit.
3227 1076 3405 1149 Quod
3445 1073 3826 1139 autem-hoc
3865 1073 3967 1135 fa-

2460 1175 2584 1237 ciat
2632 1175 2778 1257 quis
2822 1194 3013 1237 manu
3062 1175 3319 1237 dextera
3359 1181 3471 1235 aut
3518 1173 3795 1247 sinistra,
3828 1189 3967 1234 non

2460 1272 2679 1335 variat.
2713 1273 2889 1346 Quod
2928 1280 3141 1335 autem
3183 1272 3363 1335 tollat
3402 1270 3677 1333 multum
3711 1276 3821 1333 aut
3852 1288 3971 1351 pa-

2462 1390 2627 1445 rum,
2662 1378 2993 1453 peccatum
3032 1378 3348 1451 aggravat,
3393 1385 3522 1432 non
3560 1376 3775 1431 tamen
3820 1386 3973 1449 spe-

2463 1470 2626 1531 ciem
2660 1476 2879 1532 mutat.
2900 1469 3021 1532 Sed
3054 1487 3187 1531 rem
3218 1468 3493 1530 alienam
3524 1472 3971 1529 consecratam

2460 1569 2729 1643 auferre,
2762 1568 2954 1631 aliam
2985 1567 3451 1630 deformitatem
3485 1566 3975 1647 includitzquo-
4032 1564 4039 1569 ’

2462 1669 2636 1731 niam
2685 1668 3099 1731 irreverentia
3150 1668 3321 1730 circa
3370 1684 3472 1729 res
3519 1665 3770 1728 divinas
3818 1684 3971 1747 spe-

2464 1765 2693 1830 cialem
2737 1766 2929 1829 habet
2962 1766 3269 1828 rationem
3308 1764 3550 1849 peccati
3588 1781 3603 1825 ε
3637 1764 3781 1827 ideo
3814 1762 3971 1825 talis

2377 1864 2423 1926 B
2464 1865 2942 1928 circumstantia
2970 1864 3205 1927 dicitur
3232 1864 3513 1945 speciem
3544 1862 3790 1947 peccati
3822 1881 3973 1924 mu-

2461 1972 2614 2027 tare.
2650 1963 2713 2027 Si
2762 1970 2978 2027 autem
3022 1970 3277 2026 coactus
3323 1961 3617 2044 accipiat,
3650 1960 3793 2024 talis
3836 1960 3971 2022 cir-

2462 2063 2839 2125 cumstantia
2868 2062 3101 2124 minuit
3128 2061 3383 2145 culpam
3404 2060 3739 2143 :quoniam
3770 2078 3973 2123 causa

2464 2161 2731 2243 peccati,
2764 2160 3012 2223 scilicet
3042 2160 3496 2235 voluntarium,
3521 2159 3857 2222 minuitur.
3878 2194 3971 2204 —

2462 2258 2552 2319 Ex
2596 2258 2697 2320 his
2740 2265 2912 2340 patet
2954 2257 3284 2339 responsio
3329 2257 3409 2319 ad
3453 2258 3619 2320 hanc
3666 2257 3970 2338 quaestio-

2463 2375 2633 2429 nem,
2669 2364 2883 2418 utrum
2926 2356 3405 2418 circumstantia
3446 2355 3703 2439 culpam
3740 2362 3973 2437 gravet

2462 2454 2531 2515 in
2579 2454 2930 2516 infinitum.
2972 2453 3323 2517 Dicendum
3366 2453 3539 2516 enim
3587 2453 3759 2536 quod
3804 2470 3967 2528 non,

2462 2551 2585 2614 nisi
2618 2551 2771 2615 dum
2811 2552 3003 2613 trahit
3034 2552 3101 2614 in
3138 2552 3329 2614 aliam
3368 2552 3650 2634 speciem
3687 2551 3969 2634 peccati,

2462 2651 2629 2713 sicut
2667 2650 2819 2713 dum
2861 2650 3340 2713 circumstantia
3378 2650 3651 2714 includit
3684 2658 3749 2713 et
3783 2650 3977 2712 addit

2460 2748 2702 2832 aliquid
2731 2749 2974 2811 caritati
3007 2748 3389 2813 contrarium
3419 2768 3531 2812 seu
3562 2756 3779 2813 contra
3809 2768 3977 2831 prae-

2464 2855 2739 2929 ceptum.

2543 2946 2665 3009 Sed
2694 2946 2891 3028 quaeri
2923 2953 3151 3029 potest,
3172 2964 3254 3009 an
3281 2964 3505 3010 omnes
3540 2946 3969 3010 circumstan-

854 3044 1030 3107 illam
1059 3044 1265 3107 :sicut
1295 3042 1398 3106 fur
1427 3051 1556 3105 tam
1593 3043 1865 3106 libenter
1893 3044 2213 3128 acciperet
2242 3066 2349 3109 vas
2380 3046 2423 3110 C
2464 3044 2565 3108 tiae
2625 3045 2870 3127 peccati
2930 3045 3059 3107 sint
3119 3044 3518 3109 confitendae.
3574 3045 3963 3119 Dicendum,

853 3162 1116 3206 aureum
1161 3161 1287 3205 non
1320 3149 1636 3204 sacratum
1675 3149 1746 3203 ut
1781 3153 2134 3224 sacratum3
2166 3152 2231 3207 et
2260 3153 2349 3207 ta-

855 3260 1004 3304 men
1036 3242 1100 3303 in
1131 3241 1323 3303 aliam
1365 3240 1644 3323 speciem
1678 3249 2012 3324 peccatum
2045 3250 2347 3318 mutatur,

853 3337 1155 3400 videlieet
1180 3337 1260 3399 de
1289 3336 1570 3418 simplici
1611 3336 1782 3400 furto
1812 3337 1878 3401 in
1918 3338 2346 3420 sacrilegium.

853 3437 1158 3500 Praeterea
1189 3435 1542 3498 secundum
1573 3435 1715 3510 hoc,
1731 3436 2212 3500 circumstantia
2242 3438 2351 3500 illa

852 3555 996 3618 quae
1025 3535 1260 3598 dicitur
1296 3535 1483 3613 cujus
1504 3536 1756 3613 qratia,
1787 3542 2001 3617 posset
2039 3535 2172 3599 sola
2209 3555 2349 3619 spe-

854 3633 1017 3695 ciem
1051 3633 1293 3714 peccati
1325 3640 1570 3695 mutare
1606 3649 1621 3694 :
1655 3633 1825 3715 quod
1860 3633 2093 3696 falsum
2124 3642 2239 3696 est.
2276 3635 2353 3697 Et

853 3731 997 3793 ideo
1025 3730 1210 3794 aliter
1239 3731 1603 3805 dicendum,
1637 3731 1807 3813 quod
1837 3731 2047 3794 omnis
2079 3733 2351 3796 circum-

853 3829 1084 3891 stantia
1114 3836 1322 3911 potest
1361 3829 1641 3911 speciem
1682 3830 1928 3911 peccati
1961 3838 2227 3906 mutare,
2262 3839 2351 3894 ta-

853 3946 1002 3990 men
1047 3944 1174 3991 non
1222 3946 1479 4010 semper
1522 3936 1741 3990 mutat.
1777 3929 1984 4003 Quum
2027 3931 2200 3992 enim
2244 3950 2352 3994 ne-

851 4026 1136 4108 gationes
1197 4033 1259 4088 et
1322 4026 1707 4108 privationes
1770 4026 2075 4090 differant
2135 4029 2351 4110 specie

853 4124 1205 4187 seeundum
1267 4122 1699 4186 differentiam
1747 4125 2082 4188 habituum
2129 4135 2194 4189 et
2242 4145 2351 4210 po-

853 4223 1160 4285 sitionum
1191 4222 1650 4304 oppositarum,
1673 4230 1738 4286 et
1767 4225 2008 4287 malum
2038 4225 2122 4287 sit
2150 4226 2353 4308 priva·
2381 4229 2432 4291 D
2460 4229 2623 4290 hunt
2656 4245 2670 4289 ε
2703 4227 2855 4309 quia
2894 4235 2963 4290 ut
2999 4228 3241 4291 dictum
3282 4237 3379 4292 est
3416 4231 3765 4312 quaestione
3799 4253 3963 4315 prae-
3994 4258 4267 4315 capum

854 4321 944 4384 tio
988 4321 1160 4393 boni,
1193 4327 1443 4402 oportet
1492 4321 1659 4402 quod
1711 4321 1820 4384 ubi
1871 4322 2197 4386 diversum
2246 4324 2353 4388 bo-

855 4437 1012 4480 num
1042 4419 1122 4480 ad
1151 4419 1452 4480 virtutem
1484 4419 1912 4482 necessarium
1943 4421 2351 4502 privatur,ibi

855 4517 941 4580 sit
969 4515 1216 4599 species
1246 4515 1496 4581 diversa
1525 4518 1788 4599 peccati.
1811 4518 1954 4581 Sola
1981 4528 2194 4583 autem
2229 4540 2354 4585 una

855 4615 1327 4678 circumstantia
1355 4615 1598 4698 peccati
1631 4616 2072 4681 rectitudinem
2100 4619 2352 4684 virtutis

854 4714 1080 4778 aufert.
1135 4714 1309 4777 Unde
1366 4714 1421 4776 si
1467 4713 1608 4778 aliae
1659 4715 2157 4781 circumstantias
2214 4719 2354 4781 nul-

857 4813 984 4876 lam
1027 4811 1217 4874 aliam
1260 4811 1702 4896 obliquitatem
1749 4823 2008 4896 peccato
2046 4815 2351 4892 tribuant,

857 4911 982 4974 nisi
1012 4929 1090 4973 ex
1120 4911 1557 4993 suppositione
1588 4913 2028 4994 praecedentis,
2061 4931 2191 4978 non
2222 4934 2359 4978 mu·

857 5010 1086 5072 tabunt
1131 5010 1412 5092 speciem
1463 5011 1728 5092 peccati,
1776 5010 1886 5074 sed
1937 5012 2095 5075 forte
2142 5031 2358 5094 grava-

860 5109 1023 5173 bunt
1050 5107 1466 5190 quantitatem
1509 5110 1750 5190 peccati
1788 5109 1998 5190 illius;
2033 5111 2355 5176 interdum

860 5209 1052 5272 etiam
1102 5223 1250 5280 non,
1302 5207 1455 5289 quia
1505 5226 1582 5269 ex
1631 5208 2069 5290 suppositione
2126 5231 2358 5293 praece-

861 5305 1070 5370 dentis
1101 5304 1338 5368 nullam
1371 5304 1900 5370 inordinationem
1928 5308 2171 5371 addunt
2182 5327 2201 5392 3
2226 5309 2357 5374 imo

2462 3144 2633 3225 quod
2682 3160 2905 3206 omnes
2954 3144 3463 3206 circumstantias
3503 3144 3818 3218 confiteri,
3858 3151 3971 3206 est

2461 3241 2879 3324 impossibile.
2914 3242 3227 3317 Quasdam
3258 3250 3473 3306 autem
3506 3242 3824 3317 confiteri,
3860 3252 3971 3305 est

2460 3339 2878 3402 necessitatis,
2913 3341 3146 3403 Tamen
3192 3341 3257 3403 in
3297 3341 3419 3404 hoc
3456 3350 3554 3405 est
3594 3341 3972 3405 differentia

2460 3438 2857 3521 opinionum.
2892 3439 3049 3502 Nam
3093 3439 3291 3522 aliqui
3334 3439 3576 3515 dicunt,
3615 3442 3785 3523 quod
3824 3459 3971 3504 om—

2462 3556 2575 3600 nes
2606 3539 3101 3601 circumstantiae
3130 3557 3272 3621 quae
3300 3539 3581 3621 aliquam
3611 3539 3971 3604 notabilem

2461 3636 2877 3719 quantitatem
2916 3637 3157 3699 addunt
3196 3645 3479 3720 peccato,
3512 3638 3642 3701 sint
3673 3658 3971 3703 necessa-

2462 3737 2557 3798 rio
2588 3737 2989 3810 confitendae,
3012 3737 3065 3799 si
3098 3745 3437 3800 occurrant
3468 3739 3809 3802 memoriae.
3834 3738 3971 3802 Alii

2459 3835 2703 3909 dicunt,
2737 3835 2908 3917 quod
2938 3853 3065 3898 non
3095 3843 3344 3917 oportet
3372 3836 3667 3899 confiteri
3696 3836 3823 3900 nisi
3854 3857 3971 3902 eas

2461 3952 2605 4015 quae
2651 3934 2911 3996 trahunt
2955 3932 3037 3996 ad
3082 3933 3258 3996 aliud
3306 3951 3508 4016 genus
3562 3937 3831 4019 peccati.
3884 3937 3969 4000 Et

2461 4031 2581 4093 hoc
2631 4031 3023 4114 probabilius
3070 4039 3185 4094 est.
3228 4033 3349 4096 Sed
3396 4032 3783 4110 addendum,
3818 4054 3967 4117 quae

2459 4130 2539 4191 ad
2594 4129 2785 4192 aliam
2842 4130 3125 4212 speciem
3183 4131 3428 4212 peccati
3490 4133 3774 4196 mortalis
3829 4142 3961 4197 tra-

2461 4325 2697 4401 habita,
2748 4326 3020 4389 venialia
3065 4345 3191 4390 non
3250 4336 3401 4390 sunt
3443 4328 3525 4391 de
3580 4331 3962 4396 necessitate

2462 4426 2910 4507 confessionis3
2932 4434 3210 4489 attamen
3240 4427 3653 4511 perfectionis
3682 4437 3781 4493 est
3804 4432 3964 4495 talia

2462 4525 2775 4588 confiteri.
2820 4525 3325 4590 Circumstantiae
3363 4534 3579 4590 autem
3623 4529 3966 4611 particula-

2462 4642 2564 4687 res
2595 4622 2943 4686 carnalium
2972 4632 3373 4708 peccatorum
3401 4625 3723 4690 trahentes
3751 4629 3831 4691 ad
3862 4647 3971 4693 no-

2462 4741 2611 4785 vam
2678 4722 2961 4805 speciem
3028 4724 3272 4805 peccati
3338 4725 3648 4800 mortaliS,
3708 4745 3971 4810 semper

2466 4829 2615 4883 sunt
2655 4820 3053 4884 confitendae.
3089 4857 3170 4867 —
3200 4821 3278 4887 Et
3304 4822 3358 4884 si
3398 4823 3762 4904 objiciatur,
3794 4827 3970 4908 quod

2468 4925 2711 4983 motum
2760 4919 3047 4982 libidinis
3092 4928 3439 5002 provocant
3478 4929 3610 4984 tam
3654 4923 3720 4985 in
3770 4923 3972 4987 confi·

2466 5025 2638 5080 tente
2670 5037 2861 5100 quam
2892 5018 2959 5080 in
2990 5014 3384 5099 confessore3
3412 5020 3970 5105 dicendum,quod

2465 5116 2667 5196 gratia
2704 5135 2847 5199 quae
2885 5116 2951 5178 in
2993 5125 3388 5180 sacramento
3430 5117 3826 5184 Poenitentiae
3868 5123 3971 5185 da-

2467 5221 2593 5288 tur,
2625 5220 2955 5289 restaurat,
2998 5215 3051 5276 si
3092 5233 3219 5297 qua
3257 5215 3589 5280 inclinatio
3628 5218 3709 5280 ad
3747 5237 3969 5301 pecca-

2452 5319 2607 5374 -tum
2636 5330 2715 5375 ex
2744 5312 2969 5376 talium
3001 5312 3379 5394 cogitatione
3413 5317 3766 5398 proveniat.
3791 5319 3965 5384 Unde
