4267 6250
854 471 938 540 28
1671 497 1866 544 nrum
1907 496 2020 544 sno
2058 495 2334 544 nulnum
2374 496 2534 543 uem
2574 495 2638 543 xv
2678 495 3143 544 smmum

943 671 1015 737 Si
1087 672 1326 738 animae
1389 672 1533 738 sine
1602 672 1986 756 corporibus
2055 672 2351 738 sentiunt
2377 669 2430 732 A
2546 673 2646 736 De
2684 672 2911 738 ordine
2940 670 3201 754 jndicii,
3244 672 3311 736 et
3344 669 3713 736 ministerio
3756 687 3959 753 ange-

853 776 1076 860 ignem
1124 781 1552 845 materialem.
2460 778 2699 844 lorum.

944 886 1044 950 De
1089 885 1405 951 abortivis
1451 886 1694 952 fetibus
1739 889 1806 952 et
1849 887 2186 952 monstris.
2550 888 2619 953 Si
2664 889 2817 969 post
2861 887 3191 969 judicium
3242 869 3581 952 daemones
3634 887 3967 968 praeerunt

943 993 1321 1059 D1smc‘r1o
1379 995 1585 1058 XLV.
1627 995 1726 1061 De
1771 994 2052 1059 diversis
2100 993 2355 1058 anima·
2462 995 2848 1059 hominibus
2894 995 2977 1058 ad
3023 995 3455 1078 puniendum.

855 1118 1006 1166 rum
1053 1103 1481 1184 receptaculis
1525 1104 1678 1186 post
1722 1103 2027 1167 mortem.
2553 1101 2927 1167 Drsmc'no
2963 1102 3271 1167 XLVIII.
3312 1102 3413 1166 ΒΘ
3449 1101 3665 1165 forma
3692 1099 3962 1182 judicis.

947 1209 1046 1273 De
1090 1210 1422 1291 suffragiis
1466 1210 1952 1274 defunctorum.
2554 1208 2784 1284 Qualis
2829 1209 3170 1292 apparebit
3212 1209 3428 1273 forma
3470 1208 3666 1273 servi.

947 1316 1045 1380 De
1092 1315 1324 1380 officiis
1369 1317 1746 1398 sepulturae.
2119 1333 2126 1338 ·
2556 1317 2771 1391 Quare
2799 1317 3165 1382 secundum
3201 1315 3487 1380 formam
3514 1314 3689 1379 servi
3724 1313 3969 1378 dicitur

947 1424 1046 1489 De
1083 1422 1342 1488 duobus
1384 1442 1572 1506 aeque
1607 1424 1822 1504 boni8‚
1868 1441 2155 1505 quorum
2196 1423 2362 1488 alter
2468 1424 2770 1489 Christus
2814 1424 3252 1488 suscitaturus
3298 1439 3592 1505 corpora.

859 1533 1013 1614 post
1053 1533 1336 1596 mortem
1385 1531 1576 1614 plura
1620 1531 1818 1596 habet
1863 1531 2132 1595 auxilia.
2554 1531 2653 1596 De
2700 1532 2846 1596 loco
2886 1529 3147 1613 judicii.

947 1639 1204 1714 Quibus
1257 1639 1590 1721 suffragiis
1637 1638 2048 1720 juvabuntur
2101 1638 2361 1702 medio·
2557 1640 2658 1703 De
2701 1639 3019 1721 qualitate
3064 1636 3492 1702 luminarium
3540 1638 3606 1703 et
3650 1636 3971 1718 temporis

857 1745 1053 1810 criter
1097 1746 1254 1810 boni
1300 1748 1370 1810 in
1416 1747 1547 1811 fine
1583 1747 1847 1829 reperti.
2470 1748 2623 1829 post
2660 1745 3013 1828 Judicium.

947 1853 1293 1928 Quomodo
1341 1855 1564 1920 Sancti
1610 1856 1676 1918 et
1719 1855 2064 1936 glorificati
2100 1854 2207 1919 vel
2243 1871 2360 1918 an-
2392 1858 2442 1921 B
2557 1855 2931 1918 Dis-rmc'no
2958 1853 3203 1917 XLIX.
3244 1854 3357 1917 De·
3381 1851 3749 1917 differentia
3782 1868 3975 1915 man-

856 1961 987 2044 geli
1058 1962 1336 2026 audiunt
1391 1980 1616 2045 preces
1688 1962 2229 2044 supplicantium,
2296 1963 2362 2026 et
2468 1961 2733 2026 sionum
2780 1962 2848 2025 in
2896 1961 3059 2026 coelo
3106 1962 3172 2025 et
3216 1960 3285 2024 in
3334 1959 3613 2024 inferno.

859 2069 1193 2152 quomodo
1240 2069 1652 2134 intercedunt
1695 2087 1814 2152 pro
1862 2068 1983 2133 eis.
2556 2069 2627 2133 Si
2657 2069 2819 2150 quid
2856 2068 2947 2132 ibi
2984 2067 3401 2151 cognoscitur
3428 2066 3511 2129 ab
3537 2065 3759 2148 aliquo
3787 2065 3970 2148 quod

946 2176 1322 2240 D1s‘rmcr10
1358 2175 1602 2241 XLVI.
1636 2176 1708 2242 Si
1744 2175 1935 2240 valde
1964 2175 2159 2241 malis
2194 2193 2361 2258 prae-
2466 2193 2602 2241 non
2646 2176 3016 2258 intelligant
3059 2192 3310 2240 omneS.

858 2284 1070 2348 statur
1111 2284 1437 2366 mitigatio
1474 2301 1709 2366 poenae.
2556 2284 2657 2349 De
2704 2283 3034 2366 parilitate
3075 2282 3325 2365 gaudii.

948 2392 1048 2456 De
1093 2391 1349 2456 occulto
1389 2391 1643 2472 Judicio
1689 2391 1836 2456 Dei.
2556 2391 2629 2456 Si
2657 2391 2871 2473 major
2905 2390 2996 2454 sit
3029 2390 3367 2455 beatitudo
3394 2390 3787 2455 Sanctorum
3814 2390 3970 2471 post

947 2499 1046 2563 De
1087 2497 1357 2580 justitia·
1395 2500 1460 2564 et
1507 2498 1958 2564 misericordia
2000 2499 2147 2563 Dei.
2461 2498 2814 2580 judicium.

949 2605 1165 2680 Quare
1211 2607 1513 2688 quaedam
1564 2623 1762 2689 opera
1811 2607 2118 2670 dicuntur
2161 2606 2360 2687 justi-
2555 2607 2929 2670 Dranfflo
2966 2605 3042 2668 L.
3085 2603 3155 2669 Si
3194 2604 3354 2668 mali
3400 2605 3470 2668 in
3518 2604 3775 2670 inferno
3810 2621 3967 2688 pec-

855 2713 993 2793 tiae,
1050 2714 1356 2796 quaedam
1409 2713 1877 2778 misericordiae
1933 2713 2040 2778 vel
2101 2713 2360 2778 bonita-
2469 2713 2731 2777 cabunt.

859 2820 948 2886 tis
993 2821 1140 2885 Dei.
2556 2820 2772 2896 Quare
2808 2820 3117 2885 dicuntur
3151 2820 3435 2886 tenebrae
3472 2819 3854 2885 exteriores.

946 2928 1295 3003 Quomodo
1357 2928 1682 2994 universae
1729 2928 1856 2992 viae
1924 2929 2198 2993 Domini
2255 2929 2359 2994 di·
2554 2929 2625 2993 Si
2677 2928 3139 2992 damnatorum
3194 2928 3433 2992 animae
3486 2927 3793 2991 notitiam
3844 2925 3971 2990 ha-

861 3037 1098 3100 cuntur
1143 3035 1595 3100 misericordia
1638 3038 1704 3101 et
1748 3036 2011 3100 veritas.
2386 3041 2430 3106 c
2466 3036 2663 3101 beant
2698 3053 2929 3100 eorum
2976 3053 3124 3118 quae
3170 3035 3281 3100 hic
3324 3035 3514 3099 fiunt.

947 3144 1323 3208 D1s‘mtcr10
1379 3142 1654 3208 XLVII.
1713 3146 1812 3209 De
1867 3144 2192 3209 sententia
2238 3144 2357 3227 ju·
2555 3146 2655 3210 De
2699 3145 2944 3209 Lazaro
2991 3144 3057 3208 et
3100 3143 3327 3209 divite.

860 3250 1042 3315 dicii.
2554 3252 2625 3317 Si
2662 3252 2819 3316 boni
2856 3254 2923 3316 et
2958 3251 3118 3315 mali
3155 3250 3439 3315 invicem
3476 3268 3549 3315 se
3586 3250 3875 3315 videant.

949 3358 1144 3433 Quod
1188 3358 1411 3423 Sancti
1448 3358 1863 3441 judicabunt,
1895 3362 1960 3423 et
1995 3360 2354 3441 quomod0.
2556 3360 2654 3424 De
2692 3359 2857 3423 chao
2904 3359 3075 3422 inter
3118 3357 3329 3422 bonos
3374 3359 3441 3423 et
3485 3358 3719 3423 malos.

947 3466 1048 3530 De
1095 3466 1436 3531 ordinibus
1463 3484 1694 3531 eorum
1743 3467 1858 3548 qui
1907 3468 2100 3531 erunt
2144 3467 2215 3530 in
2242 3466 2359 3548 ju-
2556 3468 2796 3530 Utrum
2849 3466 2993 3529 visa
3043 3466 3406 3548 impiorum
3460 3483 3653 3548 poena
3706 3464 3969 3530 minuat

860 3572 1059 3638 dicio.
2466 3572 2573 3637 vel
2616 3574 2852 3655 augeat
2894 3572 3173 3655 gloriam
3218 3571 3567 3637 bonorum.
