4267 6250
906 478 1029 544 128

1556 495 1621 543 m
1658 494 1883 543 tumul
1922 495 1984 543 lv
2026 492 2512 541 summanum.
2553 510 2635 521 —
2673 492 2827 540 ms'r.
2871 493 2971 557 1V3
3008 494 3233 550 QUAEST.
3277 495 3346 541 111

909 666 1063 730 mile
1092 674 1191 730 est
1220 667 1285 729 in
1316 666 1705 750 suscipiente
1733 665 2151 749 Baptismum.
2187 664 2404 747 Itaque
2432 665 2485 729 A
2515 672 2756 727 ractere
2795 664 3075 728 increato
3103 665 3170 727 in
3211 664 3556 747 imaginem
3595 670 3901 739 creatam,
3934 663 4016 726 ad

904 764 1085 828 fictio
1132 773 1229 829 est
1276 766 1376 829 vel
1425 785 1503 829 ex
1552 772 1731 847 parte
1781 764 1990 828 dantis
2047 782 2402 826 sacramen-

905 871 1065 939 tum,
1098 870 1208 927 aut
1253 883 1331 927 ex
1371 871 1549 947 parte
1595 862 2023 946 suscipientis.
2065 862 2180 924 Vel
2221 861 2405 923 aliter

903 969 967 1024 et
998 962 1249 1038 meliuS,
1281 962 1461 1025 fictio
1498 969 1595 1025 est
1620 969 1731 1024 aut
1756 980 1835 1023 ex
1877 968 2053 1043 parte
2091 960 2250 1021 ritus
2291 977 2403 1021 seu

900 1068 1079 1122 actus
1118 1059 1521 1133 sacramenti,
1552 1066 1663 1121 aut
1692 1078 1769 1121 ex
1809 1064 1987 1140 parte
2016 1056 2230 1139 operis
2258 1073 2406 1138 ope-

903 1158 1018 1219 rati
1066 1158 1235 1240 quod
1283 1157 1438 1220 facit
1479 1157 1782 1220 Ecclesia.
1826 1156 1893 1219 Si
1935 1154 2148 1238 primo
2191 1155 2400 1229 mode,

903 1265 1056 1319 ωηο
1087 1264 1183 1319 est
1212 1256 1353 1337 ejus
1384 1256 1496 1338 qui
1524 1256 1713 1318 aliter
1740 1253 2012 1337 suscipit
2040 1272 2234 1336 quam
2269 1252 2406 1334 ipsa

906 1355 1191 1417 Ecclesia
1232 1356 1425 1416 ritum
1470 1360 1740 1416 exercet.
1775 1352 1952 1427 Quod
1998 1350 2284 1431 intelligo
2326 1350 2404 1413 de

904 1470 980 1516 eo
1022 1452 1135 1535 qui
1179 1453 1425 1516 deridet
1474 1452 1667 1514 ritum
1718 1450 2040 1525 Ecclesiae,
2078 1457 2146 1512 et
2189 1456 2403 1511 tamen

906 1552 1183 1614 intendit
1212 1551 1504 1633 accipere
1542 1551 1712 1633 quod
1742 1549 1897 1613 facit
1926 1548 2212 1611 Ecclesia
2244 1566 2259 1610 :
2295 1546 2403 1610 ille

902 1651 1077 1713 enim
1125 1651 1399 1733 percipit
1435 1655 1923 1713 sacramentum.
1959 1648 2023 1711 Si
2067 1655 2281 1710 autem
2323 1646 2406 1709 sit

902 1748 1083 1814 fictio
1131 1768 1208 1811 ex
1258 1756 1437 1831 parte
1486 1748 1698 1830 operis
1746 1747 1991 1830 operati
2035 1766 2048 1810 :
2092 1754 2246 1808 ωηο
2293 1753 2402 1807 aut

2512 761 2988 826 distinctionem
3047 762 3348 845 baptizati
3397 782 3436 825 a
3481 780 3609 826 non
3667 761 4012 845 baptizate.

2511 859 2626 922 Per
2670 880 2860 943 quem
2906 861 3334 924 characterem
3377 860 3737 943 Baptismus
3774 860 4017 923 virtua-

2513 958 2658 1021 liter
2697 966 2912 1022 manet
2941 959 3006 1021 in
3046 958 3385 1042 baptizato,
3417 966 3482 1022 et
3511 959 3648 1041 ipse
3685 959 4020 1022 character

2511 1065 2610 1120 est
2654 1058 2909 1140 proprie
2949 1066 3456 1136 sacramentum3
3491 1058 3655 1132 ideo,
3688 1057 3842 1120 dum
3883 1073 4018 1119 non

2511 1155 2705 1219 habet
2741 1156 3164 1230 obstaculum,
3198 1163 3418 1240 utpote
3459 1155 3722 1219 fictione
3763 1174 4020 1219 cessan-

2513 1260 2596 1327 te,
2637 1253 2904 1335 gratiam
2953 1261 3254 1336 operatur
3298 1272 3375 1317 eo
3417 1254 3606 1317 modo
3652 1272 3781 1336 quo
3821 1272 4020 1315 causa

2512 1360 2628 1427 est,
2653 1359 2872 1434 utpote
2901 1352 3297 1435 dispositive,
3321 1361 3386 1417 et
3415 1353 3582 1416 Deus
3611 1360 3766 1415 tunc
3795 1358 4020 1414 causat

2511 1450 2778 1531 gratiam
2819 1448 3137 1513 effective.
3172 1450 3433 1513 Peccata
3465 1450 3728 1513 demum
3762 1469 3908 1532 quae
3937 1448 4018 1511 fi-

2513 1557 2652 1611 ctus
2688 1550 3012 1613 commisit
3041 1558 3184 1631 post
3211 1569 3399 1619 suum
3433 1550 3849 1632 baptismum,
3883 1566 4019 1611 non

2511 1648 2804 1710 delentur
2850 1648 3084 1711 virtute
3133 1648 3562 1731 Baptismati8‚
3613 1649 3723 1711 sed
3781 1647 4022 1711 contri·

2510 1747 2706 1821 tione,
2739 1755 2802 1809 et
2844 1764 2960 1830 pro
3003 1746 3096 1809 eis
3145 1748 3533 1829 imponenda
3573 1755 3670 1809 est
3711 1746 3838 1810 sibi
3883 1765 4018 1829 poe-

900 1854 996 1909 est
1043 1848 1395 1911 secundum
1444 1845 1777 1919 rationem,
1820 1853 1884 1908 et
1924 1852 2079 1908 tunc
2127 1851 2223 1907 est
2271 1861 2397 1906 non
2437 1845 2484 1909 B
2513 1846 2783 1908 nitentia
2825 1845 3142 1925 exterior3
3185 1846 3420 1909 virtute
3457 1854 3673 1909 autem
3701 1844 4016 1928 Baptismi

901 1945 1203 2026 credens;
1244 1953 1355 2009 aut
1400 1947 1755 2008 secundum
1800 1942 2396 2025 concupiscibilem,

902 2052 965 2106 et
994 2054 1147 2107 tunc
1178 2053 1274 2107 est
1305 2044 1675 2123 indevotus3
1716 2050 1828 2105 aut
1856 2062 1932 2105 ex
1975 2050 2154 2124 parte
2188 2042 2401 2103 irasci·

900 2142 1073 2217 hilis,
1106 2150 1171 2205 et
1199 2151 1355 2205 ωηο
1394 2149 1491 2205 est
1524 2149 1959 2205 contemnens.
1993 2142 2184 2205 Porro
2224 2139 2400 2202 inde-

899 2249 1085 2304 votus
1123 2240 1229 2302 hic
1270 2240 1505 2302 dicitur
1534 2258 1572 2302 a
1610 2239 1965 2321 privatione
2004 2238 2258 2301 habitus
2296 2238 2402 2300 de-

900 2339 1212 2419 votionis;
1254 2346 1319 2402 et
1361 2339 1481 2401 hoc
1523 2345 1641 2413 est,
1680 2337 1935 2420 quando
1977 2345 2075 2399 est
2117 2336 2184 2399 in
2233 2343 2400 2398 statu

902 2446 966 2501 et
1000 2437 1240 2501 affectu
1284 2438 1527 2521 peceati
1572 2436 1877 2513 mortalis,
1910 2436 2215 2519 quoniam
2255 2435 2400 2497 talis

900 2554 1028 2599 non
1069 2536 1297 2619 recipit
1336 2536 1459 2599 nisi
1500 2536 1949 2599 characterem.
1985 2536 2402 2617 Contemptus

901 2653 1157 2718 quoque
1199 2644 1297 2698 est
1344 2635 1600 2717 duplex.
1645 2635 1818 2698 Unus
1866 2634 1978 2717 qui
2026 2632 2253 2715 abjicit
2297 2652 2396 2695 ac-

898 2742 1035 2797 tum
1092 2752 1207 2797 seu
1263 2751 1425 2815 opus
1471 2733 1801 2816 Baptismi,
1851 2740 1915 2795 et
1962 2732 2069 2795 ille
2129 2731 2399 2815 impedit

898 2832 1389 2915 impressionem
1431 2832 1833 2905 characteriS‚
1875 2832 2027 2914 quia
2074 2849 2204 2894 non
2251 2830 2398 2893 sub-

897 2931 992 2993 dit
1038 2949 1107 2993 se
1155 2937 1571 2993 sacramenta
1622 2930 1799 2993 Alter
1844 2936 1941 2992 est
1990 2936 2395 3011 contemptus

2509 1945 2795 2007 delentur
2825 1952 3081 2026 peccata
3109 1952 3255 2007 ante
3286 1944 3635 2007 commissa.
3651 1944 3796 2007 Haec
3826 1944 4010 2006 idem.

2589 2042 2894 2107 Praeterea
2939 2042 3210 2105 Thomas
3253 2060 3267 2105 ε
3311 2043 3557 2125 Duplex
3605 2050 3704 2105 est
3743 2041 4016 2125 (inquit)

2507 2140 2780 2205 effectus
2823 2142 3150 2224 Baptismi.
3195 2142 3466 2217 Primus,
3499 2142 3611 2225 qui
3652 2150 3752 2206 est
3793 2160 3896 2205 res
3946 2149 4014 2203 et

2507 2247 2998 2315 sacramentum,
3049 2248 3204 2323 puta
3251 2240 3598 2315 character,
3641 2240 3752 2323 qui
3801 2259 4011 2323 quum

2507 2356 2635 2401 ηοη
2666 2339 3075 2422 imprimatur
3101 2340 3180 2401 ad
3211 2340 3688 2422 praeparandam
3724 2338 4012 2402 hominis

2507 2436 2898 2501 voluntatem
2940 2444 3012 2499 ut
3045 2437 3289 2520 aliquid
3329 2437 3494 2501 bene
3531 2456 3645 2501 seu
3681 2437 4013 2502 meritorie

2506 2534 2644 2612 fiat,
2687 2555 2888 2619 quum
2937 2553 3064 2598 non
3113 2536 3196 2599 sit
3238 2535 3516 2611 habituS,
3558 2536 3670 2599 sed
3710 2536 4012 2618 quaedam

2507 2634 2824 2716 potentia3
2868 2634 3008 2698 ideo
3052 2635 3456 2717 indispositio
3492 2634 3836 2699 voluntatis
3878 2652 4013 2698 non

2506 2732 2776 2815 impedit
2813 2752 2985 2807 eum,
3019 2732 3364 2795 dummodo
3407 2732 3622 2816 aliqua
3661 2732 3746 2795 sit
3781 2732 4012 2796 volun-

2503 2838 2599 2893 tas
2643 2830 2993 2913 recipiendi
3037 2831 3449 2913 Baptismum.
3491 2830 3671 2893 Alius
3712 2838 3810 2894 est
3847 2829 4012 2895 effe-

2503 2930 2792 3012 ctuS,qui
2824 2937 2921 2991 est
2948 2948 3048 2993 res
3079 2938 3142 2991 et
3171 2946 3300 2993 non
3329 2936 3820 3005 sacramentum,
3837 2930 4014 2993 vide·

898 3026 1301 3109 vilipendens
1332 3027 1544 3110 ipsum
1576 3044 1759 3108 opus,
1793 3027 1961 3109 quod
1990 3034 2204 3090 tamen
2233 3025 2396 3088 face·
2431 3030 2474 3095 C
2504 3028 2656 3091 licet
2696 3029 2900 3110 gratia
2931 3046 2946 3091 :
2985 3029 3064 3091 ad
3107 3047 3300 3111 quem
3345 3028 3693 3110 requiritur
3734 3028 4014 3091 remotio

898 3146 968 3190 re
1007 3146 1120 3190 seu
1160 3145 1415 3190 sumere
1453 3126 1746 3201 intendit,
1780 3135 1847 3189 ct
1884 3127 1991 3190 ille
2030 3144 2160 3189 ηοη
2195 3126 2396 3208 impe-

899 3225 994 3288 dit
1021 3225 1401 3288 characteris
1431 3224 1936 3307 impressionem.
1970 3225 2190 3307 Itaque
2217 3223 2398 3288 fictio

901 3324 1193 3406 impedit,
1216 3343 1296 3386 ex
1328 3341 1406 3387 eo
1438 3324 1609 3406 quod
1637 3322 1889 3386 obicem
1921 3323 2101 3405 ponit
2129 3323 2396 3406 Spiritui

901 3422 1131 3486 Sancto
1160 3441 1275 3505 per
1312 3421 1625 3485 actualem
1657 3421 2001 3484 voluntatis
2033 3422 2397 3485 dissensum

900 3521 979 3584 ad
1038 3519 1564 3584 sacramentalem
1622 3519 1950 3595 effectum,
2004 3520 2274 3583 volendo
2333 3519 2396 3583 id

900 3620 1074 3702 quod
1130 3619 1325 3682 simul
1382 3626 1549 3682 stare
1598 3637 1727 3682 non
1776 3619 1944 3682 valet
1990 3637 2140 3681 cum
2198 3619 2399 3700 gratia

901 3718 1363 3782 sacramentali.
1398 3717 1543 3782 Haec
1583 3716 1900 3781 AlbertuS.

984 3816 1103 3892 Qui
1132 3823 1595 3900 consequenter
1628 3817 1707 3879 ad
1746 3816 2102 3880 secundum
2143 3832 2399 3898 respon-

898 3916 1007 3980 det
1041 3935 1055 3981 :
1086 3916 1287 3980 Aliter
1316 3924 1413 3979 est
1439 3916 1519 3978 de
1549 3932 1741 3999 opere
1774 3914 1883 3976 Dei
1914 3914 2394 3996 omnipotentiS,

896 4015 1084 4078 aliter
1130 4015 1209 4078 de
1258 4033 1449 4096 opere
1497 4013 1778 4076 hominis
1832 4011 2197 4086 imbecilliS,
2249 4028 2400 4094 quo-

899 4115 1073 4177 niam
1113 4132 1273 4196 opus
1310 4112 1591 4175 hominis
1630 4119 1837 4194 potest
1866 4111 2132 4193 produci
2171 4109 2251 4173 ab
2288 4110 2402 4173 ho-

2504 3148 2618 3192 seu
2647 3128 2940 3211 expulsio
2971 3128 3183 3192 omnis
3216 3128 3651 3211 dispositionis
3689 3127 3816 3190 sibi
3857 3146 4012 3191 con-

2502 3228 2733 3302 trariae,
2767 3233 2920 3309 puta
2957 3227 3242 3290 mortalis
3283 3226 3550 3310 peccati,
3582 3226 3734 3309 quia
3771 3245 3890 3310 per
3933 3227 4015 3290 is-

2503 3334 2642 3388 tum
2711 3325 3020 3389 effectum
3086 3325 3415 3407 Baptismi,
3483 3332 3876 3408 praeparatur
3949 3333 4014 3387 et

2505 3423 2818 3488 formatur
2877 3425 3168 3488 voluntas
3227 3431 3297 3486 ut
3346 3423 3670 3487 meritorie
3718 3423 3874 3487 velit
3933 3443 4012 3488 ac

2505 3529 2823 3605 operetur.

2588 3620 2874 3704 Denique
2912 3620 3056 3683 talis
3097 3620 3498 3704 indispositio
3527 3620 3872 3684 voluntatis
3909 3639 4016 3684 re—

2507 3727 2607 3782 cte
2645 3718 2824 3782 fictio
2862 3725 3289 3802 nuncupatur.
3323 3719 3418 3783 Ad
3455 3719 3578 3782 hoc
3613 3719 3787 3782 enim
3831 3721 4014 3802 quod

2507 3818 2746 3901 aliquid
2792 3819 3076 3901 recipere
3119 3817 3346 3881 debeat
3383 3817 3690 3882 effectum
3733 3819 4010 3900 agentis,

2507 3925 2755 4000 oportet
2793 3918 2962 4000 quod
3000 3915 3229 3980 habeat
3267 3935 3334 3980 se
3373 3917 3441 3978 in
3481 3917 3698 3981 debita
3733 3918 4012 4000 disposi-

2507 4017 2680 4080 tione
2721 4016 2801 4078 ad
2845 4034 3100 4078 causam
3145 4023 3460 4097 agentem,
3505 4022 3570 4078 et
3607 4015 3689 4079 ad
3730 4016 4014 4100 percipi·

2509 4116 2748 4178 endum
2805 4114 2946 4195 ejus
3003 4113 3329 4178 effectum.
3382 4115 3541 4178 Hinc
3599 4115 4013 4198 indispositio

904 4213 1077 4276 mine
1126 4218 1450 4275 mortuum
1496 4216 1562 4273 et
1611 4209 2090 4284 mortificatum,
2143 4209 2315 4291 quod
2360 4228 2397 4273 a
2425 4215 2476 4278 D
2512 4213 2856 4277 voluntatis
2912 4232 3056 4295 quae
3113 4212 3420 4276 effectum
3477 4213 3786 4298 Baptismi
3849 4213 4010 4301 ulti-

903 4310 1104 4374 libero
1154 4309 1442 4393 procedit
1486 4307 1750 4371 arbitrio
1806 4308 2222 4390 spiritualiter
2269 4326 2398 4372 non

902 4409 1163 4474 viventi.
1200 4408 1371 4490 Opus
1414 4415 1629 4470 autem
1671 4406 1785 4469 Dei
1835 4422 1961 4470 non
2010 4415 2220 4488 potest
2259 4425 2399 4471 esse

904 4515 1251 4582 mortuum,
1284 4515 1350 4570 et
1377 4507 1497 4570 hoc
1526 4513 1623 4570 est
1650 4513 2142 4582 sacramentum,
2176 4507 2243 4569 in
2271 4525 2400 4589 quo

901 4608 1121 4671 divina
1150 4607 1352 4670 virtus
1382 4605 1689 4669 secretius
1720 4612 2036 4688 operatur.
2052 4606 2176 4669 Sed
2207 4605 2399 4670 fictus

900 4707 1151 4771 obicem
1183 4705 1365 4790 ponit
1400 4724 1480 4769 ne
1508 4711 1811 4787 operetur
1839 4703 1904 4766 in
1934 4721 2026 4767 eo.
2064 4705 2402 4768 Character

901 4824 1053 4870 vero
1109 4814 1275 4869 stare
1324 4811 1529 4888 potest
1582 4822 1730 4866 cum
1788 4802 2074 4880 fictione,
2124 4811 2191 4866 et
2238 4822 2398 4887 quo-

902 4923 1179 4988 cumque
1238 4910 1499 4986 peccato
1558 4901 1829 4975 mortali,
1890 4902 2059 4964 sicut
2114 4910 2180 4965 et
2234 4901 2400 4967 fides

902 5005 1215 5069 informis.
1250 5003 1587 5067 Character
1614 5001 1857 5084 quippe
1892 5009 1989 5064 est
2021 5001 2240 5065 lumen
2281 5003 2403 5085 spi-

902 5105 1129 5168 rituale
1174 5101 1471 5184 imaginis
1516 5109 1762 5174 creatae‚
1802 5101 2202 5182 distinguens
2244 5101 2401 5165 fide-

903 5205 1031 5268 lem
1078 5204 1159 5267 ab
1206 5201 1458 5266 infideli
1514 5200 1870 5264 secundum
1917 5199 2074 5263 fidei
2122 5209 2395 5283 statum3

902 5311 1126 5386 estque
1166 5301 1469 5386 splendor
1506 5298 1769 5383 quidam
1807 5298 2159 5384 procedens
2192 5319 2231 5363 a
2257 5301 2401 5364 cha-

2513 4334 2690 4377 mum
2745 4313 3021 4395 (scilicet
3074 4313 3372 4396 gratiam)
3426 4314 3716 4397 impedit,
3765 4314 4012 4397 duplex

2509 4421 2607 4477 est
2639 4431 2653 4477 :
2689 4433 2814 4476 una
2847 4432 2962 4496 per
2991 4420 3352 4496 respectum
3386 4414 3464 4476 ad
3493 4420 4010 4494 sacramentum3

2507 4513 2632 4576 alia
2689 4531 2803 4596 per
2857 4519 3220 4595 respectum
3277 4512 3355 4575 ad
3413 4513 3795 4576 sacramenti
3844 4511 4010 4576 effe-

2510 4619 2703 4675 ctum.
2737 4612 2831 4676 Ad
2870 4619 3338 4675 sacramentum
3367 4629 3520 4676 vero
3557 4611 3868 4694 contingit
3895 4631 4010 4676 vo·

2511 4712 2818 4775 luntatem
2881 4711 3322 4794 indispositam
3379 4729 3520 4774 esse
3581 4711 3926 4793 dupliciter
3989 4732 4005 4778 ε

2509 4811 2741 4892 primo,
2785 4829 2899 4892 per
2946 4810 3444 4874 subtractionem
3493 4810 3867 4892 necessarii3
3911 4831 4012 4875 se-

2509 4910 2740 4984 cundo,
2765 4928 2879 4992 per
2908 4909 3291 4991 positionem
3321 4910 3640 4974 contrarii.
3673 4911 4010 4994 Quumque

2507 5008 2674 5070 actio
2711 5008 2922 5071 omnis
2965 5007 3048 5071 sit
3084 5027 3198 5090 per
3240 5016 3625 5084 contactum,
3659 5012 4010 5074 necessari·

2509 5125 2621 5168 um
2649 5113 2746 5168 est
2773 5105 2943 5188 quod
2973 5105 3290 5188 recipiens
3323 5115 3815 5183 sacramentum,
3847 5127 4010 5190 quo-

2509 5205 2848 5268 dammodo
2914 5205 3238 5286 contingat
3297 5205 3511 5288 ipsum
3573 5225 3689 5290 per
3749 5207 4006 5272 intelle-

2511 5311 2709 5379 ctum,
2759 5321 2955 5387 quem
3013 5313 3376 5370 contactum
3433 5303 3642 5369 efficit
3685 5304 3890 5387 fides3
3939 5315 4008 5370 et
