4267 6250
607 1652 710 1697 diet.
747 1668 832 1704 vm,

561 1717 778 1769 q.t‚p.46³
787 1717 833 1760 Β·

562 1781 608 1822 οῖ
624 1791 662 1821 ι.

579 3618 720 3663 theon
755 3625 818 3665 ¹5-

555 3685 620 3726 18.

1525 481 1591 529 m
1630 481 1854 530 Lutum(
1894 482 1957 529 lv
1995 480 2482 528 smmunuu.
2522 497 2605 510 —··
2642 481 2797 527 Disr.
2836 480 2922 545 13
2963 479 3188 538 Qusssr.
3230 481 3292 528 IV

856 653 1060 716 multa
1099 654 1164 743 in
1203 672 1298 730 ea,
1333 653 1656 737 praecipue
1698 651 1998 737 mysteria
2036 651 2255 734 gratiae
2294 658 2357 715 et
2386 651 2439 714 A
2469 669 2617 715 men
2666 652 3103 735 productionis
3150 651 3347 727 illius,
3398 659 3553 735 puta
3598 651 3969 729 creationiS,

859 752 1067 816 media
1105 746 1320 833 gloriae
1351 771 1422 815 ac
1453 751 1818 815 salvationis
1849 751 2165 826 humanm,
2191 750 2358 813 inter

857 870 1000 933 quae
1038 870 1239 914 unum
1280 850 1690 933 potissimum
1730 857 1828 912 est
1865 849 2242 932 mysterium
2276 848 2356 910 is-

855 948 968 1011 tud
1008 948 1395 1013 exsistentiae
1425 947 1655 1011 Christi
1689 947 1754 1009 in
1789 953 2187 1010 sacramento
2220 964 2234 1008 z
2269 946 2357 1008 id-

855 1047 1026 1110 circo
1054 1046 1228 1110 Beati
1269 1047 1336 1108 in
1365 1045 1573 1109 Verbo
1611 1044 1933 1127 praecipue
1971 1045 2092 1107 hoc
2128 1061 2357 1125 cogno·

855 1151 1057 1208 scunt.
1093 1179 1174 1190 -——-
1203 1145 1442 1207 Rursus
1481 1144 1571 1206 ait
1604 1161 1619 1205 z
1652 1143 2050 1225 Quicumque
2093 1143 2357 1224 angelus

859 1243 1064 1305 malus
1103 1242 1158 1304 si
1199 1242 1605 1324 permittatur
1648 1241 1740 1303 uti
1781 1241 2063 1323 potentia
2099 1260 2216 1304 sua
2254 1258 2355 1304 co-

856 1341 1122 1422 gnitiva,
1157 1347 1366 1422 potest
1397 1339 1751 1421 intelligere
1781 1340 2231 1422 quodcumque
2262 1339 2355 1402 in·

857 1437 1194 1521 telligibile
1225 1445 1531 1511 creatum,
1555 1445 1621 1500 et
1648 1456 1763 1520 per
1790 1455 2187 1520 consequens
2217 1456 2358 1521 pos-

860 1545 956 1600 set
1004 1537 1360 1619 intelligere
1409 1537 1820 1618 cogitationes
1867 1537 2181 1612 cordium,
2230 1544 2351 1599 etc.

861 1636 1064 1718 Hujus
1106 1636 1471 1718 oppositum
1513 1652 1708 1717 super
1749 1634 2102 1698 secundum
2151 1634 2358 1716 patuit

861 1734 1118 1817 copiose
1161 1751 1176 1796 :
1221 1734 1351 1797 imo
1407 1733 1616 1797 cordis
1673 1751 1903 1795 arcana
1957 1739 2019 1795 et
2076 1751 2219 1814 quae
2276 1751 2354 1794 ex

2464 748 2837 813 naturaliter
2863 751 3402 834 comprehendere
3433 768 3548 832 per
3576 748 3975 814 intellectum

2466 867 2588 913 non
2630 848 2865 922 valent,
2906 868 3109 932 quum
3157 850 3422 913 omnino
3462 850 3977 931 supernaturalis

2466 947 2549 1010 sit
2579 947 2716 1026 illa;
2748 947 2841 1010 sic
2870 948 3192 1011 Christum
3222 947 3635 1011 exsistentem
3668 948 3736 1009 in
3764 948 3979 1012 hostia

2466 1045 2764 1128 quaelibct
2794 1045 3214 1127 intelligentia
3242 1045 3613 1109 naturaliter
3642 1053 3856 1130 potest
3882 1047 3979 1110 vi-

2465 1145 2637 1217 dere,
2670 1143 2781 1206 sed
2822 1133 3083 1206 modum
3124 1142 3513 1207 exsistentiae
3550 1143 3693 1224 ejus
3724 1143 3975 1207 ibidem

2468 1241 2822 1323 intelligere
2852 1242 3095 1325 nequit,
3129 1242 3433 1324 quoniam
3462 1243 3977 1324 supernaturalis

2466 1341 2730 1404 omnino
2766 1349 2883 1403 est.
2916 1376 2997 1386 —
3024 1341 3147 1403 Has
3184 1341 3651 1424 propositiones
3691 1340 3981 1406 declarat

2466 1457 2540 1502 ac
2578 1439 2806 1522 probat
2832 1439 3117 1520 AEgidius
3157 1439 3432 1502 multum
3467 1438 3715 1522 prolixe
3748 1457 3765 1501 ε
3798 1441 3979 1523 quod

2468 1536 2763 1600 brevitati
2830 1537 3093 1600 studens
3163 1545 3552 1619 pertranseo,
3613 1539 3979 1619 praesertim

2466 1637 2617 1718 quia
2647 1636 2743 1699 vis
2774 1635 3093 1699 rationum
3123 1635 3265 1718 ejus
3308 1635 3370 1698 in
3403 1635 3815 1719 praeindnctis
3846 1637 3979 1700 vir-

2465 1733 2723 1797 tualiter
2765 1733 3147 1797 continetur.

861 1853 1035 1896 mera
1076 1832 1369 1896 libertate
1415 1831 1646 1895 mentis
1693 1840 1919 1895 creatae
1965 1831 2349 1914 dependent,
2390 1832 2437 1894 B
2545 1833 2849 1896 Praeterea
2876 1832 2955 1894 ad
2985 1832 3177 1906 istud,
3209 1839 3425 1894 utrum
3454 1831 3741 1896 Christus
3774 1834 3970 1898 oculo

856 1931 1128 1996 effectus
1169 1948 1426 2013 quoque
1471 1929 1728 2013 penitus
1775 1929 2214 2010 contingentes
2258 1928 2355 1991 fu-

855 2031 1005 2105 turi,
1063 2029 1522 2093 transcendunt
1577 2027 1930 2091 naturalem
1988 2027 2352 2091 daemonum

856 2128 1305 2210 cognitionem.
1340 2162 1420 2174 -
1448 2128 1715 2208 Insuper
1754 2126 1930 2201 dicit,
1972 2127 2143 2209 quod
2186 2126 2352 2189 Deus

858 2227 1059 2310 possit
1098 2225 1388 2289 absoluta
1428 2225 1714 2308 potentia
1757 2243 2017 2288 causare
2060 2225 2125 2287 in
2168 2225 2353 2288 oculo

852 2325 1130 2409 glorioso
1175 2332 1240 2388 et
1297 2324 1488 2387 etiam
1540 2341 1669 2386 non
1714 2323 1990 2406 glorioso
2035 2323 2351 2387 visionem

855 2424 1138 2506 corporis
1196 2423 1412 2505 hujus,
1464 2422 1758 2504 quamvis
1817 2439 1943 2485 non
2003 2428 2171 2485 esset
2226 2422 2350 2484 nisi

855 2523 920 2586 in
953 2529 1369 2596 sacramente,
1403 2527 1521 2584 etc.
1556 2520 1730 2583 Istud
1768 2528 1864 2582 est
1900 2527 2120 2583 contra
2159 2521 2353 2584 verba

852 2621 1145 2686 Richardi
1193 2619 1557 2702 praehahita.
1592 2619 1828 2681 Verum
1870 2618 2176 2682 absolutae
2218 2637 2351 2682 om-

853 2719 1224 2803 nipotentiae
1254 2718 1364 2782 Dei
1404 2736 1531 2781 non
1563 2725 1661 2780 est
1700 2717 2017 2780 ullatenus
2047 2718 2351 2799 derogan-

851 2818 1030 2892 dum,
1081 2837 1224 2900 quae
1271 2825 1335 2879 et
1383 2815 2121 2900 incomprehensibiliter
2168 2817 2353 2899 plura

852 2923 916 2980 et
963 2916 1204 2997 majora
1249 2934 1322 2978 ac
1371 2914 1762 2978 mirabiliora
1810 2921 2018 2996 potest
2061 2913 2348 2988 efficere,

2464 1931 2775 2013 corporali
2808 1949 2877 1992 se
2906 1931 3119 1993 videat
3156 1929 3221 1993 in
3254 1938 3671 2005 sacramento,
3702 1949 3968 2014 respon·

2462 2030 2569 2092 det
2616 2029 2826 2112 primo
2873 2028 3251 2102 Quodlibeto
3294 2028 3603 2092 Henricus
3636 2029 3964 2104 :Quaestio
4046 2059 4149 2111 φο.

2462 2127 2581 2200 ista
2620 2147 2699 2191 ex
2740 2126 2900 2190 falsa
2950 2127 3401 2208 imaginatione
3445 2126 3752 2209 procedit,
3781 2147 3861 2192 ac
3904 2130 3963 2192 si

2462 2243 2681 2308 corpus
2712 2225 2945 2289 Christi
2974 2232 3143 2288 esset
3169 2225 3708 2288 dimensionaliter
3736 2227 3857 2290 sub
3890 2228 3966 2291 il-

2461 2324 2541 2386 lis
2572 2322 3049 2405 speciebus,vel
3080 2323 3235 2406 ipsae
3262 2323 3693 2388 dimensiones
3723 2325 3964 2388 Christi

2460 2429 2674 2486 essent
2718 2421 2911 2484 simul
2961 2440 3107 2484 cum
3158 2421 3666 2485 dimensionibus
3714 2424 3965 2505 specie-

2460 2538 2627 2594 rum,
2663 2527 2731 2581 ut
2758 2519 2914 2582 alibi
2954 2527 3123 2582 esset
3158 2519 3279 2582 sub
3318 2519 3447 2582 illis
3486 2520 3824 2602 speciebus
3862 2539 3967 2584 as-

2461 2618 2711 2699 signare
2757 2624 2968 2700 caput,
3009 2617 3165 2680 alibi
3214 2617 3430 2700 pedes,
3467 2617 3623 2681 alibi
3668 2619 3965 2695 oculum,

2461 2715 2617 2779 alibi
2667 2734 2893 2778 nasum
2930 2717 3148 2798 :quod
3197 2715 3429 2779 falsum
3480 2724 3597 2790 est,
3630 2718 3783 2800 quia
3829 2726 3971 2782 tota

2460 2813 2816 2877 substantia
2857 2814 3051 2877 totius
3094 2815 3377 2897 corporis
3416 2815 3649 2878 Christi
3685 2823 3784 2879 est
3824 2818 3972 2881 ubi-

2460 2932 2588 2995 que
2635 2913 2755 2976 sub
2804 2920 2936 2976 tota
2992 2914 3207 2996 specie
3262 2914 3665 2989 sacramenti,
3716 2905 3781 2978 et
3838 2917 3969 2980 sub

851 3034 1044 3098 quam
1083 3033 1200 3078 nos
1229 3015 1552 3078 valeamus
1591 3013 1949 3094 concipere.
1983 3013 2218 3076 Tamen
2249 3012 2351 3076 Ri-
2388 3007 2433 3074 C
2461 3010 2747 3094 qualibet
2776 3019 2953 3094 parte
2982 3011 3146 3092 ejuS,
3180 3020 3242 3075 et
3272 3031 3590 3095 nusquam
3618 3013 3972 3079 dimensio-

850 3113 1125 3177 chardus
1168 3112 1308 3176 vult
1351 3112 1584 3188 dicere,
1617 3112 1788 3195 quod
1835 3111 1976 3175 talis
2019 3111 2184 3176 visio
2220 3130 2348 3175 non

851 3218 1060 3294 potest
1088 3231 1226 3274 esse
1258 3212 1322 3273 in
1354 3212 1542 3276 oculo
1571 3231 1648 3275 ex
1681 3211 2102 3294 impressione
2131 3229 2351 3294 corpo·

851 3309 938 3372 ris
977 3308 1207 3372 Christi
1257 3310 1609 3372 secundum
1657 3310 1827 3392 quod
1867 3316 1963 3371 est
2002 3308 2066 3371 in
2104 3309 2349 3372 Eucha-

850 3407 1029 3469 ristia
1060 3425 1075 3470 ε
1107 3408 1277 3490 quod
1321 3408 1474 3471 satis
1520 3407 1788 3490 probare
1833 3407 2103 3470 videtur.

930 3506 1462 3589 Praeterea,super
1489 3506 1589 3568 his
1619 3505 1852 3568 multas
1881 3506 2348 3588 propositiones

849 3604 1072 3667 scribit
1099 3604 1402 3686 AEgidius.
1437 3604 1644 3666 Prima
1672 3612 1807 3667 est:
1841 3604 2126 3667 Christus
2160 3613 2349 3686 prout

847 3702 1095 3766 exsistit
1125 3702 1190 3765 in
1220 3702 1446 3777 hostia,
1477 3702 1681 3765 videri
1712 3720 1840 3765 non
1871 3710 2078 3784 potest
2112 3702 2195 3765 ab
2234 3702 2347 3765 ali-

847 3818 973 3883 quo
1020 3800 1166 3875 ali0,
1217 3801 1402 3864 oculo
1449 3800 1782 3883 corporali.
1836 3800 2126 3864 Secunda
2175 3808 2271 3863 est
2329 3818 2343 3863 :

845 3898 1130 3962 Christus
1176 3900 1364 3963 oculo
1410 3899 1724 3981 corporali
1771 3918 1840 3962 se
1885 3916 2011 3961 non
2057 3898 2232 3962 videt
2280 3898 2345 3961 in

845 3996 1049 4061 hostia
1095 4006 1284 4079 prout
1327 3998 1392 4059 in
1446 3997 1651 4060 hostia
1696 3996 1889 4059 habet
1933 4016 2092 4060 esse.
2140 3997 2347 4061 Tertia

843 4102 940 4158 est
959 4095 1276 4159 :Christus
1307 4096 1372 4158 in
1403 4096 1612 4158 hostia
1640 4094 1815 4158 videt
1845 4114 1912 4157 se
1952 4102 2138 4177 prout
2170 4102 2347 4159 extra

2462 3118 2681 3173 natum
2713 3116 2809 3174 est
2838 3109 2963 3174 nisi
3004 3130 3119 3194 per
3147 3111 3703 3175 concomitantiam
3741 3133 3969 3195 quam-

2461 3210 2626 3272 dam.
2660 3209 2753 3271 Ad
2784 3209 2905 3271 hoc
2934 3216 3149 3273 autem
3190 3210 3360 3291 quod
3395 3210 3681 3274 Christus
3718 3210 3965 3276 alicubi

2459 3308 2793 3383 exsistens,
2824 3308 3038 3371 videat
3066 3328 3133 3371 se
3172 3308 3385 3392 ipsum
3426 3316 3537 3371 aut
3569 3309 3743 3373 aliud
3770 3311 3968 3375 oculo

2459 3407 2794 3489 corporali,
2828 3414 3078 3489 oportet
3120 3407 3289 3490 quod
3340 3407 3429 3470 ibi
3480 3409 3563 3471 sit
3611 3427 3726 3490 per
3772 3430 3863 3485 se,
3896 3420 3969 3475 ct

2458 3505 3023 3569 dimensionaliter.
3059 3506 3134 3569 Et
3178 3506 3349 3569 idem
3387 3506 3731 3569 dicendum
3770 3508 3851 3572 de
3892 3529 3993 3574 re-

2459 3603 2615 3677 visa,
2648 3603 2801 3686 quia
2847 3602 3011 3666 nihil
3058 3603 3311 3667 videtur
3359 3603 3483 3667 nisi
3533 3603 3967 3670 dimensiona-

2458 3701 2610 3776 bilc‚
2642 3720 2761 3765 nec
2804 3702 2979 3765 videt
3020 3702 3167 3785 quis
3214 3702 3341 3766 nisi
3382 3703 3571 3766 oculo
3614 3704 3966 3770 dimensio-

2458 3808 2623 3863 nat0.
2657 3800 2962 3864 Absolute
2991 3819 3142 3882 ergo
3178 3801 3547 3877 dicendum,
3578 3803 3749 3885 quod
3780 3804 3962 3868 Chri·

2456 3907 2591 3962 stus
2623 3905 2690 3961 ut
2718 3907 2816 3963 est
2842 3900 2957 3962 sub
2986 3898 3321 3983 speciebus
3351 3902 3735 3975 sacramenti,
3749 3922 3961 3986 neque

2456 4018 2523 4062 se
2566 4016 2685 4061 nec
2726 3997 2902 4062 aliud
2951 3999 3145 4075 videt,
3180 4018 3297 4062 nec
3344 4018 3382 4061 a
3422 4019 3492 4063 se
3535 4019 3653 4063 nec
3698 4000 3783 4063 ab
3830 4002 3961 4068 alio

2454 4097 2707 4160 videtur
2734 4097 2921 4161 oculo
2948 4096 3511 4180 corporali.Nihilo
3540 4098 3757 4163 minus
3788 4100 3964 4165 Chri-

842 4193 1114 4256 hostiam
1144 4193 1336 4257 habet
1372 4212 1529 4257 esse.
1565 4193 1795 4267 Quarta
1827 4211 1841 4254 ε
1877 4192 2199 4256 Christum
2239 4213 2343 4257 ex·
2374 4196 2426 4261 D
2454 4204 2589 4258 stus
2619 4194 2729 4278 qui
2761 4202 2859 4259 est
2887 4195 3001 4269 ibi,
3034 4196 3210 4259 videt
3238 4214 3307 4261 se
3340 4204 3407 4259 et
3433 4196 3580 4273 alia,
3612 4206 3837 4281 estque
3869 4201 3964 4264 vi-

841 4291 1170 4355 sistentem
1203 4292 1269 4353 in
1300 4292 1506 4355 hostia
1533 4292 1806 4354 viatores
1843 4310 1962 4353 nec
2001 4310 2193 4355 sensu
2224 4311 2345 4356 nec

843 4390 1170 4453 intellectu
1217 4398 1462 4472 queunt
1503 4389 1740 4452 videre.
1791 4388 2020 4463 Quinta
2063 4408 2076 4452 :
2121 4390 2343 4455 Omnis

841 4487 1196 4551 substantia
1237 4495 1525 4570 separata
1565 4487 1886 4551 Christum
1926 4488 2339 4552 exsistentem

841 4586 960 4651 sub
1000 4586 1206 4649 hostia
1245 4605 1360 4668 per
1399 4585 1794 4649 intellectum
1833 4586 2050 4650 videre
2093 4595 2299 4670 potest
2320 4606 2337 4667 3

843 4686 1100 4749 modum
1134 4690 1348 4747 tamen
1378 4684 1724 4747 exsistendi
1763 4685 1904 4766 ejus
1942 4686 2121 4749 nulla
2161 4685 2342 4750 intel-

841 4783 1100 4866 ligentia
1137 4782 1639 4865 comprehendit.
1673 4783 1831 4847 Nam
1870 4802 2085 4847 rerum
2129 4804 2341 4848 essen-

839 4883 958 4945 tias
991 4880 1270 4964 simplici
1311 4888 1583 4944 noscunt
1621 4881 1888 4962 intuitu3
1929 4884 2040 4946 sed
2081 4884 2338 4947 modum

838 4980 1223 5045 exsistentiae
1270 4979 1416 5042 talis
1463 4998 1690 5061 capere
1741 4988 2089 5062 nequeunt,
2136 5001 2337 5064 quum

837 5079 919 5144 sit
951 5078 1206 5162 penitus
1248 5078 1768 5162 supernaturalis.
1823 5080 1983 5143 Hinc
2027 5080 2195 5143 sicut
2238 5100 2339 5145 res

838 5184 1079 5241 creatas
1110 5176 1321 5239 sciunt
1348 5195 1489 5239 esse
1518 5195 1596 5239 ex
1627 5176 1830 5240 nihilo
1861 5178 2342 5260 productas,na-

837 5275 1025 5340 turali
1059 5274 1359 5338 acumine
1397 5272 1496 5338 sui
1541 5274 1921 5352 intellectuS,
1955 5278 2217 5341 modum
2248 5285 2338 5340 ta·

2452 4293 2662 4357 sibilis
2690 4313 2728 4356 a
2756 4312 2825 4357 se
2854 4301 2919 4357 et
2946 4294 3027 4357 ab
3056 4294 3222 4368 aliis,
3245 4312 3373 4358 non
3405 4303 3476 4357 ut
3501 4304 3599 4359 est
3627 4296 3718 4359 ibi
3750 4316 3958 4362 sacra-

2454 4392 2834 4467 mentaliter,
2853 4393 2965 4456 scd
2996 4400 3067 4456 ut
3098 4393 3163 4455 in
3194 4392 3358 4458 coelo
3386 4394 3688 4458 localiter.
3708 4430 3792 4442 —
3810 4397 3959 4462 Haec

2452 4490 2779 4555 Henricus
2815 4491 3011 4574 Cujus
3049 4493 3218 4555 dicta
3257 4501 3605 4556 consonant
3632 4496 3957 4577 praeindu-

2452 4591 2593 4663 ctiS,
2626 4589 2751 4653 nisi
2790 4590 2960 4672 quod
2990 4590 3244 4655 videtur
3283 4590 3609 4657 insinuare
3644 4594 3819 4675 quod
3858 4595 3955 4658 di-

2452 4688 2815 4753 mensiones
2846 4688 3129 4771 corporis
3159 4687 3393 4754 Christi
3422 4698 3488 4753 et
3514 4690 3954 4757 dimensiones

2448 4786 2632 4870 panis
2664 4786 2729 4848 in
2762 4786 2993 4849 Christi
3036 4804 3266 4869 corpus
3307 4788 3620 4863 conversi,
3654 4806 3783 4852 non
3822 4792 3956 4854 sint

2448 4884 2661 4948 simul.
2714 4884 2889 4958 Quod
2938 4884 2992 4947 si
3045 4883 3132 4947 ita
3188 4892 3499 4961 sumatur,
3550 4887 3719 4969 quod
3782 4888 3955 4953 infra

2448 4982 3032 5046 circumferentiam
3072 4982 3296 5047 hostiae
3334 5002 3463 5048 non
3502 4984 3955 5051 contineantur

2445 5090 2555 5145 aut
2584 5081 2714 5145 sint
2744 5088 3028 5165 utraeque
3064 5082 3519 5159 dimensioneS,
3552 5084 3782 5147 salvari
3820 5105 3949 5150 non

2448 5186 2681 5263 posset.
2700 5181 2936 5243 Verum
2967 5188 3064 5243 est
3093 5188 3305 5244 autem
3336 5181 3509 5264 quod
3538 5199 3665 5245 non
3696 5181 3830 5246 sint
3860 5184 3953 5247 ibi

2447 5278 2673 5343 eodem
2704 5279 2915 5355 modo,
2947 5278 3100 5361 quia
3137 5278 3569 5343 dimensiones
3605 5280 3794 5363 panis
3824 5300 3955 5346 ma-
