4267 6250
508 509 593 558 AN
635 511 1049 561 sAannN'rA
1091 513 1256 562 uovA
1297 513 1638 560 mrrmmm·
1679 512 1723 560 A
1763 510 2093 560 vmmus
2135 512 2253 560 PER
2292 511 2411 562 HOC
2451 514 2612 571 Quoi>
2653 513 2931 563 GAnsAm·
2970 515 3245 564 emunt
3350 489 3431 564 53

399 681 664 745 Videtur
705 686 876 766 quod
919 703 1067 748 non.
1099 685 1331 760 Primo,
1364 684 1666 770 quoniam
1703 684 1823 746 cir·
1853 683 1903 746 A
1934 683 2221 747 influunt
2269 685 2335 749 in
2380 686 2695 761 animam,
2729 694 2794 750 et
2838 687 3075 750 habent
3120 687 3428 751 rationem

321 781 632 843 cumcisio
673 781 800 846 fuit
843 791 1312 847 sacramentum
1359 784 1590 846 veteris
1641 783 1820 863 legiS,

319 885 380 939 et
409 879 474 940 in
517 879 659 961 ipsa
690 881 1184 945 circumcisione
1213 882 1413 964 gratia
1451 880 1825 944 infundeba-

317 983 417 1037 tur
447 993 464 1038 ε
497 977 688 1040 aliter
731 979 1040 1060 originale
1085 987 1415 1062 peccatum
1461 981 1526 1042 in
1572 998 1646 1041 ea
1697 997 1822 1042 non

316 1075 630 1155 potuisset
677 1077 898 1140 deleri.
936 1113 1018 1123 —
1066 1077 1379 1151 Secundo,
1433 1085 1825 1140 sacramenta

315 1191 494 1237 novae
535 1175 698 1256 legis
737 1183 888 1239 sunt
927 1176 1258 1240 sensibilia
1296 1176 1586 1258 quaedam
1621 1175 1822 1238 inani-

315 1279 502 1346 mata,
534 1293 684 1356 quae
715 1291 842 1338 non
874 1283 1026 1337 sunt
1052 1274 1269 1356 gratiae
1297 1274 1681 1356 susceptiva,
1704 1292 1822 1335 nec

313 1369 526 1452 aliqua
555 1371 767 1434 virtus
797 1372 1014 1452 gratiae
1055 1371 1375 1435 causativa
1403 1371 1657 1434 videtur
1684 1388 1824 1452 pos-

314 1486 380 1529 se
407 1486 552 1530 esse
582 1468 652 1530 in
684 1468 798 1531 eis.
825 1469 1002 1543 Quod
1031 1469 1203 1531 enim
1235 1475 1332 1531 est
1363 1468 1429 1530 in
1459 1467 1695 1550 aliqu0,
1728 1475 1824 1530 est

317 1567 380 1627 in
411 1566 524 1630 illo
555 1567 918 1629 secundum
953 1568 1210 1631 modum
1243 1574 1306 1630 et
1337 1567 1822 1649 dispositionem

317 1665 516 1746 ipsius
552 1683 567 1727 :
603 1683 680 1726 ea
710 1682 861 1746 ergo
892 1684 1034 1746 quae
1065 1665 1181 1728 soli
1216 1664 1506 1728 rationali
1539 1671 1603 1727 et
1638 1664 1822 1726 intel-

318 1764 572 1826 lectuali
619 1771 864 1828 naturae
912 1765 1152 1839 insunt,
1188 1764 1500 1828 inhaerent
1541 1773 1602 1827 et
1651 1782 1822 1827 com-

1935 783 2255 846 causandi.
2292 785 2525 848 Dicunt
2554 785 2749 860 enim,
2782 787 2952 868 quod
2984 786 3049 848 in
3080 804 3431 849 sacramen·

1933 881 2014 943 tis
2045 882 2232 944 datur
2260 883 2461 964 gratia
2487 892 2738 964 gratum
2770 884 3033 957 facienS,
3054 891 3120 946 et
3148 884 3333 947 datur
3364 886 3429 948 in

1933 979 2024 1040 eis
2053 979 2256 1059 gratia
2284 981 2477 1060 gratis
2510 981 2673 1055 data,
2708 989 2779 1044 ut
2809 983 3134 1044 character
3162 990 3227 1045 et
3254 1000 3434 1045 orna-

1932 1085 2034 1140 ·tus
2082 1077 2345 1158 animae3
2387 1078 2571 1141 datur
2617 1078 2771 1142 item
2823 1080 2887 1142 in
2936 1081 3031 1142 eis
3078 1080 3433 1144 debilitatio

1931 1175 2174 1239 fomitis
2204 1196 2315 1241 seu
2348 1179 2670 1261 expeditio
2702 1179 3146 1261 potentiarum,
3166 1198 3307 1262 quae
3336 1187 3435 1242 est

1931 1273 2227 1337 efficacia
2263 1276 2498 1356 gratiae.
2535 1277 2768 1339 Dicunt
2806 1295 2976 1359 erg0,
3011 1279 3180 1359 quod
3224 1297 3435 1360 respe-

1931 1379 2037 1433 ctu
2096 1373 2314 1454 gratiae
2362 1382 2612 1455 gratum
2672 1374 2987 1450 facientis,
3040 1384 3435 1440 sacramenta

1931 1477 2080 1532 sunt
2119 1489 2309 1534 causa
2346 1471 2484 1534 sine
2522 1492 2649 1554 qua
2688 1492 2814 1536 non
2842 1491 2858 1552 ;
2890 1480 3182 1555 respectu
3218 1481 3429 1537 autem

1931 1567 2602 1632 characterificationis
2648 1578 2712 1633 et
2752 1579 3032 1646 ornatus,
3074 1579 3224 1634 sunt
3265 1572 3433 1636 sicut

1931 1685 2119 1728 causa
2149 1665 2215 1728 ef
2218 1665 2479 1746 ficiens3
2512 1669 2621 1730 sed
2652 1667 3431 1750 respectudebilitationis

1930 1762 2175 1826 fomitis
2205 1784 2277 1826 ac
2309 1764 2789 1829 confortationis
2819 1766 3261 1848 potentiarum,
3281 1775 3431 1830 sunt

317 1869 562 1944 petunt,
599 1862 666 1924 in
699 1862 892 1925 rebus
935 1863 1300 1926 inanimatis
1332 1881 1472 1925 esse
1511 1881 1636 1926 non
1670 1881 1819 1944 que·
1856 1864 1904 1926 B
1933 1881 2122 1924 causa
2152 1863 2517 1946 disponens.
2536 1864 2695 1928 Nam
2728 1865 2895 1927 sicut
2924 1865 3239 1939 videmus,
3259 1867 3428 1947 quod

317 1968 428 2023 unt
462 1961 592 2023 nisi
635 1961 902 2024 omnino
941 1962 1287 2043 aequivoce,
1321 1960 1678 2042 figuraliter
1707 1979 1821 2023 seu

316 2059 580 2141 tropice.

391 2158 482 2221 De
534 2157 658 2220 isto
707 2165 970 2239 possent
1029 2156 1231 2218 multa
1286 2163 1660 2238 argumenta
1707 2174 1823 2238 pro

320 2264 584 2338 utraque
614 2264 796 2338 parte
835 2254 1122 2330 formari,
1155 2256 1266 2318 sed
1302 2255 1585 2318 veritatis
1615 2255 1820 2318 decla—

323 2356 550 2419 rationi
599 2347 992 2418 studendum
1050 2362 1164 2418 est.
1215 2355 1360 2418 Haec
1407 2373 1686 2436 namque
1744 2355 1822 2416 de

323 2453 664 2536 praecipuis
709 2452 1206 2516 difficultatibus
1245 2472 1371 2514 una
1409 2459 1528 2527 est,
1571 2454 1650 2516 de
1698 2472 1824 2536 qua

323 2552 554 2615 diversi
600 2550 1036 2614 diversimode
1073 2551 1316 2634 opinati
1360 2560 1526 2614 sunt.

396 2749 614 2829 ltaque
645 2748 1089 2811 Bonaventura
1116 2748 1284 2812 circa
1322 2749 1458 2811 haec
1490 2747 1770 2830 loquitur
1803 2766 1818 2810 z

322 2847 394 2909 Ut
435 2847 636 2929 aliqui
687 2847 935 2920 dicunt,
969 2855 1364 2910 sacramenta
1409 2854 1559 2909 sunt
1604 2846 1820 2928 gratiae

319 2964 482 3018 vasa,
535 2963 740 3027 quum
799 2945 929 3006 sint
987 2945 1052 3006 in
1112 2945 1338 3007 ultima
1384 2944 1818 3027 dispositione,

1933 1960 2000 2022 in
2030 1962 2405 2042 purgatione
2436 1981 2551 2043 per
2581 1963 2793 2044 ignem
2823 1965 3281 2045 purgatorium,
3301 1965 3431 2027 ani-

1931 2077 2036 2121 ma
2065 2059 2305 2122 habens
2338 2069 2583 2123 reatum
2614 2080 2725 2124 seu
2758 2062 3063 2124 maculam
3089 2062 3428 2138 venialem,

1931 2157 2182 2220 exsistit
2221 2158 2595 2240 purgabiliS,
2628 2166 2693 2221 et
2724 2160 2889 2222 intra
2927 2179 2994 2223 se
3027 2161 3293 2242 gratiam
3326 2161 3432 2224 ba-

1931 2254 2060 2330 bet,
2085 2257 2225 2318 sine
2254 2275 2380 2337 qua
2408 2275 2534 2320 non
2567 2256 2754 2320 fieret
2782 2259 3094 2340 purgati0‚
3113 2265 3211 2322 est
3238 2260 3432 2323 etiam

1933 2353 2020 2416 ibi
2053 2355 2257 2418 virtus
2290 2354 2491 2436 ignis3
2526 2356 2611 2418 ita
2654 2355 2717 2418 in
2750 2366 3144 2420 sacramento
3176 2365 3271 2420 est
3298 2359 3432 2421 ani·

1933 2472 2037 2515 ma
2065 2452 2310 2516 habens
2342 2453 2663 2517 defectum
2696 2462 2761 2517 et
2790 2455 3182 2519 debilitatem
3214 2465 3434 2539 poten-

1931 2551 2190 2626 tiarum,
2243 2559 2339 2614 est
2386 2553 2576 2615 etiam
2625 2554 2827 2634 gratia
2874 2553 2939 2616 in
2988 2555 3201 2617 anima
3258 2555 3430 2619 intus

1931 2667 2223 2732 operanS,
2276 2657 2340 2713 et
2385 2650 2587 2713 virtus
2646 2652 3024 2715 sacramenti
3084 2653 3361 2716 exterior
3412 2671 3427 2717 ε

1930 2747 2168 2830 quibus
2217 2749 2767 2825 concurrentibus,
2814 2749 3193 2813 roborantur
3241 2761 3432 2835 atque

1931 2853 2237 2908 sanantur
2283 2847 2601 2928 potentiae,
2634 2855 2697 2910 et
2736 2847 2938 2929 gratia
2983 2847 3311 2912 efficacior
3354 2849 3433 2913 fit

1931 2945 2167 3007 virtute
2198 2945 2576 3008 sacramenti
2619 2945 2683 3007 in
2724 2965 2839 3008 sua
2878 2946 3263 3028 operatione.
3300 2948 3432 3012 Sic-

321 3061 456 3125 quae
497 3051 598 3106 est
647 3043 1072 3106 sanctificatio
1113 3061 1226 3126 per
1265 3042 1534 3105 verbum
1578 3043 1726 3122 Dei;
1758 3050 1823 3105 et
1856 3042 1899 3105 C
1931 3062 2057 3125 que
2095 3061 2212 3125 per
2250 3042 2401 3105 istas
2444 3043 2887 3108 distinctiones
2926 3044 3184 3108 solvunt
3221 3054 3433 3110 aucto-

323 3142 754 3205 mediantibus
783 3141 934 3215 illis,
953 3142 1420 3205 transfunditur
1451 3144 1515 3205 in
1547 3142 1823 3204 animam

321 3260 386 3303 ac
430 3241 640 3303 abluit
683 3241 886 3322 ipsam
937 3248 1003 3303 et
1046 3241 1225 3321 ungit
1277 3240 1564 3303 interius.
1616 3240 1822 3322 Atque

324 3358 430 3420 pro
475 3346 658 3401 tanto
701 3338 946 3412 dicunt,
981 3340 1149 3420 quod
1199 3345 1594 3401 sacramenta
1641 3356 1820 3402 novae

325 3437 470 3518 legis
516 3444 672 3500 sunt
710 3455 902 3499 causa
942 3437 1180 3517 gratiae,
1213 3444 1278 3499 et
1313 3436 1612 3499 efficiunt
1649 3438 1818 3519 quod

323 3535 618 3617 figurant.
650 3536 792 3598 Non
831 3541 1044 3597 autem
1084 3536 1450 3610 dicendum,
1486 3536 1653 3617 quod
1683 3553 1819 3616 gra-

325 3634 402 3696 tia
443 3632 876 3697 essentialiter
918 3634 1316 3696 contineatur
1358 3633 1420 3695 in
1467 3652 1822 3696 sacramen-

322 3732 417 3805 tis,
469 3732 642 3794 sicut
699 3750 864 3813 aqua
921 3730 987 3792 in
1035 3750 1205 3805 vase,
1257 3738 1321 3793 et
1378 3731 1694 3793 medicina
1754 3731 1819 3792 in

329 3831 595 3913 pyxide3
646 3829 758 3892 sed
807 3828 1108 3891 dicuntur
1155 3829 1420 3911 gratiam
1472 3829 1817 3903 continere,

326 3929 466 4009 quia
521 3926 896 4009 significant
953 3927 1180 4008 ipsam,
1233 3934 1297 3989 et
1345 3927 1466 3989 nisi
1518 3946 1595 3989 ex
1645 3935 1820 4009 parte

325 4025 730 4107 suscipientis
792 4024 1080 4087 defectus
1141 4025 1244 4095 sit,
1305 4025 1504 4105 grat-ia
1565 4044 1818 4107 semper

325 4125 648 4187 confertur
705 4123 773 4185 in
830 4123 1008 4205 ipsiS.
1070 4122 1210 4185 Alia
1267 4140 1522 4205 quoque
1577 4124 1820 4187 ratione

1931 3142 2147 3205 ritates
2188 3162 2329 3225 quae
2370 3142 2527 3224 ipsis
2568 3161 2923 3225 repugnare
2962 3144 3277 3207 videntur.
3313 3146 3431 3208 Ita-

1930 3259 2055 3321 que
2099 3240 2343 3315 dicunt,
2388 3240 2450 3302 in
2490 3241 2901 3304 sacramentis
2939 3261 3079 3305 esse
3126 3244 3429 3307 virtutem

1931 3345 2439 3420 creatam,quam
2474 3346 2766 3401 asserunt
2792 3340 3086 3402 accidens
3117 3360 3277 3415 esse,
3299 3340 3431 3406 imo

1930 3445 1993 3499 et
2031 3436 2327 3499 accidens
2366 3435 2719 3519 spirituale,
2754 3456 2827 3499 ac
2866 3439 3433 3519 supernaturaliter

1931 3553 2070 3597 esse
2099 3535 2166 3597 in
2208 3534 2499 3616 subjecto
2536 3553 2649 3597 seu
2692 3543 3087 3599 sacramento
3127 3554 3431 3620 corporeo

1930 3632 2282 3694 secundum
2323 3632 2613 3695 ordinem
2654 3633 2887 3697 divinae
2927 3634 3379 3700 misericordiae
3412 3655 3427 3700 :

1929 3730 2094 3792 sicut
2124 3730 2328 3792 virtus
2359 3730 2594 3812 agendi
2618 3732 2683 3793 in
2714 3731 3035 3814 spiritum,
3060 3740 3158 3795 est
3186 3734 3252 3795 in
3286 3734 3432 3816 igne

1932 3828 2279 3910 purgatorii
2325 3829 2677 3891 secundum
2722 3830 3012 3892 ordinem
3057 3830 3289 3895 divinae
3334 3832 3433 3914 ju-

1929 3926 2134 3989 stitiae.
2162 3928 2357 4001 Quam
2392 3927 2769 3989 sacramenti
2804 3928 3107 3990 virtutem
3139 3939 3433 3994 asserunt

1931 4026 2095 4088 inter
2135 4025 2481 4088 mediocria
2518 4025 2683 4087 bona
2717 4026 3099 4107 ponendam,
3131 4026 3432 4091 videlicet

1931 4123 2096 4185 infra
2138 4123 2405 4204 gratiam
2449 4131 2511 4185 et
2554 4142 2747 4205 supra
2787 4140 3039 4205 corpus,

327 4230 589 4304 possunt
633 4241 784 4283 vasa
829 4221 1046 4303 gratiae
1093 4221 1401 4303 appellari
1450 4239 1465 4283 :
1515 4221 1816 4303 quoniam
1847 4217 1898 4280 D
2007 4221 2198 4284 Porro
2240 4220 2364 4282 alia
2402 4220 2621 4302 opinio
2659 4220 2851 4283 etiam
2892 4228 2987 4283 est
3026 4240 3425 4303 magnorum,

326 4320 484 4383 sicut
531 4320 704 4401 quod
753 4326 852 4381 est
900 4319 964 4380 in
1015 4337 1186 4392 vase,
1237 4337 1363 4382 non
1415 4326 1512 4381 est
1553 4320 1632 4382 de
1680 4319 1820 4402 ipso

327 4436 438 4480 nec
479 4437 558 4481 ex
604 4417 767 4499 ipso,
797 4424 1013 4479 tamen
1056 4416 1348 4478 hauritur
1394 4436 1469 4479 ex
1521 4418 1694 4499 ipso;
1727 4417 1818 4479 sic

326 4516 518 4596 gratia
545 4534 674 4578 non
708 4522 806 4578 est
841 4534 875 4577 a
906 4514 1318 4577 sacramentis
1356 4533 1473 4576 nec
1504 4515 1583 4576 de
1615 4533 1818 4578 sacra-

329 4614 576 4688 mentis,
618 4614 731 4676 sed
774 4613 980 4675 oritur
1021 4633 1058 4675 a
1101 4612 1276 4675 fonte
1325 4620 1582 4687 aeterno,
1630 4620 1695 4674 et
1740 4632 1818 4676 ex

330 4712 434 4775 illo
471 4712 762 4775 hauritur
799 4711 880 4774 ab
919 4712 1132 4773 anima
1172 4711 1236 4772 in
1277 4712 1708 4774 sacramentis.
1744 4711 1820 4774 Et

327 4811 487 4872 sicut
527 4810 672 4892 quis
714 4809 989 4871 recurrit
1027 4810 1103 4871 ad
1143 4828 1274 4881 vas,
1306 4828 1505 4891 quum
1552 4809 1819 4890 requirit

331 4908 670 4990 liquorem3
721 4908 815 4969 sic
873 4908 1181 4988 quaerenti
1241 4906 1554 4988 liquorem
1601 4906 1818 4987 gratiae

331 5025 441 5068 nec
503 5005 784 5081 habenti,
845 5005 924 5067 ad
986 5012 1381 5067 sacramenta
1443 5011 1540 5067 est
1598 5023 1816 5067 recur-

333 5103 611 5165 rendum.

409 5200 705 5263 Praeterea
749 5198 949 5281 aliqui
1001 5198 1243 5273 dicunt,
1284 5199 1454 5280 quod
1503 5199 1568 5261 in
1618 5217 1819 5261 sacra-

339 5299 559 5361 mentis
596 5305 696 5361 est
731 5297 948 5380 aliqua
974 5296 1179 5359 virtus
1219 5304 1448 5372 creata,
1482 5316 1599 5380 per
1626 5316 1817 5379 quam

1928 4318 2280 4381 dicentium
2340 4319 2508 4400 quod
2568 4318 2632 4379 in
2692 4319 3105 4382 sacramentis
3163 4338 3291 4383 non
3346 4322 3430 4384 sit

1928 4416 2265 4479 causalitas
2303 4416 2538 4497 aliqua,
2572 4434 2690 4478 nec
2729 4416 2933 4478 virtus
2972 4416 3273 4481 effectiva
3308 4437 3427 4482 nec

1927 4514 2301 4595 dispositiva
2359 4514 2436 4575 ad
2492 4513 2781 4595 gratiam,
2832 4533 2973 4595 quae
3024 4516 3105 4578 sit
3154 4516 3423 4599 qualitas

1927 4631 2042 4674 seu
2081 4612 2435 4693 proprietas
2474 4610 2784 4685 absoluta,
2820 4613 2929 4674 sed
2969 4632 3084 4695 per
3116 4614 3421 4678 adsisten-

1926 4711 2080 4772 tiam
2128 4710 2490 4791 quamdam.
2525 4709 2759 4771 Dicunt
2804 4710 2978 4772 enim
3026 4722 3422 4778 sacramento

1925 4808 2232 4871 adsistere
2280 4807 2624 4869 increatam
2674 4807 2998 4881 virtutem,
3044 4827 3185 4889 quae
3233 4828 3423 4873 causa

1926 4913 2022 4969 est
2051 4906 2267 4986 gratiae
2308 4904 2372 4966 in
2414 4904 2804 4986 suscipiente
2844 4923 2960 4985 per
2996 4904 3194 4967 fidem
3226 4915 3291 4969 et
3319 4909 3423 4971 de-

1897 5004 2271 5075 .votionem,
2304 5022 2445 5084 quae
2484 5001 2765 5084 disponit
2800 5001 2878 5063 ad
2906 5002 3171 5081 gratiam
3208 5021 3222 5065 τ
3256 5006 3423 5069 sicut

1925 5103 2003 5165 ad
2035 5100 2304 5164 verbum
2336 5100 2526 5161 Elisei
2562 5100 2699 5181 ipso
2737 5099 3013 5162 Naaman
3053 5119 3121 5164 se
3151 5102 3417 5180 lavante,
3472 5130 3709 5188 ivnem,

1926 5196 2172 5259 adstitit
2208 5197 2409 5259 virtus
2448 5196 2666 5259 divina
2708 5196 3001 5259 efficiens
3042 5198 3416 5280 sanitatem3
3448 5196 3514 5237 ¹⁴·

1928 5302 1992 5358 et
2021 5296 2273 5358 devotio
2306 5313 2380 5357 ac
2417 5292 2781 5357 obedientia
2817 5293 3093 5358 Naaman
3136 5294 3256 5358 fuit
3293 5297 3418 5360 dis-
