4267 6250
119 3629 305 3689 ωυρμ.

114 5295 299 5364 ‘Um-¹·

654 501 877 559 QUAEST.
922 503 969 549 11
1008 503 1025 549 :
1068 502 1269 550 mm!
1311 502 1396 548 An
1435 501 1784 548 BArnsntm
1822 498 2252 557 RBQUmANTUR
2293 500 2467 549 Frons
2509 500 2583 548 ΒΤ
2623 501 2902 558 mivone,
2942 499 3070 547 HG.

3299 480 3416 547 157

340 669 473 733 Haec
498 670 945 735 Bonaventura.
971 672 1091 747 Qui
1120 672 1304 755 plura
1331 671 1557 735 scribit
1583 672 1663 734 de
1692 670 1812 746 his,
1842 670 1891 735 A
1925 669 2164 752 ptizare
2211 676 2426 752 posset
2472 669 2744 752 quilibet
2782 668 2996 745 hom0‚
3039 667 3232 733 etiam
3277 667 3421 732 infi-

342 774 399 829 et
421 766 569 830 alias
594 770 1015 851 quorumdam
1048 789 1268 833 causas
1296 770 1675 850 assignatae
1708 768 1817 830 im-

341 864 568 946 probat,
604 866 769 930 sicut
810 876 877 931 et
914 868 1207 932 Thomas.

409 964 637 1027 Deinde
664 965 1002 1047 subjungit
1032 984 1047 1029 :
1082 966 1337 1048 Triplex
1366 972 1565 1028 status
1606 964 1673 1027 in
1702 964 1813 1027 ho-

338 1060 499 1123 mine
526 1062 935 1145 distinguitur
966 1071 1109 1146 post
1138 1064 1367 1127 animae
1397 1061 1807 1126 infusionem.

336 1158 567 1223 Primus
606 1168 701 1224 est
741 1163 804 1223 in
848 1170 1031 1225 utero
1052 1180 1071 1241 ;
1104 1162 1421 1225 secundus
1459 1169 1637 1224 extra
1677 1168 1811 1223 ute-

338 1276 492 1331 rum,
538 1258 601 1320 in
644 1267 811 1322 statu
861 1260 1191 1339 infantiae3
1240 1260 1467 1322 tertius
1521 1259 1585 1321 in
1644 1266 1810 1321 statu

336 1362 559 1419 naturae
603 1357 851 1421 adultae.
887 1358 957 1419 ln
1007 1358 1217 1439 primo
1265 1365 1431 1420 statu
1480 1364 1669 1419 notus
1716 1363 1813 1419 est

336 1453 485 1533 Deo;
514 1454 577 1517 in
608 1456 891 1518 secundo
922 1455 1329 1535 hominibus3
1362 1456 1428 1517 in
1470 1455 1657 1518 tertio
1686 1454 1810 1518 sibi

340 1552 465 1634 ipsi.
496 1553 563 1615 In
597 1553 806 1635 primo
844 1554 1040 1637 igitur
1079 1562 1265 1629 statu,
1298 1572 1497 1637 quum
1532 1552 1651 1617 soli
1682 1554 1811 1617 Deo

336 1650 409 1712 sit
434 1657 634 1726 notuS,
668 1659 877 1733 potest
916 1652 1059 1733 ejus
1088 1652 1434 1725 voluntate,
1468 1650 1701 1735 pietate
1736 1669 1810 1713 ac

336 1741 689 1811 liberalitate
719 1748 1107 1811 sanctificari
1146 1749 1389 1831 absque
1422 1750 1809 1832 cooperatio-

1922 767 2107 843 delis‚
2151 768 2512 843 haereticus,
2562 767 3030 841 schismaticuS‚
3077 772 3247 849 patet
3291 784 3420 829 non

1922 866 2089 947 exigi
2140 885 2220 929 ex
2267 874 2446 949 parte
2504 865 2883 949 baptizantis
2931 864 3128 928 fidem
3177 883 3416 941 veram,

1923 964 2326 1028 devotionem
2371 972 2436 1027 et
2478 964 2900 1027 intentionem
2941 962 3280 1027 omnifarie
3325 982 3419 1026 re—

1923 1070 2111 1137 ctam,
2145 1081 2510 1145 quanquam
2553 1070 2724 1125 recta
2762 1061 3032 1124 intentio
3059 1061 3420 1144 aliqualiter

1922 1159 2229 1240 exigatur.
2253 1159 2633 1233 —Qualiter
2663 1160 2727 1221 in
2757 1158 2990 1221 adultis
3020 1158 3419 1241 baptizandis

1920 1257 2256 1339 exigantur
2295 1256 2320 1319 f
2324 1258 2456 1321 ides
2495 1266 2686 1339 atque
2721 1257 2996 1331 devotio,
3025 1257 3414 1320 declaratum

1920 1362 2017 1417 est
2064 1374 2279 1438 supra,
2312 1356 2718 1419 distinctione
2765 1364 3009 1438 quarta,
3053 1355 3166 1417 ubi
3213 1363 3418 1418 osten-

1921 1473 2063 1516 sum
2113 1460 2211 1517 est
2266 1455 2586 1537 quomodo
2633 1453 2813 1518 fictio
2857 1455 3254 1537 Baptismum
3304 1454 3419 1517 im-

1918 1552 2154 1635 pediat.

2015 1750 2232 1832 Itaque
2291 1750 2730 1813 Bonaventura
2786 1749 2996 1832 primo
3051 1752 3413 1825 ostendenS,

335 1860 405 1903 ne
432 1842 723 1921 humana,
755 1866 959 1929 quum
989 1850 1271 1911 nondum
1305 1849 1387 1911 sit
1416 1849 1495 1911 de
1532 1847 1672 1911 foro
1702 1847 1809 1909 Ec·
1834 1850 1883 1913 B
1920 1848 2089 1929 quod
2135 1848 2405 1911 intentio
2445 1848 2523 1910 ad
2562 1848 2960 1930 Baptismum
3006 1849 3364 1931 requiratur
3397 1867 3412 1913 :

336 1940 541 2017 clesiae,
573 1962 691 2007 nec
716 1953 905 2009 notus
936 1946 1164 2013 eidem.
1195 1947 1266 2009 In
1306 1947 1588 2010 secundo
1618 1954 1806 2020 statu,

336 2040 471 2120 quia
494 2049 679 2105 notus
718 2052 817 2107 est
856 2045 985 2111 Deo
1022 2052 1213 2127 atque
1254 2044 1575 2121 Ecclesiae,
1610 2063 1811 2108 reme-

334 2136 495 2201 dium
524 2149 731 2222 potest
760 2142 995 2206 habere
1024 2162 1061 2205 a
1100 2144 1228 2207 Deo
1258 2151 1322 2205 et
1358 2143 1642 2207 Ecclesia
1671 2144 1809 2207 sine

334 2238 569 2319 propria
625 2241 1091 2324 cooperatione.
1141 2243 1212 2305 In
1260 2243 1449 2305 tertio
1498 2251 1688 2318 statu,
1742 2242 1808 2306 in

332 2352 444 2415 quo
465 2336 593 2417 jam
622 2348 814 2401 notus
842 2346 939 2403 est
969 2341 1097 2404 Deo
1125 2347 1189 2403 et
1218 2340 1517 2405 Ecclesiae
1548 2361 1620 2404 ac
1660 2341 1810 2404 sibi—

332 2435 589 2517 metipsi,
623 2437 818 2501 habet
859 2439 1175 2519 adjutoria
1220 2459 1257 2501 a
1304 2440 1455 2514 Deo,
1488 2441 1807 2504 mediante

332 2530 613 2609 Ecclesia,
648 2545 1069 2601 concurrente
1099 2538 1359 2621 propria
1385 2557 1501 2601 sua
1530 2539 1808 2603 devotio—

331 2648 402 2693 ne
426 2650 495 2694 ac
522 2632 675 2697 fide.
708 2635 917 2698 Prima
954 2636 1379 2699 sanctificatio
1416 2644 1511 2699 est
1541 2655 1655 2720 per
1685 2638 1809 2719 pri-

332 2729 637 2811 vilegium,
682 2734 961 2797 secunda
1000 2753 1115 2817 per
1150 2734 1359 2815 legem
1398 2752 1804 2799 communem

331 2826 540 2905 datam,
572 2832 762 2894 tertia
792 2851 907 2914 per
936 2832 1143 2915 legem
1184 2832 1511 2909 indictam,
1547 2853 1673 2916 qua
1701 2834 1808 2897 ho-

329 2926 473 2989 mini
512 2929 677 2993 Deus
721 2930 957 2994 indixit
1000 2939 1069 2993 ut
1112 2950 1228 3014 pro
1270 2932 1459 2995 venia
1506 2941 1569 2996 et
1604 2934 1806 3014 gratia

1919 1945 1987 2007 In
2038 1945 2216 2008 omni
2263 1946 2407 2028 (ait)
2453 1953 2847 2009 sacramento
2905 1946 3265 2010 necessaria
3319 1955 3416 2011 est

1920 2044 2212 2119 intentio,
2245 2045 2548 2126 quoniam
2597 2052 2990 2107 sacramenta
3036 2063 3176 2107 esse
3226 2065 3416 2109 suum

1918 2158 2046 2205 non
2091 2141 2332 2205 habent
2367 2162 2406 2205 a
2439 2150 2686 2219 natura,
2719 2142 2830 2206 sed
2866 2142 2947 2205 ab
2993 2142 3412 2207 institutione.

1920 2240 2095 2303 Unde
2141 2241 2193 2304 si
2238 2249 2384 2305 ante
2424 2241 2892 2305 institutionem
2934 2242 3268 2325 Baptismi,
3302 2244 3417 2306 im—

1920 2339 2248 2402 mersisset
2277 2359 2550 2422 puerum
2578 2340 2724 2423 quis
2753 2340 2816 2403 in
2849 2360 3079 2424 aquam
3113 2341 3233 2404 sub
3264 2361 3420 2425 prae-

1918 2437 2158 2519 scripta
2186 2436 2393 2501 forma
2421 2437 2784 2513 verborum,
2798 2458 2926 2501 non
2956 2439 3184 2503 fuisset
3211 2440 3419 2523 Bapti-

1918 2554 2116 2598 smus.
2150 2536 2384 2598 Dicunt
2431 2537 2624 2617 igitur
2670 2538 2954 2620 quidam,
2997 2546 3068 2600 ut
3115 2539 3419 2620 magister

1917 2633 2095 2714 Hugo
2141 2634 2220 2697 de
2263 2634 2322 2697 S.
2357 2634 2630 2709 Victore,
2657 2636 2828 2717 quod
2877 2643 3271 2698 sacramenta
3320 2636 3415 2698 in-

1918 2732 2138 2794 stituta
2176 2739 2326 2794 sunt
2363 2740 2434 2795 ut
2472 2733 2893 2796 exhibeantur
2933 2742 2996 2796 et
3033 2733 3197 2797 fiant
3230 2735 3416 2798 ratio-

1916 2830 2218 2893 nabiliter
2255 2840 2320 2893 et
2355 2850 2434 2893 ex
2473 2832 2828 2895 intentione
2861 2850 2875 2894 :
2910 2832 3053 2896 ideo
3089 2832 3215 2896 nisi
3249 2834 3416 2895 adsit

1918 2928 2210 3003 intentio,
2269 2947 2397 2992 non
2455 2937 2552 2993 est
2607 2938 3095 2993 sacramentum.
3155 2931 3417 3015 Propter

328 3026 396 3087 ad
443 3026 635 3090 Deum
686 3037 987 3092 recurrat.
1036 3030 1245 3093 Prima
1290 3038 1389 3095 est
1428 3049 1801 3114 paucorum,
1834 3028 1879 3093 C
1918 3027 2086 3108 quod
2139 3027 2422 3109 loquitur
2469 3028 2648 3109 Hugo
2699 3046 2714 3091 ε
2765 3029 2920 3092 Vide
2969 3030 3270 3112 quoniam
3320 3048 3414 3092 ra·

328 3133 465 3205 puta
500 3145 721 3190 eorum
763 3129 872 3210 qui
914 3129 991 3192 ad
1032 3129 1289 3212 aliquod
1330 3149 1632 3212 magnum
1662 3131 1806 3194 offi-

329 3221 481 3286 cium
508 3225 786 3308 desuper
811 3227 1301 3310 deputabantur.
1330 3265 1410 3275 —
1439 3230 1583 3294 Haec
1611 3229 1807 3294 Bona-

329 3329 587 3386 ventura.
652 3325 725 3386 ln
785 3323 1023 3407 quibus
1084 3325 1326 3409 aliquid
1389 3328 1671 3409 tangitur
1726 3329 1804 3391 de

328 3421 812 3486 sanctificatione
858 3423 924 3485 in
968 3431 1169 3501 utero,
1203 3427 1281 3489 de
1324 3445 1451 3508 qua
1491 3445 1619 3490 non
1665 3447 1808 3510 pro-

328 3535 537 3601 sequor
566 3521 789 3603 magiS,
823 3523 1127 3604 quoniam
1168 3523 1315 3587 inde
1343 3532 1677 3588 tractatum
1708 3535 1805 3590 est

328 3635 501 3699 super
547 3619 829 3683 tertium.
1794 3628 1805 3638 '

742 3939 1219 4013 QUAESTIO
1285 3941 1363 4004 II

1918 3125 2221 3189 tionabile
2271 3134 2521 3209 oportet
2577 3147 2716 3192 esse
2763 3146 2926 3211 opus
2973 3129 3414 3193 ministrorum

1914 3224 2049 3298 Dei,
2085 3243 2203 3288 nec
2250 3244 2365 3307 per
2408 3225 2604 3288 solam
2654 3225 2924 3289 formam
2971 3228 3412 3310 praejudicare,

1915 3322 2026 3385 ubi
2066 3322 2336 3387 intentio
2381 3325 2558 3386 nulla
2601 3333 2698 3388 est
2733 3327 2980 3406 agendi.
3011 3327 3299 3410 Denique
3334 3328 3413 3390 ad

1912 3421 2034 3484 hoc
2080 3423 2250 3504 quod
2301 3423 2383 3485 sit
2425 3432 2915 3500 sacramentum,
2948 3432 3198 3508 oportet
3242 3426 3414 3508 quod

1912 3519 2118 3584 forma
2147 3529 2212 3585 et
2249 3522 2573 3586 materiale
2611 3524 3001 3587 elementum
3041 3525 3416 3588 ordinentur

1913 3620 1991 3681 ad
2030 3639 2232 3682 unum
2267 3638 2282 3682 ε
2317 3621 2485 3703 quod
2527 3639 2653 3685 non
2686 3630 2783 3685 est
2820 3642 2898 3686 ex
2933 3641 3024 3698 se,
3056 3642 3256 3705 quum
3286 3622 3414 3686 for·

1912 3737 2018 3780 ma
2073 3725 2140 3780 et
2198 3719 2588 3782 elementum
2655 3720 3090 3784 indifferentia
3145 3721 3272 3784 sint
3332 3723 3410 3784 ad

1913 3817 2131 3880 multa.
2181 3817 2328 3881 Ideo
2373 3819 2744 3900 supervenit
2792 3818 3107 3882 institutio
3155 3819 3408 3898 Christi,

1910 3934 2053 3997 quae
2082 3924 2351 3998 utraque
2383 3916 2493 3979 illa
2520 3917 2773 3980 ordinat
2800 3917 2877 3979 ad
2907 3917 3188 4000 aliquem
3215 3937 3410 3982 unum

1910 4013 2218 4076 effectum
2247 4021 2492 4078 certum
2524 4023 2588 4077 et
2627 4015 2966 4097 signatum.
3002 4016 3078 4078 Et
3114 4016 3408 4098 quamvis

1911 4110 2226 4176 institutio
2273 4113 2469 4177 verba
2513 4114 2593 4176 ad
2641 4133 2844 4178 unum
2891 4114 3228 4191 ordinavit,
3279 4133 3409 4180 non

430 4211 687 4275 Ecundo
714 4212 821 4275 hic
852 4213 1179 4296 quaeritur,
1203 4214 1493 4280 Utrum
1524 4215 1624 4282 ad.
1651 4217 1799 4283 Ba-
1829 4213 1881 4276 D
1910 4218 2121 4273 tamen
2162 4213 2450 4288 arctavit,
2483 4213 2636 4295 quia
2677 4213 2756 4276 ad
2798 4213 2998 4276 alium
3039 4233 3228 4276 usum
3269 4231 3410 4296 pos-

455 4313 839 4393 ptismum
896 4315 1407 4394 requirantur
1465 4313 1661 4381 fides
1720 4318 1805 4382 et

322 4407 647 4491 devotio,
667 4413 889 4478 recta
917 4427 1224 4493 quoque
1254 4413 1618 4495 intenae,
1634 4415 1799 4480 tam

321 4519 406 4571 ex
448 4512 677 4590 parte
722 4509 1213 4592 baptlzantis
1259 4525 1497 4593 quam
1544 4512 1797 4594 bapti-

320 4608 495 4767 melei}
513 4707 683 4788 quod
716 4725 793 4768 ex
833 4706 1199 4789 praehabitis
1238 4707 1507 4770 habetur
1540 4726 1798 4792 respon-

46 4791 48 4808 *
114 4804 297 4870 immas.
320 4799 421 4863 sio.
454 4803 659 4878 Quum
688 4805 864 4867 enim
895 4804 1194 4867 infantuli
1230 4805 1491 4888 natique
1521 4806 1701 4882 fatui,
1736 4815 1800 4870 et

321 4899 414 4962 alii
441 4903 699 4984 quidam
731 4903 995 4966 rationis
1031 4923 1151 4966 usu
1191 4912 1499 4978 carenteS‚
1535 4905 1664 4967 sint
1690 4906 1797 4970 ba-

321 4998 603 5078 ptizandi,
636 5009 883 5065 constat
911 5002 1080 5084 quod
1120 5021 1200 5064 ex
1229 5009 1406 5084 parte
1434 5002 1796 5085 baptizandi

320 5115 433 5160 non
471 5100 829 5183 requiratur
866 5100 1029 5163 fides
1067 5101 1326 5183 propria
1365 5120 1574 5183 neque
1612 5103 1799 5166 devo-

322 5193 419 5270 tio,
448 5199 559 5261 sed
586 5198 750 5262 fides
780 5199 1160 5282 devotioque
1190 5198 1507 5263 Ecclesiae.
1531 5201 1794 5277 RursuS,

322 5312 505 5376 quum
543 5297 785 5362 dictum
816 5298 923 5374 sit,
955 5298 1125 5381 quod
1168 5298 1235 5360 in
1276 5299 1653 5362 necessitate
1693 5300 1799 5364 ba-

1910 4318 2059 4372 sunt
2110 4312 2278 4374 sumi
2340 4320 2403 4375 et
2455 4321 2816 4376 sumuntur.
2866 4314 3108 4376 Idcirco
3162 4314 3241 4376 ad
3286 4314 3409 4379 hoc

1909 4409 2079 4491 quod
2118 4409 2495 4473 ordinentur
2531 4417 2596 4473 et
2633 4418 2978 4488 arctentur,
3016 4431 3275 4476 necesse
3313 4421 3410 4477 est

1910 4507 2296 4571 intervenire
2342 4507 2760 4572 intentionem
2810 4510 3112 4586 ministri,
3145 4530 3272 4593 qua
3314 4511 3408 4574 in-

1907 4607 2125 4669 tendat
2168 4604 2280 4670 illo
2322 4614 2465 4671 actu
2510 4615 2576 4671 et
2617 4609 2814 4674 verbo
2863 4610 3054 4674 talem
3100 4609 3408 4674 effectum

1908 4713 2227 4788 praestare,
2279 4706 2381 4769 vel
2431 4705 2654 4770 saltem
2703 4709 2876 4790 quod
2922 4708 3078 4772 facit
3126 4709 3408 4772 Ecclesia

1906 4805 2139 4878 facere,
2189 4813 2300 4868 aut
2352 4813 2523 4869 certe
2571 4807 2744 4888 quod
2793 4808 3080 4871 Christus
3131 4808 3408 4872 instituit

1907 4903 2276 4986 dispensare
2310 4922 2323 4966 :
2351 4904 2590 4987 alioqui
2622 4905 2890 4969 verbum
2921 4914 2985 4969 et
3015 4909 3404 4971 elementum

1907 5010 1978 5064 ut
2013 5003 2356 5084 disjuncta,
2389 5003 2490 5067 vel
2529 5005 2608 5067 ad
2646 5004 2821 5068 aliud
2861 5005 3060 5080 unita,
3091 5024 3220 5068 non
3253 5025 3404 5089 ope-

1906 5100 2218 5164 rabuntur
2259 5102 2431 5164 hunc
2477 5101 2922 5185 baptismalem
2972 5103 3298 5167 effectum.
3331 5106 3404 5167 In

1904 5199 2230 5282 Baptismo
2257 5218 2510 5282 quoque
2541 5199 2704 5263 fides
2733 5208 2832 5263 est
2857 5202 3024 5265 sicut
3051 5221 3242 5284 agens
3274 5203 3408 5265 uni·

1906 5299 2182 5380 versale3
2224 5299 2513 5377 intentio,
2553 5300 2720 5363 sicut
2757 5319 2950 5382 agens
2997 5301 3399 5385 particulare,

3468 1387 3620 1439 queat.
3651 1386 3708 1445 3..
