4267 6250
127 5282 175 5337 C!-
197 5300 230 5341 r·
245 5290 318 5333 ²8⁰

109 5342 232 5393 arne.

607 537 836 594 QUAEST.
881 540 926 585 u
967 539 982 584 Σ
1024 539 1141 587 rm
1180 540 1316 597 ΟΠΞ
1351 539 1553 586 VERBA
1593 539 1808 586 AP‘rms
1849 539 2239 587 nxpmnATmt
2280 541 2811 591 SUPERNATURAUS
2853 544 3186 592 CONVERsm

343 727 480 772 esse
519 709 904 792 specificum
941 719 1006 774 et
1041 717 1245 774 totum
1283 711 1575 775 ordinem
1619 710 1844 794 praedi·
1870 711 1923 775 A
1951 719 2223 786 tantum,
2259 712 2387 777 imo
2418 716 2747 779 materiam
2776 716 2843 780 in
2875 717 3206 781 materiam
3234 725 3300 780 et
3328 715 3449 779 for·
3476 735 3735 792 cfinsssct

341 807 639 870 camenti.
672 809 814 870 Alia
851 827 1107 892 quoque
1150 809 1352 872 multa
1393 809 1844 874 inconvenien-

335 905 421 967 tia
469 905 638 968 mihi
690 906 1080 980 insolubilia,
1121 907 1286 970 hanc
1328 907 1698 990 opinionem
1747 926 1842 971 se-

336 1011 647 1084 quuntur,
684 1012 756 1066 ut
798 1006 967 1088 quod
1012 1013 1221 1088 partes
1265 1005 1660 1068 definitionis
1713 1023 1840 1068 non

336 1110 548 1164 essent
581 1121 810 1178 unum,
842 1103 996 1185 quia
1029 1121 1154 1166 non
1188 1103 1477 1168 dicerent
1505 1123 1696 1166 unam
1731 1123 1839 1166 na·

337 1207 567 1274 turam,
593 1201 708 1262 sed
739 1201 945 1264 solum
978 1201 1264 1264 dicerent
1294 1221 1517 1276 unum,
1536 1201 1838 1284 quoniam

336 1306 550 1360 essent
581 1299 652 1360 in
683 1291 908 1362 eodem
945 1315 960 1360 ε
993 1307 1058 1361 et
1087 1299 1174 1361 ita
1213 1301 1542 1383 superiora
1570 1301 1648 1362 de
1681 1299 1841 1362 infe-

337 1395 616 1458 rioribus
654 1397 1154 1478 praedicarentur
1182 1399 1677 1472 denominative,
1713 1416 1838 1461 non

336 1494 803 1575 essentialiter3
849 1504 915 1558 et
963 1497 1164 1558 multa
1207 1497 1596 1578 hujusmodi.
1639 1497 1841 1560 Habet

339 1591 543 1655 nihilo
589 1594 806 1656 minus
849 1595 1070 1677 opinio
1116 1595 1236 1658 ista
1278 1596 1620 1677 specialem
1666 1596 1838 1658 diffi-

339 1691 670 1766 cultatem,
704 1701 895 1775 prout
920 1694 998 1756 ad
1031 1693 1426 1776 propositum
1459 1694 1734 1776 pertinet
1761 1694 1840 1757 de

337 1807 604 1872 corpore
637 1790 891 1854 Christi.
927 1791 992 1854 Si
1025 1809 1302 1874 namque
1333 1809 1645 1873 ponamus
1679 1791 1840 1854 mul·

335 1895 428 1950 tas
475 1889 542 1951 in
595 1890 824 1952 eodem
874 1889 1228 1972 composito
1277 1889 1534 1964 formas»,
1579 1897 1644 1952 et
1691 1889 1839 1952 sub·
1875 1886 1922 1949 B

335 1988 568 2049 stantia
621 1988 804 2070 panis
847 1989 1240 2052 convertitur
1276 1989 1342 2051 in
1394 2005 1620 2071 corpus
1663 1989 1839 2052 Chri-

335 2086 411 2148 sti
439 2087 637 2168 :quia
669 2087 932 2150 materia
963 2087 1357 2151 convertitur
1386 2087 1452 2150 in
1485 2087 1837 2164 materiam,

335 2192 396 2246 et
429 2183 644 2248 forma
683 2185 750 2247 in
791 2183 1084 2260 formam,
1126 2203 1278 2267 ergo
1314 2192 1446 2249 tota
1487 2185 1842 2249 substantia

335 2283 516 2364 panis
579 2284 975 2346 convertitur
1033 2284 1097 2347 in
1156 2300 1388 2367 corpus
1425 2271 1622 2367 ⁸quod
1684 2285 1840 2348 dicit

335 2390 748 2463 aggregatum
788 2401 867 2445 ex
911 2383 1177 2446 materia
1213 2390 1278 2446 et
1315 2383 1541 2446 forma.
1577 2383 1654 2446 Et
1691 2402 1838 2448 eon-

337 2486 456 2540 stat
501 2480 679 2562 quod
727 2498 958 2562 eorpus
1001 2481 1094 2543 sic
1141 2489 1500 2564 acceptum,
1545 2482 1623 2544 de
1673 2501 1842 2546 com-

339 2578 548 2660 posito
577 2578 981 2660 praedicetur.
1007 2579 1308 2662 Sequitur
1334 2598 1484 2662 ergo
1515 2581 1683 2662 quod
1715 2582 1840 2644 tale

339 2695 573 2758 corpus
619 2675 706 2738 sit
747 2676 1054 2752 Christus,
1095 2696 1172 2741 eo
1214 2678 1385 2760 quod
1428 2677 1714 2742 Christus
1757 2681 1843 2742 sit

337 2774 550 2848 homo,
585 2782 653 2836 et
679 2775 892 2837 omnis
930 2775 1121 2839 homo
1149 2782 1246 2838 est
1274 2793 1506 2858 eorpus
1545 2776 1638 2838 sie
1669 2796 1839 2839 sum·

338 2871 766 2954 ptum‚sicque
795 2873 978 2954 panis
1007 2891 1346 2937 conversus
1378 2881 1547 2937 esset
1575 2874 1639 2937 in
1671 2874 1842 2938 Chri-

337 2977 504 3033 stum
556 2986 573 3032 :
623 2971 796 3053 quod
843 2971 1059 3034 nullus
1107 2972 1416 3036 coneedit.
1470 2973 1642 3035 Hane
1691 2991 1841 3054 ergo

3322 527 3438 592 291

1950 829 2122 873 mam
2167 810 2234 873 in
2276 811 2571 888 formam,
2602 815 2783 895 juxta
2826 835 3086 880 sensum
3138 814 3445 899 praehabi·

1948 918 2106 972 tum.
2141 946 2221 955 —
2257 911 2414 974 Item
2448 913 2617 995 quod
2656 913 2764 989 ait,
2804 914 3083 978 materiae
3131 914 3447 995 organiza-

1947 1007 2189 1070 tionem
2229 1009 2321 1072 nil
2363 1011 2788 1093 superaddere
2819 1012 3109 1076 essentiae
3141 1011 3441 1085 materiae,

1947 1114 2162 1187 posset
2226 1109 2357 1191 pati
2426 1109 2813 1174 instantiam.
2881 1110 3041 1184 Quid
3108 1111 3283 1173 enim
3348 1117 3447 1171 est

1947 1205 2330 1284 organizatio
2362 1207 2485 1270 nisi
2518 1227 2901 1290 organorum
2931 1208 3273 1272 formatio?
3302 1206 3446 1270 Haee

1946 1300 2026 1364 de
2069 1305 2423 1385 quaestione
2472 1307 2591 1370 ista
2640 1306 2985 1371 sufficiant.
3031 1305 3293 1387 Objeeta
3338 1325 3448 1368 au-

1947 1407 2077 1462 tem
2119 1404 2271 1466 satis
2312 1405 2518 1468 soluta
2555 1413 2704 1468 sunt
2741 1413 2850 1467 aut
2893 1404 3059 1467 infra
3098 1404 3443 1467 solventur.

1946 1498 2116 1561 Infra
2155 1520 2409 1584 quoque
2446 1504 2758 1566 addentur
2786 1503 2981 1566 verba
3012 1502 3336 1566 Guillelmi
3372 1503 3451 1565 de

1950 1596 2068 1659 ista
2113 1603 2394 1663 materia.

2391 1915 2863 1990 QUAESTIO
2934 1919 3012 1984 II

2075 2188 2866 2272 Onsequenter‘quaeritun
2888 2191 3041 2259 Per
3070 2205 3243 2272 quoe
3269 2206 3448 2258 ver-

2102 2287 2203 2354 ba
2245 2302 2338 2354 ae
2379 2287 2705 2355 nomina
2748 2290 3015 2369 aptius
3057 2291 3445 2372 exprima-

1949 2385 2088 2452 tur
2125 2385 2296 2450 haeo
2326 2383 2960 2465 supernaturalis
2997 2388 3449 2464 conversim

1949 2499 2051 2550 an
2099 2483 2414 2549 seilicet
2457 2485 2632 2550 istoe
2680 2481 2847 2550 sint
2885 2497 3097 2551 verae
3145 2503 3162 2551 ε
3208 2485 3450 2552 Panis

1950 2579 2045 2644 fit
2087 2593 2375 2659 eorpus
2416 2579 2754 2660 christu
2794 2581 3091 2646 Vinum
3139 2579 3235 2646 fit
3275 2595 3450 2647 san-

1947 2679 2131 2756 guis
2162 2677 2500 2758 christu
2531 2678 2773 2745 Panis
2810 2679 3072 2759 potest
3102 2693 3275 2745 esse
3308 2693 3451 2744 seu

1950 2775 2127 2842 fleri
2186 2791 2471 2858 corpus
2526 2773 2867 2856 christu
2916 2776 3028 2843 De
3086 2791 3286 2859 pane
3340 2775 3448 2843 ta-

1950 2876 2168 2941 ctum
2199 2876 2323 2940 est
2354 2889 2642 2956 eorpus
2668 2874 3009 2956 christu
3039 2875 3263 2954 Quod
3293 2873 3452 2942 Μὴ

1950 2973 2203 3052 panis,
2235 2974 2359 3038 est
2401 2987 2691 3052 eorpus
2734 2972 3066 3039 Christi.

337 3069 714 3151 opinionem
746 3069 826 3133 de
855 3069 1268 3133 multitudine
1298 3069 1649 3134 formarum
1691 3071 1840 3134 sub·
1875 3073 1920 3137 C
2028 3069 2292 3133 Videtur
2328 3070 2497 3154 quod
2542 3089 2691 3148 non,
2727 3071 2877 3154 quia
2921 3071 2987 3135 in
3030 3071 3149 3135 hae
3188 3089 3449 3135 conver-

335 3168 732 3231 stantialium
778 3169 844 3231 in
890 3170 1114 3232 eodem
1164 3187 1292 3232 non
1336 3170 1540 3252 capio,
1585 3189 1702 3234 nec
1749 3178 1840 3234 ta-

337 3286 481 3329 men
532 3267 619 3331 ob
668 3267 791 3330 hoc
847 3267 949 3330 his
1007 3285 1152 3349 quae
1198 3265 1354 3330 fidei
1415 3276 1566 3330 sunt
1625 3268 1838 3331 minus

334 3365 614 3429 assentio
648 3384 664 3427 ε
699 3364 850 3447 quia
895 3366 960 3427 in
1007 3365 1100 3428 eis
1145 3364 1564 3447 captivandus
1607 3373 1704 3428 est
1746 3365 1840 3427 in-

335 3463 646 3525 tellectus.
693 3462 852 3536 Quid
901 3480 1052 3544 ergo
1097 3462 1428 3526 dicimus?
1476 3463 1620 3526 Scio
1669 3464 1839 3546 quod

335 3561 696 3624 substantia
723 3562 906 3644 panis
937 3561 1330 3623 convertitur
1359 3560 1426 3623 in
1455 3580 1678 3623 verum
1711 3579 1840 3624 eor-

335 3678 454 3741 pus
483 3660 747 3734 Christi,
781 3668 845 3722 et
873 3660 940 3722 in
971 3658 1130 3721 illud
1165 3676 1435 3721 numero
1465 3660 1636 3723 idem
1668 3659 1838 3740 quod

339 3758 627 3821 ascendit
664 3758 732 3819 in
771 3757 1028 3820 eoelum.
1062 3756 1192 3820 Hoc
1230 3757 1490 3820 tradidit
1527 3757 1836 3831 ChristuS,

339 3854 456 3917 hoc
499 3862 677 3918 tenet
717 3855 1020 3931 Ecclesia,
1053 3855 1174 3919 hoc
1217 3854 1464 3917 sufficit
1507 3855 1686 3919 mihi.
1722 3855 1837 3919 Cui

337 3960 549 4015 autem
601 3971 730 4016 non
773 3953 1023 4017 sufficit
1066 3954 1209 4029 hoc,
1241 3954 1580 4036 investiget
1615 3953 1837 4036 (salvis

335 4050 489 4115 fidei
537 4051 1004 4135 fundamentis)
1039 4072 1186 4116 cum
1237 4053 1596 4116 reverentia
1641 4072 1714 4115 ae
1763 4052 1839 4115 ti-

335 4168 532 4225 more,
567 4146 842 4233 qualiter
871 4151 954 4213 sit
985 4150 1144 4214 illud
1175 4168 1426 4234 eorpus.
1462 4152 1592 4233 Ego
1621 4158 1836 4215 autem

1949 3169 2128 3232 sione
2160 3186 2288 3231 non
2320 3176 2535 3231 manet
2563 3188 2905 3233 commune
2936 3169 3323 3251 subJectum,
3356 3190 3449 3233 ra·

1948 3266 2120 3330 tione
2152 3266 2339 3346 cujus
2373 3285 2573 3329 unum
2603 3274 3033 3330 extremorum
3064 3268 3267 3350 possit
3295 3286 3449 3350 prae-

1947 3363 2148 3426 dicari
2204 3383 2278 3427 ae
2326 3364 2647 3426 verificari
2695 3365 2773 3428 de
2821 3365 2970 3440 alio,
3023 3373 3087 3428 et
3134 3373 3447 3448 praetactae

1949 3462 2415 3543 propositiones
2473 3470 2709 3543 queant
2764 3464 3054 3542 admitti3
3114 3472 3180 3526 et
3234 3471 3446 3528 tamen

1947 3560 2149 3622 sancti
2198 3561 2405 3622 Patres
2446 3559 2683 3622 talibus
2732 3561 3273 3644 propositionibus
3323 3562 3446 3625 fre-

1949 3666 2221 3740 quenter
2268 3666 2417 3721 sunt
2465 3658 2588 3732 usi,
2641 3666 2712 3719 ut
2758 3660 2992 3741 partim
3050 3660 3321 3722 habetur
3378 3660 3445 3721 in

1946 3764 2145 3831 textu,
2180 3764 2243 3819 et
2282 3755 2535 3838 plenius
2573 3755 2641 3817 in
2680 3755 2967 3831 Decreto,
2998 3757 3077 3819 de
3117 3757 3449 3821 Consecra-

1947 3855 2138 3917 tione.
2173 3854 2408 3917 Verum
2444 3852 2562 3915 ista
2593 3860 2657 3915 et
2685 3853 3045 3916 consimilia
3072 3862 3445 3935 argumenta

1946 3972 2024 4016 ex
2067 3951 2591 4035 responsionibus
2628 3951 2964 4015 solvuntur
3006 3953 3440 4034 sequentibus,

2025 4151 2244 4233 Itaque
2291 4147 2830 4212 Antisiodorensis
2877 4148 2943 4212 in
2994 4149 3255 4213 Summa
3302 4169 3437 4227 sua,

335 4248 500 4313 malo
531 4250 602 4311 in
633 4267 774 4311 mea
803 4248 1216 4331 simplicitate
1245 4248 1607 4331 persistere,
1641 4269 1833 4333 quam
1865 4253 1916 4315 D
1947 4247 2112 4310 libro
2152 4254 2397 4330 quarte,
2429 4247 2510 4309 ad
2552 4245 2670 4310 ista
2716 4248 3058 4331 respondet
3089 4265 3103 4310 ε
3135 4248 3443 4323 Quemad-

333 4348 410 4410 de
439 4347 660 4410 arduis
690 4354 928 4410 temere
955 4347 1504 4429 judicare—Ham
1533 4348 1830 4431 AEgidius.

341 4486 352 4494 -
413 4444 504 4508 Ex
556 4444 744 4526 eujus
791 4446 978 4507 dictis
1028 4452 1199 4529 patet
1239 4444 1592 4508 difficultas
1641 4445 1834 4527 hujus

339 4545 636 4607 materiae.
683 4544 919 4606 Tamen
962 4543 1130 4625 quod
1178 4544 1287 4617 ait,
1329 4543 1684 4605 seeundum
1729 4562 1835 4607 eos

339 4645 446 4726 qui
493 4649 746 4726 ponunt
784 4662 976 4705 unam
1013 4641 1342 4705 dumtaxat
1379 4640 1651 4705 formam
1691 4641 1838 4705 sub-

338 4743 698 4806 stantialem
731 4742 798 4805 in
829 4741 1098 4816 Christo,
1123 4760 1263 4804 esse
1292 4738 1635 4804 dicendum
1669 4742 1836 4824 quod

341 4849 468 4906 tota
509 4842 696 4925 panis
745 4841 1098 4904 substantia
1146 4840 1214 4901 in
1263 4840 1461 4902 solam
1507 4840 1838 4902 materiam

343 4941 627 5025 corporis
667 4940 901 5003 Christi
939 4946 1366 5013 convertatur,
1399 4955 1526 5000 non
1563 4945 1660 5000 est
1699 4938 1838 4999 uni·

343 5039 676 5102 versaliter
701 5057 950 5112 verum,
973 5058 1172 5120 quum
1204 5036 1499 5110 ThomaS‚
1516 5035 1836 5111 AlbertuS,

343 5138 582 5212 Petrus,
615 5136 988 5210 Richardus,
1024 5136 1336 5218 multique
1365 5133 1475 5196 alii
1512 5134 1839 5216 pluralita-

343 5244 468 5299 tem
507 5235 864 5301 formarum
902 5235 969 5296 in
999 5234 1224 5297 eodem
1266 5238 1592 5315 neganteS,
1625 5231 1840 5294 dicant

343 5342 546 5400 totum
576 5331 861 5398 converti
892 5332 960 5395 in
990 5339 1216 5408 totum,
1247 5348 1376 5395 non
1405 5331 1472 5394 in
1505 5330 1836 5393 materiam

1947 4348 2207 4410 modum
2254 4345 2465 4410 Sancti
2508 4352 2842 4422 testantur,
2885 4347 3065 4430 panis
3109 4350 3335 4413 transit
3376 4351 3442 4414 in

1946 4464 2179 4527 eorpus
2224 4444 2481 4520 Christi,
2534 4452 2598 4507 et
2644 4445 2867 4508 vinum
2928 4446 2993 4509 in
3044 4447 3439 4529 sanguinem.

1944 4545 2104 4607 Hinc
2145 4562 2366 4607 omnes
2408 4544 2873 4627 propositiones
2905 4546 3242 4608 transitum
3281 4547 3444 4610 desi·

1945 4650 2233 4725 guanteS,
2265 4650 2414 4705 sunt
2443 4643 2865 4706 concedendae
2897 4644 2961 4705 in
2992 4642 3152 4717 istis,
3176 4651 3248 4706 ut
3275 4646 3447 4727 quod

1947 4742 2130 4825 panis
2178 4741 2406 4803 transit
2452 4740 2519 4802 in
2569 4758 2799 4823 eorpus
2848 4740 3105 4817 Christi,
3146 4750 3209 4804 et
3249 4750 3447 4806 trans-

1947 4840 2410 4903 substantiatur
2446 4857 2519 4901 ac
2560 4854 2678 4901 suo
2709 4838 2897 4902 modo
2942 4847 3223 4902 mutatur
3265 4840 3331 4903 in
3372 4842 3445 4903 il-

1948 4939 2079 5013 lud,
2118 4947 2182 5001 et
2225 4938 2377 4999 item
2430 4935 2598 5018 quod
2649 4936 2831 5018 panis
2875 4936 2952 4998 fit
2997 4955 3228 5020 corpus
3271 4939 3445 5003 Chri-

1947 5037 2047 5099 sti.
2089 5037 2322 5100 Omnes
2367 5051 2621 5117 quoque
2670 5033 2796 5096 illae
2840 5035 3142 5116 negandae
3166 5045 3336 5099 .sunt
3379 5038 3444 5100 in

1948 5132 2184 5216 quibus
2222 5150 2349 5196 non
2389 5131 2791 5215 significatur
2827 5132 3197 5214 hujusmodi
3244 5142 3445 5199 trans-

1947 5232 2094 5305 itu8‚
2145 5230 2312 5294 sieut
2348 5232 2501 5294 dum
2540 5229 2796 5305 dieitur,
2838 5230 3023 5294 Panis
3065 5240 3163 5295 est
3210 5250 3441 5316 corpus

1949 5329 2205 5393 Christi.
2267 5329 2423 5393 Hinc
2482 5328 2710 5393 asserit
2764 5329 3211 5406 Damascenus,
3268 5332 3439 5414 quod
