4267 6250
79 714 127 767 ίῚ.
138 714 289 771 Πνφ.

1032 524 1245 582 numus
1286 522 1631 573 comtum
1669 520 1914 569 manna
1954 520 2450 569 nccmsusricas
2489 521 2718 570 curas
3303 506 3425 570 525

318 692 513 755 homo
552 701 830 775 nequeat
856 694 1038 758 alteri
1076 694 1345 775 gratiam
1384 712 1462 757 ex
1500 693 1819 775 condigno
1845 693 1898 756 A
1929 693 2138 767 hatur,
2171 699 2234 755 et
2275 692 2412 775 ipsa
2453 691 2737 756 Ecclesia
2777 690 3097 775 praedictis
3144 690 3272 754 illis
3315 711 3423 754 au-

76 778 285 831 ⁵²³⁰⁶³¹¹¹¹·
318 791 577 865 mereri,
606 798 823 855 tamen
864 793 1165 855 meritum
1194 793 1337 875 ejus
1370 799 1581 875 potest
1606 792 1817 874 dispo·
1926 790 2091 853 ferat
2117 797 2494 872 potestatem
2525 797 2590 853 et
2612 789 3127 870 jurisdictionem
3163 790 3230 851 in
3264 788 3424 852 alios

76 846 227 895 pun.

72 1486 174 1531 Hebr.
186 1494 293 1541 ruff.

318 888 505 952 sitive
534 898 603 953 et
630 909 711 953 ex
750 908 1031 973 congruo
1062 892 1387 975 cooperari
1427 890 1506 953 ad
1545 890 1814 953 salutem
1928 888 2030 951 vel
2073 888 2470 970 simpliciter,
2517 888 2620 951 vel
2662 895 2971 971 quantum
3021 888 3099 951 ad
3139 887 3422 970 aliquid3

314 985 600 1049 alterius.
634 987 797 1051 Hinc
826 987 1188 1052 benedictio
1216 989 1362 1071 puri
1395 986 1675 1051 hominis
1700 987 1814 1049 du·
1928 994 2174 1049 constat
2210 986 2382 1068 quod
2423 986 2582 1049 tales
2631 985 2918 1049 clavibus
2967 992 3288 1069 nequeant
3329 985 3421 1047 uti

318 1084 463 1165 plex
508 1091 627 1149 est.
664 1086 798 1149 Una
834 1104 912 1149 ex
955 1086 1215 1149 homine
1264 1086 1405 1169 ipso
1440 1094 1741 1168 tanquam
1780 1105 1816 1149 a
1927 1090 2241 1166 quantum
2297 1085 2376 1146 ad
2425 1084 2491 1147 id
2547 1102 2676 1167 quo
2733 1104 2854 1147 usu
2912 1102 3130 1147 earum
3190 1084 3418 1166 privati

316 1183 649 1246 meritoria
690 1202 881 1247 causa
917 1202 1033 1267 per
1070 1185 1403 1267 proprium
1444 1193 1659 1247 actum
1693 1202 1707 1246 ε
1751 1192 1815 1247 et
1926 1190 2093 1246 sunt.
2126 1218 2208 1228 —
2237 1182 2382 1247 Haec
2409 1182 2702 1256 Thomas,
2734 1202 2877 1265 quae
2915 1190 2980 1245 et
3010 1200 3203 1264 supra
3241 1182 3422 1245 indu·
3483 1221 3529 1263 p,
3557 1212 3634 1253 ⁴⁷7
3652 1208 3714 1263 G'.

316 1280 461 1342 talis
498 1281 847 1363 procedere
884 1288 1093 1364 potest
1129 1300 1207 1343 ex
1246 1280 1534 1364 quolibet
1570 1290 1809 1357 sancto,
1926 1288 2027 1343 cta
2067 1289 2237 1343 sunt.
3446 1272 3532 1315 ⁶²⁰·

318 1379 674 1459 praesertim
710 1398 749 1441 a
786 1378 1165 1441 virtuosiore
1206 1379 1285 1441 ad
1330 1379 1544 1441 minus
1582 1380 1815 1443 virtuo-
2004 1378 2298 1461 Amplius
2327 1379 2648 1461 quaeritur‚
2664 1384 2880 1441 utrum
2909 1378 3201 1442 sacerdos
3231 1385 3419 1460 queat

320 1495 485 1549 sum,
515 1476 701 1557 juxta
743 1476 902 1539 illud
940 1476 1223 1560 Apostoli
1259 1494 1274 1539 ε
1306 1476 1455 1540 Sine
1498 1477 1629 1539 ulla
1670 1496 1815 1541 con-
1926 1477 2020 1539 uti
2068 1476 2358 1539 clavibus
2407 1476 2474 1539 in
2521 1494 2777 1540 omnem
2826 1476 3176 1552 hominem,
3228 1484 3292 1539 et
3337 1495 3418 1539 an

318 1574 719 1650 tradictione‚
754 1575 923 1657 quod
956 1576 1171 1638 minus
1199 1582 1317 1649 est,
1350 1594 1387 1639 a
1417 1575 1681 1639 meliore
1710 1576 1817 1640 be·
1926 1592 2182 1656 semper
2227 1574 2428 1656 possit
2473 1573 2804 1637 absolvere
2852 1574 3182 1637 subditum
3229 1592 3418 1636 suum

316 1672 653 1735 nedicitur.
668 1673 827 1748 Alia,
842 1693 969 1756 qua
997 1674 1189 1737 homo
1216 1673 1540 1737 benedicit
1569 1675 1815 1738 homini
1925 1670 2003 1732 de
2045 1689 2452 1754 quocumque
2499 1679 2790 1753 peccat03
2835 1680 3052 1734 utrum
3093 1672 3284 1735 etiam
3327 1672 3422 1734 in-

314 1779 618 1854 tanquam
668 1772 1179 1836 benedictionem
1242 1772 1815 1837 instrumentaliter
1926 1770 2177 1833 terdum
2228 1769 2644 1852 superiorem.
2678 1770 2771 1832 Ad
2814 1787 3088 1852 quorum
3138 1770 3422 1852 primum

315 1868 497 1931 alteri
538 1870 870 1952 applicans
902 1870 1137 1933 virtute
1164 1890 1237 1933 ac
1274 1871 1501 1934 merito
1536 1871 1813 1935 Salvato-
1851 1870 1899 1932 B
1926 1868 2292 1943 dicendum,
2325 1868 2494 1950 quod
2525 1887 2601 1931 ea
2636 1887 2779 1950 quae
2818 1867 2988 1931 circa
3025 1867 3277 1950 singula
3316 1874 3427 1930 aut

314 1965 441 2028 ris:
468 1974 533 2028 et
563 1967 699 2030 haec
728 1959 1090 2031 benedictio
1120 1967 1543 2049 maj0ritatem
1572 1970 1815 2032 ordinis
1925 1965 2272 2047 singularia
2299 1964 2546 2049 operari
2579 1972 2848 2049 oportet,
2881 1982 3010 2029 non
3040 1967 3265 2029 eodem
3298 1983 3427 2029 mo-

315 2064 380 2127 in
422 2064 843 2130 benedicente
886 2067 1175 2150 requirit.
1924 2065 2005 2128 do
2034 2063 2336 2128 omnibus
2367 2072 2759 2147 competunt.
2790 2064 2973 2139 Hinc,
2999 2064 3168 2127 sicut
3198 2072 3428 2147 praeter

394 2164 484 2226 Ex
526 2164 765 2246 quibus
812 2172 987 2248 patet
1024 2166 1105 2228 ad
1154 2167 1504 2230 secundum
1554 2185 1813 2249 respon·
1924 2162 2246 2244 generalia
2286 2163 2620 2226 medicinae
2659 2170 2976 2245 praecepta
3013 2170 3262 2245 oportet
3293 2182 3422 2226 me-

316 2261 433 2324 sio.
482 2262 643 2325 Nam
693 2264 861 2326 sicut
907 2263 1313 2346 participatio
1359 2263 1581 2329 formae
1631 2266 1813 2328 indu·
1924 2260 2099 2323 dicos
2128 2259 2444 2335 adhiberi,
2475 2279 2592 2343 per
2618 2279 2782 2344 quos
2821 2261 3203 2326 universalia
3233 2262 3424 2325 docu-

314 2359 515 2421 cenda
563 2359 853 2436 effectui,
904 2378 1033 2422 non
1091 2360 1387 2442 producit
1444 2379 1563 2423 nec
1609 2360 1816 2423 efficit
1926 2365 2140 2421 menta
2169 2359 2505 2423 medicinae
2534 2359 2804 2440 singulis
2835 2359 3115 2422 infirmis
3147 2377 3425 2442 congrue

316 2457 846 2537 instrumentum3
880 2458 967 2521 ita
997 2476 1116 2521 nec
1146 2458 1494 2521 subtractio
1524 2459 1667 2522 talis
1696 2458 1816 2522 for·
1922 2455 2331 2539 applicentur
2362 2474 2379 2536 3
2440 2456 2526 2519 ita
2582 2457 2648 2519 in
2699 2457 2987 2539 quolibet
3033 2458 3421 2540 principatu,

313 2574 433 2619 mae
470 2575 662 2618 usum
708 2556 1117 2620 instrumenti
1159 2557 1327 2620 tollit
1363 2576 1477 2620 seu
1521 2557 1806 2640 impedit.
1925 2560 2155 2636 praeter
2211 2553 2394 2617 illum
2455 2555 2566 2638 qui
2625 2562 2943 2638 praecepta
3001 2556 3158 2637 legis
3204 2556 3420 2630 tradit,

312 2653 791 2736 idcirco‚quum
821 2654 1013 2720 homo
1042 2655 1124 2717 sit
1154 2663 1401 2718 tantum
1434 2656 1815 2719 instrumen-
1923 2659 2171 2734 oportet
2212 2652 2462 2736 aliquos
2500 2671 2640 2716 esse
2674 2654 2786 2736 qui
2825 2673 2899 2717 ea
2939 2653 3210 2734 singulis
3245 2653 3423 2717 debi-

314 2752 525 2815 taliter
571 2770 765 2834 agens
824 2753 891 2815 in
950 2773 1071 2815 usu
1119 2753 1420 2828 clavium,
1473 2762 1812 2837 quantum·
1922 2758 1987 2813 to
2030 2751 2220 2814 modo
2265 2751 2584 2834 adaptent.
2631 2752 2804 2815 Unde
2847 2761 2911 2815 et
2954 2752 3018 2814 in
3067 2752 3424 2815 hierarchia

313 2869 591 2933 cumque
650 2851 787 2933 ipse
843 2852 927 2915 sit
982 2852 1159 2915 vitiis
1218 2852 1631 2927 deformatuS‚
1692 2873 1811 2916 usu
1922 2848 2190 2923 coelesti‚
2229 2848 2350 2913 sub
2393 2849 2835 2926 potestatibus,
2875 2870 3018 2933 quae
3056 2850 3424 2913 indistincte

314 2948 591 3011 clavium
620 2966 750 3013 non
780 2949 1087 3032 privatur.
1112 2950 1240 3013 Nec
1271 2950 1510 3015 donum
1540 2959 1649 3013 aut
1676 2970 1811 3033 gra·
1921 2956 2226 3029 praesunt,
2273 2956 2598 3031 ponuntur
2654 2948 3075 3031 PrincipatuS,
3124 2948 3235 3032 qui
3293 2949 3426 3012 sin·

311 3048 399 3108 tia
436 3046 649 3110 Sancti
690 3046 965 3130 Spiritus
1006 3048 1087 3111 ad
1128 3049 1404 3111 clavium
1448 3068 1638 3111 usum
1680 3049 1814 3112 exi·
1842 3050 1887 3115 C
1920 3046 2088 3129 gulis
2119 3046 2468 3129 provinciis
2508 3047 2869 3130 prapsident.
2906 3045 3330 3112 conformiter
3357 3047 3424 3109 in
3462 3107 3468 3113 .

312 3145 503 3226 gitur,
545 3146 731 3229 quasi
778 3147 918 3210 sine
962 3147 1163 3229 gratia
1210 3166 1349 3210 esse
1397 3166 1524 3212 non
1573 3149 1810 3229 valeat;
1922 3145 2356 3210 ecclesiastica
2396 3147 2774 3222 hierarchia,
2811 3148 2876 3210 in
2905 3147 3122 3231 aliquo
3160 3165 3288 3211 uno
3329 3156 3426 3210 est

312 3245 421 3307 sed
471 3244 777 3327 quoniam
824 3245 963 3308 sine
1006 3265 1081 3308 ea
1127 3246 1319 3329 digne
1362 3265 1439 3309 ac
1487 3247 1811 3310 meritorie
1922 3242 2292 3306 indistincte
2351 3244 2636 3326 praelatio
2692 3263 2886 3328 super
2938 3263 3184 3320 omnes,
3233 3254 3424 3328 atque

312 3343 594 3406 exerceri
639 3361 767 3406 non
809 3351 1019 3427 potest
1058 3364 1134 3407 ex
1174 3351 1351 3426 parte
1392 3345 1648 3408 utentis.
1682 3345 1811 3409 Nec
1922 3341 2043 3404 sub
2074 3341 2186 3405 illo
2213 3341 2476 3424 alii,qui
2508 3341 2778 3405 diversis
2809 3343 3237 3407 diversimode
3267 3362 3422 3426 prae-

312 3441 453 3504 ideo
494 3442 625 3505 Rex
674 3441 982 3506 coelorum
1032 3443 1389 3526 improvide
1436 3445 1587 3526 agit,
1640 3446 1809 3526 quod
1922 3447 2089 3502 sunt.
2124 3439 2460 3522 Quumque
2491 3459 2645 3502 usus
2683 3439 2962 3503 clavium
3002 3442 3284 3523 requirat
3311 3442 3422 3504 ali-

312 3539 591 3622 indignis
620 3539 933 3603 ministris
961 3541 1331 3604 thesaurum
1361 3561 1547 3604 suum
1574 3550 1639 3604 et
1668 3542 1809 3623 ejus
1922 3557 2116 3621 quam
2156 3538 2543 3620 praelationis
2584 3546 2981 3621 potestatem,
3017 3539 3071 3602 is
3111 3540 3223 3622 qui
3262 3539 3422 3602 indi·

308 3639 744 3720 erogationem
788 3640 1133 3702 committit
1166 3659 1181 3704 :
1216 3640 1519 3722 quoniam
1564 3640 1812 3704 defrau-
1923 3636 2222 3699 stinctam
2259 3642 2637 3719 potestatem
2674 3655 2869 3718 super
2895 3654 3118 3700 omnes
3147 3638 3417 3720 accepit,

310 3737 445 3799 dari
487 3754 615 3799 non
655 3744 885 3820 potest,
919 3757 1037 3800 nec
1068 3737 1237 3817 falli3
1270 3746 1333 3801 et
1363 3738 1541 3802 novit
1568 3757 1647 3802 ex
1680 3758 1809 3801 ma·
1922 3743 2131 3817 potest
2161 3734 2450 3797 clavibus
2485 3735 2580 3796 uti
2612 3734 2678 3796 in
2709 3734 3095 3817 quemlibet3
3127 3736 3238 3819 qui
3268 3754 3422 3800 vero

309 3835 385 3896 lis
444 3834 680 3898 elicere
738 3834 925 3912 bona,
976 3855 1049 3900 ac
1096 3836 1313 3900 omnia
1370 3837 1809 3901 moderamine
1922 3833 2043 3896 sub
2073 3851 2151 3896 eo
2179 3833 2510 3896 distinctas
2538 3841 2924 3916 acceperunt
2954 3841 3318 3916 potestates,
3353 3835 3420 3898 in

304 3931 479 4014 justo
502 3933 801 4016 disponit,
816 3933 984 3996 sicut
1006 3944 1071 3997 et
1094 3934 1295 3998 malos
1326 3935 1640 4018 permittit
1662 3954 1813 4017 prae-
1921 3949 2029 3996 eos
2056 3938 2299 3994 tanturn
2331 3931 2614 3995 clavibus
2638 3932 2731 3994 uti
2757 3940 3039 4015 possunt,
3053 3934 3166 4016 qui
3196 3950 3420 3998 eorum

308 4049 467 4094 esse.
500 4032 879 4096 Intercessio
919 4050 1173 4115 quoque
1212 4033 1426 4097 vitiosi
1466 4035 1810 4098 sacerdotis
1917 4029 2348 4111 jurisdictioni
2396 4029 2780 4105 subduntur,
2833 4031 3096 4114 dempto
3143 4033 3418 4096 necessi·

306 4137 379 4191 ut
426 4130 689 4211 privatae
737 4147 1045 4212 personae,
1097 4130 1457 4194 efficaciam
1506 4150 1635 4195 non
1683 4150 1811 4196 sor·
1920 4129 2067 4192 tatis
2094 4129 2386 4204 articulo,
2402 4129 2469 4192 in
2499 4146 2627 4211 quo
2657 4137 3049 4193 sacramenta
3077 4131 3238 4194 nulli
3269 4139 3420 4194 sunt

307 4228 499 4308 titul-3
541 4228 651 4290 sed
691 4247 767 4290 ea
805 4247 997 4311 quam
1038 4236 1111 4291 ut
1149 4229 1441 4292 minister
1476 4228 1707 4293 Christi
1748 4237 1811 4292 et
1840 4231 1889 4294 D
1922 4228 2307 4308 deneganda.
2341 4263 2422 4274 —
2464 4227 2528 4290 Si
2577 4235 2794 4291 autem
2841 4227 3204 4310 objiciatur,
3248 4231 3416 4312 quod

309 4326 569 4408 publica
608 4344 879 4409 persona
918 4327 1216 4402 effundit,
1248 4328 1481 4391 efficax
1524 4328 1811 4391 redditur
1920 4334 2198 4410 potestas
2227 4327 2469 4390 ordinis
2499 4327 2564 4390 in
2593 4328 2836 4391 cunctis
2866 4329 3298 4393 sacerdotibus
3321 4336 3419 4392 est

310 4425 541 4488 merito
569 4425 823 4489 Christi.
856 4426 1149 4489 Attamen
1182 4432 1451 4507 utroque
1484 4426 1673 4489 modo
1702 4426 1807 4488 de·
1920 4424 2226 4508 aequalis3
2258 4443 2408 4508 ergo
2450 4427 2517 4489 in
2550 4425 2852 4489 omnibus
2890 4428 2968 4490 ad
3002 4447 3182 4510 aeque
3216 4427 3418 4490 multa

308 4529 407 4585 cet
457 4523 813 4587 orationem
862 4523 1206 4586 sacerdotis
1258 4522 1431 4605 plebi
1484 4524 1803 4606 prodesse.
1921 4524 2206 4587 extendit
2235 4543 2302 4587 se
2329 4542 2342 4586 :
2369 4524 2736 4599 dicendum,
2770 4525 2940 4607 quod
2970 4524 3048 4587 ad
3078 4524 3416 4588 absolutio-

384 4622 481 4684 Ad
511 4622 775 4685 tertium
805 4621 1342 4704 respondendum,
1374 4623 1545 4705 quod
1576 4623 1643 4685 in
1672 4641 1805 4687 om·
1920 4641 2068 4684 nem
2100 4641 2138 4684 a
2164 4629 2428 4705 peccato
2467 4623 2815 4705 requiritur
2844 4621 3081 4704 duplex
3119 4630 3415 4705 potestas

306 4720 499 4783 nibus
550 4719 679 4783 illis
728 4726 1003 4802 potestas
1046 4720 1326 4782 clavium
1370 4728 1681 4803 quantum
1729 4723 1808 4784 ad
1919 4719 2493 4794 videlicet,ordinis
2523 4727 2589 4782 et
2613 4719 3093 4800 jurisdictionis,
3110 4720 3186 4782 Et
3209 4721 3418 4804 prima

304 4819 647 4882 essentiam
691 4825 936 4897 manet3
976 4838 1129 4881 usus
1160 4835 1311 4881 vero
1352 4819 1700 4901 impeditur
1730 4839 1808 4883 ex
1922 4819 1986 4882 in
2018 4818 2317 4882 omnibus
2347 4825 2444 4882 est
2473 4818 2891 4901 aequalis,non
2931 4821 3227 4883 secunda.
3243 4821 3412 4897 IdeO,

304 4917 559 4982 defectu
604 4917 905 4980 materiae.
948 4917 1211 4999 Nempe,
1255 4935 1455 4999 quum
1495 4936 1649 4980 usus
1688 4917 1809 4980 cla·
1919 4918 2088 5001 quod
2120 4917 2427 4980 Dominus
2456 4917 2774 4980 universis
2797 4918 3116 5000 Apostolis
3145 4920 3416 4984 contulit

308 5017 485 5080 vium
535 5015 971 5099 praelationem
1016 5015 1083 5077 in
1127 5023 1346 5078 utente
1388 5015 1672 5098 requirat
1714 5035 1810 5079 re·
1918 5023 2295 5099 potestatem
2327 5015 2693 5078 remittendi
2723 5025 3001 5098 peccata,
3034 5017 3416 5101 intelligitur

309 5123 531 5197 spectu
560 5115 703 5196 ejus
734 5115 801 5177 in
832 5133 1027 5197 quem
1065 5114 1285 5190 utitur,
1320 5114 1505 5196 cujus
1546 5115 1811 5178 materia
1919 5115 1998 5178 de
2042 5120 2351 5196 potestate
2397 5113 2686 5177 ordinem
2739 5123 3168 5197 consequente
3211 5133 3226 5179 ε
3267 5135 3411 5200 pro-

310 5221 407 5276 est
452 5214 646 5278 homo
692 5213 1043 5296 subjectuS,
1084 5221 1149 5276 et
1188 5232 1305 5297 per
1344 5213 1807 5277 ordinationem
1920 5220 2139 5295 pterea
2193 5211 2650 5288 sacerdotibuS,
2701 5213 2956 5295 quando
3011 5214 3407 5292 ordinantur,

314 5312 615 5377 Ecclesiae
658 5332 825 5376 unus
870 5313 1053 5376 alteri
1098 5311 1407 5376 subdatur
1451 5331 1525 5375 ac
1566 5311 1809 5376 subtra-
1920 5311 2348 5376 communiter
2378 5310 2570 5374 verba
2599 5310 2709 5375 illa
2737 5311 3058 5376 dicuntur.
3074 5314 3197 5378 Sed
3227 5314 3287 5379 S.
3307 5315 3413 5383 Pe·
