4267 6250
672 510 877 559 mun
916 509 981 557 m
1023 508 1175 557 om
1216 506 1453 555 nvmu
1494 506 1569 553 Π
1609 505 1763 553 GASU
1802 502 2091 553 umarus
2130 504 2328 551 JUSSU'
2369 503 2820 553 commem
2859 504 3090 553 cumn

3305 483 3426 549 573

326 680 547 756 clesia,
568 699 717 764 quae
741 678 989 761 judicat
1015 679 1371 743 secundum
1400 675 1731 740 exteriora.
1752 710 1837 721 —
1858 674 1915 739 A
1940 683 2156 738 utrum
2183 674 2474 740 sacerdos
2504 676 2710 741 sciens
2738 675 2984 759 culpam
3011 674 3282 739 confessi
3309 674 3434 738 alio

324 782 505 845 Idem
534 779 909 852 dicendum,
931 778 985 841 si
1016 779 1297 841 decanus
1325 795 1405 839 ex
1432 774 1833 838 confessione

326 880 492 943 sciat
524 875 797 941 clericos
835 893 983 940 suos
1020 894 1163 940 esse
1200 874 1603 956 irregulareS,
1638 879 1704 935 et
1744 879 1834 934 ta·

328 996 483 1041 men
529 976 703 1040 velle
748 976 829 1039 ad
874 974 1132 1040 ordines
1178 990 1389 1037 sacros
1436 971 1781 1054 procedere
1814 988 1829 1033 ε

326 1076 486 1159 quia
532 1091 665 1138 non
711 1072 905 1137 debet
952 1089 1061 1136 eos
1106 1078 1513 1154 praesentare,
1563 1067 1689 1131 nisi
1735 1068 1837 1150 (ut

328 1180 577 1236 tactum
606 1172 731 1253 est)
748 1170 1184 1254 compellatur.
1204 1170 1381 1232 Tunc
1410 1184 1666 1250 quoque
1694 1182 1837 1229 con·

330 1272 556 1335 silium
594 1277 712 1344 est,
746 1277 819 1332 ιιι
853 1288 974 1333 nee
1011 1275 1229 1351 pastor
1261 1286 1383 1330 nec
1411 1266 1690 1329 decanus
1719 1284 1837 1348 per

330 1389 403 1433 se
440 1370 640 1433 faciat
676 1368 935 1450 aliquod
974 1367 1205 1431 horum
1246 1382 1261 1428 :
1308 1374 1379 1427 ut
1422 1364 1515 1427 illi
1555 1364 1835 1446 amplius

333 1468 815 1532 confundantur
851 1464 1141 1529 interius.
1174 1500 1255 1510 —
1290 1464 1501 1527 Potest
1542 1463 1695 1525 item
1740 1464 1835 1526 in-

333 1567 531 1649 quiri,
585 1566 743 1648 quid
800 1563 1115 1646 agendum
1175 1562 1259 1625 sit
1312 1560 1529 1625 abbati
1587 1562 1699 1643 qui
1755 1579 1835 1624 ex

334 1663 743 1727 confessione
789 1662 891 1725 sui
939 1660 1171 1743 prioris
1226 1667 1339 1724 aut
1382 1660 1644 1726 alterius
1690 1659 1835 1723 offi-

336 1761 487 1825 ciati
531 1762 655 1825 scit
695 1761 909 1844 ipsum
946 1778 1137 1822 suum
1182 1757 1543 1821 officiatum
1582 1776 1723 1821 esse
1767 1759 1833 1820 in

1944 772 2132 835 modo
2181 792 2374 855 quam
2432 792 2548 856 per
2602 774 3091 848 confessionem,
3140 780 3432 836 teneatur

1942 869 2150 933 celare
2196 888 2358 933 eam.
2399 870 2662 933 Videtur
2708 872 2878 953 quod
2927 871 3078 945 imo,
3124 870 3429 953 quoniam

1942 968 2348 1031 Innocentius
2385 967 2549 1051 Papa
2585 968 2654 1031 in
2691 968 2966 1052 quadam
3003 967 3312 1033 Decretali
3350 968 3431 1031 de

1940 1065 2334 1129 Poenitentiis
2399 1073 2464 1128 et
2527 1066 3032 1142 remissionibus,
3089 1066 3180 1130 ait
3237 1084 3252 1129 ε
3312 1065 3430 1141 Qui

1945 1171 2275 1246 peccatum
2333 1163 2460 1227 sibi
2523 1165 2590 1227 in
2649 1164 3050 1229 confessione
3109 1165 3431 1227 detectum

1942 1262 2422 1344 praesumpserit
2465 1262 2768 1337 revelare,
2816 1280 2945 1326 non
3002 1262 3210 1326 solum
3255 1280 3294 1325 a
3340 1280 3433 1324 sa-

1944 1360 2245 1424 cerdotali
2275 1360 2497 1424 officio
2525 1362 2975 1445 deponendum
3004 1361 3429 1435 decernimuS,

1942 1478 2164 1522 verum
2206 1460 2400 1524 etiam
2438 1462 2515 1523 ad
2555 1461 2871 1542 agendum
2903 1466 3274 1542 perpetuam
3305 1477 3433 1541 poe-

1946 1557 2277 1621 nitentiam
2321 1558 2388 1621 in
2430 1566 2680 1622 arctum
2727 1558 3178 1622 monasterium
3227 1559 3434 1621 detru-

1944 1655 2244 1719 dendum.

2026 1753 2103 1816 Et
2147 1755 2684 1837 respondendum,
2734 1755 2904 1837 quod
2951 1755 3122 1817 circa
3169 1754 3291 1817 hoc
3338 1760 3435 1815 est

334 1860 513 1941 gravi
544 1866 831 1941 peccato,
862 1877 901 1921 a
931 1873 1061 1940 quo
1088 1856 1528 1920 verisimiliter
1555 1863 1736 1938 putat
1763 1856 1835 1917 il·
1870 1857 1918 1920 B
1946 1852 2179 1935 triplex
2213 1852 2450 1935 opinio.
2485 1854 2640 1929 Una,
2673 1854 2844 1936 quod
2880 1861 3134 1917 tenetur
3169 1853 3434 1917 omnino

336 1958 473 2021 lum
514 1976 645 2021 non
690 1963 1087 2020 cessaturum
1140 1954 1449 2038 quamdiu
1498 1954 1565 2015 in
1614 1953 1837 2017 officio

338 2056 667 2119 manserit.
729 2054 1105 2129 Dicendum,
1163 2054 1336 2136 quod
1394 2052 1591 2115 abbas
1648 2052 1839 2115 debet

337 2154 576 2217 talibus
614 2153 949 2217 consulere
988 2151 1411 2216 voluntariam
1458 2150 1833 2214 cessionem.

338 2252 513 2327 Quod
553 2253 609 2315 si
650 2251 996 2326 noluerint,
1027 2268 1157 2314 non
1194 2249 1385 2314 debet
1422 2266 1531 2312 eos
1562 2249 1837 2331 depone-

338 2371 427 2426 re,
462 2350 590 2413 nisi
634 2350 893 2413 aliunde
932 2355 1237 2432 appareat
1276 2366 1471 2430 super
1510 2347 1633 2411 hoc
1666 2347 1838 2428 justa

339 2468 529 2513 causa
562 2466 577 2511 :
614 2449 746 2511 imo
782 2446 975 2511 debet
1012 2464 1121 2510 eos
1158 2446 1496 2521 sustinere,
1530 2446 1657 2509 nisi
1692 2446 1838 2508 talis

338 2548 603 2611 exsistat
630 2546 879 2629 religio,
904 2545 971 2608 in
999 2563 1127 2628 qua
1154 2544 1394 2608 subditi
1425 2544 1673 2627 possint
1699 2544 1839 2607 sine

338 2654 487 2711 nota
525 2644 837 2709 diffamiae
876 2644 959 2707 ad
998 2642 1125 2707 alia
1165 2643 1305 2707 loca
1346 2642 1535 2705 mitti.

432 2744 753 2819 Quaeritur
807 2761 1087 2827 quoque,
1135 2762 1218 2805 an
1274 2742 1590 2805 confitens
1635 2740 1839 2823 possit

336 2843 695 2908 confessori
741 2844 891 2907 dare
948 2842 1273 2905 licentiam
1326 2839 1649 2904 revelandi
1694 2858 1837 2923 pec-

336 2951 477 3005 cata
505 2961 655 3025 quae
684 2941 810 3004 sibi
849 2941 1181 3005 confessus
1218 2947 1334 3003 est.
1367 2939 1632 3001 Videtur
1666 2938 1835 3019 quod

1946 1950 2175 2025 celare,
2194 1950 2349 2015 alias
2378 1951 2565 2015 fieret
2592 1952 2802 2035 sigillo
2833 1952 3248 2017 confessionis
3276 1971 3435 2036 prae-

1942 2047 2279 2130 judicium.
2315 2049 2407 2112 Ex
2444 2069 2572 2134 qua
2608 2050 2909 2133 opinione
2947 2057 3302 2134 sequuntur
3329 2050 3436 2113 ab·

1946 2147 2158 2221 surda,
2191 2154 2262 2209 ut
2290 2149 2479 2212 modo
2508 2148 2900 2231 probabitur.
2921 2184 3002 2195 —
3030 2147 3190 2212 Hinc
3219 2168 3439 2213 secun·

1945 2246 2025 2307 da
2059 2247 2280 2329 opinio
2318 2248 2494 2322 dicit,
2526 2249 2698 2330 quod
2737 2248 3054 2313 confessio
3089 2249 3328 2313 claudit
3364 2265 3438 2311 os

1946 2344 2328 2409 confessoris
2371 2348 2580 2429 quoad
2618 2366 2692 2411 ea
2729 2367 2873 2431 quae
2907 2355 3054 2411 ante
3091 2346 3438 2412 confessio-

1946 2462 2093 2506 nem
2121 2443 2380 2507 aliunde
2410 2445 2726 2527 cognovit,
2759 2464 2885 2510 non
2914 2453 3224 2530 quantum
3254 2446 3334 2508 ad
3363 2464 3440 2509 ea

1945 2560 2087 2623 quae
2126 2548 2364 2623 postea.
2407 2543 2660 2606 Etenim
2702 2544 3028 2607 confessor
3069 2544 3440 2626 recipiendo

1947 2639 2436 2716 confessionem,
2485 2642 2610 2705 sibi
2657 2642 2783 2725 ipsi
2829 2660 2900 2706 os
2947 2642 3187 2705 claudit
3230 2642 3440 2725 quoad

1948 2739 2200 2820 cognita
2234 2747 2401 2815 ante,
2440 2740 2782 2823 obligando
2819 2760 2889 2804 se
2931 2742 3010 2804 ad
3059 2740 3438 2805 colationem

1948 2854 2170 2899 eorum
2219 2857 2361 2919 quae
2406 2838 2585 2901 audit
2630 2838 2696 2901 in
2742 2837 3160 2902 confessione.
3201 2839 3438 2902 Verum

1948 2936 2069 2998 ista
2094 2936 2316 3017 opinio
2344 2936 2636 3018 quamvis
2667 2937 2956 3001 videatur
2992 2936 3207 3001 sobria
3238 2937 3440 3019 magis

336 3059 490 3114 non,
524 3040 831 3123 quoniam
861 3040 1031 3121 quod
1070 3059 1109 3102 a
1146 3054 1402 3102 summo
1429 3036 1737 3100 Pontifice
1774 3044 1839 3099 et
1867 3036 1913 3099 C
1947 3051 2142 3114 quam
2190 3032 2419 3115 prima,
2468 3042 2683 3097 tamen
2740 3041 2839 3096 est
2895 3033 3097 3116 magis
3142 3032 3436 3097 absurda.

334 3141 417 3203 ab
472 3139 822 3202 universali
870 3139 1154 3202 Ecclesia
1200 3146 1330 3201 tam
1370 3136 1657 3200 districte
1694 3154 1836 3219 pro-

337 3239 621 3302 hibitum
662 3245 781 3312 est,
824 3255 952 3300 non
994 3245 1201 3320 potest
1242 3235 1511 3299 inferior
1556 3234 1837 3298 relaxare

336 3345 449 3401 aut
490 3336 741 3399 licitum
780 3335 1027 3414 facere3
1058 3341 1123 3397 et
1150 3334 1275 3398 tale
1304 3342 1403 3398 est
1430 3331 1839 3397 manifestare

338 3434 833 3500 confessionem.
889 3433 1267 3508 Dicendum,
1318 3432 1488 3515 quod
1546 3431 1839 3494 sacerdos

336 3551 467 3598 non
501 3531 693 3596 debet
720 3531 1189 3595 consessionem
1220 3530 1517 3605 revelare,
1534 3530 1683 3613 quia
1708 3547 1837 3592 non

336 3633 463 3696 scit
492 3629 785 3694 confessa
822 3630 949 3692 nisi
988 3638 1061 3692 ut
1095 3631 1285 3704 Deus,
1318 3646 1431 3693 seu
1462 3629 1645 3711 quasi
1676 3627 1840 3691 vica-

334 3731 473 3794 rius
503 3730 650 3809 Dei;
676 3730 979 3804 secundo,
1004 3747 1086 3792 ne
1114 3727 1429 3810 populum
1456 3726 1839 3790 scandalizet

335 3837 401 3891 et
438 3829 637 3891 etiam
676 3826 1110 3890 confitentem.
1145 3826 1481 3907 Quumque
1523 3823 1838 3888 confitens

334 3944 527 4008 agere
582 3925 785 4006 possit
841 3924 1014 4007 quod
1065 3923 1359 3986 sacerdos
1408 3923 1517 3984 illa
1562 3922 1722 3985 sciat
1770 3929 1839 3984 ut

336 4025 555 4097 homo,
590 4022 881 4086 faciendo
919 4038 1068 4092 eum
1112 4019 1412 4083 nuntium
1452 4019 1699 4094 talium,
1734 4036 1839 4102 po-

336 4130 465 4187 test
494 4141 647 4186 eum
674 4122 1003 4186 licentiat-e
1030 4120 1110 4184 ad
1140 4119 1567 4194 revelandum,
1585 4119 1841 4203 quando

1948 3132 2105 3195 Nam
2151 3132 2373 3196 eadem
2413 3133 2927 3196 inconvenientia
2964 3139 3322 3216 sequuntur
3363 3151 3442 3196 ex

1949 3248 2044 3303 ea,
2088 3249 2230 3311 quae
2265 3247 2344 3291 ex
2385 3231 2612 3312 prima,
2645 3238 2955 3312 quantum
2993 3232 3073 3294 ad
3111 3231 3232 3294 hoc
3270 3230 3440 3312 quod

1948 3327 2176 3390 asserit
2204 3345 2318 3409 per
2350 3328 2816 3393 confessionem
2855 3348 2927 3393 os
2967 3329 3176 3392 claudi
3212 3347 3442 3411 praece·

1950 3426 2123 3489 denti
2156 3425 2544 3506 cognitioni3
2582 3435 2646 3489 et
2683 3427 2848 3490 ultra
2884 3427 3006 3490 hoc
3045 3425 3443 3490 irrationabi-

1952 3523 2029 3586 lis
2057 3530 2176 3597 est,
2189 3522 2460 3587 dicendo
2488 3524 2658 3606 quod
2689 3524 3005 3588 consessio
3033 3525 3244 3607 potius
3275 3525 3442 3587 clau-

1950 3622 2043 3684 dit
2079 3639 2150 3684 os
2185 3630 2479 3705 respectu
2519 3623 2758 3686 notitiae
2797 3622 3212 3706 praecedentis
3246 3641 3442 3705 quam

1950 3718 2402 3803 subsequentis
2444 3738 2460 3784 ε
2501 3721 2686 3802 cujus
2734 3721 3117 3785 differentiae
3164 3738 3292 3784 non
3337 3737 3444 3803 po-

1950 3826 2073 3882 test
2120 3838 2310 3882 causa
2357 3819 2750 3882 rationabilis
2795 3819 3126 3900 assignari,
3166 3819 3320 3903 quia
3361 3819 3445 3881 si-

1949 3916 2178 3997 gillum
2208 3915 2628 3980 consessionis
2665 3933 2792 3980 non
2831 3917 3032 3998 magis
3070 3903 3446 4000 praejudic‘at

1952 4014 2063 4076 uni
2100 4005 2449 4095 'cognitioni
2487 4022 2551 4076 et
2587 4015 2960 4079 revelationi
2999 4035 3191 4098 quam
3236 4016 3440 4079 alteri.

1949 4147 2029 4158 —
2047 4112 2208 4174 Hinc
2239 4120 2336 4174 est
2363 4112 2550 4175 tertia
2577 4112 2824 4195 positi0,
2841 4113 3068 4177 rationi
3099 4122 3164 4176 et
3191 4113 3445 4177 veritati

338 4240 469 4285 non
512 4222 781 4284 timetur
822 4240 901 4284 ex
942 4221 1065 4284 hoc
1103 4218 1465 4302 periculum
1506 4218 1785 4281 scandali
1821 4237 1836 4280 :
1868 4216 1919 4279 D
1951 4211 2097 4294 plus
2126 4227 2426 4286 consona,
2458 4213 2630 4293 quod
2669 4211 2732 4274 id
2772 4212 2940 4295 quod
2971 4212 3214 4295 duplici
3247 4212 3448 4275 scitur

340 4321 513 4402 quod
554 4321 609 4383 si
652 4319 976 4394 timeatur,
1009 4336 1136 4382 non
1176 4324 1385 4400 potest
1418 4315 1735 4380 confitens
1767 4316 1840 4378 il-

340 4418 471 4482 lam
522 4418 851 4481 licentiam
898 4419 1069 4492 dare,
1111 4435 1231 4479 nec
1279 4416 1605 4479 confessor
1651 4412 1841 4477 debet

341 4537 689 4582 assumere.
724 4517 900 4581 Tunc
930 4533 1083 4580 vero
1110 4516 1470 4579 timendum
1499 4521 1598 4576 est
1624 4513 1703 4576 de
1731 4533 1839 4596 pe-

344 4618 551 4681 riculo
588 4616 892 4692 scandali,
927 4616 1181 4699 quando
1218 4614 1657 4678 verisimiliter
1694 4630 1840 4677 con-

340 4715 455 4798 jici
486 4722 724 4800 posset,
758 4715 929 4797 quod
969 4713 1295 4777 confessor
1326 4710 1669 4775 revelasset
1698 4728 1842 4774 con-

342 4816 693 4880 fessionem
722 4811 1019 4876 confessi.
1044 4812 1173 4875 Nec
1200 4809 1390 4874 debet
1418 4809 1552 4873 dari
1585 4809 1843 4873 licentia

342 4911 671 4976 revelandi
708 4910 835 4974 nisi
876 4909 935 4973 ei
981 4898 1093 4992 qui
1135 4907 1337 4990 possit
1378 4908 1677 4990 prodesse
1722 4925 1843 4971 nec

342 5010 499 5073 velit
544 5009 793 5084 obesse,
836 5015 901 5071 et
944 5008 1025 5070 de
1068 5006 1345 5090 peccatis
1388 5006 1664 5088 propriis
1705 5014 1842 5068 tan-

343 5117 503 5172 tum.
554 5107 715 5171 Nam
772 5106 983 5170 aliena
1028 5113 1289 5189 peccata
1332 5104 1663 5187 propalare
1713 5121 1843 5167 non

344 5208 555 5272 debet.

444 5306 570 5371 Sed
625 5303 797 5368 circa
852 5303 973 5366 hoc
1030 5301 1307 5366 occurrit
1360 5300 1497 5366 haec
1552 5301 1840 5383 quaestio,

1952 4311 2076 4386 via,
2100 4310 2345 4392 duplici
2375 4310 2736 4393 cognitione
2769 4311 3191 4393 cognoscitur.
3215 4311 3448 4374 Potest-

1949 4429 2075 4492 que
2106 4410 2298 4473 homo
2327 4429 2528 4473 unum
2561 4410 2823 4474 modum
2853 4411 3092 4474 notitiae
3123 4409 3444 4485 oblivisci,

1951 4515 2015 4570 et
2049 4507 2313 4571 alterius
2352 4509 2677 4572 reminisci
2713 4527 2728 4572 z
2760 4509 3302 4593 quemadmodum
3332 4508 3448 4591 qui

1951 4606 2193 4689 aliquid
2224 4607 2346 4670 scit
2371 4607 2515 4670 visu
2546 4615 2610 4670 et
2637 4608 2882 4683 auditu,
2916 4615 3124 4691 potest
3151 4606 3445 4672 oblivisci

1952 4724 2021 4768 se
2069 4705 2230 4768 illud
2274 4705 2619 4780 audivisse,
2669 4713 2733 4767 et
2779 4706 3094 4769 recordari
3151 4724 3220 4769 se
3274 4706 3446 4768 idem

1950 4804 2208 4867 vidisse.
2255 4803 2332 4866 Et
2369 4803 2536 4866 sicut
2572 4810 2668 4865 est
2704 4803 2940 4886 duplex
2980 4804 3206 4867 modus
3243 4804 3446 4867 scien-

1952 4902 2039 4976 di,
2073 4903 2162 4965 ita
2199 4910 2264 4964 et
2301 4902 2666 4982 revelandi;
2701 4921 2821 4965 nec
2864 4922 3030 4966 unus
3074 4904 3449 4985 praejudicat

1951 5001 2153 5064 alteri.
2176 5001 2439 5075 Idcirco,
2454 5001 2624 5084 quod
2653 5001 2886 5064 scitum
2917 5008 3013 5064 est
3039 5001 3224 5065 aliter
3251 5021 3446 5085 quam

1954 5101 2019 5162 in
2050 5100 2472 5175 confessione,
2507 5107 2714 5182 potest
2745 5101 2885 5162 sine
2922 5101 3326 5182 derogatione
3367 5101 3449 5163 si-

1952 5200 2087 5281 gilli
2145 5199 2565 5263 conl'essionis
2623 5199 3037 5275 manifestari,
3089 5199 3175 5263 ita
3231 5208 3446 5264 tamen

1954 5299 2123 5383 quod
2176 5299 2400 5362 modus
2447 5297 2688 5362 sciendi
2744 5316 2824 5363 ex
2869 5300 3268 5365 confessione
3315 5318 3446 5365 ma-
