4267 6250
845 484 964 551 142

1534 500 1600 547 m
1640 498 1863 547 numm
1904 500 1965 545 lv
2006 494 2493 545 summm!-
2532 513 2614 524 —
2652 496 2808 544 msT.
2845 496 2926 559 V3
2968 497 3195 554 QUAEST.
3237 500 3258 545 1

840 675 918 737 ad
962 672 1313 736 Ecclesiam
1356 690 1472 755 per
1510 668 1953 753 poenitentiam
1994 666 2340 740 redeundo,
2370 665 2423 729 A
2451 684 2577 730 non
2625 675 2723 731 θεῖ
2771 668 3068 751 proprius
3117 667 3407 731 minister
3451 666 3782 750 Baptismi,
3829 685 3952 731 nec

840 773 1108 853 gratiam
1150 778 1648 853 consequuntur.
1685 768 1799 842 Qui
1844 774 2057 829 autem
2097 765 2178 828 ab
2219 764 2344 827 hae-

841 870 1057 933 reticis
1088 868 1385 952 baptizati
1420 874 1589 942 sunt,
1617 866 1747 929 nati
1780 864 2099 937 Ecclesiae,
2123 862 2344 926 dicun-

838 977 945 1032 tur
994 968 1118 1031 filii
1177 966 1497 1041 Ecclesiae,
1552 984 1677 1029 non
1726 964 1910 1047 quasi
1955 961 2255 1045 baptizati
2305 979 2342 1022 a

840 1066 1010 1129 veris
1060 1064 1360 1128 Ecclesiae
1410 1062 1586 1137 filiis,
1629 1063 1739 1125 sed
1788 1070 2091 1143 tanquam
2139 1058 2339 1121 renati

839 1183 916 1227 ex
949 1162 1188 1247 Spiritu
1233 1163 1483 1236 Sancto,
1518 1169 1580 1224 et
1617 1159 1908 1223 associati
1948 1177 2020 1221 ac
2054 1158 2342 1239 incorpo-

839 1263 956 1325 rati
1009 1260 1308 1324 Ecclesiae
1368 1278 1483 1342 per
1532 1258 1961 1322 ministerium
2014 1255 2342 1320 haeretico-

841 1379 1004 1423 rum.
1037 1360 1148 1423 Vel
1184 1376 1527 1441 possumus
1564 1357 1799 1431 dicere,
1834 1355 2003 1438 quod
2034 1354 2202 1416 Deus
2231 1370 2342 1434 ge—

842 1458 985 1521 nuit
1026 1458 1169 1521 illos
1212 1458 1289 1520 de
1330 1456 1633 1530 Ecclesia,
1668 1455 1733 1517 id
1772 1460 1869 1517 est
1906 1453 1985 1515 de
2023 1449 2341 1515 haereticis

840 1576 952 1619 seu
1001 1555 1284 1639 paganiS,
1318 1555 1671 1617 secundum
1714 1552 1777 1614 id
1822 1551 1991 1634 quod
2038 1568 2186 1611 cum
2232 1548 2343 1609 Ec-

841 1655 1036 1717 clesia
1083 1654 1320 1716 habent
1368 1652 1727 1716 commune.
1761 1685 1842 1695 —
1884 1648 2028 1711 Haec
2071 1646 2343 1710 Antisio-

838 1753 1125 1816 dorensis
1171 1752 1237 1813 in
1281 1750 1545 1814 Summa
1583 1767 1719 1823 sua,
1761 1746 1927 1809 libro
1969 1752 2213 1827 quarto.

2448 766 2723 847 alicujus
2753 767 3156 841 sacramenti,
3191 766 3300 829 sed
3339 766 3704 848 aliquorum
3743 784 3954 829 sacra—

2452 864 2850 939 mentalium,
2913 872 2984 928 ut
3038 864 3398 928 exorcismi.
3434 873 3499 927 et
3553 863 3954 947 expulsionis

2453 962 2932 1026 immundorum
2970 982 3008 1025 a
3049 962 3308 1037 diviniS,
3342 970 3414 1025 ut
3450 982 3651 1045 quum
3695 963 3952 1037 clamat,

2451 1062 2516 1124 Si
2545 1062 2691 1144 quis
2718 1062 2972 1125 Judaeus
3002 1070 3116 1136 θεῖ,
3129 1062 3460 1142 abscedat3
3483 1068 3546 1124 et
3573 1060 3955 1124 eruditionis

2449 1177 2672 1222 eorum
2703 1160 2813 1243 qui
2849 1160 3141 1242 ignorant
3179 1160 3455 1243 qualiter
3483 1160 3718 1223 habere
3748 1179 3818 1222 se
3848 1161 3956 1221 de—

2450 1258 2663 1333 beant,
2715 1266 2784 1321 ut
2831 1278 3032 1341 quum
3083 1258 3259 1333 dicit,
3314 1258 3668 1321 Flectamus
3718 1277 3952 1340 genua,

2450 1356 2574 1431 vel,
2609 1357 2950 1421 Humiliate
2986 1375 3119 1433 voS,
3153 1358 3231 1420 ad
3272 1356 3810 1431 benedictionem,
3843 1364 3954 1419 aut

2450 1453 2662 1517 simile
2691 1454 2953 1538 aliquid.
2971 1455 3129 1518 —Si
3159 1463 3372 1519 autem
3403 1455 3762 1537 objiciatur,
3781 1455 3954 1538 quod

2450 1550 2812 1633 Baptismus
2860 1552 3053 1615 habet
3102 1571 3372 1636 purgare
3410 1570 3424 1615 :
3465 1571 3616 1634 ergo
3664 1553 3953 1615 diaconis

2451 1650 2780 1730 convenit3
2813 1658 2876 1713 et
2907 1670 3148 1725 rursuS,
3175 1652 3342 1733 quod
3374 1652 3452 1714 ad
3484 1652 3782 1715 diaconos
3813 1669 3954 1733 per-

2451 1746 2611 1809 tinet
2643 1748 3054 1831 Evangelium
3087 1750 3451 1831 praedicare,
3486 1750 3654 1832 quod
3685 1758 3782 1812 est
3812 1749 3956 1811 illu-

917 1851 1224 1914 Praeterea
1254 1850 1331 1912 de
1369 1849 1471 1911 his
1500 1847 1770 1911 Thomas
1810 1843 2179 1917 conscribit,
2214 1843 2339 1926 pri-
2373 1845 2422 1908 B
2454 1846 2695 1909 minare
2729 1864 2742 1908 :
2777 1864 2928 1927 ergo
2971 1854 3236 1929 possunt
3278 1847 3672 1930 Baptismum
3717 1856 3782 1910 et
3826 1847 3953 1910 alia

842 1967 947 2014 mo
988 1949 1379 2033 respondens
1419 1948 1497 2011 ad
1538 1946 1730 2020 istud,
1763 1964 1843 2007 an
1874 1962 2002 2008 non
2038 1942 2336 2026 baptizati

839 2050 1089 2112 valeant
1142 2048 1460 2129 baptizare
1514 2064 1528 2108 z
1578 2043 1962 2127 BaptismuS,
2014 2041 2336 2124 inquiens,

841 2148 1007 2210 inter
1048 2146 1264 2208 omnia
1313 2150 1709 2207 sacramenta
1751 2148 1845 2204 est
1895 2140 2188 2203 maximae
2230 2158 2338 2201 ne-

841 2245 1174 2317 cessitatiS,
1210 2250 1345 2305 tum
1387 2242 1538 2324 quia
1566 2241 1783 2323 pueris
1824 2256 1949 2301 non
1990 2245 2198 2321 potest
2225 2237 2339 2300 ali-

840 2351 937 2406 ter
988 2341 1340 2415 subveniri,
1390 2348 1528 2403 tum
1578 2338 1881 2422 quoniam
1938 2355 2058 2400 nec
2105 2336 2340 2399 adultis

840 2449 1151 2524 quantum
1214 2441 1291 2503 ad
1352 2438 1547 2502 totius
1602 2455 1808 2519 poenae
1870 2434 2334 2499 remissionem.

839 2541 1000 2604 Hinc
1031 2559 1172 2622 quae
1201 2539 1279 2601 ad
1308 2537 1705 2621 Baptismum
1744 2535 2104 2599 necessario
2132 2533 2340 2616 requi·

838 2646 1087 2711 runtur,
1121 2637 1403 2720 oportuit
1445 2633 1971 2699 communissima
2013 2650 2175 2706 esse,
2207 2639 2338 2693 tam

838 2757 915 2801 ex
948 2743 1125 2819 parte
1169 2734 1450 2799 materiai
1475 2734 1647 2816 (quae
1686 2738 1783 2795 est
1820 2750 2005 2813 aqua,
2039 2738 2104 2793 θῖ
2132 2736 2342 2812 potest

841 2834 1061 2898 haberi
1112 2833 1401 2916 ubique),
1440 2850 1633 2913 quam
1678 2849 1755 2892 ex
1806 2836 1985 2911 parte
2034 2828 2336 2902 ministri,

839 2934 925 2996 ita
975 2940 1045 2995 ut
1092 2931 1368 3015 quilibet
1412 2930 1604 2992 homo
1652 2927 1973 3011 baptizare
2024 2926 2227 3009 possit
2271 2926 2339 2987 in

2449 1950 2840 2006 sacramenta
2879 1943 3189 2007 conferre.
3226 1944 3601 2019 Dicendum,
3636 1944 3807 2027 quod
3835 1945 3948 2008 Ba—

2447 2042 2722 2124 ptismus
2779 2059 2906 2105 non
2964 2042 3172 2105 solum
3234 2042 3425 2105 habet
3483 2061 3776 2125 purgare,
3831 2044 3944 2105 sed

2447 2140 2640 2202 etiam
2671 2139 3058 2215 illuminare,
3083 2148 3154 2202 ut
3181 2140 3240 2203 S.
3266 2140 3604 2224 Dionysius
3635 2141 3938 2223 loquitur.
4031 2166 4098 2209 ι),
4137 2166 4242 2209 ω,

2446 2237 2539 2300 Ad
2570 2238 2906 2301 diaconum
2939 2256 3193 2321 quoque
3225 2240 3500 2321 pertinet
3529 2240 3945 2321 Evangelium
3970 2228 4090 2272 ‘'⁵“-
4111 2243 4150 2271 ο·
4171 2244 4210 2271 *-

2447 2336 2793 2418 praedicare
2833 2336 2911 2401 ad
2951 2338 3374 2418 purgandum,
3407 2338 3580 2420 quod
3620 2347 3718 2401 est
3761 2338 3946 2421 quasi

2448 2434 2686 2515 linguis
2716 2434 2923 2516 loqui3
2955 2434 3034 2497 ad
3064 2436 3458 2499 sacerdotem
3487 2453 3642 2499 vero
3670 2437 3952 2519 pertinet

2448 2532 2853 2615 interpretari
2900 2541 2964 2594 et
3009 2532 3349 2608 exhortari,
3401 2534 3570 2616 quod
3621 2543 3720 2598 θεῖ
3763 2534 3950 2617 quasi

2447 2632 2846 2714 prophetare.
2881 2630 3042 2693 Hinc
3081 2632 3436 2695 secundum
3473 2632 3811 2708 Isidorum,
3845 2632 3952 2695 ba-

2450 2729 2728 2811 ptizandi
2781 2728 3212 2793 ministerium
3268 2749 3388 2793 nec
3443 2730 3732 2794 diaconis
3789 2730 3951 2814 ipsis

2449 2835 2545 2890 est
2588 2826 2856 2890 licitum.

2527 2925 2831 2989 Praeterea
2861 2943 3051 2989 nemo
3080 2946 3148 2990 se
3180 2925 3392 3009 ipsum
3433 2936 3639 3010 potest
3669 2928 3950 3011 baptiza-

838 3029 1481 3093 necessitate.Verum
1513 3027 1681 3089 sicut
1708 3024 2131 3089 sanctificatio
2159 3042 2340 3106 aquai
2375 3023 2419 3086 C
2450 3042 2539 3099 re,
2563 3024 2715 3107 quia
2743 3044 2812 3087 se
2842 3024 3052 3107 ipsum
3086 3044 3212 3089 non
3245 3032 3451 3109 potest
3478 3026 3758 3109 gignere.
3785 3028 3956 3090 Atta-

840 3138 905 3194 et
948 3128 1311 3192 benedictio
1349 3126 1745 3209 Baptismum
1790 3125 2178 3207 praecedens,
2211 3141 2339 3186 non

840 3236 992 3291 sunt
1047 3228 1127 3290 de
1188 3226 1565 3289 necessitate
1626 3223 2028 3298 sacramenti,
2088 3222 2200 3284 sed
2263 3222 2340 3284 de

840 3326 981 3407 ejus
1012 3324 1404 3398 solennitate,
1430 3341 1621 3404 quam
1652 3322 1789 3385 sine
1816 3319 2175 3384 rationabili
2207 3339 2343 3382 cau·

841 3443 911 3487 sa
958 3441 1085 3486 non
1133 3422 1282 3485 licet
1324 3422 1640 3494 omittere,
1692 3427 1954 3503 propter
2002 3418 2344 3482 institutio-

840 3541 989 3586 nem
1050 3519 1385 3599 Ecclesiae3
1434 3519 1526 3582 sic
1576 3527 1640 3582 et
1688 3519 2003 3582 ordinatio
2060 3516 2341 3579 ministri

840 3639 966 3684 non
1018 3627 1117 3683 est
1162 3619 1241 3681 de
1284 3617 1660 3682 necessitate
1708 3615 2088 3680 sacramenti
2134 3614 2343 3697 Bapti-

840 3719 983 3794 smi,
1018 3718 1128 3781 sed
1159 3718 1237 3780 de
1268 3715 1663 3780 solennitate.
1700 3715 1778 3778 Et
1805 3722 2028 3797 peccat
2056 3714 2170 3796 qui
2210 3730 2340 3775 non

838 3817 1164 3880 ordinatus
1204 3815 1503 3897 baptizat,
1535 3814 1663 3877 nisi
1704 3813 2081 3876 imminente
2121 3830 2339 3874 neces-

838 3917 1056 3994 sitate3
1079 3923 1295 3978 tamen
1326 3920 1795 3976 sacramentum
1828 3912 2093 3975 confert.
2107 3911 2340 3992 Sicque

836 4023 1052 4078 actum
1083 4012 1278 4075 istum
1320 4010 1790 4074 hierarchicum
1822 4010 1988 4073 Deus
2020 4009 2340 4072 universis

839 4111 1156 4176 concessit
1213 4117 1471 4192 propter
1518 4109 1987 4182 necessitatem,
2039 4108 2342 4191 quemad-

2448 3143 2592 3187 men
2619 3142 2746 3188 non
2775 3125 3126 3206 baptizatus
3153 3133 3360 3208 potest
3383 3125 3582 3189 alium
3607 3125 3948 3209 baptizare,

2449 3231 2520 3284 ut
2569 3223 2812 3286 dictum
2861 3231 2975 3285 est.
3027 3223 3503 3300 Verumtamen,
3545 3225 3717 3307 quod
3765 3225 3950 3289 Inno-

2449 3321 2696 3385 centius
2733 3321 2812 3384 111
2859 3322 2948 3384 ait
2994 3321 3062 3384 in
3103 3322 3438 3398 Decretali,
3482 3324 3652 3405 quod
3691 3324 3952 3388 Judaeus

2449 3422 2560 3504 qui
2589 3439 2658 3484 se
2687 3421 2901 3504 ipsum
2931 3421 3153 3483 mersit
3182 3421 3248 3484 in
3277 3440 3532 3505 aquam,
3555 3423 3799 3498 dicens,
3819 3423 3952 3504 Ego

2449 3519 2700 3601 baptizo
2751 3538 2852 3582 me
2901 3518 2968 3581 in
3018 3519 3280 3583 nomine
3328 3520 3526 3583 Patris
3574 3528 3639 3584 et
3695 3520 3838 3584 Filii
3887 3529 3952 3582 et

2449 3617 2722 3699 Spiritus
2753 3617 2986 3692 Sancti,
3019 3617 3075 3680 si
3114 3618 3402 3700 protinus
3439 3618 3838 3693 decessisset,
3869 3619 3950 3681 ad

2449 3716 2718 3798 patriam
2767 3716 3101 3792 evolasset,
3136 3716 3624 3798 intelligendum
3665 3725 3764 3779 est
3803 3735 3951 3800 pro·

2450 3822 2590 3897 pter
2621 3816 2752 3879 vim
2792 3816 3194 3879 contritionis
3223 3824 3288 3878 et
3323 3816 3704 3890 devotioniS,
3725 3835 3802 3879 ex
3843 3835 3952 3879 cu—

2446 3914 2553 3995 jus
2584 3913 3020 3995 magnitudine
3057 3914 3179 3977 hoc
3214 3915 3556 3996 procedere
3587 3913 3946 3990 videbatur,

2449 4013 2617 4094 quod
2679 4012 2843 4074 inter
2894 4012 3142 4076 Judaeos
3197 4012 3532 4088 exsistenS,
3588 4013 3823 4076 obtulit
3881 4031 3950 4076 se

2449 4111 2737 4194 periculo
2767 4112 3256 4176 mortis—Huic
3285 4111 3557 4175 Thomas
3587 4111 3654 4173 in
3683 4111 3946 4194 Scripto.

842 4210 1105 4274 modum
1136 4207 1434 4271 omnibus
1464 4207 1649 4289 aquis
1678 4207 2180 4287 regenerativam
2211 4207 2341 4269 vim
2368 4208 2420 4272 D
2530 4210 2833 4273 Praeterea
2864 4209 3032 4272 circa
3061 4209 3195 4273 haec
3227 4211 3454 4292 quaerit
3482 4218 3544 4273 et
3574 4209 3697 4273 alia
3728 4211 3949 4286 multa,

843 4308 1131 4372 contulit.

923 4406 1162 4470 Deinde
1213 4405 1604 4488 respondens
1650 4404 1727 4466 ad
1780 4403 1972 4478 istud,
2004 4423 2085 4466 an
2138 4403 2341 4487 bapti·

842 4523 983 4568 zare
1014 4505 1097 4566 sit
1125 4502 1457 4587 proprium
1501 4502 1744 4565 ordinis
1774 4502 2188 4565 diaconorum
2224 4519 2238 4565 :
2271 4502 2340 4565 ln

844 4603 1263 4687 potestatibus
1294 4602 1622 4675 ordinatiS,
1646 4601 1963 4684 quidquid
1993 4608 2202 4684 potest
2233 4620 2344 4684 po·

839 4711 1033 4767 testas
1076 4702 1360 4775 inferior,
1396 4707 1604 4783 potest
1644 4700 1955 4782 superior,
1990 4718 2117 4763 non
2157 4719 2343 4764 econ-

838 4810 954 4864 tra.
990 4801 1325 4883 Quumque
1366 4808 1644 4884 potestas
1682 4799 2089 4862 sacerdotalis
2128 4799 2213 4862 sit
2241 4817 2342 4862 su-

840 4920 955 4984 pra
986 4907 1359 4982 potestatem
1388 4898 1965 4972 diaconi,sacerdos
1993 4896 2187 4961 habet
2215 4899 2344 4964 vim

842 4999 1241 5082 purgativam
1270 5006 1335 5062 θῖ
1364 4997 2188 5072 illuminativam,diaconus
2217 5006 2348 5061 tan-

840 5097 1173 5162 tummodo
1205 5097 1621 5180 purgativam.
1658 5095 1734 5158 Et
1765 5095 1916 5178 quia
1946 5095 2011 5158 in
2040 5095 2343 5159 omnibus

844 5197 1003 5278 legis
1032 5196 1415 5277 evangelicae
1447 5194 1861 5258 sacramentis
1892 5201 1988 5256 est
2023 5194 2344 5256 illumina-

840 5297 935 5361 tio
961 5295 1179 5378 gratioe
1210 5314 1359 5358 cum
1388 5294 1764 5378 purgatione
1797 5309 1813 5356 ε
1845 5293 1997 5355 hinc
2036 5293 2344 5356 diaconus

2449 4327 2724 4390 quorum
2761 4315 2975 4370 tamen
3017 4327 3092 4370 ex
3133 4308 3320 4371 dictis
3358 4316 3567 4391 potest
3606 4316 3820 4391 patere
3851 4327 3952 4374 so-

2452 4406 2629 4470 lutio.
2691 4406 2974 4469 Primum
3033 4414 3150 4482 est,
3209 4414 3426 4470 utrum
3491 4408 3642 4470 mali
3703 4409 3954 4490 possint

2451 4505 2741 4569 conferre
2797 4511 3260 4569 sacramentum
3322 4505 3648 4589 Baptismi.
3712 4507 3953 4572 Secun-

2452 4605 2628 4678 dum,
2680 4612 2895 4667 utrum
2950 4623 3065 4686 per
3123 4621 3231 4668 eos
3281 4603 3646 4667 conferatur
3695 4623 3796 4668 res
3851 4625 3954 4669 sa-

2452 4704 2781 4766 cramenti.
2817 4704 3120 4778 Tertium,
3165 4711 3380 4766 utrum
3425 4703 3788 4787 Baptismus
3837 4724 3956 4788 per

2454 4802 2784 4865 meliorem
2849 4801 3214 4864 ministrum
3271 4802 3561 4878 collatus,
3613 4803 3952 4867 meliorem

2453 4901 2751 4965 sortiatur
2787 4899 3095 4964 effectum
3139 4901 3204 4963 in
3249 4901 3585 4983 baptizato.
3619 4903 3950 4978 Quartum,

2453 5007 2666 5062 utrum
2713 4999 2918 5061 malus
2959 4999 3252 5062 minister
3289 5007 3512 5082 peccet
3548 5000 3948 5083 baptizando.

2451 5097 2778 5172 Quintum,
2803 5103 3017 5159 utrum
3050 5096 3366 5178 recipiens
3398 5097 3462 5160 in
3493 5116 3562 5160 se
3589 5098 3696 5161 vel
3728 5099 3794 5161 in
3825 5100 3955 5163 alio

2453 5203 2919 5259 sacramentum
2967 5213 3004 5256 a
3051 5195 3220 5258 malo
3267 5196 3616 5272 sacerdote,
3664 5199 3947 5262 excedat.

2530 5293 2625 5356 Ad
2684 5311 2958 5376 quorum
3015 5293 3300 5376 primum
3355 5295 3718 5378 respondet,
3781 5297 3952 5380 quod
