4267 6250
865 489 984 556 180

1747 507 1811 554 m
1852 508 2076 556 mum!
2115 508 2178 554 lv
2220 506 2703 556 sumamma.
2744 525 2825 536 —
2864 509 3018 554 msT.
3060 508 3123 553 vl

867 679 1020 763 quia
1047 679 1273 742 caritas
1304 679 1560 744 realiter
1588 687 1685 744 est
1723 679 1894 744 idem
1925 698 2074 744 cum
2111 679 2314 760 gratia
2348 697 2363 742 t
2396 679 2448 743 A
2474 679 2696 762 primit
2724 678 3095 762 qualitatem
3130 643 3521 754 absolutam,
3542 685 3819 742 attamen
3850 677 3971 740 sub

868 795 1019 860 ergo
1049 785 1113 841 et
1139 779 1342 859 gratia
1379 777 1446 841 in
1477 779 1803 842 voluntate
1843 786 1940 840 est
1973 777 2367 859 subjective3
2476 784 2769 860 respectu
2812 777 2892 840 ad
2933 776 3177 840 scibile.

872 883 936 939 et
993 877 1060 940 in
1116 878 1338 941 eadem
1386 877 1472 953 vi,
1525 878 1879 960 eodemque
1937 876 2250 957 subjecto,
2302 877 2371 938 in

871 993 999 1058 quo
1048 983 1144 1039 est
1183 975 1404 1058 gratia,
1437 977 1590 1058 poni
1639 976 1830 1039 debet
1877 975 2201 1039 character
2242 983 2373 1037 tan-

871 1093 1064 1156 quam
1105 1075 1438 1158 dispositio
1475 1075 1555 1138 ad
1584 1075 1871 1156 gratiam.
1906 1075 2141 1136 Verum
2174 1074 2241 1136 in
2270 1073 2371 1136 his

873 1173 1073 1235 multa
1104 1174 1406 1237 dicuntur
1435 1192 1708 1255 quorum
1735 1173 2098 1254 oppositum
2124 1173 2191 1235 in
2221 1171 2373 1234 scri·

575 1291 842 1344 aaudiat.
875 1271 1012 1354 ptis⁸
1048 1291 1242 1355 super
1291 1272 1646 1336 secundum
1697 1278 1763 1334 et
1810 1271 2072 1334 tertium
2123 1279 2222 1334 est
2268 1286 2369 1333 os-

577 1355 818 1470 ffill'dffsst?
832 1389 843 1408 '

587 1483 822 1536 xxviia-f.

875 1377 1148 1433 tensum.

953 1467 1240 1550 Denique
1269 1469 1348 1530 de
1388 1468 1488 1531 his
1529 1488 1670 1550 quae
1709 1468 1933 1531 Scotus
1972 1466 2219 1529 inducit
2255 1483 2371 1549 pro

873 1584 940 1628 se
987 1572 1053 1627 et
1099 1574 1319 1628 contra
1367 1567 1427 1629 S.
1461 1566 1718 1629 Thomae
1766 1566 2145 1640 doctrinam,
2183 1572 2248 1628 et
2293 1565 2371 1628 de

870 1663 1187 1727 solutione
1227 1663 1507 1739 illorum,
1539 1663 1778 1727 diffuse
1817 1663 2043 1726 scribit
2082 1663 2371 1744 Argenti-

870 1761 1087 1824 nensis
1121 1779 1136 1824 :
1170 1763 1347 1825 Multi
1389 1770 1539 1825 sunt
1573 1763 1931 1845 (inquiens)
1968 1763 2078 1844 qui
2123 1762 2366 1836 dicunt,

2557 877 2825 958 Insuper
2864 892 2991 939 non
3025 883 3123 939 est
3160 894 3408 951 verum,
3442 875 3615 958 quod
3650 893 3843 939 omne
3882 894 3981 938 ac-

2482 975 2700 1038 cidens
2756 973 3117 1037 absolutum
3172 973 3437 1037 exsistat
3483 972 3779 1048 delebile,
3830 973 3983 1056 quia

2480 1092 2599 1135 nec
2649 1091 2788 1136 esse
2836 1073 3187 1135 coloratum
3234 1092 3271 1135 a
3320 1073 3542 1147 mixte,
3596 1073 3736 1154 ipso
3785 1073 3983 1134 mixto

2483 1177 2799 1232 manente.
2837 1205 2915 1215 —-
2959 1169 3051 1232 Ad
3100 1170 3275 1233 aliud
3322 1169 3763 1252 respondetur,
3807 1169 3980 1251 quod

2481 1269 2777 1352 quamvis
2805 1269 3130 1332 character
3158 1269 3243 1331 sit
3278 1268 3534 1350 signum
3574 1267 3983 1348 configurati·

2480 1387 2634 1430 vum
2663 1386 2737 1431 ac
2768 1368 3231 1442 distinctivum,
3264 1384 3391 1431 non
3419 1375 3633 1430 tamen
3666 1366 3825 1429 dicit
3852 1367 3981 1430 for-

2483 1467 2731 1530 maliter
2779 1467 2921 1529 illos
2980 1475 3329 1548 respectuS,
3380 1467 3491 1529 sed
3540 1473 3977 1539 connotanter,

2480 1563 2832 1647 fundatque
2887 1583 2996 1627 eos
3052 1582 3067 1627 :
3120 1565 3660 1646 quemadmodum
3722 1583 3838 1646 per
3894 1563 3983 1626 al-

2482 1661 2781 1725 bedinem
2840 1671 2937 1726 est
2991 1663 3225 1745 aliquis
3278 1662 3509 1726 similis
3566 1663 3733 1738 albo,
3788 1670 3981 1744 atque

2480 1761 2813 1824 dissimilis
2858 1762 3057 1842 nigro.
3100 1761 3342 1825 Albedo
3388 1769 3604 1826 tamen
3652 1778 3779 1825 non
3824 1761 3983 1823 dicit

868 1861 1037 1942 quod
1083 1860 1409 1924 character
1450 1862 1804 1925 formaliter
1847 1863 1930 1926 sit
1972 1863 2233 1944 quidam
2276 1880 2371 1923 re·
2404 1857 2452 1920 B
2480 1857 2834 1922 formaliter
2863 1859 3006 1922 illos
3037 1867 3379 1942 respectus,
3394 1859 3519 1922 imo
3546 1858 3795 1922 nullum
3826 1877 3983 1941 prae-

867 1966 1147 2041 spectuS,
1183 1980 1383 2043 quum
1429 1962 1852 2024 essentialiter
1892 1980 1966 2023 ac
2014 1959 2371 2022 formaliter

867 2058 952 2118 sit
983 2049 1272 2139 signum,
1316 2059 1486 2140 quod
1531 2059 1791 2141 ponitur
1833 2059 1900 2122 in
1945 2059 2086 2140 ejus
2133 2059 2369 2120 descri-

869 2155 1088 2237 ptione
1136 2172 1253 2237 pro
1298 2174 1550 2237 genere.
1585 2157 1663 2218 Et
1705 2175 1947 2230 rursuS,
1980 2156 2132 2239 quia
2178 2173 2367 2220 omne

865 2251 1162 2314 accidens
1189 2251 1687 2328 absolutum‚est
1713 2253 1986 2316 delebile
2013 2273 2050 2315 a
2079 2271 2197 2316 suo
2224 2252 2370 2316 sub-

863 2348 1056 2430 jecte,
1101 2368 1227 2413 non
1272 2357 1488 2414 autem
1533 2351 1876 2414 character.
1919 2353 2180 2427 RursuS,
2222 2352 2369 2414 cha-

867 2455 1073 2510 racter
1114 2456 1211 2512 est
1253 2450 1508 2531 signum
1554 2449 2092 2531 configurativum
2138 2456 2202 2512 et
2242 2450 2369 2512 dis-

865 2545 1200 2608 tinctivum
1218 2564 1232 2608 :
1248 2564 1399 2628 ergo
1426 2546 1772 2610 formaliter
1802 2547 1958 2610 dicit
1984 2554 2363 2630 respectum.

867 2643 1132 2726 Signum
1173 2664 1450 2727 namque
1490 2645 1764 2709 refertur
1799 2647 1877 2708 ad
1915 2646 2256 2727 signatum.
2289 2681 2371 2692 —-

867 2743 990 2806 Sed
1053 2744 1175 2806 ista
1235 2744 1569 2808 solvuntur
1629 2745 1710 2807 de
1770 2744 1964 2806 facili.
2034 2745 2371 2808 Character

865 2841 1040 2904 enim
1095 2842 1532 2906 consideratur
1578 2843 1938 2925 dupliciter.
1991 2843 2222 2918 Primo,
2273 2861 2368 2905 se·

867 2940 1151 3003 cundum
1198 2941 1260 3002 id
1305 2941 1474 3023 quod
1519 2941 1779 3004 nomine
1822 2942 2206 3003 characteris
2252 2940 2369 3003 im-

2480 1957 2915 2019 dicamentum
2956 1957 3114 2020 dicit
3150 1976 3399 2020 merum
3433 1965 3818 2040 respectum,
3852 1957 3979 2019 nisi

2478 2055 2681 2118 solum
2711 2056 3269 2139 praedicamentum
3300 2057 3629 2119 relationis
3645 2056 3789 2118 Tria
3817 2074 3985 2118 nam·

2479 2172 2605 2234 que
2635 2160 2785 2215 sunt
2813 2154 3305 2236 praedicamenta
3332 2153 3611 2217 dicentia
3646 2153 3979 2216 entitatem

2478 2250 2857 2326 absolutam,
2886 2259 3039 2334 puta
3068 2251 3441 2327 substantia,
3464 2252 3807 2335 quantitas,
3828 2271 3981 2334 qua-

2480 2349 2641 2411 litas.
2676 2350 2884 2412 Unum
2928 2367 3079 2412 vero
3122 2349 3278 2412 dicit
3323 2357 3686 2433 respectum
3733 2350 3983 2412 dumta-

2478 2454 2604 2523 xat,
2619 2455 2772 2530 puta
2800 2447 3041 2511 relatio,
3055 2447 3194 2511 Alia
3222 2467 3331 2512 sex
3361 2449 3587 2511 dicunt
3613 2449 3979 2512 absolutum

2477 2545 2599 2609 sub
2630 2553 2944 2627 respectu,
2978 2547 3041 2609 id
3072 2554 3169 2610 est
3199 2547 3319 2610 sub
3348 2546 3563 2629 aliqua
3591 2547 3984 2611 connotatio-

2480 2663 2561 2708 ne
2603 2652 2948 2727 respectus.

2560 2742 2648 2805 De
2696 2743 2911 2825 specie
2968 2743 3229 2806 demum
3276 2743 3355 2806 ad
3404 2763 3596 2826 quam
3652 2743 3985 2807 reducitur

2479 2840 2806 2904 character
2854 2841 3019 2916 dico,
3070 2843 3240 2924 quod
3299 2842 3625 2905 character
3669 2843 3983 2925 Baptismi

2480 2940 2807 3002 reducitur
2848 2940 2926 3003 ad
2976 2940 3252 3023 primam
3300 2939 3583 3023 speciem
3630 2940 3981 3024 qualitatiS,

868 3044 1157 3119 portatur
1185 3037 1627 3120 quidditative‚
1661 3038 1829 3121 quod
1871 3038 2118 3101 scilicet
2156 3045 2251 3102 est
2289 3039 2368 3101 de
2398 3041 2443 3105 C
2481 3057 2681 3120 quum
2711 3038 2795 3100 sit
2822 3037 3154 3120 dispositio
3182 3038 3553 3101 immediata
3578 3046 3770 3121 atque
3799 3039 3987 3101 suffi-

870 3136 1200 3199 intellectu
1230 3136 1371 3217 ejus
1401 3137 1726 3219 primario,
1760 3138 2052 3200 Secundo
2080 3138 2367 3201 conside-

868 3241 1045 3297 ratur
1094 3234 1514 3307 connotative,
1561 3241 1781 3317 utpote
1827 3236 2034 3317 quoad
2085 3236 2148 3297 id
2198 3237 2369 3319 quod

867 3339 967 3395 est
995 3332 1074 3395 de
1103 3350 1220 3395 suo
1251 3332 1676 3396 cointellectu.
1699 3333 1908 3396 Primo
1940 3333 2126 3397 modo
2157 3334 2369 3396 chara-

868 3437 1004 3494 cter
1031 3431 1189 3493 dicit
1229 3449 1364 3494 rem
1403 3431 1780 3495 absolutam.
1813 3432 1954 3495 Alio
1996 3433 2184 3496 modo
2213 3434 2369 3496 dicit

867 3545 996 3592 non
1045 3529 1253 3593 solum
1299 3549 1499 3593 unum
1548 3537 1932 3613 respectum,
1966 3532 2075 3595 sed
2126 3532 2363 3615 plureS,

868 3635 1060 3710 puta:
1085 3635 1446 3712 respectum
1479 3629 1666 3711 signi,
1701 3630 1852 3711 quia
1880 3628 2205 3711 significat
2228 3649 2367 3711 gra-

865 3727 1060 3808 tiam3
1109 3737 1472 3812 respectum
1528 3729 2004 3811 configurativi,
2058 3730 2124 3793 in
2174 3749 2369 3813 quan-

865 3835 1004 3889 tum
1055 3828 1412 3910 configurat
1459 3827 1848 3911 baptizatum
1895 3828 2255 3912 baptizato3
2306 3837 2370 3891 et

867 3934 1229 4010 respectum
1261 3925 1638 3999 distinctivi,
1671 3934 1860 4009 prout
1898 3926 2237 4007 distinguit
2266 3925 2370 3989 ba-

867 4024 1177 4106 ptizatum
1215 4043 1254 4086 a
1297 4041 1425 4087 non
1470 4023 1807 4107 baptizato,
1842 4024 2293 4087 confirmatum
2333 4044 2370 4087 a

867 4139 996 4184 non
1031 4122 1442 4194 confirmate,
1473 4122 1838 4185 ordinatum
1877 4141 1914 4184 a
1952 4141 2078 4185 non
2122 4124 2370 4186 ordina-

2482 3137 2657 3200 ciens
2696 3138 2773 3199 ad
2819 3137 3108 3200 habitum
3150 3138 3388 3219 gratiae,
3421 3137 3548 3201 nisi
3592 3138 3851 3201 aliunde
3900 3139 3987 3201 sit

2482 3235 3035 3317 impedimentum.
3069 3236 3244 3309 Quod
3274 3242 3489 3298 autem
3520 3236 3857 3319 dispositio
3888 3237 3985 3299 di-

2479 3334 2647 3396 citur
2676 3334 2947 3416 qualitas
2976 3333 3165 3397 facile
3199 3334 3475 3410 mobiliS,
3498 3334 3875 3398 verificatur
3902 3336 3985 3398 de

2480 3452 2554 3495 ea
2601 3452 2743 3515 quae
2798 3440 2894 3495 est
2951 3432 3329 3515 imperfecta
3386 3433 3639 3497 realitas
3692 3432 3983 3507 habituS,

2479 3532 2747 3594 tendens
2777 3532 2854 3593 ad
2895 3530 3183 3593 habitum
3224 3531 3538 3595 stabilem.
3574 3532 3987 3596 Characteres

2480 3638 2693 3693 autem
2733 3629 3251 3693 confirmationis
3292 3637 3358 3693 et
3392 3629 3647 3693 Ordinis
3691 3639 3843 3693 sunt
3891 3648 3987 3694 re·

2480 3728 2737 3791 ductive
2768 3728 2833 3791 in
2864 3730 3143 3791 secunda
3170 3729 3385 3812 specie
3414 3729 3758 3812 qualitatiS,
3776 3749 3985 3812 quum

2482 3827 2610 3889 sint
2653 3828 2941 3909 quaedam
2988 3835 3327 3911 potestates
3370 3848 3409 3891 a
3450 3828 3579 3891 Deo
3616 3829 3865 3893 collata)
3904 3830 3986 3892 ad

2479 3925 3000 4008 principiandum
3030 3926 3337 4009 quasdam
3367 3926 3767 4009 operationes
3798 3928 3989 4010 spiri-

2481 4023 2705 4097 tualeS,
2741 4031 2813 4085 ut
2854 4022 3022 4086 infra
3064 4024 3265 4105 magis
3313 4024 3574 4107 patebit.
3608 4024 3732 4088 Sed
3780 4024 3986 4106 objici

2481 4129 2699 4205 potest,
2713 4122 2867 4203 quia
2894 4121 3177 4185 naturale
3207 4130 3272 4185 et
3298 4123 3775 4205 supernaturale
3801 4124 3993 4187 diffe—

868 4227 952 4282 to.
988 4221 1205 4302 ltaque
1249 4222 1504 4302 signum
1548 4237 1675 4283 non
1720 4228 1818 4283 est
1856 4220 2113 4303 proprie
2151 4222 2367 4285 chara·
2400 4226 2451 4289 D
2482 4228 2630 4283 runt
2657 4221 2891 4303 specie.
2920 4221 3289 4295 Dicendum,
3321 4222 3493 4304 quod
3522 4221 3643 4284 etsi
3673 4220 3987 4286 differant

869 4319 1062 4381 cteris
1108 4336 1332 4399 genuS,
1377 4318 1676 4400 quoniam
1727 4317 2022 4382 definitio
2070 4318 2181 4381 illa
2226 4320 2371 4383 data

868 4424 966 4479 est
994 4436 1110 4499 per
1145 4417 1602 4497 additamenta3
1635 4424 1843 4499 potest
1870 4424 2084 4481 tamen
2114 4418 2369 4500 signum

869 4515 998 4578 dici
1040 4533 1242 4596 genus
1288 4515 1614 4579 relationis
1655 4534 1848 4598 quam
1892 4515 2120 4579 fundat
2158 4518 2372 4581 chara-

869 4620 1022 4676 cter.
1045 4614 1224 4675 —Et
1253 4614 1306 4677 si
1338 4613 1700 4694 objiciatur,
1732 4614 2036 4695 quoniam
2067 4614 2122 4677 si
2154 4614 2369 4678 chara-

869 4716 1005 4773 cter
1034 4710 1188 4773 dicit
1215 4709 1578 4773 absolutum
1609 4717 1675 4773 et
1701 4717 2087 4793 respectum,
2117 4711 2371 4775 videtur

868 4826 1008 4873 esse
1037 4826 1151 4871 ens
1181 4828 1296 4891 per
1324 4809 1622 4872 accidens
1657 4828 1670 4873 :
1704 4810 1856 4891 quia
1883 4810 2053 4891 quod
2085 4810 2241 4873 dicit
2268 4831 2369 4875 res

867 4908 1267 4971 diversorum
1297 4908 2098 4991 praedicamentorum,hoc
2129 4915 2227 4972 est
2255 4928 2369 4972 ens

867 5025 983 5090 per
1012 5007 1329 5082 accidenS,
1363 5014 1435 5069 ut
1473 5015 1697 5089 quarto
1733 5007 2179 5091 Metaphysicae
2218 5008 2372 5070 dici·

866 5114 988 5168 tur.
1023 5107 1416 5189 Respondeo,
1451 5107 1620 5188 quod
1670 5107 1998 5169 character
2034 5124 2165 5169 non
2214 5107 2371 5170 dicit

868 5203 1124 5286 proprie
1169 5203 1532 5267 absolutum
1575 5212 1640 5267 et
1684 5212 2070 5287 respectum,
2103 5205 2215 5267 sed
2264 5206 2370 5268 ab·

867 5301 1146 5365 solutum
1191 5302 1312 5364 sub
1361 5310 1654 5385 respectu
1691 5303 1908 5367 :sicut
1952 5303 2221 5367 scientia
2266 5322 2370 5367 ex-

2480 4319 2695 4401 specie
2758 4319 3240 4402 specialissima,
3304 4320 3697 4383 conveniunt
3760 4327 3985 4385 tamen

2481 4418 2696 4500 specie
2734 4418 3115 4481 subalterna.
3150 4418 3409 4501 Species
3448 4426 3665 4481 autem
3706 4427 3989 4501 quatuor

2480 4516 2802 4598 qualitatis
2855 4523 3005 4579 sunt
3051 4516 3297 4597 species
3344 4515 3745 4580 subalternae.
3802 4518 3989 4582 Com-

2482 4615 2764 4678 muniter
2802 4615 3063 4678 demum
3102 4614 3325 4689 fertur,
3358 4615 3525 4678 sicut
3564 4623 3631 4677 et
3672 4614 3843 4678 infra
3892 4618 3989 4680 di-

2481 4720 2681 4787 cetur,
2716 4713 2884 4794 quod
2942 4712 3268 4776 character
3312 4712 3835 4777 confirmationis
3884 4723 3987 4779 est

2481 4819 2756 4894 potestas
2804 4810 3035 4873 tradita
3080 4811 3160 4874 ad
3205 4811 3361 4874 fidei
3404 4810 3873 4889 defensionem,
3922 4823 3990 4877 et

2482 4910 2807 4973 character
2834 4909 3086 4972 Ordinis
3114 4910 3193 4973 ad
3224 4909 3517 4973 fidelium
3550 4911 3989 4994 multiplicati-

2480 5026 2781 5073 onem.—
2796 5008 3162 5089 subjective
3183 5016 3399 5071 autem
3427 5010 3755 5073 character
3778 5010 3989 5095 bapti-

2481 5108 2699 5171 smalis
2728 5115 2827 5170 est
2856 5108 2922 5169 in
2952 5108 3229 5170 essentia
3255 5108 3507 5183 animae,
3540 5109 3710 5171 sicut
3746 5117 3812 5173 et
3842 5130 3985 5193 gra—

2480 5205 2569 5268 tia
2598 5207 2675 5268 ad
2707 5225 2899 5288 quam
2928 5205 3229 5289 disponit.
3251 5206 3592 5280 Qualitates
3620 5209 3863 5271 etenim
3898 5209 3988 5273 ita

2477 5323 2549 5366 >se
2579 5304 2887 5367 habentes
2924 5304 3095 5386 quod
3134 5324 3261 5368 una
3298 5306 3665 5371 immediate
3694 5307 3986 5392 disponit
