4267 6250
787 461 904 526 184

1453 483 1518 530 m
1558 481 1782 529 mmmm
1821 483 1883 530 lv
1924 481 2409 530 SENTENTIARUI.
2449 499 2530 510 —
2570 479 2724 528 msr.
2768 481 2893 544 vl13
2936 479 3160 537 QUAEST.
3200 481 3222 526 1

784 652 938 714 dum
979 652 1352 716 naturaliter
1387 650 1710 714 iracundis
1749 650 2010 734 clypeus
2043 649 2283 733 patien-
2313 648 2365 712 A
2394 655 2883 713 sacramentum.
2920 649 3309 724 Secundum,
3347 668 3427 712 an
3469 648 3551 711 sit
3587 647 3911 711 omnibus

779 751 887 815 tiae
918 750 1289 834 frequenter
1316 759 1414 814 est
1441 767 1770 825 onerosus,
1803 750 1974 813 unde
2002 756 2066 812 et
2093 749 2282 812 facile

779 867 930 912 eum
973 849 1308 931 abjiciunt.
1344 849 1618 912 Econtra
1647 868 1716 912 se
1758 848 1950 911 habet
1993 847 2058 910 in
2106 866 2282 910 man·

779 947 1000 1022 suetiS,
1033 948 1146 1031 qui
1177 948 1243 1010 in
1277 948 1524 1028 magnis
1555 946 1790 1010 ictibus
1823 947 2281 1010 adversitatum

777 1065 851 1110 ac
879 1046 1279 1110 tunsionibus
1309 1045 1846 1128 persecutionum,
1859 1045 2153 1128 clypeum
2183 1063 2286 1127 pa-

777 1145 1018 1209 tientiae
1060 1153 1189 1208 tam
1235 1144 1485 1209 fortiter
1514 1151 1753 1218 tenent,
1787 1151 1859 1204 ut
1903 1143 1983 1205 ab
2027 1143 2120 1206 eis
2164 1161 2283 1205 nec

781 1244 994 1306 excuti
1037 1242 1226 1306 facile
1265 1250 1458 1327 queat
1495 1261 1613 1306 nec
1652 1242 1810 1305 erui.
1846 1241 2053 1304 Potest
2089 1242 2284 1322 igitur

781 1341 933 1417 dici,
966 1342 1136 1424 quod
1186 1342 1382 1405 robur
1423 1341 1801 1404 sacramenti
1845 1339 2285 1404 Confirmatio-

783 1440 886 1502 nis
929 1456 1057 1503 non
1101 1448 1198 1504 est
1239 1441 1407 1503 sicut
1449 1439 1644 1502 robur
1680 1456 2026 1512 armorum,
2059 1439 2171 1500 sed
2213 1445 2285 1500 ut

785 1537 983 1601 robur
1013 1537 1470 1612 membrorum,
1504 1554 1632 1620 quo
1669 1536 2047 1599 roborantur
2079 1554 2283 1599 sacra-

787 1643 1004 1700 mento
1053 1635 1163 1699 illo
1208 1637 1285 1698 ad
1340 1635 1720 1719 portandum
1778 1635 2028 1717 pondus
2079 1651 2285 1697 armo·

785 1753 929 1796 rum
974 1752 1051 1797 ac
1093 1742 1301 1798 cetera
1344 1733 1500 1796 dura
1537 1752 1679 1816 quae
1723 1732 2081 1795 imminent.
2125 1733 2282 1796 Rur-

2390 748 2819 812 necessarium
2864 749 2943 811 ad
2986 747 3275 811 salutem.
3318 748 3621 822 Tertium,
3660 766 3743 810 an
3797 765 3907 808 sa-

2392 853 2788 909 cramentum
2834 846 2955 910 hoc
2996 846 3251 928 dignius
3289 846 3374 909 sit
3409 845 3751 927 Baptismo.

2483 944 2579 1007 Ad
2636 962 2908 1027 quorum
2968 945 3249 1026 primum
3304 944 3575 1007 Thomas
3633 959 3911 1024 respon-

2392 1044 2500 1107 det
2527 1043 2861 1107 :Actiones
2888 1043 3191 1107 ordinatas
3223 1043 3298 1105 ad
3333 1041 3604 1105 effectus
3638 1041 3907 1123 aliquos

2394 1141 2685 1224 proprios
2716 1149 2781 1204 et
2806 1141 3281 1214 determinatoS‚
3313 1139 3635 1223 recipiunt
3670 1137 3909 1201 distin-

2394 1239 2669 1302 ctionem
2711 1240 3063 1303 secundum
3108 1238 3585 1321 proportionem
3622 1236 3701 1299 ad
3736 1253 3907 1298 suos

2394 1335 2675 1399 effectus,
2687 1337 2863 1400 Unde
2892 1337 2944 1399 si
2974 1337 3052 1400 ad
3077 1338 3229 1401 duos
3251 1337 3579 1398 distinctos
3606 1335 3910 1398 ordinen-

2394 1443 2499 1498 tur
2534 1435 2829 1510 effectuS,
2861 1444 3051 1499 erunt
3086 1436 3353 1499 diversae
3395 1435 3536 1498 duae
3573 1434 3904 1512 actiones3

2394 1534 2449 1597 si
2498 1541 2711 1596 autem
2760 1535 3136 1598 ordinentur
3180 1534 3257 1596 ad
3305 1553 3507 1595 unum
3555 1531 3903 1607 effectum,

2396 1633 2483 1694 ita
2520 1632 2689 1716 quod
2728 1651 2857 1694 una
2883 1633 3179 1715 disponat
3212 1632 3315 1694 vel
3355 1631 3905 1713 impedimentum

2394 1738 2739 1805 removeat,
2773 1730 2898 1793 alia
2924 1746 3078 1793 vero
3117 1729 3432 1813 perficiat,
3465 1737 3529 1792 et
3555 1729 3679 1791 alia
3708 1737 3909 1792 ornet

784 1852 914 1908 suS,
948 1850 1064 1914 per
1105 1832 1374 1913 gratiam
1418 1850 1492 1894 ac
1538 1830 1805 1894 virtutes
1849 1830 1916 1892 in
1959 1830 2283 1913 Baptismo
2319 1827 2365 1890 B
2397 1828 2777 1912 perfectum,
2837 1835 2993 1892 tunc
3050 1836 3255 1892 totum
3310 1834 3716 1910 computatur
3773 1845 3905 1909 pro

784 1937 1134 2014 susceptaS,
1167 1930 1331 1993 bene
1361 1948 1430 1992 se
1461 1929 1700 1991 habent
1729 1928 1795 1991 in
1835 1947 1903 1991 se
1937 1928 2135 2010 ipsis;
2168 1947 2283 2010 per

781 2029 979 2092 robur
1001 2046 1169 2112 ‚vero
1205 2027 1422 2110 gratiae
1465 2027 1634 2109 quod
1679 2026 1745 2089 in
1783 2025 2282 2090 confirmatione

781 2126 1164 2210 suscipiunt,
1201 2125 1367 2188 bene
1414 2133 1478 2188 et
1519 2131 1899 2199 constanter,
1930 2123 2281 2187 amicabili-

781 2235 878 2288 ter
905 2245 980 2288 ac
1011 2233 1267 2288 strenue
1296 2242 1365 2286 se
1405 2223 1644 2286 habent
1669 2224 1746 2286 ad
1784 2222 1960 2286 alios.
1995 2223 2281 2305 Denique

779 2324 997 2388 virtuti
1029 2322 1334 2385 irascibili
1364 2323 1489 2385 duo
1518 2322 1857 2384 imminent
1888 2321 2070 2396 bella,
2085 2341 2280 2384 unum

781 2421 1298 2506 opprobriorum,
1347 2420 1521 2483 aliud
1581 2420 1962 2501 injuriarum
2011 2419 2090 2482 ab
2139 2419 2283 2482 aliis

781 2519 1263 2584 adversantibus
1296 2536 1310 2582 :
1345 2526 1607 2602 propter
1635 2520 1801 2601 quod
1834 2518 2193 2600 adjuvanda
2222 2525 2285 2581 et

781 2617 1134 2682 roboranda
1179 2618 1424 2681 exstitit
1473 2623 1692 2681 contra
1739 2615 1869 2693 illa,
1913 2625 1978 2678 et
2023 2617 2146 2678 hoc
2194 2616 2283 2678 fa-

765 2725 955 2780 ·ctum
1010 2723 1108 2779 est
1163 2734 1278 2798 per
1327 2722 1796 2779 sacramentum
1848 2714 2286 2778 Confirmatio-

779 2814 900 2878 nis.
933 2813 1340 2895 Adjutorium
1390 2830 1541 2876 vero
1590 2820 1654 2875 et
1696 2813 1892 2876 robur
1935 2818 2031 2874 est
2079 2812 2286 2894 impu-

777 2912 994 2975 dentia
1023 2919 1256 2985 sancta,
1273 2918 1336 2974 et
1363 2917 1580 2973 sancta
1608 2910 1958 2993 procacitas
1978 2927 1993 2972 ε
2013 2929 2283 2993 quarum

2394 1946 2522 1990 una
2564 1927 2807 2008 integra
2849 1927 3119 2002 actione,
3154 1934 3225 1989 ut
3263 1927 3327 1989 in
3374 1925 3675 2009 operibus
3718 1933 3906 2008 patet

2390 2024 2736 2088 artificum.
2800 2025 3135 2108 Quumque
3191 2033 3607 2100 sacramenta,
3664 2043 3903 2087 secun-

2390 2123 2543 2185 dum
2608 2123 2978 2206 Dionysium
3038 2123 3352 2197 divinum,
3412 2123 3540 2186 sint
3596 2124 3893 2206 quaedam
3932 2141 4079 2248 'nge
4116 2141 4247 2184 aad.

4052 2218 4139 2248 „00
4162 2217 4211 2250 V.

2390 2221 2798 2284 hierarchicae
2824 2222 3105 2284 actiones
3140 2221 3444 2285 ordinatae
3470 2222 3550 2284 ad
3579 2223 3895 2304 quosdam

2392 2319 2613 2382 salutis
2662 2318 2935 2382 effectus
2968 2338 2982 2382 :
3015 2320 3166 2382 hinc
3215 2320 3369 2382 dum
3421 2321 3636 2402 plures
3684 2339 3899 2384 sacra-

2393 2417 2701 2480 mentales
2758 2418 3039 2481 actiones
3098 2418 3472 2481 ordinantur
3526 2419 3605 2480 ad
3664 2439 3897 2494 unum,

2394 2536 2520 2579 una
2568 2523 2639 2577 ut
2694 2517 3041 2600 disponens
3099 2516 3715 2600 impedimentumve
3772 2519 3899 2582 tol-

2394 2615 2555 2690 lenS,
2586 2614 2713 2677 alia
2761 2623 2831 2677 ut
2881 2615 3246 2698 perficienS,
3282 2623 3393 2678 aut
3438 2616 3655 2699 aliquo
3702 2617 3903 2682 modo

2393 2730 2664 2792 ornans3
2696 2721 2851 2775 tunc
2890 2713 2955 2776 in
2988 2714 3099 2776 illa
3135 2733 3278 2796 quae
3317 2721 3534 2777 causat
3571 2715 3903 2798 principa-

2396 2813 2523 2875 lem
2566 2811 2896 2887 effectum,
2930 2812 3354 2875 essentialiter
3400 2813 3692 2876 consistit
3732 2815 3901 2878 ratio

2394 2911 2809 2989 sacramenti3
2841 2910 2981 2973 aliae
3018 2918 3233 2972 autem
3272 2927 3399 2974 non
3438 2911 3739 2973 dicuntur
3776 2931 3903 2994 per

777 3010 996 3084 altera,
1029 3008 1448 3073 confirmatus
1486 3026 1614 3071 non
1657 3014 1910 3091 reputat
1952 3027 2071 3071 nec
2108 3027 2285 3071 vere-
2317 3005 2362 3069 C
2394 3027 2463 3071 se
2494 3016 2908 3082 sacramenta,
2942 3008 3054 3072 sed
3084 3009 3586 3084 sacramentalia,
3620 3018 3691 3072 ut
3717 3027 3904 3073 exor-

775 3116 884 3172 tur
929 3106 1370 3191 opprobrium,
1423 3106 1534 3169 sed
1586 3126 1724 3170 esse
1780 3125 1853 3169 ac
1911 3105 2056 3170 fieri
2105 3107 2285 3189 cupit

777 3207 890 3271 Dei
931 3206 1140 3269 cultor
1175 3214 1241 3269 et
1281 3222 1539 3269 consors
1583 3206 1999 3284 Sanctorum3
2041 3224 2157 3289 per
2195 3206 2282 3268 al-

775 3315 978 3369 teram
1019 3322 1172 3368 vero
1212 3312 1467 3387 paratus
1499 3311 1593 3366 est
1634 3303 1926 3367 confiteri
1960 3304 2280 3369 Christum

779 3403 846 3467 in
879 3421 1289 3486 quocumque
1317 3401 1707 3465 discrimine.
1741 3402 1983 3466 Idcirco
2013 3403 2079 3465 in
2111 3402 2281 3465 fron-

777 3510 842 3565 te
873 3509 1178 3583 tanquam
1221 3500 1288 3563 in
1329 3501 1479 3563 sede
1516 3500 1802 3583 pudoris,
1835 3500 1912 3563 fit
1951 3500 2281 3581 insignitio

779 3608 971 3683 atque
1000 3599 1340 3682 impressio
1369 3600 1748 3662 sacramenti
1789 3599 1992 3661 istius,
2029 3599 2282 3663 Praeter-

778 3719 855 3764 ea
894 3697 1162 3761 intentio
1198 3696 1712 3761 confirmationis
1754 3698 1990 3760 dicitur
2025 3715 2281 3780 compa-

781 3798 1023 3862 ratione
1063 3795 1251 3876 juris,
1302 3794 1470 3857 sicut
1512 3795 1618 3876 jus
1666 3796 2118 3878 quodcumque
2166 3814 2279 3859 seu

779 3895 1100 3960 hereditas
1138 3893 1331 3956 alicui
1371 3894 1607 3957 dicitur
1653 3893 2064 3974 confirmari3
2097 3894 2283 3957 solet-

780 4013 905 4079 que
964 3992 1370 4056 confirmatio
1422 3992 1567 4054 talis
1627 3991 1855 4054 litteris
1912 3999 2022 4053 aut
2066 3992 2281 4055 verbis

779 4091 1092 4175 principis
1136 4089 1304 4163 fieri,
1336 4096 1407 4151 ut
1441 4090 1596 4151 dum
1637 4090 1800 4171 Papa
1840 4088 2084 4152 aliusve
2130 4110 2285 4173 prae-

2392 3107 2633 3171 cismus
2670 3113 2735 3169 et
2772 3107 3217 3171 catechismus.
3250 3108 3511 3184 Quando
3548 3126 3701 3173 vero
3742 3117 3901 3173 sunt

2394 3206 2610 3288 plures
2639 3206 2921 3269 actiones
2951 3205 3254 3270 ordinatae
3282 3208 3360 3269 ad
3390 3206 3661 3271 effectus
3692 3209 3901 3271 omni-

2392 3322 2474 3368 no
2516 3304 2867 3379 distinctoS,
2900 3298 3054 3367 tunc
3084 3312 3235 3368 sunt
3264 3313 3657 3369 sacramenta
3684 3307 3896 3370 diver-

2392 3422 2478 3465 sa.
2513 3403 2849 3486 Quumque
2881 3402 3297 3467 Confirmatio
3327 3403 3555 3467 habeat
3582 3404 3897 3468 effectum

2393 3520 2509 3584 per
2538 3520 2606 3564 se
2638 3502 3013 3565 distinctum
3043 3502 3125 3564 ab
3155 3501 3393 3565 effectu
3421 3504 3895 3586 Baptismi‚non

2392 3607 2489 3663 est
2536 3600 2661 3683 ipsi
2704 3601 3075 3685 Baptismati
3124 3603 3602 3678 sacramentale,
3640 3604 3751 3665 sed
3795 3622 3897 3665 sa-

2393 3706 2793 3761 cramentum
2838 3700 3192 3781 proprium,
3228 3699 3524 3783 speciale.
3558 3736 3639 3746 —
3668 3701 3757 3764 De
3796 3701 3895 3764 in-

2392 3796 2721 3859 stitutione
2777 3804 2989 3859 autem
3048 3798 3427 3861 sacramenti
3486 3798 3897 3862 Confirmati-

2392 3894 2535 3957 onis
2584 3894 2827 3957 dictum
2877 3903 2974 3957 est
3023 3914 3235 3978 supra,
3288 3896 3352 3958 in
3404 3897 3754 3979 quaestione
3810 3898 3891 3961 de
3926 3922 4247 3981 anamma

2392 4000 2932 4055 sacramentorum
2990 3992 3407 4057 institutione.
3458 4030 3540 4041 -—
3589 3996 3893 4069 Quamvis
3926 3990 3983 4029 ⁸²
4006 3990 4058 4029 ³·

2392 4091 2583 4153 etiam
2640 4090 2913 4153 ministri
2964 4090 3261 4155 Ecclesiae
3318 4099 3579 4155 utantur
3626 4094 3895 4156 materia

783 4190 944 4253 latus
975 4189 1132 4252 dicit
1164 4205 1179 4250 t
1214 4186 1607 4250 Electionem
1638 4188 1716 4249 de
1746 4187 1856 4249 tali
1894 4205 2165 4270 persona
2194 4188 2286 4250 fa-
2314 4190 2365 4253 D
2393 4188 2770 4251 sacramenti
2822 4188 3028 4263 istius,
3068 4188 3365 4253 videlicet
3414 4191 3778 4265 chrismate,
3824 4193 3893 4255 in

781 4296 972 4361 ctam,
1013 4286 1387 4350 auctoritate
1431 4293 1645 4348 nostra
1687 4285 2167 4349 confirmamus.
2209 4288 2286 4349 Et

783 4386 871 4449 ita
916 4386 996 4448 de
1039 4391 1436 4447 sacramento
1477 4382 1996 4448 confirmationis
2043 4391 2141 4446 est
2189 4384 2282 4447 in-

782 4484 1222 4566 telligendum.
1254 4484 1363 4546 Jus
1402 4500 1680 4565 namque
1719 4481 1996 4546 coelestis
2035 4481 2281 4546 heredi-

780 4584 950 4659 tatis,
1004 4583 1082 4646 ad
1134 4582 1303 4664 quod
1359 4581 1715 4664 baptizatus
1773 4590 2141 4663 assumptus
2189 4590 2283 4644 est

781 4683 1000 4746 divina
1038 4682 1368 4745 vocatione
1409 4700 1482 4743 ac
1521 4680 1885 4764 baptismali
1924 4680 2283 4743 sanctifica-

781 4782 976 4856 tione,
1009 4781 1430 4844 confirmatur
1459 4780 1669 4843 eidem
1703 4786 2098 4842 sacramento
2128 4779 2285 4843 Con-

779 4879 1200 4957 firmationis3
1219 4896 1290 4940 ac
1323 4877 1654 4942 roboratur
1682 4884 1996 4960 quatenus
2025 4876 2283 4941 firmius

781 4978 942 5042 illud
999 4976 1301 5050 obtineat,
1355 4975 1881 5058 immobiliusque
1939 4976 2277 5057 possideat.

779 5077 926 5140 Haec
963 5074 1340 5140 Guillelmus
1379 5074 1752 5137 Parisiensis
1793 5074 2157 5156 episcopus

859 5174 1184 5245 Praeterea,
1247 5172 1310 5234 in
1367 5174 1716 5254 quaestione
1777 5174 2102 5256 proposita
2162 5172 2283 5234 tria

778 5277 1142 5353 tanguntur.
1203 5268 1508 5345 Primum,
1568 5290 1648 5334 an
1718 5270 2134 5335 Confirmatio
2197 5270 2281 5333 sit

2393 4288 2536 4351 aliis
2584 4287 2996 4349 sacramentis
3047 4288 3471 4370 quibusdam3
3506 4296 3720 4353 tamen
3771 4291 3895 4355 hoc

2394 4392 2859 4448 sacramentum
2892 4402 3017 4449 non
3050 4386 3340 4449 consistit
3370 4387 3435 4449 in
3468 4388 3731 4452 materia
3760 4396 3897 4453 tan-

2394 4490 2553 4557 tum,
2604 4483 2715 4546 sed
2764 4490 2828 4545 et
2873 4484 2939 4545 in
2998 4483 3204 4547 forma
3246 4484 3589 4548 verborum
3637 4494 3701 4550 et
3746 4495 3894 4551 actu

2390 4581 2588 4663 (sicut
2643 4590 2708 4643 et
2756 4589 3224 4645 sacramentum
3272 4583 3609 4667 Baptismi)
3652 4585 3893 4667 quibus

2394 4698 2520 4743 non
2552 4687 2819 4742 utuntur
2848 4682 2914 4743 in
2944 4680 3087 4743 aliis
3116 4682 3529 4745 sacramentis
3564 4700 3579 4745 :
3614 4684 3757 4745 ideo
3792 4692 3893 4747 est

2393 4778 2669 4859 speciale
2710 4786 3197 4842 sacramentum.
3239 4780 3317 4842 At
3359 4798 3532 4856 vero,
3576 4781 3726 4864 quia
3766 4782 3890 4845 hoc

2392 4883 2863 4938 sacramentum
2894 4875 3247 4939 institutum
3276 4884 3373 4940 est
3400 4879 3477 4940 ad
3507 4880 3724 4959 gratiae
3754 4899 3891 4963 per-

2394 4973 2758 5047 fectionem,
2792 4981 2857 5035 et
2894 4981 3092 5037 status
3139 4975 3294 5056 legis
3342 4983 3478 5038 erat
3520 4985 3717 5041 status
3769 4980 3886 5041 im·

2394 5070 2828 5155 perfectionis,
2856 5072 3037 5153 juxta
3076 5073 3233 5137 illud
3264 5074 3572 5156 Apostoli,
3604 5076 3772 5139 Nihil
3802 5077 3881 5140 ad
3946 5096 4117 5143 Reor.
4156 5117 4241 5155 m,

2391 5170 2747 5253 perfectum
2789 5171 3052 5233 adduxit
3080 5172 3217 5252 lex;
3253 5172 3491 5237 idcirco
3531 5174 3651 5237 hoc
3684 5193 3885 5238 saera·
3915 5162 3995 5203 ¹⁹·

2393 5276 2680 5331 mentum
2738 5287 2864 5333 non
2913 5268 3136 5332 habuit
3190 5270 3434 5353 aliquid
3492 5271 3615 5334 sibi
3678 5289 3882 5338 corre-
