4267 6250
817 438 942 506 200

1675 457 1740 504 m
1779 457 2003 504 mmm!
2043 457 2106 503 tv
2148 455 2632 504 ammaum.
2672 473 2753 486 ·-
2792 457 2947 504 msr.
2988 457 3076 504 vn

826 647 953 711 qua
999 627 1350 710 quaestione
1399 627 1554 689 duas
1603 634 1817 690 narrat
1860 626 2220 710 opinioneS,
2263 632 2327 689 et
2352 625 2406 689 A
2434 643 2621 688 onem
2660 626 2930 708 requirit
2958 626 3291 708 majorem,
3323 634 3389 690 et
3416 626 3713 689 concordi
3744 643 3929 689 cano-

825 726 1029 808 magis
1078 726 1333 790 videtur
1379 727 1616 789 sentire
1663 727 1836 809 quod
1890 743 2036 788 non.
2088 725 2325 789 Verum

2436 725 2742 787 nistarum
2772 725 3171 807 responsioni
3201 724 3267 787 in
3297 724 3410 788 tali
3438 724 3704 788 materia
3730 724 3930 806 magis

824 826 960 889 haec
991 825 1258 907 quaestio
1288 824 1454 887 infra
1482 824 1696 908 potius
1725 825 1936 888 locum
1967 823 2180 899 habet,
2213 823 2326 885 ubi
2434 822 2760 886 videretur
2801 823 3350 888 consentiendum.

827 925 906 987 de
955 924 1395 1006 suspensione,
1445 922 1913 1004 degradatione,
1964 922 2322 996 interdicto,

828 1023 1486 1085 excommunicatione
1521 1022 1916 1096 tractabitur,
1951 1022 2016 1084 in
2054 1027 2326 1083 tractatu

829 1120 908 1183 de
951 1119 1362 1183 sacramentis
1407 1119 1660 1183 Ordinis
1701 1127 1766 1183 et
1807 1119 2255 1183 confessionis.

562 1242 804 1294 cumun-
910 1219 1135 1282 Scotus
1165 1227 1469 1301 praeterea
1499 1219 1877 1293 sciscitatur,
1913 1237 2054 1300 quae
2085 1217 2167 1280 sit
2198 1233 2328 1298 poe-

535 1318 638 1350 ceu
653 1308 696 1350 7.

830 1337 912 1379 na
956 1318 1326 1380 iterantium
1367 1317 1488 1381 hoc
1530 1324 2019 1381 sacramentum.
2054 1317 2329 1399 Respon-

831 1416 939 1478 det
981 1436 995 1480 :
1039 1415 1275 1479 Dicunt
1322 1416 1687 1491 canonistae,
1730 1424 1877 1491 etc.,
1923 1415 2090 1478 sicut
2135 1433 2328 1496 supra

539 1515 1074 1588 cfip.1⁷1n.dictum
1113 1523 1209 1578 est
1245 1515 1324 1578 de
1363 1533 1552 1597 poena
1591 1515 1878 1578 iterantis
1907 1513 2323 1596 Baptismum.

830 1613 1008 1687 Quod
1038 1613 1312 1695 probant
1339 1633 1374 1676 a
1406 1613 1604 1676 simili
1638 1632 1754 1695 per
1785 1613 1944 1675 illud
1975 1612 2328 1695 capitulum

829 1713 908 1774 de
952 1711 1461 1786 consecratione,
1495 1711 1905 1775 distinctione
1947 1710 2007 1785 4,
2041 1711 2159 1785 Qui
2203 1710 2323 1772 his.

2520 1018 2701 1082 circa
2746 1020 3075 1084 materiam
3123 1021 3311 1084 istam
3358 1020 3738 1084 sacramenti
3778 1020 3936 1084 con-

2438 1116 2823 1182 firmationis
2868 1119 3094 1183 scribit
3137 1118 3518 1183 Guillelmus
3561 1121 3628 1183 in
3670 1137 3792 1183 suo
3832 1120 3937 1183 Sa-

2440 1217 2832 1291 cramentali,
2892 1224 3160 1281 tractatu
3220 1219 3300 1282 de
3358 1218 3858 1282 confirmatione
3918 1238 3933 1282 ε

2440 1313 2751 1396 Tempore
2795 1315 2972 1391 belli,
3004 1316 3291 1380 ecclesiae
3334 1324 3807 1380 consueverunt
3848 1317 3941 1379 in·

2442 1413 2776 1488 castellari,
2810 1414 3463 1498 superaedificatisque
3502 1415 3789 1478 turribus
3830 1421 3943 1478 aut

2441 1512 2938 1593 propugnaculis
2987 1513 3320 1576 infortiari.
3364 1513 3539 1587 Quod
3590 1513 3643 1576 si
3693 1513 3939 1576 bellum

2440 1610 2789 1692 corporale,
2822 1628 2938 1693 pro
2967 1612 3431 1694 temporalibus
3461 1611 3654 1675 rebus
3685 1612 3942 1675 tuendis

2440 1725 2555 1771 nos
2592 1709 2670 1770 ad
2716 1709 2836 1772 hoc
2877 1709 3143 1784 inducit,
3176 1717 3414 1793 quanto
3452 1710 3655 1792 magis
3692 1710 3937 1774 bellum

828 1810 953 1874 Sed
1001 1811 1184 1872 aliter
1230 1810 1396 1884 dico,
1437 1810 1740 1874 videlicet
1786 1810 1954 1892 quod
2004 1809 2328 1872 universa·
2366 1805 2413 1866 B
2440 1806 2773 1888 spirituale
2839 1807 3427 1890 incomparabiliter
3489 1808 3938 1890 periculosiuS,

829 1909 975 1972 liter
1021 1909 1198 1972 nulla
1246 1927 1436 1992 poena
1477 1909 1783 1971 canonica
1826 1925 1954 1970 non
2005 1907 2253 1970 inflicta
2293 1927 2331 1970 a

827 2006 994 2088 Papa
1042 2007 1352 2069 condente
1398 2007 1528 2087 jus,
1579 2006 1929 2068 incurritur
1977 2006 2116 2088 ipso
2162 2005 2325 2086 jure.

825 2105 957 2170 Nec
1001 2113 1260 2187 propter
1305 2112 1680 2186 argumenta
1727 2104 2187 2186 exponentium
2230 2122 2330 2166 ca-

828 2221 1050 2279 nones,
1089 2203 1225 2266 sive
1266 2222 1304 2265 a
1349 2202 1570 2278 simili,
1607 2203 1741 2266 sive
1785 2221 1823 2264 a
1865 2203 2202 2277 contrario,
2236 2209 2332 2266 est

827 2299 1062 2382 aliquis
1101 2300 1212 2362 tali
1252 2319 1443 2383 poena
1477 2300 1842 2375 adstrictus,
1874 2301 2027 2382 quia
2065 2307 2334 2382 possunt

829 2415 1148 2480 exponere
1196 2398 1304 2480 jus
1350 2398 1702 2474 conditum,
1757 2416 1884 2462 non
1943 2407 2179 2462 autem·
2218 2417 2333 2481 per

829 2517 976 2561 suas
1023 2498 1452 2582 expositiones
1511 2497 1785 2561 condere
1842 2515 2100 2561 novum.
2156 2499 2331 2561 Unde

827 2596 1236 2660 Innocentius
1271 2597 1383 2680 qui
1419 2597 1664 2660 exstitit
1690 2597 1877 2680 Papa,
1909 2615 2112 2679 quum
2152 2595 2335 2660 fecis-

828 2701 927 2758 set
973 2712 1276 2775 magnum
1324 2713 1508 2778 opuS‚
1557 2695 1664 2776 jus
1711 2694 2092 2758 canonicum
2145 2712 2333 2776 expo-

827 2793 1061 2868 nendo,
1109 2793 1454 2875 requisitus
1503 2793 1692 2874 quale
1740 2793 1936 2856 robur
1983 2793 2179 2855 vellet
2224 2793 2333 2854 ha-

830 2891 982 2954 bere
1015 2890 1137 2954 hoc
1170 2908 1355 2973 opus,
1389 2891 1739 2974 respondit,
1771 2892 1944 2973 quod
1981 2909 2110 2954 non
2141 2891 2334 2954 vellet

2440 1905 2803 1987 spirituales
2834 1905 3135 1969 ecclesias
3166 1907 3550 1970 incastellari
3581 1907 3941 1990 compellet,

2440 2010 2503 2065 et
2540 2005 2781 2086 templa
2819 2005 3174 2087 spiritualia
3205 2006 3446 2068 muniri
3475 2025 3549 2068 ac
3577 2006 3843 2069 exaltari
3874 2007 3941 2068 in

2438 2105 2653 2164 arces?
2682 2103 2920 2185 Nempe
2948 2121 3077 2166 non
3106 2103 3278 2166 aliud
3307 2110 3405 2166 est
3437 2103 3558 2166 rite
3586 2103 3943 2186 baptizatus

2439 2200 2566 2263 nisi
2609 2201 2922 2283 templum
2966 2201 3099 2264 Dei.
3144 2201 3573 2265 confirmatus
3616 2220 3769 2266 vero
3810 2220 3939 2265 non

2441 2305 2539 2360 est
2588 2297 2762 2361 aliud
2810 2299 2933 2362 nisi
2979 2300 3293 2383 templum
3336 2300 3681 2363 exaltatum
3731 2301 3799 2363 in
3840 2320 3939 2364 ar—

2440 2415 2603 2472 cem,
2656 2403 2720 2460 et
2776 2416 2999 2460 murus
3058 2397 3165 2460 cui
3222 2398 3733 2481 superaedificata
3787 2407 3941 2462 sunt

2442 2495 2938 2578 propugnacula,
2968 2496 3151 2577 juxta
3194 2496 3354 2558 illud
3400 2496 3466 2559 in
3511 2496 3787 2561 canticis
3822 2517 3837 2562 ε
3870 2497 3938 2562 Si

2440 2612 2665 2656 murus
2704 2601 2820 2668 est,
2852 2594 3249 2657 aedificemus
3286 2614 3481 2676 super
3518 2613 3667 2658 eum
3707 2613 3943 2679 propu-

2438 2693 2711 2772 gnacula
2748 2701 3061 2774 argentea.
3096 2693 3522 2757 Incastellatio
3552 2694 3672 2756 ista
3708 2695 3943 2758 sancti-

2442 2789 2555 2852 tati
2616 2808 2743 2853 non
2800 2791 3094 2866 detrahit,
3148 2792 3261 2854 sed
3316 2798 3507 2874 auget
3553 2811 3629 2856 ac
3688 2792 3947 2856 roborat

2442 2906 2603 2950 eam.
2657 2888 2845 2952 Porro
2904 2890 2957 2952 si
3008 2909 3275 2972 quaeraS,
3326 2909 3470 2972 quae
3514 2891 3598 2953 sit
3646 2891 3949 2955 exaltatio

829 2989 1044 3071 ipsum
1075 3007 1216 3052 esse
1249 2990 1716 3065 authenticum,
1751 2990 1861 3053 sed
1893 2990 2335 3053 tantummodo
2363 2993 2408 3057 C
2444 2987 2565 3050 ista
2595 2988 2661 3049 in
2692 3006 2943 3068 arcem3
2986 2989 3470 3070 respondemuS,
3501 2990 3673 3072 quod
3704 2991 3789 3054 sit
3818 3011 3951 3054 ma-

829 3088 1212 3171 magistrale.
1247 3089 1454 3163 Quum
1495 3105 1645 3170 ergo
1686 3106 1814 3152 non
1860 3088 2224 3152 inveniatur
2267 3089 2333 3152 in

825 3188 971 3270 jure
1002 3187 1310 3251 canonico
1345 3205 1644 3270 expresse
1685 3206 1873 3270 poena
1913 3188 2336 3268 irregularita-

827 3286 910 3350 tis
955 3285 1202 3348 inflicta
1244 3303 1361 3368 pro
1410 3286 1743 3349 iteratione
1788 3285 2330 3362 confirmationiS,

831 3385 1121 3468 sequitur
1154 3384 1324 3467 quod
1354 3401 1482 3447 non
1514 3384 1864 3447 incurritur
1895 3404 1972 3447 ex
2002 3384 2147 3459 hoc,
2177 3403 2333 3466 prae-

832 3482 1054 3546 sertim
1098 3502 1300 3565 quum
1345 3481 1831 3546 constitutiones
1877 3483 2162 3564 poenales
2206 3482 2336 3546 sint

832 3580 1306 3663 restringendae,
1339 3599 1468 3644 non
1516 3581 1915 3664 ampliandae.
1951 3581 2027 3643 Et
2065 3581 2119 3643 si
2160 3580 2335 3644 volu-

830 3678 985 3742 isset
1013 3680 1331 3761 legislator
1361 3698 1615 3762 poenam
1647 3680 1839 3742 talem
1885 3678 2181 3759 infligere
2220 3697 2335 3760 pro

830 3776 1162 3841 iteratione
1203 3777 1720 3842 confirmationis
1772 3779 1940 3840 sicut
1998 3778 2330 3859 Baptismi,

832 3876 1141 3959 potuisset
1169 3877 1274 3939 hic
1314 3878 1703 3959 expressisse
1743 3877 1904 3939 sicut
1937 3876 2044 3939 ibi.
2088 3875 2334 3939 Confir-

832 3981 1044 4037 matur
1072 3993 1328 4057 quoque
1359 3994 1473 4057 per
1491 3976 1845 4058 capitulum
1878 3976 2059 4049 illud,
2081 3974 2161 4037 de
2184 3974 2337 4039 con-

833 4073 1205 4148 secratione,
1239 4073 1649 4136 distinctione
1689 4074 1750 4148 5,
1785 4074 2036 4136 Dictum
2069 4080 2186 4148 est,
2223 4073 2333 4135 ubi

2442 3085 2817 3167 gnificentia
2858 3086 3253 3170 altitudoque
3297 3087 3529 3163 cordis,
3562 3088 3800 3172 quibus
3840 3107 3952 3173 op-

2445 3186 2704 3268 probria
2751 3194 2815 3250 et
2860 3186 3229 3250 inimicitias
3277 3188 3606 3251 christiani
3666 3190 3951 3253 nominis

2444 3302 2517 3345 ac
2568 3283 2982 3366 professionis
3040 3286 3220 3367 quasi
3274 3304 3353 3348 ex
3408 3286 3537 3349 alto
3585 3286 3953 3369 despiciens

2447 3381 2886 3457 confirmatuS,
2906 3384 3139 3446 sanctis
3172 3383 3715 3466 indignationibus
3744 3406 3819 3449 ac
3849 3388 3957 3450 ad-

2448 3480 2905 3562 spirationibus
2945 3483 3290 3563 prosternit
3328 3502 3401 3546 ac
3446 3483 3661 3546 obruit
3702 3502 3793 3547 ea.
3832 3485 3955 3549 De·

2447 3579 2643 3661 nique
2698 3588 3167 3642 sacramentum
3226 3580 3744 3646 confirmationis
3804 3602 3953 3667 pro-

2446 3684 2586 3759 pter
2618 3677 2863 3740 bellicae
2887 3678 3277 3741 strenuitatis
3306 3680 3636 3743 audaciam
3668 3682 3955 3763 signatur

2444 3776 2511 3838 in
2549 3774 2776 3838 fronte.
2823 3776 3031 3838 Prima
3080 3796 3357 3859 namque
3404 3786 3470 3840 et
3518 3780 3796 3843 maxima
3836 3801 3951 3864 pe-

2444 3874 2646 3936 ricula
2705 3875 3138 3956 pugnantibus
3198 3876 3539 3940 imminent
3587 3879 3654 3941 in
3708 3878 3944 3943 fronte.

2444 3972 2990 4045 Quemadmodum
3039 3982 3253 4038 autem
3310 3976 3374 4037 in
3424 3976 3639 4040 Exodo
3685 3977 3945 4059 legitur,

2445 4073 2613 4153 quod
2664 4072 2861 4134 facies
2904 4074 3133 4156 Moysis
3174 4074 3508 4137 videBatur
3554 4085 3820 4138 cornuta
3862 4097 3947 4140 ex

835 4171 1013 4234 nulla
1051 4190 1240 4254 poena
1275 4171 1648 4252 hujusmodi
1688 4170 2002 4253 infligitur
2031 4173 2336 4255 episcopo
2364 4170 2415 4233 D
2446 4170 2765 4232 consortio
2813 4171 2965 4250 Dei3
3006 4172 3098 4233 sic
3141 4173 3375 4235 virtute
3422 4172 3947 4238 confirmationis

839 4269 1405 4333 Confirmationem
1437 4269 1722 4349 iteranti3
1745 4287 1953 4351 neque
1983 4271 2334 4353 suscipien-

837 4367 910 4441 ti,
942 4367 1066 4430 nisi
1098 4368 1268 4448 quod
1309 4366 1426 4429 soli
1467 4368 1596 4429 Deo
1634 4366 1756 4430 sub
1797 4366 2018 4429 habitu
2060 4368 2333 4449 regulari

837 4465 941 4528 vel
972 4463 1253 4528 clericali
1284 4465 1497 4547 ipsum
1529 4464 1594 4527 in
1628 4464 1934 4546 religione
1973 4466 2101 4528 Deo
2133 4465 2334 4529 famu-

837 4564 956 4627 lari
985 4564 1314 4627 decretum
1345 4564 1657 4645 estzquod
1685 4582 1813 4627 non
1844 4564 2055 4625 innuit
2081 4583 2335 4647 poenam

839 4663 1345 4745 irregularitati3‚
1379 4663 1491 4725 sed
1529 4663 1730 4744 magis
1761 4664 2151 4745 oppositum,
2183 4672 2337 4745 puta

837 4762 1216 4827 exercitium
1247 4760 1454 4825 officii
1485 4761 1816 4824 clericalis.
1853 4761 2104 4824 Etenim
2141 4762 2205 4823 in
2236 4782 2339 4825 ex-

835 4861 1166 4925 secutione
1213 4860 1535 4935 ordinum,
1591 4859 1944 4942 praesertim
2003 4860 2068 4923 in
2119 4878 2337 4923 conse-

838 4959 1119 5023 cratione
1151 4959 1586 5033 Eucharistiae,
1621 4958 1891 5021 clericus
1923 4958 2052 5021 Deo
2085 4976 2203 5021 suo
2242 4978 2337 5021 re-

837 5058 1062 5140 ligiose
1117 5058 1481 5120 famulatur.
1543 5093 1626 5104 —
1682 5058 1826 5121 Haec
1885 5058 2126 5121 ScotuS.
2190 5057 2338 5130 Quae

837 5155 1165 5221 recitative
1223 5156 1424 5238 magis
1481 5175 1675 5240 quam
1731 5156 2066 5219 assertorie
2121 5163 2332 5237 tang0,

835 5257 1138 5338 quoniam
1171 5255 1360 5339 plena
1389 5255 1616 5319 horum
1656 5254 1982 5338 responsio
2013 5254 2332 5338 inquisiti-

2446 4285 2685 4330 cornua
2729 4269 3099 4331 inseruntur
3142 4270 3427 4333 interiori
3469 4271 3662 4335 fronti
3706 4274 3949 4337 confir-

2448 4367 2623 4442 mati,
2659 4366 2894 4449 quibus
2929 4367 3243 4449 irrumpat
3268 4386 3341 4429 ac
3370 4369 3637 4433 ventilet
3666 4371 3949 4435 inimici-

2449 4465 2567 4527 tias
2607 4474 2797 4546 atque
2826 4464 3171 4546 opprobria
3208 4465 3567 4530 christianae
3604 4467 3949 4550 professio-

2448 4562 2568 4624 nis.
2604 4562 2746 4625 Haec
2778 4563 2993 4643 itaque
3022 4562 3387 4626 differentia
3416 4571 3513 4627 est
3542 4564 3709 4629 inter
3735 4568 3953 4631 solum

2448 4660 2797 4742 baptizatos
2836 4668 2899 4723 et
2937 4668 3156 4743 postea
3199 4661 3635 4739 confirmatoS,
3666 4683 3809 4747 quae
3850 4675 3955 4730 est

2449 4759 2616 4821 inter
2672 4759 2973 4821 animalia
3030 4768 3297 4823 cornuta
3352 4769 3417 4824 et
3474 4780 3603 4825 non
3660 4775 3948 4828 cornuta.

2448 4857 2883 4921 Confirmandi
2934 4877 3209 4941 namque
3251 4860 3521 4923 veniunt
3560 4862 3639 4924 ad
3686 4882 3955 4927 manum

2447 4955 2801 5038 pontificis,
2846 4964 2916 5019 ut
2954 4957 3421 5022 confirmentur
3470 4967 3535 5023 et
3576 4962 3958 5043 consignen-

2446 5062 2552 5117 tur
2580 5064 2885 5138 tanquam
2928 5058 3205 5122 inermes
3239 5066 3305 5121 et
3340 5061 3625 5122 nondum
3659 5063 3954 5143 cornuti3

2446 5161 2637 5237 atque
2666 5155 2744 5218 de
2778 5157 3073 5219 manibus
3103 5157 3244 5238 ejus
3276 5158 3583 5221 recedunt
3612 5159 3959 5223 confirma-

2447 5254 2492 5315 ti
2535 5254 2733 5316 instar
2772 5255 3179 5319 unicornium
3216 5256 3349 5338 jam
3380 5258 3648 5321 cornuti.
3681 5258 3952 5336 RursuS,

3988 2514 4127 2558 Cant.
4150 2525 4225 2562 wi.

4042 4092 4185 4137 Erod.

3977 4171 4121 4207 xxxiv,
4134 4159 4194 4198 2⁹.
