4267 6250
1176 493 1354 543 nm
1391 491 1455 541 tv
1499 466 1982 543 amanium.
2022 510 2103 523 -
2144 492 2298 539 mar.
2340 492 2403 539 xv
3221 467 3335 533 121

315 670 703 754 accipiendum
740 674 839 739 est
879 692 895 735 ε
934 688 1090 736 nam
1133 672 1276 738 sine
1321 669 1617 735 interiori
1652 686 1849 734 nemo
1890 669 2157 734 adultus
2191 668 2580 751 renovatur3
2611 668 2728 733 sed
2763 665 3119 733 exteriores
3153 664 3344 731 satis-

312 790 577 855 factiones
608 792 671 855 et
702 790 1106 870 afflictiones,
1146 788 1397 853 scilicet
1432 788 1659 853 sordes
1695 786 2182 869 poenitentium,
2225 786 2319 851 ibi
2365 786 2808 849 dimittuntur.
2853 784 3140 849 Multum
3187 800 3340 865 ergo

309 906 513 970 confert
552 907 940 989 Baptismus,
982 907 1181 972 etiam
1222 906 1363 987 jam
1408 922 1527 987 per
1564 905 1763 968 fidem
1794 903 2179 985 justificatO,
2231 904 2388 984 quia
2431 904 2746 969 accedens
2793 903 2876 966 ad
2921 902 3342 984 Baptismum

309 1024 458 1104 quasi
497 1040 703 1087 ramus
746 1041 785 1087 a
834 1022 1142 1087 columba
1193 1023 1493 1104 portatur
1538 1022 1607 1084 in
1652 1038 1869 1085 arcam
1912 1042 1926 1081 ε
1970 1020 2084 1102 qui
2139 1023 2290 1085 ante
2337 1021 2518 1083 intus
2568 1022 2706 1083 erat
2744 1020 2997 1101 judicio
3035 1019 3182 1100 Dei,
3225 1019 3343 1083 sed
3371 1039 3637 1090 omnum.

308 1157 447 1202 nunc
476 1140 654 1203 etiam
686 1140 937 1220 judicio
974 1139 1285 1203 Ecclesiae
1322 1139 1503 1202 intus
1533 1138 1653 1202 est.
1696 1137 1918 1211 Quum
1956 1155 2110 1201 vero
2149 1138 2218 1199 in
2265 1137 2605 1218 Baptismo
2642 1137 2986 1218 peccatum
3023 1135 3338 1215 deleatur,

308 1258 359 1319 et
378 1256 695 1319 satisfactio
732 1256 1017 1321 exterior
1041 1272 1177 1319 non
1203 1256 1603 1338 imputetur3
1634 1253 1974 1336 quaeritur,
1994 1271 2111 1317 cur
2134 1253 2483 1335 poenalitas
2517 1252 2623 1316 cui
2651 1267 2771 1334 pro
2803 1252 3070 1333 peccato
3099 1250 3340 1314 addicti

308 1389 517 1452 sumuS,
562 1389 685 1435 non
734 1372 1023 1436 tollatur.
1063 1372 1207 1435 Hoc
1258 1372 1407 1435 ideo
1444 1371 1711 1435 tradunt
1761 1369 1886 1434 viri
1938 1369 2172 1450 sancti,
2222 1370 2377 1451 quia
2425 1370 2482 1433 si
2537 1386 2576 1432 a
2621 1386 2816 1450 poena
2867 1367 3174 1431 homines
3227 1384 3344 1448 per
3387 1384 3636 1459 ἰεῑφεωι.

308 1488 664 1570 Baptismum
699 1489 1151 1569 liberarentur,
1190 1488 1404 1571 ipsam
1446 1488 1753 1570 putarent
1790 1487 2116 1569 Baptismi
2153 1487 2463 1569 pretium,
2507 1504 2640 1549 non
2683 1488 3001 1550 aeternum
3040 1502 3338 1566 regnum.
3367 1449 3490 1555 ξὺῗ
3507 1461 3548 1491 ‘²‘
3565 1450 3634 1499 ²²⁸

311 1606 433 1668 Ideo
484 1605 683 1670 soluto
738 1608 923 1670 reatu
970 1606 1243 1687 peccati,
1290 1603 1672 1686 temporalis
1708 1620 1903 1685 poena
1946 1604 2168 1667 tamen
2218 1604 2462 1683 manet,
2514 1604 2590 1665 ut
2643 1601 2757 1665 illa
2803 1602 2940 1665 vita
2981 1600 3346 1665 studiosius

312 1724 588 1803 quaeratur
620 1740 761 1804 quae
798 1722 923 1787 erit
960 1740 998 1785 a
1034 1723 1247 1804 poenis
1287 1721 1596 1785 omnibus
1642 1720 1876 1785 aliena.
1918 1720 2075 1785 Ideo
2124 1720 2324 1785 etiam
2374 1722 2618 1799 manet,
2652 1721 2726 1783 ut
2771 1719 2860 1783 sit
2895 1714 3073 1782 fideli
3109 1720 3174 1781 et
3212 1735 3346 1782 cer-

310 1838 453 1900 tandi
486 1840 738 1903 materia
772 1840 837 1903 et
862 1838 1169 1902 vincendi
1198 1837 1453 1901 occasio
1489 1856 1504 1897 :
1538 1836 1815 1917 quinon
1852 1835 2165 1916 vinceret,
2198 1835 2257 1898 si
2295 1852 2426 1898 non
2454 1836 2810 1917 pugnaret3
2841 1852 2962 1899 nec
2995 1834 3341 1917 pugnaret,

311 1953 355 2015 si
386 1953 441 2017 in
470 1954 783 2036 Baptismo
832 1954 1017 2020 fieret
1062 1952 1478 2017 immortalis.

470 2196 542 2261 G.
593 2202 813 2274 Cujus
854 2202 977 2262 rei
1019 2199 1441 2273 Baptismus
1484 2199 1611 2274 qut
1657 2198 1886 2259 datur
1922 2198 2097 2269 jam
2134 2196 2370 2271 fusto,
2419 2197 2521 2259 sit
2562 2196 3145 2259 sacramentum.

416 2413 475 2475 Si
516 2415 835 2495 quaeritur,
882 2413 1073 2495 cujus
1119 2413 1215 2476 rei
1265 2411 1647 2493 Baptismus
1701 2411 1813 2476 ille
1860 2410 1949 2475 sit
1993 2412 2474 2476 sacramentum
2527 2410 2641 2491 qui
2692 2409 2885 2473 datur
2925 2407 3066 2489 jam
3113 2408 3293 2489 justo
3331 2429 3349 2491 ς

314 2526 567 2609 dicimus,
604 2532 1077 2595 sacramentum
1125 2544 1267 2593 esse
1314 2529 1380 2591 et
1424 2528 1519 2591 rei
1549 2545 1697 2609 quae
1740 2528 2098 2610 praecessit,
2130 2528 2200 2590 id
2237 2528 2336 2591 est
2371 2526 2780 2590 remissionis
2815 2527 2965 2589 ante
3000 2542 3118 2606 per
3152 2525 3350 2589 fidem

312 2642 465 2723 datae,
494 2647 553 2708 et
587 2647 989 2711 remissionis
1032 2645 1417 2727 temporalis
1456 2664 1691 2727 poenae,
1724 2645 1865 2709 sive
1906 2645 2155 2726 peccati
2195 2644 2282 2726 (si
2327 2642 2605 2707 habetur
2641 2643 2818 2723 quod
2858 2642 3122 2705 interim
3169 2658 3353 2704 com-

313 2759 611 2843 mittitur),
645 2763 701 2825 et
733 2761 1049 2826 novitatis
1085 2778 1159 2824 ac
1206 2760 1423 2825 omnis
1472 2761 1699 2842 gratiae
1745 2759 1838 2823 ibi
1865 2759 2219 2841 praestitae.
2261 2759 2496 2823 Omnis
2529 2758 2772 2822 etenim
2809 2758 2904 2821 rei
2951 2758 3218 2839 signum
3255 2757 3354 2821 est

318 2876 469 2955 cujus
491 2894 671 2941 causa
696 2879 815 2942 est.
834 2879 974 2942 Nec
1003 2878 1261 2941 mireris
1296 2895 1435 2941 rem
1464 2877 1816 2958 aliquando
1844 2876 2210 2958 praecedere
2237 2875 2742 2954 sacramentum,
2765 2890 2974 2955 quum
3003 2874 3352 2954 aliquando

320 2992 477 3054 etiam
508 2993 685 3075 longe
710 2996 863 3076 post
892 2994 1227 3075 sequatur,
1260 2995 1335 3056 ut
1372 2994 1440 3056 in
1475 2993 1613 3057 illis
1648 2993 1764 3075 qui
1806 2992 1953 3055 ficte
1992 2992 2332 3071 accedunt,
2367 2989 2608 3072 quibus
2635 3007 2844 3072 quum
2884 2992 3112 3071 postea
3147 2990 3357 3071 poeni-

318 3106 536 3190 tuerint,
574 3109 831 3193 incipiet
864 3109 1246 3192 Baptismus
1282 3109 1615 3192 prodesse,
1648 3110 1717 3173 in
1760 3109 2003 3191 quihus
2044 3106 2173 3171 fuit
2208 3107 2592 3190 Baptismus
2631 3107 3114 3171 sacramentum
3152 3106 3354 3188 hujus

322 3225 789 3292 sanctificationis
816 3243 1017 3309 quam
1044 3226 1421 3308 poenitendo
1458 3225 1720 3290 habent.
1754 3226 1881 3290 Sed
1919 3227 1976 3289 si
2015 3241 2355 3305 nunquam
2383 3224 2776 3306 poeniterent
2801 3241 2930 3308 'nec
2967 3241 3006 3286 a
3041 3218 3351 3304 figmento

322 3341 651 3424 recederent,
680 3343 875 3426 cujus
915 3343 1011 3407 rei
1047 3343 1527 3406 sacramentum
1560 3343 1733 3406 esset
1766 3342 2150 3424 Baptismus
2186 3340 2268 3404 ab
2304 3339 2440 3404 illis
2475 3337 2870 3421 susceptus?
2911 3339 3140 3402 Potest
3174 3337 3303 3402 dici
3333 3359 3348 3400 ε

321 3455 397 3517 rei
431 3473 557 3538 quae
596 3459 679 3524 ibi
724 3459 935 3539 fieret,
984 3459 1043 3522 si
1088 3475 1222 3521 non
1270 3475 1498 3522 eorum
1547 3459 1903 3523 enormitas
1949 3457 2318 3540 impediret.

610 3694 691 3758 H.
744 3698 829 3760 Si
865 3699 1211 3771 parvuli-5·
1250 3696 1477 3759 datur
1524 3699 1602 3759 in
1644 3695 2021 3768 Raptis-mo
2068 3694 2324 3770 qratia
2371 3708 2516 3771 qua
2556 3695 2867 3768 possunt
2910 3696 2989 3757 in

1314 3813 1605 3885 majori
1646 3811 1865 3876 oetate
1904 3812 2288 3884 proficere.

425 4011 576 4080 Solet
628 4016 825 4080 etiam
880 4015 1111 4097 quaeri,
1175 4016 1233 4080 si
1283 4015 1578 4098 parvulis
1630 4016 1699 4079 in
1753 4015 2095 4098 Baptismo
2154 4015 2347 4079 datur
2391 4015 2601 4097 gratia
2659 4032 2788 4096 qua
2837 4031 3045 4098 quum
3091 4016 3356 4097 tempus

320 4124 607 4195 habuerint
638 4133 870 4197 utendi
907 4132 1115 4196 libero
1152 4131 1447 4211 arbitri0,
1478 4133 1735 4214 possint
1768 4133 1934 4197 bene
1966 4132 2134 4196 velle
2173 4134 2239 4196 et
2274 4149 2552 4196 currere.
2594 4131 2692 4196 De
2736 4131 2980 4195 adultis
3015 4132 3193 4196 enim
3239 4132 3355 4214 qui
3383 4157 3647 4207 Romamn.

320 4239 469 4323 digne
515 4249 833 4331 recipiunt
893 4248 1401 4330 sacramentum,
1440 4266 1573 4312 non
1618 4249 1975 4330 ambigitur
2028 4248 2190 4330 quin
2237 4248 2514 4329 gratiam
2570 4248 2948 4330 operantem
3005 4249 3070 4312 et
3125 4265 3358 4330 coope-

306 4363 519 4427 mntem
552 4364 977 4448 perceperint,
1018 4382 1167 4447 quae
1206 4365 1275 4427 in
1313 4382 1594 4428 vacuum
1634 4367 1731 4430 eis
1758 4365 1929 4429 cedit
1966 4366 2023 4428 si
2060 4383 2178 4447 per
2218 4363 2498 4427 liberum
2536 4363 2879 4428 arbitrium
2923 4365 3075 4446 post
3110 4367 3648 4450 morta-1100„‚v.‚‚,

298 4465 433 4540 liter
477 4480 879 4562 deliquerint,
919 4481 1035 4562 qui
1092 4481 1328 4544 merito
1383 4482 1632 4563 peccati
1687 4483 1965 4564 gratiam
2022 4482 2392 4563 appositam
2447 4481 2753 4562 perdunt.
2805 4483 2992 4546 Unde
3049 4483 3358 4546 dicuntur

310 4595 725 4661 contumeliam
761 4597 1039 4679 Spiritui
1070 4597 1309 4662 Sancto
1360 4598 1593 4684 facere,
1626 4599 1690 4662 et
1726 4598 1949 4680 ipsum
1986 4615 2025 4662 a
2061 4617 2131 4662 se
2171 4599 2418 4680 fugare.
2451 4633 2541 4644 —
2568 4599 2666 4661 De
2712 4599 3007 4680 parvulis
3044 4616 3199 4662 vero
3241 4599 3353 4681 qui
3385 4621 3648 4671 mamas.

318 4711 560 4775 nondum
604 4715 855 4777 ratione
892 4715 1194 4794 utuntur,
1237 4715 1516 4796 quaestio
1568 4717 1689 4797 est,
1735 4732 1819 4779 an
1860 4717 1930 4778 in
1976 4716 2317 4797 Baptismo
2365 4716 2728 4797 receperint
2772 4715 3050 4798 gratiam
3088 4732 3220 4796 qua
3273 4716 3356 4778 ad

324 4826 585 4904 majorem
611 4829 947 4894 venientes
975 4831 1261 4910 aetatem,
1302 4832 1557 4913 possint
1586 4833 1755 4896 velle
1792 4833 1857 4896 et
1893 4832 2148 4913 operari
2185 4831 2456 4894 bonum.
2491 4831 2769 4896 Videtur
2803 4833 2980 4912 quod
3015 4850 3148 4895 non
3180 4849 3359 4896 rece-

324 4941 511 5020 perint,
538 4945 675 5025 quia
714 4945 925 5027 gratia
963 4945 1077 5008 illa
1114 4947 1349 5012 caritas
1387 4950 1508 5029 est,
1542 4951 1607 5014 et
1633 4949 1818 5029 fides,
1858 4966 2006 5029 quae
2037 4947 2442 5012 voluntatem
2471 4949 2797 5029 praeparat
2830 4950 2895 5010 et
2923 4948 3211 5029 adjuvat.
3230 4949 3358 5013 Sed

328 5055 443 5130 quis
470 5058 683 5125 dixerit
732 5079 849 5125 eos
896 5063 1227 5144 accepisse
1262 5064 1459 5128 fidem
1508 5067 1575 5130 et
1612 5065 1946 5129 caritatem
1963 5064 1993 5126 ⁶?
2032 5065 2101 5129 Si
2142 5081 2295 5127 vero
2335 5063 2612 5145 gratiam
2654 5079 2786 5126 non
2832 5061 3194 5142 receperint
3229 5079 3362 5143 qua

327 5164 454 5234 bene
478 5179 705 5256 operari
746 5177 1027 5259 possunt
1059 5195 1267 5259 quum
1306 5180 1550 5245 fuerint
1590 5181 1796 5245 adulti
1832 5199 1846 5241 :
1878 5197 2013 5243 non
2052 5197 2206 5261 ergo
2243 5177 2482 5242 sufficit
2520 5178 2615 5242 eis
2656 5177 2726 5239 in
2767 5177 2893 5239 hoc
2938 5177 3115 5239 statu
3150 5178 3362 5258 gratia

330 5281 387 5344 in
412 5284 705 5370 Baptismo
742 5298 917 5380 data,
960 5315 1081 5364 nec
1118 5316 1237 5380 per
1262 5298 1447 5362 illam
1482 5300 1761 5381 possunt
1800 5297 2000 5362 modo
2040 5294 2199 5358 honi
2237 5313 2402 5374 esse,
2433 5294 2562 5356 nisi
2605 5292 2733 5357 alia
2769 5292 3078 5374 addatur;
3109 5310 3258 5374 quae
3299 5295 3356 5356 si
