4267 6250
635 974 720 1015 art.
743 974 781 1016 ί.

628 2359 714 2401 art.
738 2358 779 2400 2.

586 2936 697 2985 Aee.
713 2949 771 2989 vi,
791 2938 832 2979 Ξ.

576 3339 833 3392 lCor.1‚l7.

585 3831 754 3876 Joann.
771 3845 811 3874 xv

624 4231 706 4268 m.

864 469 982 533 144

1553 488 1617 534 IN
1658 486 1881 534 Lunum
1923 486 1985 533 lv
2026 485 2515 533 snmnmunun.
2554 502 2636 515 —
2674 486 2828 534 msr.
2867 487 2948 550 V3
2993 488 3217 545 QUAEST.
3261 490 3284 534 1

866 658 1107 721 tionem
1138 675 1319 719 suam
1350 657 1682 720 redimere.
1708 656 1990 719 Primum
2019 664 2234 719 tamen
2263 674 2367 719 ve-
2393 654 2446 719 A
2475 656 2689 738 ptizati
2727 675 2764 719 a
2803 656 3087 740 paganis,
3123 657 3682 740 rebaptizarentur.
3714 693 3800 703 —
3828 658 3977 723 Haec

866 756 1001 819 rius
1050 755 1319 818 videtur.
1354 791 1435 800 —
1464 754 1607 818 Haec
1656 755 1927 818 Thomas
1975 754 2039 816 in
2089 754 2358 836 Scripto.

946 854 1015 915 In
1048 853 1234 915 tertia
1261 870 1413 915 vero
1444 860 1643 935 parte,
1676 853 2026 935 quaestione
2055 851 2366 933 sexagesi—

866 970 969 1013 ma
1017 950 1311 1033 septima,
1354 957 1738 1032 protestatur
1769 968 1783 1012 :
1816 949 2362 1024 Quemadmodum

865 1049 1220 1111 coelestium
1253 1049 1549 1111 ordinum
1592 1048 2009 1131 proprietates
2047 1055 2112 1111 et
2141 1065 2361 1111 eorum

862 1146 1082 1210 officia
1110 1166 1188 1209 ex
1220 1147 1505 1229 ipsorum
1548 1146 1919 1210 nominibus
1959 1146 2363 1209 consideran-

864 1254 987 1319 tur,
1022 1245 1377 1308 secundum
1421 1245 1487 1307 Β.
1522 1245 1895 1328 Dionysium
1945 1244 2218 1326 septimo
2265 1261 2363 1305 ca-

863 1343 1067 1426 pitulo
1096 1342 1477 1406 Hierarchiae
1516 1342 1830 1423 coelestis3
1862 1343 1951 1404 ita
1978 1360 2056 1405 ex
2087 1341 2361 1406 nomini-

862 1442 977 1504 bus
1006 1440 1571 1504 ecclesiasticorum
1599 1442 1891 1504 ordinum
1920 1440 2124 1523 accipi
2157 1447 2361 1523 potest

863 1540 1018 1624 quid
1046 1541 1125 1602 ad
1156 1558 1681 1623 unumquemque
1711 1540 2025 1623 pertineat
2052 1539 2356 1603 ordinem.

862 1640 1174 1702 Dicuntur
1203 1647 1445 1703 'autem
1503 1640 1753 1704 diaconi
1810 1639 1994 1723 quasi
2054 1638 2356 1711 ministri,

861 1739 1014 1821 quia
1040 1738 1119 1801 ad
1149 1756 1259 1803 eos
1300 1738 1743 1822 principaliter
1770 1756 1899 1801 non
1940 1738 2218 1822 pertinet
2244 1736 2357 1799 ali-

2473 754 2538 818 in
2583 756 2861 818 Summa.

2553 853 2950 917 Concordant
2975 854 3296 931 Albertus,
3329 856 3570 931 PetruS,
3594 855 3974 931 RicharduS,

2471 950 2972 1032 ArgentinensiS‚
3014 952 3253 1035 aliique
3297 952 3759 1033 communiter;
3793 954 3978 1017 rede-

2473 1057 2714 1132 untque
2765 1050 2832 1113 in
2874 1050 3044 1113 idem
3093 1051 3330 1134 scripta
3377 1052 3836 1115 Bonaventurae
3882 1052 3978 1116 di-

2471 1148 2674 1210 centis
2709 1166 2722 1211 :
2755 1148 3118 1231 Baptismus
3147 1157 3245 1212 est
3273 1158 3740 1212 sacramentum
3771 1150 3980 1213 eccle-

2471 1246 2815 1320 siasticum,
2836 1247 3265 1310 necessarium
3299 1256 3363 1310 et
3394 1248 3694 1330 primum.
3716 1248 3792 1310 Et
3819 1250 3981 1331 quia

2471 1344 3157 1421 ecclesiasticum,ideo
3186 1344 3328 1427 ejus
3357 1346 3818 1409 administratio
3847 1348 3982 1429 pri-

2472 1460 2576 1505 mo
2607 1450 2670 1521 et
2709 1443 3150 1526 principaliter
3188 1444 3530 1508 commissa
3559 1452 3656 1507 est
3693 1445 3976 1521 clericiS‚

2471 1550 2534 1604 et
2565 1542 2730 1605 inter
2758 1542 2873 1605 hos
2903 1542 3358 1607 sacerdotibus,
3384 1544 3722 1625 Quumque
3751 1544 3835 1605 sit
3865 1563 3981 1606 ne-

2470 1641 2841 1716 cessarium,
2883 1649 2947 1703 et
2989 1642 3282 1705 sacerdos
3321 1660 3448 1727 non
3492 1660 3747 1725 semper
3781 1642 3976 1717 adsit,

2471 1739 2614 1803 ideo
2653 1738 2794 1820 ejus
2835 1740 3300 1804 administratio
3340 1740 3533 1804 etiam
3574 1760 3642 1803 se
3685 1740 3978 1803 extendit

861 1838 1029 1920 quod
1088 1844 1555 1901 sacramentum
1613 1856 1692 1900 ex
1752 1837 2011 1920 proprio
2069 1836 2356 1919 ipsorum
2395 1840 2442 1902 B
2471 1837 2548 1899 ad
2599 1837 2815 1912 laicOS,
2857 1838 3075 1901 divina
3123 1839 3561 1902 misericordia
3607 1839 3671 1901 id
3717 1846 3973 1920 agente,

862 1934 1083 1998 officio
1114 1937 1419 2019 praebcre,
1454 1936 1564 1999 sed
1597 1936 2023 1999 ministerium
2055 1935 2358 1998 adhibere

861 2034 1215 2115 maioribus
1255 2035 1320 2096 in
1360 2034 1755 2097 exhibitione
1793 2041 2356 2097 sacramentorum.

862 2133 1021 2195 Hinc
1050 2132 1129 2194 ad
1160 2132 1501 2195 diaconum
1541 2150 1669 2196 non
1700 2132 1977 2214 pertinet
2013 2132 2358 2215 baptizare,

862 2231 988 2293 nisi
1034 2232 1101 2293 in
1144 2232 1540 2294 necessitate.

973 2330 1163 2393 Porro
1192 2337 1321 2391 tam
1353 2329 1620 2393 docendi
1653 2348 1846 2412 quam
1878 2329 2240 2413 baptizandi
2269 2327 2362 2392 of-

863 2427 1091 2491 ficium
1122 2428 1410 2492 Christus
1441 2428 1722 2510 injunxit
1749 2429 2365 2512 ApostoliS,quorum

865 2528 1073 2591 vicem
1101 2535 1334 2609 gerunt
1362 2527 1669 2610 episcopi,
1700 2528 1886 2591 aliter
1914 2536 2127 2591 tamen
2159 2537 2224 2590 et
2251 2526 2365 2590 ali-

861 2633 977 2689 ter.
1012 2626 1318 2690 Officium
1361 2645 1639 2709 namque
1678 2627 1948 2690 docendi
1988 2646 2101 2689 seu
2136 2626 2364 2709 praedi-

863 2725 1047 2787 candi
1081 2725 1404 2789 commisit
1432 2725 1636 2801 eia,ut
1663 2725 1822 2788 illud
1854 2733 2157 2808 tanquam
2191 2726 2364 2808 prin-

862 2822 1326 2905 cipalissimum
1346 2823 1762 2905 personaliter
1782 2830 2180 2902 exercerent3
2195 2823 2364 2886 unde

864 2920 930 2983 in
973 2920 1240 2984 Actibus
1287 2922 1512 2984 dicunt
1556 2939 1569 2983 :
1616 2922 1755 2985 Non
1802 2930 1899 2984 est
1944 2940 2200 3004 aequum
2250 2939 2364 2985 nos

2471 1953 2612 2016 quae
2643 1935 2967 1999 neminem
2998 1936 3136 1999 vult
3163 1936 3391 2019 perire.
3426 1937 3505 1999 Et
3533 1938 3685 2020 quia
3713 1945 3812 2001 est
3839 1938 3975 2019 pri·
4003 1962 4040 2007 11
4057 1964 4178 2007 pm,
4197 1977 4236 2009 m.

2472 2053 2672 2110 mum,
2705 2054 2741 2097 a
2777 2035 2957 2098 nullo
2995 2035 3120 2097 alio
3163 2044 3559 2099 sacramento
3598 2036 3921 2119 dependet
3955 2053 3970 2097 :
4001 2030 4044 2072 ⁹·

2472 2141 2732 2216 propter
2777 2134 2947 2216 quod
2997 2142 3272 2216 potestas
3323 2134 3663 2197 ministerii
3709 2135 3852 2216 ejus
3901 2154 3976 2197 se

2471 2233 2756 2295 extendit
2783 2232 2860 2295 ad
2890 2250 3112 2295 omnes
3143 2232 3254 2315 qui
3282 2232 3528 2295 faciunt
3555 2252 3630 2297 ea
3661 2253 3802 2316 quae
3833 2252 3978 2315 per·

2471 2330 2678 2393 tinent
2721 2331 2799 2393 ad
2850 2330 3276 2411 integritatem
3328 2333 3709 2394 sacramenti
3761 2332 3974 2394 istius.

2473 2429 2780 2511 Denique,
2818 2447 3019 2511 quum
3069 2438 3536 2492 sacramentum
3586 2431 3670 2491 sit
3716 2429 3982 2492 visibile

2473 2526 2750 2607 signum,
2784 2526 2928 2590 ideo
2969 2527 3345 2609 regulariter
3381 2528 3672 2590 exhiberi
3712 2527 3906 2591 debet
3943 2547 3984 2591 a

2477 2624 2770 2687 ministro
2814 2625 3079 2700 visibili,
3131 2625 3376 2688 scilicet
3430 2625 3714 2701 homine,
3763 2644 3895 2690 non
3945 2645 3986 2689 a

2476 2723 2728 2807 spiritu,
2762 2724 3094 2807 potissime
3145 2724 3333 2799 malo,
3373 2725 3670 2807 quamvis
3709 2724 3988 2788 visibili—

2475 2830 2572 2885 ter
2607 2830 2973 2905 apparente.
3011 2824 3087 2885 Et
3130 2824 3281 2905 quia
3322 2830 3420 2886 est
3464 2843 3688 2899 unum,
3720 2824 3985 2907 dispen-

2477 2922 2600 2983 sari
2645 2921 2836 2984 debet
2875 2921 2956 2984 ab
3005 2939 3135 2985 uno
3185 2922 3720 2997 administratore,
3767 2940 3898 2986 non
3943 2942 3986 2985 a

862 3020 1225 3102 relinquere
1254 3020 1525 3083 verbum
1556 3020 1691 3095 Dei,
1711 3030 1774 3083 et
1806 3021 2168 3083 ministrare
2197 3038 2366 3083 men·
2404 3023 2447 3087 C
2477 3019 2789 3101 pluribus.
2826 3020 2902 3082 Et
2930 3021 3082 3102 quia
3110 3027 3209 3083 est
3233 3038 3482 3095 verum,
3514 3021 3708 3084 debet
3743 3039 3884 3084 esse
3915 3029 3986 3083 et

862 3118 969 3181 siS.
1003 3118 1307 3183 Officium
1343 3126 1557 3182 autem
1598 3118 1957 3201 baptizandi
1999 3118 2158 3202 ipsis
2198 3137 2366 3182 com-

862 3217 1039 3279 misit
1065 3225 1370 3300 tanquam
1400 3217 1828 3280 exercendum
1858 3237 1973 3301 per
1998 3218 2179 3293 alios,
2199 3217 2364 3281 sicut

860 3317 937 3379 ad
988 3315 1348 3382 Corinthios
1396 3315 1627 3378 Paulus
1673 3316 1761 3379 ait
1800 3333 1814 3379 :
1848 3316 1985 3380 Non
2036 3317 2212 3380 misit
2259 3335 2363 3379 me

860 3414 1147 3478 Christus
1206 3414 1548 3497 baptizare,
1610 3415 1721 3477 sed
1780 3416 2232 3497 evangelizare.
2288 3415 2364 3476 Et

860 3514 981 3578 hoc
1020 3512 1184 3589 ideo,
1217 3514 1371 3596 quia
1413 3514 1479 3575 in
1518 3513 1898 3596 baptizando
1931 3515 2021 3576 nil
2061 3521 2363 3597 operatur

860 3613 1161 3676 meritum
1220 3613 1598 3695 baptizantis
1657 3631 1775 3676 nec
1824 3613 2135 3696 sapientia
2194 3614 2358 3694 ejuS,

858 3712 1025 3774 sicut
1055 3711 1121 3774 in
1152 3712 1670 3794 praedicando:in
1698 3711 1883 3793 cujus
1913 3712 2169 3793 signum
2200 3713 2363 3794 ipse-

816 3861 827 3884 ,
858 3820 989 3874 met
1018 3811 1305 3874 Christus
1334 3829 1462 3874 non
1491 3808 1856 3894 baptizavit,
1892 3820 1963 3873 ut
1991 3810 2263 3873 habetur
2291 3810 2360 3872 in

853 3911 1113 3974 Ioanne.
1149 3909 1362 3973 Nihilo
1394 3910 1607 3972 minus
1639 3918 1907 3991 possunt
1936 3909 2224 3992 episcopi
2257 3908 2361 3972 ba·

860 4010 1118 4091 ptizare,
1150 4009 1453 4091 quoniam
1494 4014 1701 4091 potest
1744 4015 2023 4089 potestas
2066 4007 2360 4090 superior

858 4109 1029 4190 quod
1074 4107 1358 4170 inferior.

2476 3117 2912 3195 manifestum,
2942 3128 3012 3182 ut
3041 3118 3204 3182 alius
3234 3118 3318 3183 sit
3345 3119 3694 3202 baptizans,
3719 3128 3783 3183 et
3809 3121 3981 3183 alius

2473 3217 2848 3300 baptizatus
2882 3218 3040 3282 Nam
3083 3226 3147 3280 et
3191 3218 3255 3281 in
3304 3218 3512 3282 forma
3553 3219 3693 3300 ejus
3736 3219 3980 3302 duplex

2474 3335 2747 3398 persona
2791 3317 3196 3399 exprimitur,
3249 3336 3450 3399 quum
3499 3317 3735 3380 dicitur
3779 3335 3796 3380 :
3846 3318 3982 3400 Ego

2473 3414 2726 3498 baptizo
2756 3422 2838 3478 te.
2871 3450 2952 3460 —
2981 3415 3123 3479 Haec
3153 3415 3612 3479 Bonaventura.
3645 3415 3762 3490 Qui
3805 3417 3984 3480 cirea

2472 3513 2607 3577 haec
2637 3514 2861 3576 scribit
2885 3514 3144 3589 diffuse,
3165 3515 3352 3595 cujus
3381 3514 3618 3597 scripta
3647 3513 3981 3578 sufficien-

2471 3618 2568 3674 ter
2609 3613 2907 3676 videntur
2947 3612 3314 3695 praehabita.

2549 3711 2854 3775 Praeterea
2895 3710 3228 3774 Durandus
3269 3719 3333 3773 et
3371 3710 3595 3774 Scotus
3631 3712 3785 3774 satis
3825 3730 3978 3775 con-

2469 3817 2698 3872 sonant
2746 3810 3176 3892 praeinductiS.
3211 3809 3289 3872 Et
3335 3810 3510 3872 addit
3557 3810 3782 3873 Scotus
3815 3827 3832 3873 τ
3866 3811 3974 3875 Di-

2469 3908 2812 3990 stinguitur
2849 3907 2953 3970 hic
2995 3908 3074 3971 de
3117 3908 3282 3971 malo
3320 3907 3636 3983 ministro,
3669 3909 3824 3991 quia
3858 3919 3974 3973 aut

2468 4014 2564 4070 est
2605 4008 2908 4090 praecisus
2956 4007 3037 4070 ab
3082 4007 3366 4070 Ecclesia
3407 4007 3702 4082 totaliter,
3735 4009 3840 4072 vel
3887 4009 3971 4072 ad

2466 4113 2758 4188 tempus3
2789 4105 2890 4169 vel
2933 4123 3062 4169 non
3104 4113 3201 4168 est
3249 4107 3573 4189 praecisus.
3621 4107 3710 4168 De
3754 4106 3971 4188 primo

858 4243 862 4248 -
937 4205 1110 4267 Istud
1152 4206 1435 4278 demum,
1470 4223 1551 4266 an
1598 4222 1725 4268 non
1764 4203 2118 4287 baptizatus
2158 4206 2359 4288 possit
2385 4205 2437 4270 D
2467 4212 2616 4269 sunt
2672 4205 2813 4268 duae
2871 4204 3224 4287 opiniones.
3279 4205 3431 4280 Una,
3486 4205 3654 4287 quod
3713 4213 3972 4269 tenetur

856 4302 924 4366 in
954 4304 1351 4367 necessitatis
1378 4303 1646 4367 articulo
1685 4303 2027 4386 baptizare,
2058 4305 2355 4386 Augusti-

854 4421 976 4465 nus
1008 4404 1073 4465 in
1105 4403 1269 4466 libro
1299 4403 1579 4466 secundo
1608 4411 1827 4466 contra
1855 4404 2192 4485 epistolam
2222 4405 2358 4467 Par-

854 4502 1133 4564 meniani
1193 4503 1454 4585 reliquit
1500 4503 1621 4566 sub
1668 4502 1882 4566 dubio.
1935 4503 2156 4566 Postea
2203 4522 2353 4569 vero

850 4601 1297 4666 determinavit
1341 4601 1624 4664 Ecclesia
1666 4601 1835 4685 quod
1884 4601 1997 4664 sic.
2034 4602 2209 4665 Unde
2250 4603 2353 4667 Ni-

848 4698 1065 4763 colaus
1110 4700 1276 4782 Papa
1324 4700 1405 4762 ad
1452 4699 1869 4781 Bulgarorum
1923 4700 2215 4764 consulta
2259 4721 2352 4764 re-

847 4799 1119 4881 spondit,
1141 4799 1311 4882 quod
1340 4798 1639 4882 baptizati
1667 4818 1705 4862 a
1734 4799 1996 4882 paganis
2027 4799 2147 4862 sub
2179 4801 2348 4864 debi-

846 4905 911 4959 ta
957 4896 1162 4961 forma
1209 4898 1555 4973 TrinitatiS,
1602 4916 1729 4961 non
1782 4898 2343 4981 rebaptizarentur.

846 4997 910 5059 Si
942 5004 1156 5060 autem
1184 4997 1306 5060 sub
1337 4997 1705 5079 hujusmodi
1736 4996 1942 5061 forma
1972 5017 2099 5062 non
2133 5007 2348 5062 essent

844 5096 925 5158 ab
955 5096 1083 5158 illis
1122 5097 1443 5179 baptizati,
1476 5103 1688 5160 essent
1719 5097 1929 5160 denuo
1960 5097 2341 5180 baptizandi.

846 5197 923 5258 Et
951 5197 1039 5259 ita
1066 5203 1163 5260 est
1192 5196 1675 5278 intelligendum
1704 5198 1875 5280 quod
1904 5197 2234 5280 Gregorius
2265 5199 2346 5262 111

846 5294 1105 5378 scripsit
1130 5295 1457 5360 Bonifacio
1482 5295 1809 5380 episcop0,
1843 5303 1913 5358 ut
1951 5296 2199 5360 scilicet
2235 5295 2343 5360 ba-

2465 4305 2609 4387 quis
2648 4323 2685 4366 a
2726 4303 2839 4366 tali
2876 4303 3272 4385 Baptismum
3322 4303 3630 4387 recipere,
3663 4303 3718 4366 si
3761 4304 3968 4368 alium

2466 4421 2592 4466 non
2625 4403 2825 4485 possit
2863 4402 3230 4465 ministrum
3273 4402 3530 4478 habere,
3567 4403 3720 4485 quia
3753 4403 3966 4485 Bapti-

2463 4519 2642 4565 smus
2690 4509 2787 4564 est
2831 4508 3300 4564 sacramentum
3349 4501 3764 4565 necessitatis.
3796 4502 3960 4577 Alia,

2462 4603 2633 4684 quod
2671 4608 2926 4664 tenetur
2964 4619 3090 4664 non
3130 4601 3417 4683 recipere
3455 4600 3534 4663 ab
3574 4619 3672 4677 ee,
3703 4607 3770 4664 et
3807 4602 3966 4665 reci-

2461 4702 2695 4784 piendo
2725 4708 2946 4783 peccat
2977 4701 3340 4764 mortaliter.
3356 4701 3514 4764 Nam
3545 4701 3962 4784 baptizandus

2459 4801 2561 4862 vel
2606 4807 2702 4863 est
2742 4800 3019 4876 adultuS,
3050 4808 3160 4863 aut
3210 4801 3532 4882 parvulus.
3567 4799 3633 4863 Si
3679 4800 3958 4876 adultuS‚

2459 4899 2706 4961 sufficit
2753 4898 2877 4961 sibi
2926 4898 3289 4980 Baptismus
3346 4898 3654 4974 flaminis,
3704 4900 3962 4982 quando

2456 4998 2853 5080 Baptismum
2904 4997 3199 5060 fluminis
3247 4997 3481 5060 habere
3529 5016 3656 5060 non
3707 4998 3876 5061 valet
3923 5017 3960 5060 a

2456 5097 2632 5160 licito
2687 5097 2982 5160 ministro
3041 5097 3146 5159 cui
3196 5097 3673 5160 communicare
3732 5099 3954 5180 possit,

2455 5197 2809 5280 praesertim
2869 5196 2932 5259 in
2987 5197 3572 5260 sacramentalibus.
3625 5197 3688 5260 Si
3739 5206 3953 5260 autem

2454 5297 2537 5360 sit
2584 5296 2910 5381 parvulus,
2953 5303 3162 5379 potest
3205 5314 3244 5358 a
3291 5313 3701 5381 quocumque
3749 5296 3953 5381 bapti-
