4267 6250
826 438 908 503 86
1506 460 1571 507 nt
1609 459 1833 506 unium
1873 460 1936 507 ιν
1976 458 2459 505 sunm-runnu.
2501 475 2582 487 —
2621 458 2775 505 msr.
2817 458 2902 522 113
2944 458 3170 515 ousssr.
3211 459 3257 505 11

832 628 1007 703 ritas,
1039 648 1155 711 per
1199 631 1588 695 amotionem
1636 630 1924 693 omnium
1975 628 2328 713 impedien-
2355 628 2408 693 A
2437 628 2775 712 Quumque
2817 629 2884 692 in
2922 646 3086 693 nova
3130 629 3268 711 lege
3313 636 3573 712 propter
3612 628 3754 710 ejus
3793 644 3938 710 per-

830 728 994 791 tium
1024 728 1291 809 gloriam
1322 731 1551 793 animae
1590 738 1653 792 et
1683 728 1985 811 corporis,
2019 727 2332 792 Poeniten-

828 825 986 888 tiam
1035 827 1228 890 etiam
1279 846 1405 892 non
1456 827 1817 891 habuerunt
1863 827 1928 889 in
1974 834 2129 901 tote,
2179 828 2330 908 quia

830 923 966 986 vim
1008 925 1286 988 clavium
1326 944 1452 989 non
1491 924 1831 1001 habebant,
1866 944 1981 1007 per
2016 944 2211 1007 quam
2252 923 2329 986 fit

832 1024 1307 1086 sacramentalis
1345 1023 1662 1087 absolutio
1692 1024 1756 1086 in
1792 1023 2193 1087 confessione
2221 1024 2328 1085 ho-

832 1119 993 1181 mini
1024 1120 1206 1183 facta.
1242 1122 1381 1184 Dixi
1413 1140 1668 1205 quoque
1699 1122 2087 1205 plenissimae
2108 1122 2326 1203 gratiae

830 1219 1038 1299 quoad
1087 1226 1321 1281 statum
1357 1238 1371 1282 :
1406 1240 1555 1283 nam
1593 1221 1883 1302 quaedam
1929 1227 2079 1282 sunt
2122 1239 2325 1282 sacra-

826 1324 1036 1379 menta
1066 1319 1263 1400 plenae
1292 1319 1507 1400 gratiae
1538 1320 1740 1402 quoad
1770 1326 2027 1397 statum3
2045 1320 2326 1401 quaedam

826 1416 1035 1497 quoad
1097 1416 1425 1491 effectum,
1478 1418 1645 1480 sicut
1700 1418 2106 1500 Baptismus3
2155 1437 2324 1499 quaa-

826 1513 973 1575 dam
1022 1522 1331 1596 quantum
1382 1516 1460 1577 ad
1506 1516 1879 1597 dignitatem
1924 1515 2016 1578 rei
2066 1524 2322 1578 conten-

825 1618 904 1674 tae
935 1618 997 1674 et
1030 1612 1426 1694 significatui,
1461 1622 1531 1675 ut
1568 1614 1999 1693 Eucharistia;
2032 1615 2321 1697 quaedam

825 1710 1033 1791 quoad
1080 1711 1344 1792 gradum
1394 1712 1801 1795 praelationis‚
1836 1720 1906 1773 ut
1952 1710 2133 1775 Ordo.
2177 1712 2320 1775 Haec

824 1806 1140 1871 Albertus.

905 1906 985 1968 At
1022 1924 1174 1970 vero
1210 1906 1483 1970 Thomas
1521 1927 1715 1989 super
1740 1907 1842 1971 his
1880 1907 2134 1991 plenius
2173 1910 2324 1971 scri-

827 2002 1007 2079 bens,
1051 2010 1117 2067 et
1163 2004 1373 2087 primo
1421 2005 1499 2068 de
1546 2006 1689 2080 hoc,
1731 2025 1813 2067 an
1858 2006 2073 2068 omnia
2119 2024 2322 2069 sacra-

828 2110 1041 2164 menta
1071 2119 1250 2166 novae
1279 2098 1437 2184 legis
1468 2102 1592 2165 sint
1620 2104 1983 2167 immediate
2012 2122 2047 2167 a
2078 2104 2325 2168 Christo

826 2198 1117 2262 instituta
1163 2216 1178 2260 ε
1226 2199 1405 2263 Circa
1459 2200 1603 2274 hoc,
1654 2200 1883 2282 inquit,
1933 2208 2030 2263 est
2084 2201 2322 2283 duplex

826 2297 1063 2379 opinio.
1099 2297 1253 2371 Una,
1286 2298 1454 2380 quod
1496 2315 1620 2361 non
1656 2316 1671 2360 :
1704 2298 1793 2359 ita
1821 2299 1991 2381 quod
2030 2300 2320 2382 quaedam

826 2413 943 2477 per
980 2413 1048 2457 se
1087 2395 1299 2477 ipsum
1344 2395 1640 2471 instituit,
1675 2396 1964 2479 quaedam
2003 2398 2322 2480 Apostolis

826 2492 1214 2555 instituenda
1258 2493 1602 2568 commisit,
1634 2494 1933 2558 videlicet
1970 2496 2322 2559 Confirma-

822 2590 1063 2655 tionem
1105 2599 1168 2654 et
1206 2591 1569 2655 Extremam
1612 2593 1984 2656 Unctionem
2020 2612 2033 2656 :
2069 2596 2221 2677 quia
2255 2596 2320 2657 in

827 2689 1326 2753 Confirmatione
1374 2690 1648 2773 Spiritus
1699 2691 1963 2755 Sanctus
2010 2694 2197 2755 datur
2243 2694 2321 2756 ad

2435 726 2780 791 sectionem
2826 728 3180 810 oportuerit
3221 746 3362 791 esse
3408 726 3667 809 majoris
3715 725 3939 789 effica-

2437 825 2552 888 ciae
2581 833 2994 901 sacramenta,
3025 825 3385 889 debuerunt
3416 825 3607 888 etiam
3640 843 3778 887 esse
3805 822 3940 886 alia

2436 924 2764 987 sensibilia
2793 925 2974 1006 signa
3001 943 3143 1006 quae
3171 924 3536 1007 expressius
3563 922 3934 1004 figurarent.

2433 1057 2514 1067 —
2533 1022 2670 1086 Non
2702 1030 2916 1086 tamen
2947 1022 3308 1085 debuerunt
3335 1042 3372 1085 a
3404 1021 3722 1113 principio
3753 1039 3941 1083 mun-

2435 1120 2497 1183 di
2551 1122 2821 1196 institui,
2874 1141 3074 1204 quum
3125 1122 3254 1183 sint
3296 1121 3486 1203 plena
3531 1119 3938 1201 fecundaque

2433 1220 2671 1300 gratiis.
2708 1220 2883 1283 Unde
2912 1237 3039 1282 non
3071 1220 3195 1281 nisi
3235 1218 3302 1281 in
3333 1226 3622 1301 tempore
3659 1216 3940 1301 plenitu-

2433 1317 2597 1380 dinis
2624 1317 2841 1400 gratiae
2867 1318 3126 1381 fuerunt
3152 1317 3715 1391 instituenda,dum
3747 1316 3942 1379 homo

2433 1416 2758 1498 propriam
2818 1414 3262 1479 infirmitatem
3313 1414 3759 1498 multipliciter
3807 1414 3940 1477 fuit

2431 1521 2752 1596 expertuS‚
2773 1532 2982 1596 neque
3013 1515 3090 1577 de
3119 1514 3252 1576 suis
3284 1513 3493 1596 potuit
3523 1512 3769 1576 viribus
3801 1532 3936 1575 me-

2433 1611 2651 1674 ritisve
2681 1630 3087 1695 praesumere.
3121 1647 3202 1657 —
3233 1611 3297 1675 Si
3335 1620 3548 1675 autem
3587 1618 3934 1693 quaeratur,

2429 1728 2510 1771 an
2558 1709 2919 1772 debuerunt
2961 1709 3207 1773 institui
3253 1709 3504 1773 Christo
3552 1726 3697 1772 mox
3745 1717 3936 1787 nato;

2347 1805 2395 1868 B
2431 1807 2799 1882 dicendum,
2832 1809 3000 1890 quod
3047 1815 3442 1871 sacramenta
3483 1808 3618 1871 haec
3659 1807 3938 1889 duplici-

2429 1914 2527 1967 ter
2557 1915 2705 1969 sunt
2747 1906 3054 1969 instituta.
3089 1907 3320 1981 Prim0,
3353 1907 3431 1969 ad
3471 1906 3935 1969 documentum

2431 2011 2494 2067 et
2523 2003 2899 2066 exercitium
2930 2005 3249 2086 quoddam
3285 2021 3299 2066 :
3334 2005 3556 2086 sicque
3586 2012 3938 2086 potuerunt

2428 2110 2575 2165 ante
2621 2103 2979 2185 passionem
3030 2103 3261 2167 Christi
3313 2103 3577 2166 institui.
3613 2103 3930 2177 Secundo,

2429 2208 2736 2282 qnantum
2769 2202 2848 2263 ad
2878 2202 3316 2265 necessitatem
3344 2208 3409 2264 et
3437 2200 3930 2282 obligationem:

2429 2305 2494 2361 et
2525 2300 2610 2360 ita
2641 2316 2862 2362 eorum
2895 2299 3210 2362 institutio
3239 2318 3365 2364 non
3398 2299 3522 2363 fuit
3549 2308 3695 2363 ante
3725 2300 3934 2362 domi-

2429 2398 2640 2460 nicam
2701 2398 3085 2479 passionem,
3147 2400 3298 2482 quia
3353 2398 3580 2481 legalia
3639 2398 3930 2462 nondum

2430 2493 2684 2557 fuerant
2725 2504 3009 2576 mortua;
3043 2496 3173 2559 imo
3213 2516 3252 2559 a
3293 2505 3581 2579 tempore
3632 2497 3937 2579 praedica-

2429 2592 2623 2655 tionis
2654 2594 2884 2657 Christi
2920 2614 3121 2677 usque
3150 2595 3228 2657 ad
3259 2595 3398 2676 ejus
3430 2595 3816 2677 passionem,
3841 2595 3934 2657 le-

2427 2690 2594 2771 galia
2652 2690 2844 2753 simul
2904 2691 3245 2754 currebant
3303 2712 3452 2755 cum
3513 2693 3936 2755 sacramentis

826 2786 1041 2861 robur,
1092 2788 1237 2851 ideo
1284 2796 1431 2851 ante
1480 2787 1735 2872 plenam
1785 2790 2058 2871 Spiritus
2106 2792 2320 2855 Sancti
2430 2788 2752 2863 Ecclesiae,
2785 2797 2850 2851 et
2877 2798 3144 2872 utraque
3174 2791 3603 2873 operabantur
3631 2790 3929 2854 salutem.

824 2886 1198 2950 missionem
1230 2886 1476 2949 institui
1518 2906 1645 2951 non
1690 2887 1992 2967 debebat3
2026 2890 2322 2953 Extrema
2429 2886 2533 2949 Sic
2579 2887 2773 2969 igitur
2811 2893 3120 2971 quantum
3164 2889 3240 2950 ad
3284 2890 3636 2951 secundum
3675 2889 3936 2952 institu-

823 3002 1079 3067 quoque
1122 2986 1347 3048 Unctio
1390 2993 1487 3049 est
1529 2985 1971 3049 immediatum
2010 2995 2073 3050 et
2110 2990 2320 3070 proxi·
2357 2985 2400 3050 C
2429 2984 2622 3048 tionis
2671 2986 2955 3060 modum,
3007 2987 3226 3049 omnia
3272 2987 3464 3049 simul
3516 2988 3580 3049 in
3632 2987 3936 3078 passione

824 3102 1003 3147 mum
1050 3084 1573 3168 praeparatorium
1618 3085 1697 3148 ad
1738 3084 2005 3167 gloriam
2046 3105 2322 3152 resurre—
2430 3082 2660 3147 Christi
2692 3092 2842 3147 sunt
2872 3083 3188 3165 instituta;
3213 3086 3320 3148 sed
3353 3094 3663 3169 quantum
3693 3086 3772 3148 ad
3803 3086 3938 3169 pri·

767 3253 778 3260 ,
824 3182 1075 3258 ctioniS‚
1109 3190 1368 3265 propter
1395 3183 1566 3264 quod
1594 3191 1740 3246 ante
1770 3183 2001 3247 Christi
2042 3204 2319 3250 resurre-
2430 3200 2610 3244 mum
2651 3183 2933 3258 modum,
2965 3185 3248 3266 oportuit
3282 3183 3492 3268 primo
3525 3184 3772 3246 institui
3819 3185 3936 3247 illa

824 3280 1103 3344 ctionem
1142 3298 1283 3343 eam
1326 3280 1573 3344 institui
1613 3299 1742 3344 non
1772 3282 2053 3346 decebat.
2089 3319 2171 3329 —
2197 3284 2318 3347 Sed
2426 3300 2566 3363 quae
2595 3281 2853 3362 majoris
2881 3291 3029 3344 sunt
3059 3283 3466 3357 necessitatis,
3483 3291 3740 3366 propter
3763 3285 3934 3366 quod

822 3379 1123 3460 quoniam
1174 3387 1715 3442 sacramentorum
1764 3379 2078 3443 institutio
2125 3383 2317 3465 perti-
2427 3379 2712 3442 Christus
2743 3379 2954 3442 statim
2987 3381 3053 3442 in
3083 3401 3213 3444 suae
3242 3380 3796 3464 evangelizationis
3826 3401 3938 3445 ex-

819 3494 973 3539 nere
1002 3477 1255 3540 videtur
1284 3477 1361 3540 ad
1392 3477 1859 3560 plenitudinem
1891 3481 2220 3560 potestatis
2251 3481 2316 3543 in

818 3575 1229 3637 sacramentis
1244 3575 1467 3657 (quam
1497 3573 1621 3637 sibi
1654 3575 1939 3638 Christus
1970 3565 2318 3640 reservavit

820 3671 883 3734 in
926 3671 1067 3751 eis),
1107 3691 1309 3754 quum
1349 3680 1745 3760 sacramenta
1790 3693 1868 3736 ex
1917 3676 2316 3740 institutione

816 3768 1093 3832 habeant
1121 3770 1290 3851 quod
1321 3768 1691 3851 significant
1717 3788 1734 3850 ;
1768 3771 1911 3834 ideo
1939 3771 2049 3833 alii
2091 3772 2316 3853 proba-

818 3866 1013 3929 bilius
1042 3867 1471 3949 dicunt,quod
1504 3867 1671 3929 sicut
1700 3868 1845 3950 puri
1875 3868 2157 3933 hominis
2189 3888 2316 3932 non

818 3973 917 4028 est
960 3972 1355 4028 sacramenta
1394 3973 1661 4040 mutare,
1696 3985 1814 4028 nec
1856 3965 1937 4028 ab
1980 3967 2073 4028 eis
2113 3966 2319 4030 absol-
2423 3966 2585 4028 sima
2633 3967 2838 4050 prima
2873 3985 2886 4030 :
2921 3969 3464 4042 Quemadmodum
3492 3972 3637 4053 (ait)
3671 3973 3930 4055 antiqui
4015 3997 4094 4036 ιη.
4117 3996 4155 4036 ι.

818 4081 990 4138 vere,
1034 4063 1121 4126 ita
1168 4082 1286 4126 nec
1338 4063 1671 4126 instituere
1718 4083 1809 4126 ea.
1852 4064 1927 4126 Et
1967 4065 2150 4146 juxta
2197 4067 2316 4129 hoc
2425 4073 2635 4147 patres
2671 4065 2892 4129 salvati
2935 4075 3084 4129 sunt
3123 4086 3238 4148 per
3266 4067 3464 4132 fidem
3507 4069 3736 4133 Christi
3768 4091 3929 4134 ven-

819 4162 1185 4234 dicendum‚
1231 4161 1402 4243 quod
1450 4170 1919 4224 sacramentum
1970 4163 2394 4227 Confirma-D
2424 4164 2575 4239 turi,
2619 4164 2712 4226 sic
2760 4183 2874 4227 nos
2921 4165 3243 4229 salvamur
3286 4185 3403 4249 per
3449 4168 3648 4232 fidem
3687 4170 3930 4234 Christi

2425 3477 2605 3539 ordio
2652 3477 3093 3559 poenitentiam
3155 3479 3542 3560 praedicavit,
3595 3487 3657 3542 et
3712 3481 3932 3562 Bapti-
3983 3499 4219 3546 Maean,

2424 3594 2630 3637 smum
2661 3575 3072 3639 edocuit.Alia
3102 3595 3251 3640 vero
3281 3586 3668 3641 sacramenta
3697 3579 3932 3643 deinde
3965 3565 4150 3667 'Qum

2423 3680 2783 3756 opportuno
2814 3681 3100 3756 tempore
3140 3675 3358 3737 docuit
3389 3684 3580 3758 atque
3621 3677 3923 3741 instituit.
3961 3691 4060 3738 ιδ·

2421 3805 2504 3816 -
2532 3771 2676 3834 Haec
2719 3772 2990 3834 Thomas
3035 3773 3098 3835 in
3145 3773 3414 3857 Scripto.

2502 3869 2692 3932 Porro
2732 3869 2798 3932 in
2839 3871 3024 3933 tertia
3053 3879 3252 3954 parte,
3287 3873 3634 3955 quaestione
3669 3893 3932 3957 sexage-

4167 3638 4220 3672 ΙΙΙ,

818 4260 1011 4323 tionis
1042 4259 1339 4334 instituit,
1372 4259 1526 4321 dnm
1566 4259 1783 4342 pueris
1824 4260 1944 4323 sibi
1979 4271 2316 4344 praesenta-

816 4358 903 4420 tis
951 4357 1257 4439 imposuit
1304 4375 1567 4436 manus3
1611 4357 1906 4420 similiter
1952 4359 2316 4424 Extremam

817 4455 1215 4528 Unctionem,
1269 4455 1521 4536 quando
1570 4456 1901 4538 Apostolos
1958 4458 2034 4519 ad
2091 4460 2315 4539 praedi-

814 4555 1090 4617 candum
1139 4553 1421 4628 mittens,
1469 4553 1663 4634 jussit
1711 4561 1781 4615 ut
1828 4554 1968 4618 oleo
2018 4555 2313 4622 infirmos

812 4653 1195 4734 inungerent
1230 4659 1545 4735 quatenus
1586 4661 1979 4716 curarentur.

891 4752 1159 4833 Insuper
1196 4749 1413 4814 decuit
1452 4751 1516 4813 in
1564 4769 1729 4815 novo
1766 4752 2168 4815 Testamento
2206 4773 2313 4817 no-

806 4869 889 4912 va
916 4849 1163 4912 institui
1194 4857 1605 4924 sacramenta,
1621 4851 1923 4932 quoniam
1956 4869 2310 4915 sacramen-

806 4956 871 5011 ta
899 4953 1049 5011 sunt
1076 4947 1257 5028 signa
1286 4948 1555 5011 remedii
1588 4949 1664 5010 ad
1697 4949 1867 5031 quod
1897 4950 2308 5030 ordinantur3

806 5053 1083 5128 suntque
1132 5045 1314 5127 signa
1368 5047 1887 5128 repraesentantia
1945 5048 2310 5130 spirituales

804 5142 1080 5206 effectus
1137 5163 1215 5206 ex
1274 5143 1695 5208 similitudine
1752 5144 2156 5208 sensibilium
2217 5165 2311 5208 re-

808 5261 951 5304 rum
1018 5261 1291 5324 quarum
1358 5262 1513 5306 usus
1578 5252 1675 5306 est
1742 5245 1808 5306 in
1870 5245 2302 5307 sacramentis.

2420 4262 2554 4343 jam
2605 4262 2734 4325 nati
2783 4270 2847 4324 et
2893 4263 3082 4346 passi.
3123 4265 3529 4329 Sacramenta
3576 4287 3726 4331 vero
3773 4279 3936 4333 sunt

2425 4360 2603 4442 signa
2633 4363 3045 4444 protestantia
3074 4363 3272 4426 fidem
3305 4384 3432 4446 qua
3468 4366 3660 4430 homo
3688 4367 3937 4448 justifi-

2423 4466 2620 4520 catur.
2657 4460 2992 4542 Quumque
3022 4461 3291 4524 diversis
3332 4463 3530 4545 signis
3569 4465 3932 4547 significari

2423 4564 2708 4639 oporteat
2764 4559 3102 4641 praeterita‚
3165 4563 3502 4642 praesentia
3557 4571 3623 4626 et
3682 4563 3930 4640 futura,

2421 4656 2704 4738 oportuit
2743 4657 2867 4719 alia
2909 4677 3048 4720 esse
3087 4669 3482 4723 sacramenta
3521 4680 3700 4726 novae
3739 4663 3930 4745 legiS,

2420 4753 2656 4836 quibus
2686 4754 3087 4836 significetur
3115 4757 3402 4821 Christus
3432 4759 3682 4824 venisse
3720 4769 3785 4824 et
3813 4762 3938 4826 hu·

2422 4871 2674 4915 manam
2706 4854 2976 4917 salutem
3020 4855 3359 4938 implesse3
3391 4857 3516 4920 alia
3545 4860 3778 4922 veteris
3807 4861 3932 4924 Te-

2419 4953 2738 5026 stamenti,
2797 4954 3191 5035 designantia
3250 4955 3370 5019 hoe
3427 4957 3736 5021 futurum.
3790 4960 3932 5024 Nec

2419 5069 2495 5113 ex
2527 5050 2648 5113 hoc
2678 5051 2890 5133 aliqua
2923 5053 3314 5116 mutabilitas
3347 5055 3651 5137 probatur
3681 5076 3818 5120 esse
3857 5059 3930 5123 in

2418 5147 2566 5220 Deo,
2601 5167 2719 5210 nec
2760 5149 3138 5213 instabilitas
3179 5151 3244 5213 in
3276 5152 3525 5216 Christo
3558 5171 3572 5217 :
3606 5156 3772 5218 sicut
3809 5177 3928 5239 pa-

2415 5245 2793 5311 terfamilias
2832 5265 2958 5310 non
3003 5268 3079 5311 ex
3126 5249 3246 5312 hoc
3291 5259 3680 5315 monstratur
3717 5263 3928 5319 muta-
