4267 6250
814 494 902 541 AN
940 493 1241 543 tonsus
1280 492 1545 541 cuvio!
1586 492 1659 541 813
1699 493 2021 542 RXTENDAT
2061 493 2146 541 An
2187 494 2598 544 Rffllsslom
2637 497 2862 557 GULPAE,
2903 496 3032 544 mc.

3349 474 3474 540 505

364 670 489 747 ego
534 664 911 729 auctoritate
959 664 1183 747 ipsiuS,
1226 674 1373 741 etc„
1416 663 1677 727 absolvo
1727 670 1789 726 te
1831 682 1868 727 a
1896 662 1950 726 A
1977 665 2149 747 quod
2181 682 2370 747 poena
2400 664 2509 728 illa
2535 666 2668 746 jam
2699 667 3034 741 dicta,non
3065 666 3301 729 dicitur
3329 685 3474 749 pur-

360 763 651 826 vinculis
694 763 1395 837 excommunicationiS,
1436 771 1583 838 etc„
1627 770 1691 825 ει
1733 780 1867 826 om-

360 861 560 924 nibus
602 862 883 945 peccatis
924 862 1074 938 ιιιίε,
1106 870 1225 926 ειε.

450 1059 632 1123 Circa
668 1059 805 1122 haec
836 1059 1061 1121 scribit
1086 1060 1382 1123 Albertus
1408 1077 1422 1121 :
1445 1059 1721 1133 Quaestio
1749 1058 1867 1121 ista

364 1165 465 1220 est
504 1156 723 1236 utilis3
755 1158 831 1219 ad
872 1176 1065 1240 quam
1105 1157 1269 1232 dico,
1302 1159 1472 1240 quod
1508 1156 1865 1220 essentialis

360 1264 543 1319 actus
588 1256 789 1319 clavis
834 1264 930 1320 est
969 1276 1163 1340 super
1200 1275 1453 1339 poenam
1504 1257 1679 1319 illam
1723 1275 1865 1338 quae

364 1355 737 1438 purgatoria
781 1355 1034 1418 dieitur.
1086 1356 1247 1419 Sunt
1292 1355 1467 1419 enim
1522 1356 1587 1418 in
1632 1373 1865 1436 genere

364 1472 569 1536 poenae
601 1462 735 1516 tres
766 1454 936 1517 modi
967 1472 1302 1537 poenarum
1334 1472 1349 1515 :
1382 1473 1509 1517 una
1548 1461 1645 1516 εει
1675 1470 1864 1536 poena

364 1561 633 1632 aeterna3
666 1554 945 1615 secunda
982 1561 1078 1615 est
1118 1571 1307 1635 poena
1342 1552 1711 1635 temporalis
1750 1570 1863 1616 seu

364 1652 753 1725 transitoria,
802 1650 1050 1714 viribus
1097 1651 1465 1734 poenitentis
1514 1650 1866 1733 impropor-

366 1749 629 1823 tionata,
664 1756 886 1831 utpote
917 1750 1265 1831 purgatorii
1302 1766 1522 1833 poena3
1555 1748 1741 1811 tertia
1769 1756 1866 1811 est

1924 834 1933 841 ,
1974 762 2217 843 gatoria
2255 764 2498 827 ratione
2539 764 2659 827 loci
2699 773 2810 827 aut
2845 764 2967 829 fori
3007 764 3348 847 purgativi,
3381 764 3472 827 sic

1976 862 2151 924 enim
2193 879 2320 925 non
2360 870 2528 926 εεεει
2562 862 2688 926 nisi
2726 872 2871 947 post
2898 864 3093 926 vitam
3133 864 3315 926 hanc.
3351 862 3472 926 Sed

1975 959 2212 1023 dicitur
2247 962 2581 1043 purgativa
2617 980 2733 1044 per
2771 961 3261 1025 similit-udinem
3296 979 3310 1023 :
3344 961 3472 1043 pri-

1978 1076 2105 1134 m0,
2139 1059 2441 1141 quoniam
2472 1066 2570 1122 est
2597 1060 2949 1122 secundum
2977 1060 3294 1141 judicium
3323 1060 3469 1139 Dei3

1976 1158 2277 1231 secund0,
2332 1157 2482 1239 quia
2529 1156 2611 1221 ob
2669 1177 2850 1220 suam
2898 1158 3307 1221 acerbitatem
3359 1158 3474 1219 im-

1976 1255 2454 1339 proportionata
2481 1263 2578 1318 est
2606 1255 2854 1319 viribus
2883 1256 3250 1331 hominiS,si
3287 1258 3472 1319 modo

1976 1354 2434 1437 imponeretur,
2469 1354 2634 1417 sicut
2667 1363 2731 1418 et
2770 1355 3116 1437 purgatorii
3155 1372 3360 1437 poena.
3395 1390 3471 1401 —

1976 1453 2119 1516 Haec
2161 1452 2476 1517 AlbertuS.
2512 1454 2629 1528 Qui
2671 1473 2787 1536 per
2825 1472 3080 1537 poenam
3123 1453 3287 1516 hanc
3327 1472 3474 1537 pur·

1974 1552 2282 1634 gatoriam
2331 1552 2686 1634 intelligere
2731 1552 2983 1615 videtur
3031 1571 3286 1634 poenam
3329 1572 3471 1634 quae

1977 1650 2331 1714 secundum
2371 1651 2644 1732 rigorem
2684 1650 2950 1732 justitiae
2989 1650 3338 1731 infligenda
3375 1669 3470 1713 es·

1978 1757 2075 1811 set
2121 1766 2238 1831 pro
2279 1748 2557 1831 peccatis
2606 1748 2740 1813 suis
2785 1748 3122 1831 poenitenti
3165 1748 3360 1812 etiam
3403 1749 3469 1811 in

364 1865 555 1929 poena
600 1847 985 1920 transitoria,
1018 1847 1265 1910 viribus
1306 1846 1677 1930 poenitentis
1726 1864 1865 1929 pro—
1901 1846 1949 1910 B
1976 1846 2097 1908 hac
2145 1846 2295 1920 vita,
2347 1846 2472 1908 nisi
2521 1846 2822 1909 meritum
2875 1846 3188 1929 passionis
3237 1845 3469 1910 Christi

366 1944 749 2028 portionata,
783 1946 1081 2009 videlicet
1110 1964 1299 2028 poena
1324 1945 1473 2010 vitoe
1511 1945 1860 2028 praesentiS.

366 2044 511 2107 Tria
569 2061 829 2126 quoque
886 2051 1036 2106 sunt
1090 2044 1157 2107 in
1214 2044 1593 2108 Poenitentia
1648 2052 1867 2107 contra

368 2160 629 2225 poenam
668 2142 912 2223 peccati
952 2142 1357 2224 cooperantia
1390 2158 1404 2204 ε
1448 2142 1731 2225 primum
1772 2150 1867 2205 εει

364 2240 549 2303 dolor
595 2240 799 2320 gratia
844 2239 1247 2312 informatuS,
1299 2240 1409 2322 qui
1456 2248 1755 2323 operatur
1803 2247 1868 2303 et

364 2338 537 2400 valet
582 2343 804 2399 contra
840 2355 1095 2420 poenam
1137 2345 1434 2401 aeternam
1462 2356 1479 2418 ;
1511 2339 1866 2402 secundum

365 2443 464 2499 est
492 2434 834 2510 confessio,
866 2434 1109 2499 faciens
1141 2454 1395 2517 poenam
1434 2436 1865 2501 transitoriam

366 2533 619 2596 viribus
679 2532 1049 2615 poenitentis
1106 2534 1691 2616 proportionatam3
1742 2543 1862 2597 ter-

364 2632 531 2695 tium
593 2638 691 2693 est
750 2630 1119 2705 satisfactio,
1181 2651 1323 2713 quae
1383 2632 1551 2694 delet
1608 2651 1863 2714 poenam

367 2729 911 2813 proportionatam
950 2728 1196 2793 viribus
1238 2730 1623 2811 poenitentis.
1656 2731 1863 2805 Quum

366 2846 519 2911 ergo
550 2836 825 2911 potestas
856 2828 1135 2891 clavium
1174 2828 1257 2891 sit
1286 2829 1497 2891 media
1536 2829 1700 2892 inter
1736 2831 1863 2913 pri-

367 2946 550 2989 mum
593 2926 755 2989 illud
794 2934 859 2989 et
897 2926 1179 3001 tertium,
1214 2927 1467 2991 videtur
1504 2928 1675 3009 quod
1716 2946 1863 3011 ope·

1976 1944 2408 2007 interveniret.

2055 2042 2142 2105 De
2181 2041 2282 2104 his
2321 2041 2592 2105 Thomas
2631 2042 2935 2105 diffusius
2975 2042 3263 2105 scribens
3306 2062 3322 2106 ε
3365 2044 3469 2107 Sa-

1972 2147 2298 2203 cramenta
2334 2139 2602 2222 (inquit)
2641 2158 2820 2205 novae
2863 2141 3022 2223 legis
3065 2160 3143 2204 ex
3191 2142 3470 2205 sanctifi·

1973 2238 2221 2301 catione
2267 2237 2659 2301 invisibilem
2704 2239 2974 2320 gratiam
3017 2239 3367 2314 continent,
3408 2249 3472 2304 et

1972 2338 2108 2401 haec
2139 2337 2561 2402 sanctificatio
2591 2339 2974 2421 quandoque
3003 2339 3081 2401 ad
3115 2358 3469 2403 sacramen-

1972 2444 2109 2498 tum
2149 2436 2229 2499 de
2266 2437 2642 2499 necessitate
2683 2437 3036 2519 requiritur
3063 2446 3192 2500 tam
3235 2438 3301 2500 in
3343 2456 3472 2501 ma-

1972 2534 2131 2597 teria
2178 2552 2368 2615 quam
2415 2535 2729 2611 ministro,
2774 2544 2844 2597 ut
2891 2542 3064 2617 patet
3113 2535 3178 2597 in
3225 2536 3467 2600 Confir-

1974 2632 2252 2695 matione
2280 2650 2296 2693 z
2331 2640 2610 2714 tuncque
2641 2635 2740 2696 vis
2768 2634 3242 2698 sacramentalis
3274 2642 3374 2697 est
3402 2635 3468 2697 in

1974 2739 2244 2813 utroque
2291 2731 2705 2811 conjunctim.
2755 2733 3140 2817 Quandoque
3189 2752 3342 2797 vero
3388 2753 3468 2797 ex

1974 2829 2349 2893 necessitate
2381 2830 2760 2892 sacramenti
2797 2848 2927 2893 non
2965 2833 3314 2913 requiritur
3343 2833 3467 2896 nisi

1974 2927 2398 2992 sanctificatio
2431 2928 2731 3002 materiae,
2757 2935 2824 2989 ut
2857 2927 2923 2989 in
2953 2928 3296 3011 Baptismo,
3318 2932 3468 3012 quia

364 3034 543 3088 retur
584 3032 805 3088 contra
849 3044 1105 3108 poenam
1146 3025 1575 3089 transitoriam
1618 3025 1861 3089 viribus
1892 3024 1937 3091 C
1975 3023 2326 3095 nonhabet
2357 3024 2720 3087 ministrum
2749 3024 3244 3087 determinatum
3276 3044 3470 3107 quan·

366 3123 738 3207 poenitentis
778 3122 1432 3207 improportionatam,
1467 3132 1685 3207 utpote
1716 3143 1863 3189 con-

362 3231 464 3286 tra
494 3223 841 3305 purgatorii
874 3241 1150 3305 poenam.
1171 3223 1425 3296 Rursus,
1442 3223 1707 3286 dimissa
1736 3243 1865 3306 poe-

366 3340 451 3384 na
490 3329 747 3396 aeterna,
780 3322 989 3385 adhuc
1034 3339 1163 3384 non
1210 3321 1474 3384 recessit
1515 3321 1709 3385 homo
1746 3341 1863 3384 nec

365 3420 570 3484 evasit
626 3439 663 3482 a
718 3419 939 3483 divino
994 3419 1260 3502 judicio,
1322 3420 1433 3482 sed
1490 3427 1683 3482 restat
1738 3420 1862 3482 sibi

367 3518 719 3601 purgatorii
766 3537 977 3600 poena,
1010 3518 1063 3580 si
1108 3537 1224 3601 pcr
1267 3518 1479 3581 claves
1518 3526 1582 3581 ει
1621 3518 1863 3581 satisfa-

364 3616 647 3680 ctionem
696 3633 824 3679 non
872 3615 1213 3697 adjuvetur
1252 3635 1267 3680 t
1311 3634 1460 3699 ergo
1502 3617 1865 3699 purgatoria

366 3730 557 3794 poena
604 3711 961 3774 secundum
1004 3711 1269 3792 justitiae
1316 3713 1606 3775 ordinem
1655 3713 1864 3776 media

364 3818 461 3874 εει
498 3811 668 3873 inter
703 3817 1005 3872 aeternam
1045 3818 1109 3874 et
1148 3811 1631 3874 satisfactorium
1671 3812 1863 3893 hujus

366 3909 529 3972 vitae.
566 3908 743 3970 Unde
774 3908 1029 3972 videtur
1058 3910 1227 3991 quod
1268 3927 1455 3990 poena
1482 3917 1717 3972 aeterna
1749 3909 1862 3972 im-

366 4006 641 4068 mediate
680 4014 1109 4070 commutetur
1140 4007 1205 4069 in
1238 4006 1435 4081 illam,
1469 4014 1533 4069 et
1572 4007 1702 4083 illa,
1736 4009 1861 4071 vir-

362 4112 499 4166 tute
540 4103 847 4178 clavium,
892 4106 959 4166 in
996 4105 1192 4186 hujus
1235 4105 1382 4168 vitae
1429 4105 1860 4184 transitoriam

1974 3130 2109 3185 tum
2150 3122 2229 3186 ad
2270 3123 2368 3186 sui
2410 3123 2852 3187 necessitatem
2889 3141 2903 3186 ε
2937 3132 3000 3187 ει
3027 3131 3180 3187 tunc
3213 3131 3343 3188 tota
3371 3126 3470 3188 vis

1973 3221 2352 3283 sacramenti
2404 3221 2695 3283 consistit
2740 3222 2806 3283 in
2856 3222 3136 3285 materia.
3183 3223 3468 3296 Quando-

1973 3337 2097 3400 que
2126 3336 2280 3383 vero
2309 3318 2386 3381 de
2421 3320 2800 3383 necessitate
2838 3321 3216 3383 sacramenti
3257 3323 3466 3404 requi-

1972 3415 2133 3477 ritur
2162 3415 2555 3479 consecratio
2583 3416 2684 3479 vel
2726 3416 3147 3481 sanctificatio
3187 3419 3466 3481 ministri

1972 3513 2109 3576 sine
2155 3512 2662 3577 sanctificatione
2709 3514 2986 3579 materiae
3021 3532 3037 3577 :
3073 3515 3293 3599 sicque
3337 3525 3467 3580 tota

1972 3611 2069 3675 vis
2109 3612 2488 3675 sacramenti
2521 3612 2812 3675 consistit
2841 3612 2906 3675 in
2949 3613 3262 3689 ministrO,
3296 3623 3368 3678 ut
3399 3616 3463 3678 in

1972 3711 2364 3774 Poenitentia.
2417 3711 2578 3773 Hinc
2635 3712 2859 3774 eodem
2919 3713 3107 3776 modo
3154 3732 3222 3777 se
3273 3713 3466 3778 habet

1973 3816 2249 3892 potestas
2281 3809 2557 3872 clavium
2597 3828 2739 3891 quae
2771 3818 2868 3873 est
2899 3810 2964 3872 in
3005 3812 3350 3887 sacerdote,
3383 3814 3462 3876 ad

1972 3907 2278 3970 effectum
2323 3907 2704 3994 sacramenti
2747 3908 3160 3982 Poenitentiae,
3193 3910 3358 3972 sicut
3395 3930 3462 3974 se

1971 4005 2164 4068 habet
2192 4005 2395 4068 virtus
2428 4026 2568 4088 quae
2597 4014 2694 4069 est
2727 4007 2794 4068 in
2832 4025 2996 4088 aqua
3023 4006 3352 4090 Baptismi,
3384 4009 3460 4071 ad

1970 4104 2278 4186 Baptismi
2320 4103 2647 4168 effectum.

364 4222 437 4266 ac
480 4203 969 4267 satisfactorium
1014 4221 1267 4286 poenam
1304 4223 1317 4270 :
1354 4211 1419 4266 ει
1461 4203 1549 4266 ita
1590 4205 1689 4267 vis
1737 4206 1859 4268 cla·
1890 4206 1941 4267 D
2050 4203 2412 4284 Baptismus
2459 4211 2672 4266 autem
2716 4211 2778 4266 et
2821 4203 3210 4268 Poenitentiae
3257 4222 3461 4268 sacra-

366 4301 547 4364 vium
597 4308 694 4364 est
738 4320 933 4385 super
990 4302 1338 4385 purgatorii
1399 4319 1673 4384 poenam.
1723 4303 1860 4367 Non

368 4408 583 4462 tamen
635 4401 995 4480 negandum
1045 4401 1318 4474 videtur,
1367 4401 1537 4483 quod
1592 4401 1701 4465 ille
1748 4403 1859 4484 qui

364 4499 560 4562 habet
616 4499 682 4561 in
746 4498 1033 4562 clavibus
1084 4499 1598 4580 jurisdictionem
1659 4499 1859 4581 majo·

364 4616 521 4671 rem,
565 4596 735 4658 sicut
780 4597 1139 4680 episcopua,
1182 4596 1423 4678 legatus
1473 4604 1538 4660 et
1586 4598 1861 4661 maxime

361 4695 547 4777 Papa,
600 4693 803 4776 possit
858 4694 1179 4757 dimittere
1236 4693 1478 4775 aliquid
1537 4694 1615 4756 de
1672 4713 1861 4776 poena

360 4792 682 4875 expiativa
729 4790 875 4874 plus
920 4799 1029 4853 aut
1068 4791 1303 4865 minuS,
1344 4791 1697 4855 secundum
1738 4793 1861 4856 dis-

360 4897 609 4952 cretum
663 4888 983 4968 judicium
1038 4906 1266 4962 causae‚
1317 4896 1471 4971 puta
1526 4890 1862 4953 necessita-

358 4988 441 5050 tis
484 4987 587 5050 vel
634 4985 949 5060 utilitatis,
992 4992 1062 5048 ut
1106 4987 1273 5049 infra
1320 4986 1582 5069 patebit,
1624 4987 1736 5050 ubi
1779 4988 1858 5051 de

362 5084 775 5166 indulgentiis
835 5084 957 5148 erit
1011 5092 1334 5148 tractatus.
1385 5121 1466 5131 —
1521 5085 1584 5149 Si
1643 5093 1855 5150 autem

360 5184 723 5265 objiciatur,
756 5184 927 5267 quod
974 5202 1162 5266 poena
1206 5184 1553 5266 purgatorii
1598 5203 1724 5248 non
1763 5193 1860 5248 est

360 5280 439 5344 de
496 5280 637 5345 foro
695 5281 1028 5345 militantis
1086 5281 1383 5346 Ecclesiae
1409 5299 1428 5361 3
1487 5281 1851 5358 dicendum,

1973 4308 2258 4363 mentum
2290 4301 2681 4364 conveniunt
2710 4302 3178 4384 quodammodo
3214 4302 3277 4365 in
3308 4302 3464 4368 effe-

1971 4407 2099 4472 ctu,
2142 4400 2294 4482 quia
2343 4407 2686 4483 utrumque
2733 4408 2951 4464 contra
3001 4402 3254 4484 culpam
3294 4403 3464 4466 ordi-

1969 4504 2159 4559 natur
2188 4498 2426 4562 directe
2447 4516 2460 4560 :
2480 4498 2650 4580 quod
2680 4517 2806 4562 non
2836 4508 2932 4563 est
2960 4519 3182 4564 verum
3214 4501 3292 4564 de
3321 4502 3463 4566 aliis

1969 4595 2400 4656 sacramentis.
2455 4594 2576 4657 Sed
2629 4595 2938 4658 differunt
2997 4597 3060 4659 in
3121 4598 3262 4672 hoc,
3312 4617 3464 4681 quo-

1968 4692 2140 4754 niam
2190 4701 2658 4756 sacramentum
2707 4694 3120 4770 Poenitentiae,
3166 4715 3242 4774 eo
3291 4699 3460 4780 quod

1968 4789 2198 4853 habeat
2226 4796 2403 4852 actus
2433 4791 2841 4872 suscipientis
2873 4793 3052 4874 quasi
3087 4795 3457 4870 materiales,

1968 4906 2095 4951 non
2135 4895 2343 4971 potest
2371 4887 2503 4950 dari
2547 4888 2670 4950 nisi
2710 4889 2965 4964 adultis,
2999 4890 3063 4951 in
3098 4891 3332 4971 quibus
3371 4912 3463 4956 re·

1969 4987 2247 5070 quiritur
2295 4987 2668 5068 praeparatio
2717 4987 2793 5048 ad
2843 4987 3324 5070 suscipiendum
3375 4992 3464 5054 ef·

1965 5086 2208 5149 fectum
2269 5092 2850 5164 sacramentorum3
2901 5085 3262 5167 Baptismus
3310 5106 3462 5152 vero

1967 5183 2306 5268 aliquando
2354 5183 2538 5245 datur
2588 5183 2871 5247 nondum
2920 5183 3176 5259 adultiS,
3222 5185 3351 5249 imo
3397 5195 3462 5250 et

1968 5303 2087 5346 usu
2138 5281 2400 5345 rationis
2456 5280 2840 5344 carentibus.
2887 5281 3046 5344 Hinc
3095 5301 3211 5365 per
3255 5283 3462 5368 Bapti-
