4267 6250
456 4199 527 4256 Cs.
538 4203 661 4255 9355
670 4201 719 4246 A·

450 4265 499 4307 et
519 4277 559 4308 ι.

758 459 879 525 488

1336 476 1417 523 ‚m
1454 476 1681 523 Limam!
1720 476 1783 522 lv
1823 472 2312 522 smrmunuu.
2345 488 2430 519 .··-
2465 472 2624 520 msr.
2662 472 3100 537 xvn;01ms·r.
3141 472 3256 531 vm„

762 667 980 713 remur
1006 648 1205 712 vitam
1235 656 1559 722 aeternam,
1593 646 1759 709 sicut
1795 644 1885 709 ait
1916 645 2202 709 Salvator
2233 662 2249 706 ε
2281 642 2336 707 Α
2362 643 2538 707 enim
2567 651 2828 726 peccata
2855 662 2970 707 sua
2999 642 3394 707 innotescere
3423 642 3752 717 sacerdoti,
3765 662 3864 705 se·

463 765 735 819 Mamm,
763 748 829 812 Si
868 748 966 811 vis
1012 747 1247 810 intrare
1299 747 1376 809 ad
1423 745 1645 821 vitam,
1688 764 1870 808 serva
1918 743 2252 822 mandata3

470 832 591 937 ίἔκιε
606 905 649 944 x,
670 894 735 937 ¹0.

764 854 829 909 et
866 864 1108 920 rursus,
1149 845 1267 919 Qui
1310 863 1424 909 vos
1460 844 1662 919 audit,
1695 862 1800 906 me
1836 842 2031 905 audit.
2075 841 2252 915 Quod

762 962 903 1007 esse
941 962 1070 1007 non
1109 943 1298 1019 valet,
1330 942 1454 1005 nisi
1492 960 1570 1005 ex
1608 942 1867 1005 caritate
1904 939 2250 1003 efficiatur.

840 1139 935 1203 Ad
978 1139 1099 1201 hoc
1140 1138 1678 1203 Antisiodorensis
1718 1136 2059 1220 respondet
2101 1154 2115 1198 :
2164 1135 2256 1197 Ex

762 1238 1023 1301 caritate
1062 1238 1305 1301 conteri
1343 1244 1408 1299 et
1446 1236 1811 1299 satisfacere
1853 1235 2252 1316 obligamur3

763 1343 827 1398 et
855 1354 1045 1398 omne
1081 1336 1251 1417 quod
1289 1334 1783 1397 satisfactorium
1821 1340 1919 1396 est
1944 1352 2022 1395 ex
2053 1332 2255 1414 poeni-

760 1434 980 1508 tentia,
1016 1441 1311 1496 tenemur
1340 1452 1416 1495 ex
1448 1432 1707 1496 caritate
1742 1450 2061 1513 peragere.
2094 1430 2254 1493 Nam

760 1541 824 1595 et
865 1532 1107 1595 conteri
1150 1530 1644 1594 satisfactorium
1687 1537 1785 1592 est
1824 1527 2254 1591 satisfactione

760 1630 1067 1694 interiori.
1104 1630 1279 1693 Unde
1318 1637 1382 1693 et
1418 1648 1497 1693 ex
1533 1629 1791 1691 caritate
1832 1626 2125 1690 confiteri
2165 1635 2255 1691 te·

757 1748 1007 1803 nemur,
1056 1729 1137 1792 ad
1184 1728 1305 1790 hoc
1351 1728 1522 1809 quod
1570 1727 1655 1805 sjt
1702 1725 2019 1789 confessio
2074 1725 2254 1787 satis-

2362 760 2490 823 que
2517 742 2839 823 subjicere
2868 741 3157 805 clavibus
3187 742 3504 805 Ecclesiae.
3539 741 3618 804 Et
3643 760 3867 824 quam-

2363 841 2461 903 vis
2511 848 2664 903 tunc
2713 858 2838 903 non
2888 840 3201 924 percipiat
3237 840 3521 904 fructum
3558 840 3866 904 absoluti-

2363 939 2527 1013 oniS,
2588 947 2802 1001 tamen
2861 939 3199 1002 recedente
3256 937 3519 1003 fictione
3577 939 3866 1023 recipere

2367 1037 2612 1119 incipit.
2656 1037 2900 1100 Idcirco
2941 1038 3053 1120 qui
3097 1037 3249 1101 ficte
3296 1038 3565 1121 accepit,
3605 1056 3732 1100 non
3772 1046 3866 1101 te.-

2365 1143 2553 1198 netur
2594 1135 3062 1199 confessionem
3104 1136 3354 1211 iterare,
3387 1137 3497 1199 sed
3531 1136 3866 1200 fictionem

2367 1252 2548 1297 suam
2599 1234 2788 1297 debet
2844 1234 3155 1298 sacerdoti
3205 1235 3612 1317 postmodum
3661 1234 3865 1298 confi-

2364 1332 2504 1394 teri.
2557 1333 2864 1397 Contritio
2918 1341 3130 1395 autem
3189 1339 3255 1396 et
3299 1332 3647 1396 satisfactio
3691 1332 3867 1395 fiunt

2365 1432 2494 1494 Deo
2527 1448 2542 1493 :
2580 1432 2817 1494 idcirco
2860 1432 2937 1493 de
2979 1431 3222 1495 ratione
3265 1449 3485 1495 earum
3527 1439 3644 1507 est,
3687 1432 3865 1513 quod

2365 1530 2496 1591 sint
2541 1530 2670 1591 Deo
2725 1535 3040 1611 acceptae3
3093 1528 3262 1611 quod
3319 1532 3460 1591 esse
3516 1546 3643 1592 non
3690 1529 3866 1592 valet

2365 1627 2504 1689 sine
2548 1628 2825 1689 caritate.

2444 1725 2758 1799 Quaeritur
2796 1742 3072 1807 quoque,
3105 1743 3186 1787 an
3231 1731 3520 1807 oporteat
3562 1724 3868 1788 confessi-

755 1828 1020 1892 factoria
1060 1845 1076 1890 ι
1124 1827 1346 1909 sicque
1388 1825 1510 1888 sub
1557 1824 1920 1888 conditione
1958 1830 2254 1886 tenemur
2281 1824 2330 1887 Β
2363 1841 2555 1887 onem
2586 1824 2898 1905 integram
2931 1841 3089 1885 esse.
3127 1822 3504 1897 Dicendum,
3537 1824 3708 1905 quod
3741 1823 3867 1886 sic-

754 1946 834 1990 ex
886 1926 1145 1989 caritate
1190 1923 1506 1998 confiteri,
1558 1931 1624 1987 et
1668 1940 1797 1986 non
1848 1921 2248 2004 simpliciter.

752 2027 903 2089 Ideo
942 2025 997 2087 si
1039 2023 1180 2106 quis
1223 2023 1626 2096 confiteatur,
1672 2021 1967 2104 quamvis
2007 2038 2133 2083 non
2175 2039 2254 2083 ex

756 2122 1039 2197 caritate,
1070 2121 1399 2185 absolutus
1440 2129 1537 2183 est
1573 2120 1655 2182 ab
1689 2118 2075 2201 obligatione
2105 2136 2252 2181 con·

755 2222 985 2285 fitendi
1033 2228 1097 2283 et
1142 2219 1511 2283 absolvendi
1562 2219 1841 2282 exterius
1898 2218 2105 2300 quoad
2163 2217 2255 2280 fo-

754 2340 899 2384 rum
942 2320 1281 2399 Ecclesiae3
1324 2325 1388 2381 et
1424 2318 1803 2381 adveniente
1838 2316 2097 2379 caritate
2136 2334 2252 2378 seu

750 2437 902 2481 vera
939 2418 1341 2491 contritione,
1376 2416 1603 2498 incipit
1644 2415 1962 2478 confessio
2002 2414 2110 2476 illa
2147 2432 2252 2477 va-

751 2517 905 2591 lere,
956 2524 1021 2579 et
1050 2517 1167 2579 ··vis
1215 2514 1491 2578 clavium
1552 2532 1743 2576 suum
1803 2513 2037 2576 habere
2096 2511 2252 2574 effe-

749 2622 925 2677 ctum
970 2631 987 2676 :
1033 2614 1176 2677 ideo
1224 2630 1350 2676 non
1398 2619 1653 2675 tenetur
1699 2610 1807 2673 hic
1847 2610 2057 2673 denuo
2104 2627 2251 2672 con-

746 2712 941 2776 fiteri.
994 2711 1116 2775 Sed
1165 2711 1371 2792 quoad
1421 2711 1648 2785 Deum,
1700 2707 2018 2771 confessio
2074 2707 2252 2770 nulla

748 2818 847 2874 est
904 2810 1041 2873 sine
1102 2808 1527 2886 contritione;
1587 2826 1705 2869 nec
1766 2806 2096 2870 absolutus
2154 2813 2250 2868 est

747 2909 893 2992 quis
924 2926 1039 2990 per
1068 2906 1539 2970 confessionem
1579 2924 1657 2969 ex
1698 2903 2079 2967 contritione
2118 2922 2245 2967 non

2365 1930 2436 1984 ut
2475 1922 2542 1985 in
2593 1922 3014 1985 medicatione
3067 1921 3380 2004 corporali
3429 1928 3682 2005 oportet
3731 1939 3866 1984 me-

2364 2021 2580 2083 dicum
2620 2038 2748 2083 non
2789 2020 2996 2083 solum
3037 2036 3418 2101 cognoscere
3456 2038 3658 2083 unum
3695 2038 3866 2083 mor-

2364 2118 2520 2180 bum
2552 2126 2772 2181 contra
2799 2136 2992 2201 quem
3031 2118 3182 2181 dare
3219 2118 3410 2181 debet
3449 2117 3862 2193 medicinam,

2363 2216 2474 2278 sed
2505 2215 2952 2278 universaliter
2981 2222 3172 2279 totam
3208 2214 3649 2278 habitudinem
3681 2216 3861 2297 aegri,

2362 2314 2666 2396 quoniam
2708 2334 2874 2376 unus
2919 2314 3180 2377 morbus
3220 2313 3298 2375 ad
3339 2312 3863 2395 conjunctionem

2361 2413 2624 2475 alterius
2653 2420 3028 2494 aggravatur
3050 2430 3067 2492 ;
3107 2420 3174 2475 et
3213 2411 3528 2475 medicina
3564 2432 3706 2495 quae
3747 2413 3864 2475 uni

2363 2511 2586 2574 morbo
2616 2518 3028 2594 competeret,
3062 2511 3244 2573 alteri
3276 2510 3588 2594 praeberet
3615 2511 3864 2574 fomen-

2361 2618 2498 2673 tum
2533 2628 2548 2672 :
2587 2611 2670 2673 ita
2707 2618 2804 2673 est
2844 2610 2910 2672 in
2951 2610 3270 2693 spirituali
3313 2610 3737 2673 medicamine
3771 2611 3866 2673 vi-

2359 2710 2615 2772 tiorum.
2666 2709 2822 2772 Nam
2874 2727 3076 2771 unum
3123 2717 3422 2791 gravatur
3464 2728 3543 2771 ex
3587 2709 3754 2793 alio;
3797 2718 3868 2774 et

2361 2809 2530 2889 quod
2562 2815 2782 2870 contra
2824 2826 3024 2869 unum
3066 2815 3399 2891 peccatum
3439 2815 3609 2870 esset
3635 2816 3865 2891 aptum

2361 2906 2739 2982 remedium,
2785 2906 2968 2969 alteri
3017 2906 3390 2969 consisteret
3439 2905 3860 2983 incentivum,

746 3008 1001 3071 factam.
1037 3006 1115 3068 Et
1145 3012 1241 3067 est
1271 3003 1503 3078 simile,
1529 3004 1681 3066 dum
1714 3003 2007 3066 sacerdos
2036 3002 2246 3083 injun-
2278 3004 2323 3069 C
2361 3024 2560 3087 quum
2603 3024 2768 3067 unus
2807 3012 2871 3067 et
2910 3004 3078 3067 idem
3119 3004 3488 3087 frequenter
3523 3006 3862 3068 contrariis

746 3106 839 3188 git
868 3102 1202 3168 confitenti
1246 3111 1318 3166 ut
1351 3102 1602 3184 Jejunet
1638 3100 1801 3165 feria
1841 3108 2017 3163 sexta
2048 3100 2110 3164 in
2145 3119 2248 3184 pa-

746 3223 828 3267 ne
868 3211 933 3266 et
966 3222 1133 3285 aqua
1175 3220 1190 3264 :
1231 3202 1351 3264 iste
1390 3208 1642 3264 tenetur
1682 3200 1894 3262 taliter
1928 3200 2243 3281 jejunare,

744 3309 995 3365 tantum
1045 3299 1167 3363 sub
1222 3299 1608 3374 conditione,
1660 3299 1960 3362 videlicet
2016 3297 2069 3360 si
2125 3297 2246 3360 hoc

742 3399 1068 3481 iejunium
1116 3398 1240 3461 erit
1285 3397 1344 3460 ei
1395 3397 1909 3460 satisfactorium.
1961 3396 2139 3459 Unde
2190 3395 2246 3458 si

744 3514 872 3559 non
916 3495 1168 3578 jejunet
1208 3513 1285 3557 ex
1330 3495 1610 3568 caritate,
1657 3512 1785 3558 non
1819 3493 2079 3566 omittit,
2124 3511 2246 3555 nec

744 3602 958 3658 tamen
1006 3592 1335 3666 satisfacit,
1384 3591 1494 3654 sed
1536 3591 1865 3655 absolutus
1906 3600 2002 3654 est
2045 3611 2244 3674 quan-

745 3701 884 3756 tum
933 3692 1010 3755 ad
1056 3690 1403 3754 sacerdotis
1449 3697 1857 3771 praeceptum.
1905 3689 2033 3752 Nec
2074 3690 2247 3752 valet

744 3788 1210 3870 argumentatio
1249 3788 1389 3860 ista,
1433 3787 1707 3848 Tenetur
1745 3787 1983 3850 conteri
2026 3806 2103 3850 ex
2144 3807 2245 3850 ca-

746 3888 951 3963 ritate,
985 3903 1136 3967 ergo
1175 3893 1239 3949 et
1279 3884 1573 3947 confiteri
1605 3901 1620 3947 ε
1654 3884 1805 3966 quia
1841 3892 1971 3947 tam
2002 3887 2243 3948 conteri

747 4004 940 4068 quam
988 3984 1353 4048 satisfacere
1396 3991 1492 4046 est
1534 4001 1692 4065 pure
1736 3982 2004 4063 morale3
2046 3985 2244 4046 confi-

746 4084 868 4147 teri
907 4100 1057 4146 vero
1100 4081 1381 4145 exterius
1418 4098 1628 4144 coram
1665 4081 1946 4154 homine,
1980 4099 2107 4144 non
2149 4091 2244 4144 est

2361 3102 2533 3166 vitiis
2585 3103 2669 3166 sit
2717 3103 3011 3167 infectus,
3062 3104 3303 3167 idcirco
3350 3104 3429 3166 de
3477 3104 3858 3168 necessitate

2357 3201 2778 3266 confessionis
2833 3211 2950 3275 est,
3002 3203 3172 3285 quod
3229 3203 3421 3266 homo
3476 3203 3691 3265 omnia
3735 3222 3857 3265 sua

2358 3299 2740 3363 confiteatur
2786 3307 3045 3384 peccata
3093 3321 3235 3382 quae
3281 3301 3346 3363 in
3391 3301 3700 3363 memoria
3741 3301 3854 3363 ha-

2357 3397 2467 3460 bet
2497 3415 2512 3460 ε
2545 3398 2730 3462 aliter
2767 3416 2894 3463 non
2935 3407 3032 3461 est
3068 3398 3408 3474 confessio,
3449 3399 3560 3462 sed
3604 3398 3856 3462 confes-

2357 3495 2556 3558 sionis
2598 3496 2940 3559 simulatio.

2435 3594 2671 3656 Verum
2717 3593 2888 3656 circa
2932 3594 3054 3656 hoc
3100 3595 3408 3676 quaeritur
3457 3611 3474 3657 :
3527 3595 3850 3658 interdum

2357 3691 2530 3754 enim
2561 3692 2874 3772 contingit
2900 3693 3070 3774 quod
3102 3692 3268 3755 facta
3297 3691 3717 3765 confessione,
3739 3693 3857 3754 ali-

2353 3789 2540 3871 cujus
2581 3789 2823 3871 peccati
2869 3789 3177 3853 memoria
3217 3790 3516 3864 occurrit,
3557 3790 3745 3872 cujus
3781 3791 3854 3852 in

2355 3887 2755 3951 confessione
2785 3888 3125 3951 immemor
3161 3887 3324 3968 fuit3
3363 3907 3446 3950 an
3485 3896 3736 3950 tenetur
3775 3889 3852 3950 il-

2355 3986 2465 4049 lud
2514 3986 2721 4049 eidem
2771 3985 3080 4049 sacerdoti
3133 3985 3448 4059 confiteri,
3497 3994 3608 4048 aut
3653 3987 3850 4050 etiam

2354 4085 2478 4147 alia
2520 4085 2651 4166 jam
2703 4083 2994 4149 confessa
3041 4084 3263 4147 reconf
3265 4085 3428 4146 iteri.
3471 4084 3550 4146 Et
3593 4103 3854 4167 respon-

746 4201 907 4265 pure
946 4181 1205 4257 morale,
1237 4187 1311 4242 ut
1347 4179 1591 4242 dictum
1630 4187 1747 4242 est.
1789 4179 1933 4242 Haec
1969 4179 2243 4243 Antisio-
2272 4184 2322 4247 D
2352 4183 2834 4267 dendum,quod
2859 4183 3058 4265 aliqui
3083 4182 3306 4245 dicunt
3328 4202 3478 4246 eum
3503 4184 3612 4264 qui
3641 4185 3734 4247 sic
3757 4203 3856 4248 re-

746 4281 1053 4346 dorensis.

826 4380 907 4442 At
942 4395 1093 4441 vero
1130 4377 1401 4439 Thomas
1444 4393 1458 4438 :
1500 4374 1849 4449 Confessio,
1882 4375 2112 4457 inquit,
2145 4385 2243 4440 est

742 4485 924 4540 actus
972 4475 1225 4538 virtutis
1274 4483 1339 4537 et
1384 4492 1529 4556 pars
1580 4474 1981 4537 sacramenti.
2035 4476 2240 4558 Atque

745 4584 817 4639 ut
860 4583 1036 4644 actus
1076 4572 1352 4648 virtutiS,
1394 4579 1490 4635 est
1527 4571 1692 4635 actio
1734 4572 2058 4636 meritoria
2100 4593 2241 4656 pro-

743 4674 883 4758 prie
926 4691 939 4736 ε
982 4678 1047 4736 et
1090 4672 1181 4735 sic
1226 4689 1353 4735 non
1391 4671 1560 4734 valet
1600 4670 1741 4734 sine
1784 4672 2062 4746 caritate,
2098 4693 2240 4755 quae

564 4812 573 4818 -
652 4799 657 4804 ·
692 4835 700 4840 ,
741 4782 840 4838 est
869 4770 1274 4856 promerendi
1306 4769 1721 4852 principium.
1758 4769 1878 4833 Sed
1919 4780 2107 4852 prout
2145 4780 2240 4836 est

674 4927 681 4933 .
740 4891 887 4956 pars
944 4869 1345 4944 sacramenti,
1393 4868 1645 4933 ordinat
1700 4867 2113 4933 confitentem
2161 4873 2241 4933 ad

740 4972 1132 5035 sacerdotem
1162 4969 1507 5032 habentem
1540 4967 1750 5031 claves
1781 4966 2102 5041 Ecclesiae,
2126 4970 2239 5051 qui

739 5087 856 5152 per
896 5067 1365 5132 confessionem
1412 5065 1739 5148 cognoscit
1780 5066 2236 5129 conscientiam

740 5166 1126 5230 confitentis,
1180 5165 1412 5248 Sicque
1471 5164 1789 5228 confessio
1837 5171 2046 5246 potest
2095 5183 2238 5228 esse

738 5266 929 5329 etiam
974 5265 1040 5328 in
1078 5282 1156 5329 eo
1184 5263 1454 5348 quinon
1493 5272 1590 5328 est
1626 5263 1936 5328 contritus
1970 5280 1985 5326 :
2029 5271 2239 5346 potest

2351 4283 2647 4346 cordatur
2676 4282 2920 4365 peccati
2948 4280 3460 4365 obliti,oportere
3491 4300 3613 4345 non
3643 4284 3854 4349 solum

2352 4379 2510 4442 illud
2559 4379 2876 4454 confiteri,
2917 4379 3028 4442 sed
3076 4387 3140 4442 et
3182 4379 3308 4442 alia
3351 4379 3484 4461 jam
3533 4380 3852 4459 confessa,

2353 4478 2706 4561 praesertim
2735 4478 2789 4540 si
2821 4486 3096 4560 nequeat
3123 4478 3418 4541 eumdem
3453 4480 3850 4544 sacerdotem

2353 4576 2586 4639 habere
2643 4577 2721 4639 ad
2781 4576 3241 4650 confitendum,
3292 4585 3608 4658 quatenus
3651 4579 3852 4642 totius

2352 4674 2558 4757 culpas
2599 4674 2918 4756 quantitas
2962 4674 3073 4737 uni
3120 4674 3472 4738 innotescat
3511 4676 3848 4740 sacerdoti.

2351 4773 2475 4837 Sed
2512 4774 2632 4836 hoc
2672 4773 3104 4836 necessarium
3149 4790 3277 4836 non
3316 4772 3587 4837 videtur.
3629 4775 3852 4838 Pecca-

2350 4882 2488 4935 tum
2521 4891 2797 4955 namque
2825 4872 3018 4935 habet
3041 4872 3414 4954 gravitatem
3455 4891 3534 4936 ex
3573 4892 3641 4937 se
3681 4874 3850 4957 ipso,

2349 4979 2416 5034 et
2451 4992 2530 5035 ex
2571 4971 3024 5053 conjunctione
3062 4970 3324 5033 alterius
3363 4971 3590 5054 culpae.
3623 4973 3852 5036 Pecca-

2348 5076 2558 5131 torum
2591 5087 2742 5132 vero
2770 5069 2849 5131 de
2878 5067 3116 5150 quibus
3145 5067 3476 5132 confessus
3504 5077 3624 5142 est,
3657 5088 3856 5152 quan-

2347 5167 2594 5230 titatem
2643 5166 3074 5229 manifestavit
3122 5185 3316 5249 quam
3368 5165 3608 5229 habent
3655 5185 3732 5230 ex
3779 5187 3852 5232 se

2349 5265 2524 5347 ipsis.
2560 5264 2636 5327 Et
2671 5265 2750 5327 ad
2789 5265 2912 5328 hoc
2951 5266 3121 5346 quod
3161 5272 3498 5348 utramque
3526 5265 3850 5348 quantita-
