4267 6250
203 2277 258 2309 xv.
269 2266 322 2306 16.

773 503 859 549 ΑΝ
900 502 1220 550 ΝΟΟῚὋΗΝΑ
1263 502 1548 550 potamio
1589 503 1630 548 A
1673 501 2122 550 cumBnA'rtoNE
2165 503 2239 550 m·
2280 503 2674 552 ΟΟΙΜΠΝΙΟΝΕ
2714 503 3005 554 mmmm
3318 485 3441 552 243

345 669 642 750 gitatione
699 672 896 756 turpi,
956 681 1021 736 et
1077 674 1246 756 quod
1303 672 1644 756 aliquando
1703 672 1838 736 haec
1866 673 1920 738 Α
1945 672 2046 748 lis,
2081 680 2235 737 tunc
2264 674 2318 738 si
2350 675 2495 758 quis
2524 675 2608 738 sit
2636 685 2849 740 mente
2877 675 3041 740 bene
3068 675 3437 760 disposituS‚

347 769 608 849 pollutio
655 771 797 833 sine
845 771 1298 853 imaginatione
1346 770 1678 852 contingit,
1730 770 1838 834 illa
1945 791 2198 835 sumere
2229 791 2355 838 non
2387 774 2782 856 prohibetur,
2811 775 3104 858 quamvis
3132 776 3335 859 possit
3360 776 3439 839 ad

345 884 488 928 vero
529 887 882 950 nunquam.
916 868 1030 931 Illa
1070 886 1222 932 vero
1263 867 1533 950 pollutio
1574 887 1716 950 quae
1757 885 1836 929 ex
1945 877 2201 954 tempus
2239 871 2643 935 laudabiliter
2678 873 2999 937 abstinere
3035 874 3118 938 ob
3146 874 3307 937 tanti
3346 893 3440 937 re-

345 963 754 1046 dispositione
813 975 1054 1031 naturae
1110 966 1364 1042 accidit,
1416 983 1542 1029 non
1603 973 1700 1028 est
1753 965 1835 1028 si·
1945 969 2295 1032 verentiam
2340 971 2738 1035 sacramenti.

344 1080 532 1142 gnum
571 1063 850 1146 alicujus
890 1065 1157 1147 peccati,
1191 1065 1302 1128 sed
1340 1070 1549 1147 potest
1581 1061 1835 1126 hebeta-
2023 1065 2257 1129 Verum
2303 1066 2403 1130 his
2452 1067 2647 1148 objici
2693 1075 2921 1152 potest,
2964 1069 3114 1153 quia
3156 1070 3221 1132 in
3271 1076 3441 1134 vete-

345 1159 573 1224 tionem
605 1163 843 1224 mentis
872 1162 1197 1236 inducere,
1217 1161 1268 1224 si
1299 1181 1449 1224 cum
1482 1161 1834 1243 imaginati·
1945 1163 1998 1224 ri
2030 1163 2168 1244 lege
2202 1163 2435 1246 leprosi
2466 1173 2531 1228 et
2553 1164 2803 1229 fluxum
2834 1167 3099 1230 seminis
3128 1168 3439 1250 patientes
3472 1191 3733 1244 Lev.xn=,xv.

343 1275 455 1320 one
485 1261 906 1341 contingaaet
935 1261 1329 1344 corporalem
1363 1259 1836 1323 immunditiam
1943 1268 2124 1324 erant
2164 1261 2481 1325 immundi
2518 1272 2813 1347 respectu
2852 1283 3176 1330 sacrorum
3208 1267 3441 1330 veteris

343 1354 544 1418 habet.
587 1357 738 1420 Ideo
782 1358 836 1420 si
885 1359 1230 1421 necessitas
1277 1364 1388 1420 aut
1431 1357 1684 1420 devotio
1732 1376 1836 1419 ex·
1943 1359 2327 1422 Testamenti
2381 1377 2395 1423 :
2448 1379 2597 1443 ergo
2647 1362 2793 1445 plus
2840 1362 3158 1427 abstinere
3208 1362 3442 1427 debent

344 1461 574 1534 poscat,
617 1456 730 1537 qui
773 1475 1000 1538 passus
1049 1463 1146 1519 est
1187 1475 1351 1531 eam,
1393 1474 1518 1519 non
1566 1455 1834 1539 impedi·
1943 1457 2022 1520 ab
2069 1457 2191 1520 hoc
2238 1467 2652 1523 sacramento.
2696 1497 2777 1506 --
2818 1462 3086 1544 Insuper
3130 1463 3441 1526 sacerdoti

346 1560 458 1627 tur,
471 1553 830 1635 praesertim
862 1555 1116 1637 quando
1145 1574 1271 1618 non
1304 1574 1450 1617 cum
1483 1555 1835 1636 imaginati·
1946 1556 2195 1638 leproso
2227 1555 2627 1620 interdicitur
2657 1558 3021 1622 celebrandi
3050 1559 3340 1636 facultas,
3374 1569 3445 1624 ut

343 1669 456 1714 one
481 1653 754 1733 accidit3
791 1661 1006 1716 tamen
1035 1653 1090 1716 si
1125 1663 1382 1737 propter
1410 1652 1832 1717 reverentiam
1945 1659 2118 1734 patet
2155 1663 2347 1713 extra
2380 1654 2458 1716 de
2492 1654 2736 1718 Clerico
2768 1674 2957 1737 aegr0,
2991 1656 3122 1720 Tua
3164 1674 3299 1720 nos.
3336 1658 3443 1720 Er-

345 1749 634 1826 abstinet,
666 1759 764 1814 est
794 1752 1169 1827 laudanduS,
1201 1753 1456 1834 quando
1492 1751 1832 1814 infirmitas
1942 1766 2024 1831 go
2077 1751 2217 1832 pari
2276 1752 2518 1816 ratione
2566 1753 2757 1815 debet
2814 1754 3013 1817 laicus
3073 1756 3360 1838 leprosus
3408 1775 3445 1820 a

346 1867 462 1912 non
495 1856 592 1912 est
623 1859 952 1933 perpetua.
987 1851 1066 1912 Et
1093 1851 1244 1933 quia
1277 1868 1404 1915 non
1436 1851 1522 1912 ita
1551 1851 1628 1913 de
1658 1849 1831 1912 facili
1868 1853 1917 1916 Β
1946 1849 2398 1912 communione
2436 1868 2679 1914 cavere.

347 1955 542 2030 potest
574 1950 824 2032 percipi
864 1969 944 2011 ex
982 1968 1108 2032 qua
1145 1968 1335 2012 causa
1368 1949 1712 2029 contingat,
1745 1947 1836 2010 id·
2027 1947 2104 2009 Et
2131 1949 2644 2030 respondendum
2676 1950 2752 2011 ad
2784 1950 3275 2034 primum,quod
3307 1969 3446 2036 pro-

345 2067 414 2110 eo
460 2049 660 2111 tutius
707 2055 806 2112 est
853 2067 1109 2131 semper
1163 2047 1506 2122 abstinere,
1558 2048 1682 2110 nisi
1741 2047 1834 2109 in·
1945 2045 2178 2109 hihitio
2209 2047 2317 2109 illa
2356 2047 2420 2108 in
2464 2047 2600 2128 lege
2631 2049 2831 2130 magis
2870 2057 3004 2113 erat
3033 2058 3295 2134 propter
3321 2052 3447 2134 spi-

347 2149 595 2212 cumbat
643 2149 1008 2212 necessitas.
1059 2150 1130 2212 In
1177 2149 1372 2230 huJ'us
1429 2149 1520 2210 rei
1579 2149 1832 2229 signum
1946 2145 2241 2207 ritualem
2272 2145 2805 2227 significationem
2836 2167 3027 2230 quam
3056 2157 3319 2233 propter
3345 2169 3446 2212 res

347 2257 734 2331 praeceptum
782 2247 907 2310 fuit
955 2249 1021 2311 in
1069 2248 1352 2311 Levitico
1403 2265 1418 2309 τ
1468 2247 1578 2310 Vir
1623 2266 1660 2308 a
1710 2264 1836 2329 quo
1948 2245 2166 2325 ipsas:
2201 2245 2344 2307 ideo
2382 2261 2511 2308 nou
2552 2252 2802 2327 oportet
2838 2247 2905 2308 in
2952 2248 3317 2329 evangelica
3362 2249 3446 2311 le-

347 2347 661 2427 egreditur
698 2363 942 2420 semen,
975 2346 1344 2408 immundus
1375 2345 1496 2408 erit
1527 2363 1728 2427 usque
1759 2346 1835 2406 ad
1945 2360 2022 2423 ge
2053 2343 2147 2404 sic
2179 2341 2345 2417 fieri,
2370 2341 2481 2404 ubi
2513 2344 2777 2406 veritate
2808 2345 3128 2421 veniente,
3162 2364 3446 2410 cessave-

345 2463 690 2526 vesperam.
707 2444 1062 2507 Immundis
1092 2450 1305 2506 autem
1337 2460 1464 2506 non
1497 2443 1677 2505 licuit
1708 2448 1838 2504 tan-
1949 2446 2097 2501 runt
2133 2439 2375 2521 figurae.
2412 2475 2487 2486 -
2529 2442 2609 2504 At
2650 2459 2802 2505 vero
2844 2444 3153 2508 sacerdoti
3198 2444 3449 2528 leproso

344 2561 482 2624 gere
527 2545 784 2606 munda.
828 2542 1154 2625 Debetque
1195 2541 1537 2616 abstinere,
1571 2548 1642 2604 ut
1682 2540 1840 2603 dici·
1949 2537 2324 2621 prohibetur
2380 2539 2701 2603 celebrare
2751 2541 2815 2603 in
2875 2542 3137 2624 publico
3186 2552 3446 2627 propter

347 2649 462 2715 tur,
512 2661 630 2724 per
673 2641 905 2724 viginti
953 2649 1226 2724 quatuor
1275 2641 1460 2704 horas
1507 2659 1521 2704 :
1574 2640 1724 2722 quia
1771 2639 1836 2702 in
1948 2637 2313 2716 horrorem3
2344 2644 2623 2700 attamen
2654 2637 2720 2701 in
2751 2647 3015 2714 secret0,
3048 2642 3288 2724 populo
3318 2658 3448 2705 non

346 2739 448 2802 tali
485 2741 692 2823 spatio
731 2747 958 2803 natura
995 2740 1364 2803 deordinata
1402 2757 1518 2822 per
1546 2755 1836 2821 corpora·
1948 2743 2283 2817 praesente,
2330 2742 2539 2817 potest
2586 2754 2665 2798 ex
2712 2737 3049 2801 devotione
3098 2738 3444 2815 celebrare,

347 2838 464 2900 lem
497 2839 967 2902 immunditiam
999 2846 1062 2901 et
1091 2838 1324 2901 mentis
1353 2837 1836 2910 hebetationem,
1948 2835 2073 2897 nisi
2117 2835 2202 2896 sit
2246 2834 2311 2896 in
2351 2841 2599 2897 tantum
2648 2843 3007 2918 corruptuS‚
3042 2839 3213 2921 quod
3258 2839 3447 2903 mini-

347 2938 757 3000 reordinatur.
793 2937 1080 3019 Denique
1115 2936 1412 3019 cogitatio
1441 2936 1678 2999 dicitur
1705 2943 1835 2997 tur·
1948 2933 2214 2995 sterium
2255 2933 2393 2995 sine
2431 2933 2720 3016 periculo
2762 2945 3035 3016 nequeat
3071 2937 3441 3020 adimplere.

347 3035 460 3115 pia,
493 3052 622 3098 non
665 3035 875 3099 solum
916 3036 1066 3118 quia
1104 3036 1182 3099 de
1220 3033 1518 3118 turpibus
1557 3040 1674 3108 est,
1707 3034 1838 3096 imo
1874 3037 1916 3101 C
1947 3030 2041 3093 Ad
2082 3030 2510 3093 sacerdotium
2556 3049 2709 3094 vero
2754 3032 3040 3115 leprosus
3083 3037 3446 3117 promoveri

347 3136 420 3197 de
447 3136 539 3198 eis
569 3143 778 3218 potest
805 3134 1100 3217 cogitatio
1131 3136 1393 3198 honesta
1432 3133 1689 3213 haberi3
1725 3133 1836 3196 sed
1949 3148 2074 3194 non
2114 3129 2321 3193 debet.
2358 3166 2439 3175 —
2466 3130 2610 3193 Haec
2654 3131 2925 3195 Thomas
2970 3133 3034 3196 in
3080 3134 3345 3218 Scripto.

345 3234 489 3316 quia
524 3234 991 3317 turpitudinem
1035 3234 1226 3297 habet
1268 3242 1527 3316 propter
1567 3233 1838 3296 delecta·
2019 3231 2324 3293 Praeterea
2352 3230 2418 3293 in
2450 3231 2635 3292 tertia
2664 3239 2858 3313 parte,
2873 3233 3256 3314 octogesima
3286 3254 3447 3317 quae-

347 3332 576 3396 tionem
637 3332 740 3395 vel
801 3350 1180 3396 consensum
1241 3331 1636 3413 adjunctum.
1690 3330 1837 3405 Quae
1947 3330 2153 3393 stione
2187 3346 2201 3391 ε
2236 3328 2414 3392 Circa
2443 3328 2866 3411 pollutionem
2894 3331 3162 3414 (inquit)
3191 3341 3445 3397 noctur·
3524 3357 3664 3400 um.

345 3430 670 3513 turpitudo
719 3430 920 3511 magis
967 3430 1281 3494 horrenda
1340 3437 1436 3492 est
1485 3448 1674 3512 quam
1731 3428 1840 3491 illa
1948 3445 2096 3489 nam
2145 3425 2273 3489 duo
2320 3433 2469 3488 sunt
2517 3426 2974 3491 consideranda
3016 3445 3030 3490 τ
3074 3448 3298 3505 unum,
3331 3450 3447 3514 per

347 3546 482 3608 quae
529 3537 628 3591 est
675 3528 741 3591 in
789 3527 957 3602 cibo,
1007 3536 1144 3589 tum
1194 3528 1346 3610 quia
1403 3527 1604 3608 magis
1652 3526 1837 3588 vitari
1949 3525 2118 3607 quod
2161 3525 2239 3587 de
2284 3524 2658 3587 necessitate
2701 3524 2970 3608 impedit
3006 3546 3043 3589 a
3081 3530 3447 3612 sumptione

347 3634 566 3706 potest,
598 3626 907 3708 quoniam
945 3624 1410 3688 difficillimum
1448 3632 1546 3687 est
1583 3624 1650 3685 in
1695 3623 1840 3686 cibo
1949 3622 2366 3701 sacramenti;
2396 3621 2594 3697 aliud,
2628 3641 2744 3705 per
2772 3626 2941 3705 quod
2979 3644 3057 3687 ex
3098 3644 3449 3707 congruen—

347 3730 408 3784 et
453 3732 606 3806 potu
655 3724 919 3787 modum
963 3730 1217 3801 tenere3
1258 3729 1394 3784 tum
1437 3722 1589 3803 quia
1641 3721 1838 3802 magis
1950 3721 2055 3782 tia.
2099 3720 2189 3781 Ex
2233 3720 2609 3782 necessitate
2651 3738 2778 3783 non
2824 3720 3095 3803 impedit
3136 3724 3259 3786 nisi
3303 3743 3450 3808 pec-

347 3822 700 3904 propinqua
738 3829 837 3884 est
870 3821 949 3883 ad
996 3820 1259 3884 mortale
1300 3827 1647 3902 peccatum.
1951 3825 2162 3881 catum
2205 3817 2489 3879 mortale.
2526 3818 2603 3879 Et
2640 3819 2933 3899 quamvis
2972 3828 3282 3885 nocturna
3319 3824 3451 3904 pol-

415 3920 716 3984 Praeterea
743 3920 798 3981 si
823 3925 1256 4001 quaeratur,an
1285 3924 1543 3999 propter
1573 3917 1844 3979 immun·
1951 3917 2109 3980 lutio
2153 3916 2506 3979 secundum
2558 3935 2625 3979 se
2674 3916 3089 3993 considerata,
3132 3937 3271 3983 esse
3319 3937 3447 3984 non

348 4015 562 4079 ditiam
605 4034 764 4099 pure
804 4015 1196 4099 corporalem
1237 4016 1321 4077 sit
1358 4013 1437 4077 ab
1477 4014 1598 4077 hoc
1636 4032 1840 4078 sacra·
1949 4016 2157 4079 valeat
2205 4015 2469 4078 mortale
2523 4022 2879 4098 peccatum,
2931 4023 3145 4080 tamen
3204 4018 3447 4083 ratione

351 4124 558 4179 mento
579 4112 1617 4195 abstinendum3dicendum‚quod
1639 4132 1840 4197 quum
1950 4134 2080 4179 suae
2142 4133 2346 4177 causae
2413 4114 2793 4197 quandoque
2859 4114 3050 4178 habet
3110 4124 3445 4198 peccatum

349 4213 528 4277 cibus
565 4215 684 4277 iste
717 4214 801 4277 sit
829 4231 960 4277 non
995 4212 1300 4295 corporiS‚
1334 4212 1445 4275 sed
1486 4211 1740 4286 mentiS‚
1774 4212 1838 4274 in
1869 4216 1920 4279 D
1951 4214 2215 4277 mortale
2242 4213 2837 4277 annexum.ldcirco
2866 4214 3321 4280 consideranda
3350 4225 3447 4281 est

349 4312 488 4394 ejus
523 4312 888 4395 sumptione
927 4312 1128 4393 magis
1164 4310 1547 4374 attendenda
1583 4318 1680 4373 est
1715 4309 1840 4373 dis·
1951 4330 2143 4375 causa
2205 4311 2579 4395 pollutionis
2644 4320 2988 4377 nocturnae.
3059 4314 3445 4398 Quandoque

351 4413 576 4494 positio
609 4412 842 4475 mentis
879 4430 1072 4493 quam
1107 4410 1412 4494 corporis.
1446 4410 1594 4473 Ideo
1621 4410 1842 4473 distin·
1949 4411 2123 4474 enim
2167 4409 2461 4494 provenit
2499 4428 2577 4473 ex
2616 4429 2804 4474 causa
2850 4411 3168 4494 spirituali
3211 4418 3447 4480 extrin-

351 4512 666 4593 guendum
713 4518 810 4574 est
847 4511 927 4573 de
967 4509 1374 4573 immunditia
1417 4528 1576 4592 pure
1621 4525 1839 4592 corpo·
1951 4526 2116 4583 seca,
2151 4507 2400 4570 scilicet
2437 4507 2797 4571 daemonum
2842 4507 3161 4585 illusione,
3194 4518 3344 4587 etc.,
3380 4521 3450 4576 ut

351 4610 464 4673 rali
505 4629 520 4675 z
560 4612 712 4693 quia
758 4618 868 4672 aut
911 4617 1009 4673 est
1053 4616 1384 4692 perpetua,
1427 4610 1592 4672 sicut
1641 4608 1838 4691 lepra,
1951 4626 2161 4690 supra.
2201 4606 2571 4670 Daemonum
2621 4624 2874 4689 quoque
2924 4607 3138 4671 illusio
3174 4612 3453 4691 quando-

352 4718 458 4771 aut
496 4710 836 4789 diuturna3
883 4709 987 4773 vel
1045 4716 1142 4771 est
1187 4708 1556 4791 temporalis
1604 4716 1668 4771 et
1714 4709 1842 4772 cito
1951 4725 2078 4790 que
2136 4705 2428 4788 provenit
2475 4723 2552 4767 ex
2611 4704 3007 4786 praecedente
3065 4707 3452 4790 negligentia

354 4808 718 4891 purgabilis.
771 4810 988 4891 ltaque
1046 4816 1308 4890 propter
1365 4808 1839 4871 immunditiam
1952 4804 2348 4891 praeparandi
2388 4823 2455 4867 se
2494 4804 2573 4867 ad
2610 4804 3036 4880 devotionem,
3069 4826 3212 4888 quae
3250 4810 3449 4891 negli-

351 4906 536 4971 talem
565 4915 944 4991 perpetuam
974 4913 1083 4969 aut
1112 4906 1688 4981 diuturnam,nullo
1719 4922 1849 4968 mo-
1948 4906 2165 4988 gentia
2202 4910 2409 4987 potest
2444 4920 2583 4965 esse
2616 4902 2717 4965 vel
2757 4903 3004 4966 veniale
3042 4905 3144 4968 vel
3184 4909 3448 4972 mortale

355 5004 434 5069 do
474 5006 796 5069 abstinere
854 5005 998 5088 quis
1054 5005 1245 5068 debet
1299 5004 1379 5067 ab
1433 5004 1844 5068 Eucharistiae
1952 5010 2287 5087 peccatum
2308 5019 2326 5083 ;
2388 5000 2767 5083 quandoque
2823 5003 3121 5083 provenit
3174 5023 3253 5068 ex
3312 5008 3447 5072 sola

355 5107 734 5189 sumptione,
767 5124 850 5168 ne
891 5112 1153 5188 propter
1194 5102 1666 5167 immunditiam
1710 5119 1844 5165 cor·
1952 5101 2238 5184 nequitia
2275 5099 2655 5164 daemonum.
2692 5097 2892 5162 Causa
2928 5099 3121 5164 etiam
3157 5120 3445 5187 corpora-

354 5206 520 5287 poris
558 5206 862 5289 perdatur
901 5203 1150 5266 fructus
1188 5210 1252 5265 et
1293 5202 1536 5285 puritas
1586 5202 1838 5265 mentis.
1952 5201 2031 5264 lis
2069 5199 2496 5283 pollutionum
2529 5198 2908 5280 quandoque
2939 5201 3201 5264 estsine
3230 5206 3439 5289 culpa,

358 5302 422 5365 Si
441 5322 588 5369 vero
613 5305 702 5368 sit
722 5302 1094 5387 temporalis
1123 5300 1521 5382 faciliterque
1553 5299 1845 5383 purgabi-
1955 5305 2109 5383 puta
2148 5316 2226 5361 ex
2270 5296 2645 5359 infirmitate
2690 5304 2949 5361 naturae.
2985 5298 3159 5363 Unde
3202 5308 3265 5365 et
3307 5304 3446 5387 qui·
