4267 6250
611 492 700 540 ΔΝ
741 493 1030 541 cnmsrus
1071 493 1138 542 m
1177 493 1580 544 sannanim-o
1619 496 1798 554 vm,
1834 495 2155 556 amiran,
2195 495 2555 544 memnon
2593 495 2673 544 ac
2712 495 3140 554 munuca-run,
3178 495 3308 544 arc.
3390 477 3514 546 233

410 683 542 730 non
581 666 862 732 sumitur
898 674 1162 751 propter
1189 667 1430 732 ventris
1469 667 1910 751 repletionem,
1941 669 1994 734 A
2022 668 2255 743 cundo,
2286 667 2589 750 quoniam
2638 667 2931 753 quamvis
2976 669 3220 752 aliquid
3267 669 3515 736 ordine-

407 765 524 828 sed
566 764 652 828 ob
695 765 932 830 mentis
975 765 1410 830 refectionem.
1443 767 1572 831 Nec
1619 785 1698 830 ex
1741 786 1913 830 sum-

409 864 633 947 ptione
671 865 1116 928 sacramentali
1162 865 1406 948 indigni
1445 865 1783 948 derogatur
1821 866 1914 928 di-

405 963 634 1044 gnitati
665 971 778 1026 aut
804 963 1137 1027 munditiae
1167 965 1450 1047 corporis
1479 964 1728 1040 Christi,
1743 965 1912 1047 quod

403 1061 490 1123 ab
521 1061 748 1144 iniquo
785 1080 914 1125 non
955 1061 1234 1146 tangitur
1265 1079 1280 1124 ε
1315 1063 1446 1126 imo
1485 1063 1553 1125 in
1590 1063 1712 1126 hoe
1740 1062 1912 1127 Chri-

405 1169 546 1224 stus
587 1161 1100 1224 mansuetudinis
1137 1169 1202 1224 et
1236 1161 1620 1226 humilitatis
1657 1169 1914 1245 praestat

407 1258 804 1341 exemplum.

491 1357 556 1420 si
603 1363 821 1420 autem
871 1365 1212 1440 quaeratur,
1262 1377 1342 1422 an
1392 1358 1690 1422 infideles
1739 1377 1914 1422 man-

407 1454 652 1518 ducent
679 1456 1225 1520 sacramentaliter
1254 1456 1489 1520 Christi
1519 1474 1779 1539 corpus;
1817 1457 1910 1519 di-

410 1553 714 1628 cendum,
743 1554 916 1636 quod
947 1555 1352 1618 manducatio
1380 1564 1477 1618 est
1508 1564 1688 1618 actus
1717 1562 1914 1618 trans-

407 1650 550 1714 iens
586 1670 628 1714 a
665 1652 1092 1716 manducante
1131 1653 1198 1715 in
1239 1653 1714 1716 manducatum.
1751 1652 1910 1715 Hinc

407 1749 958 1814 sacramentaliter
987 1751 1394 1825 manducare,
1426 1752 1770 1834 dupliciter
1797 1769 1912 1834 po·

2021 774 2126 829 tur
2168 768 2246 830 ad
2296 775 2541 832 certum
2589 787 2802 842 usum,
2836 786 2962 833 non
3008 776 3219 832 tamen
3270 778 3520 852 oportet

2021 873 2092 928 ut
2135 866 2383 930 desinat
2420 885 2559 930 esse
2600 868 2856 949 quando
2892 867 3039 948 quis
3079 867 3219 949 ipso
3258 869 3350 931 uti
3388 887 3517 933 non

2021 963 2209 1026 valet.
2258 965 2501 1028 Idcirco
2544 964 2887 1028 dicendum
2938 983 3086 1028 cum
3134 966 3300 1042 aliis,
3347 968 3518 1050 quod

2021 1080 2247 1126 verum
2292 1081 2523 1146 corpus
2566 1062 2798 1128 Christi
2850 1071 3065 1126 manet
3110 1063 3231 1128 sub
3280 1066 3521 1148 specie-

2023 1160 2143 1224 bus
2188 1161 2253 1224 in
2296 1180 2405 1225 ore
2449 1161 2620 1225 bruti
2658 1169 2723 1225 et
2760 1169 3002 1238 ventre,
3036 1162 3341 1245 quamdiu
3382 1183 3521 1246 per-

2023 1269 2285 1324 manent
2339 1259 2587 1343 species
2654 1260 2798 1324 illae.
2860 1261 3313 1324 Verumtamen
3370 1261 3519 1325 bru-

2021 1365 2161 1420 tum
2202 1377 2320 1422 nec
2360 1359 2781 1442 spiritualiter
2816 1377 2936 1422 nec
2978 1361 3521 1425 sacramentaliter

2025 1457 2367 1520 manducat
2397 1475 2627 1540 corpus
2672 1457 2929 1532 Christi,
2961 1458 3115 1540 quia
3156 1477 3275 1521 nec
3318 1458 3520 1521 utitur

2023 1556 2405 1618 manducato
2442 1564 2513 1618 ut
2547 1565 2963 1632 sacramento,
3006 1576 3214 1639 neque
3254 1557 3519 1620 mandu-

2021 1662 2126 1717 cat
2162 1662 2630 1718 sacramentum
2676 1655 3029 1718 secundum
3074 1654 3386 1718 rationem
3424 1675 3519 1718 sa-

2021 1753 2357 1828 crament-i,
2388 1753 2555 1816 sicut
2584 1752 2868 1816 infidelis
2896 1753 3131 1816 dicitur
3158 1773 3518 1818 sacramen-

403 1855 533 1910 test
582 1847 874 1930 intelligi.
909 1849 1142 1923 Primo,
1175 1857 1248 1912 ut
1301 1850 1461 1913 illud
1509 1850 1906 1925 adverbium,
1947 1855 1994 1918 B
2023 1851 2236 1914 taliter
2284 1852 2687 1925 manducare,
2740 1851 2853 1934 qui
2901 1853 3175 1915 intendit
3229 1853 3519 1935 accipere

403 1947 974 2022 sacramentaliter,
1037 1947 1416 2010 determinet
1477 1949 1910 2012 manducatio-

403 2064 557 2108 nem
597 2063 676 2108 ex
721 2053 900 2128 parte
941 2046 1304 2110 manducati
1347 2064 1361 2108 ε
1403 2053 1468 2109 et
1507 2046 1593 2109 ita
1627 2047 1912 2130 quicum-

403 2162 538 2225 que
565 2143 805 2226 accipit
844 2145 1094 2226 species
1133 2145 1536 2219 sacramenti,
1576 2145 1914 2208 manducat

404 2242 980 2318 sacramentaliter,
1015 2243 1078 2304 id
1108 2251 1224 2318 est,
1258 2238 1494 2326 accipit
1523 2243 1587 2306 id
1617 2245 1786 2326 quod
1817 2253 1913 2308 est

405 2348 886 2404 sacramentum
943 2341 1010 2404 in
1071 2341 1488 2416 Eucharistia,
1539 2350 1758 2426 utpote
1805 2361 1914 2406 ve·

403 2457 554 2501 rum
585 2439 820 2503 Christi
851 2457 1098 2523 eorpus.
1113 2440 1420 2516 Secundo,
1435 2450 1506 2504 ut
1535 2442 1915 2507 determinet

405 2537 966 2602 manducationem
1028 2558 1106 2603 ex
1168 2547 1344 2622 parte
1403 2540 1840 2604 manducantis
1894 2559 1908 2604 :

405 2637 634 2719 sicque
681 2637 860 2701 solus
904 2637 1012 2702 ille
1059 2639 1600 2702 sacramentaliter
1648 2641 1912 2722 mandu-

405 2741 532 2808 cat,
565 2735 678 2817 qui
714 2734 920 2798 utitur
963 2736 1076 2799 illo
1120 2735 1360 2800 visibili
1409 2736 1554 2800 cibo
1597 2746 1667 2801 ut
1706 2757 1910 2801 sacra-

407 2841 647 2896 mento.
711 2833 1002 2898 Infidelis
1059 2841 1273 2900 autem
1332 2855 1550 2899 errans
1611 2837 1783 2899 circa
1846 2837 1907 2899 id

405 2933 582 3014 quod
612 2941 712 2995 est
750 2932 816 2994 in
858 2932 978 2996 boc
1017 2940 1412 2996 sacramento
1450 2933 1906 3016 significatum,

2023 1951 2193 2033 quod
2223 1951 2460 2032 accipit
2490 1949 2793 2024 Ecclesia,
2826 1951 3120 2033 quamvis
3154 1952 3369 2014 credat
3399 1952 3519 2015 hoc

2023 2048 2186 2116 nihil
2244 2067 2407 2112 esse.
2464 2048 2909 2124 Conformiter,
2960 2050 3350 2112 manducans
3408 2050 3517 2112 ho-

2024 2148 2211 2210 stiam
2256 2154 2687 2210 consecratam
2719 2167 2912 2229 quam
2954 2148 3159 2212 nescit
3190 2166 3517 2212 consecra-

2023 2251 2177 2321 tam,
2228 2262 2353 2309 non
2404 2246 2681 2310 comedit
2729 2246 3271 2310 sacramentaliter
3310 2263 3325 2308 ε
3368 2247 3518 2329 quia

2023 2362 2152 2409 non
2196 2344 2475 2409 comedit
2510 2353 2981 2408 sacramentum
3026 2345 3150 2408 nisi
3200 2363 3316 2428 per
3357 2346 3520 2409 acci-

2024 2442 2205 2518 dens,
2257 2442 2517 2524 dempto
2564 2443 2733 2525 quod
2793 2443 2937 2525 plus
2994 2443 3384 2526 propinquat
3436 2445 3516 2507 ad

2023 2540 2545 2604 sacramentalem
2594 2541 3173 2614 manducationem,
3218 2540 3285 2604 in
3322 2561 3519 2624 quan-

2023 2646 2163 2701 tum
2220 2647 2407 2722 aptus
2454 2645 2639 2702 natus
2690 2646 2788 2702 est
2832 2646 3300 2702 sacramentum
3340 2659 3515 2702 man-

2023 2738 2278 2800 ducare.
2329 2737 2458 2800 Nec
2513 2736 2597 2799 ob
2647 2737 2767 2800 boc
2815 2737 3145 2819 ponendus
3204 2744 3301 2800 est
3354 2737 3519 2800 alius

2025 2835 2251 2899 modus
2300 2834 2723 2898 manducandi
2772 2835 2939 2897 ultra
2971 2833 3265 2917 praesatos
3300 2853 3314 2898 :
3347 2835 3519 2916 quod

2021 2934 2195 2998 enim
2241 2953 2356 3016 per
2391 2932 2686 2996 accidens
2724 2940 2841 3008 est,
2873 2951 3001 2996 non
3043 2933 3213 2996 cadit
3248 2933 3313 2995 in
3357 2933 3517 2996 divi-

405 3046 537 3092 non
585 3029 790 3091 utitur
833 3029 962 3092 illis
1004 3029 1340 3112 speciebus
1387 3039 1456 3094 ut
1491 3040 1907 3108 sacrament0,
1944 3040 1988 3103 C
2019 3033 2288 3096 sionem.

405 3128 548 3191 sive
575 3146 707 3191 non
739 3129 954 3192 credat
983 3130 1049 3192 in
1081 3129 1405 3193 Christum
1435 3132 1786 3194 secundum
1819 3151 1909 3205 se,

403 3227 548 3289 sive
577 3244 707 3290 non
749 3227 966 3290 credat
995 3227 1060 3289 in
1103 3228 1314 3310 ipsum
1356 3229 1712 3293 secundum
1742 3230 1914 3311 quod

407 3326 477 3388 in
519 3333 922 3389 sacramento
968 3325 1090 3389 hoc
1135 3326 1498 3391 continetur
1535 3344 1550 3389 ε
1593 3328 1735 3391 ideo
1783 3346 1910 3391 non

405 3424 756 3487 manducat
782 3424 1342 3487 sacramentaliter.
1367 3424 1446 3487 Et
1473 3426 1775 3508 quoniam
1806 3446 1907 3489 ac-

404 3522 500 3585 tio
537 3530 634 3586 est
681 3522 884 3605 magis
920 3524 1280 3605 propinqua
1316 3524 1526 3605 agenti
1567 3543 1760 3606 quam
1805 3544 1909 3607 pa-

401 3620 616 3695 tienti,
671 3619 816 3683 ideo
871 3638 1098 3683 sensus
1155 3620 1274 3683 iste
1329 3622 1650 3685 secundus
1707 3622 1908 3704 magis

400 3718 708 3801 proprius
749 3726 848 3783 est
888 3737 1083 3801 quam
1125 3718 1394 3801 primus·

487 3818 680 3880 Porro
724 3817 884 3880 dum
931 3817 1259 3900 quaeritur,
1305 3836 1386 3880 an
1435 3826 1903 3883 sacramentum

399 3916 528 3979 hoc
585 3914 942 3998 accipiatur
987 3934 1024 3977 a
1080 3914 1316 3995 bruto;
1365 3917 1905 3998 respondendum,

399 4014 577 4097 quod
609 4014 690 4077 de
719 4014 841 4077 hoc
871 4021 972 4077 est
1007 4013 1242 4097 duplex
1279 4014 1516 4096 opinio.
1552 4016 1706 4089 Una,
1739 4017 1910 4098 quod

401 4130 536 4175 non
575 4113 999 4175 manducatur
1035 4132 1074 4175 a
1109 4112 1298 4175 bruto
1328 4113 1415 4174 ita
1443 4114 1612 4195 quod
1653 4113 1718 4176 in
1757 4133 1908 4177 ven-

2099 3130 2413 3203 Quaeritur
2443 3128 2617 3204 item,
2652 3136 2865 3191 utrum
2896 3128 3314 3211 spiritualiter
3342 3148 3516 3192 man-

2020 3229 2211 3291 ducet
2270 3228 2323 3291 is
2380 3227 2492 3310 qui
2550 3227 3094 3291 sacramentaliter
3150 3245 3279 3292 non
3342 3246 3516 3291 man-

2021 3326 2227 3388 ducat.
2299 3325 2761 3409 Respondetur,
2831 3327 3001 3408 quod
3069 3326 3355 3389 Christus
3420 3336 3517 3391 est

2023 3424 2373 3488 electorum
2420 3423 2605 3487 cibus
2650 3423 3023 3506 spiritualis,
3070 3443 3199 3489 non
3249 3424 3314 3488 in
3357 3426 3515 3488 alios

2023 3522 2459 3587 convertibilis
2489 3530 2599 3587 aut
2630 3540 2997 3597 conversus,
3030 3524 3139 3585 sed
3171 3524 3234 3586 in
3274 3543 3343 3587 se
3372 3542 3519 3588 con-

2021 3629 2275 3685 vertens
2323 3639 2431 3684 eos
2489 3639 2648 3703 quos
2697 3621 2924 3685 reficit.
2976 3621 3136 3684 Hinc
3196 3623 3515 3686 Christum

2021 3720 2439 3803 spiritualiter
2468 3720 2864 3792 manducare,
2880 3727 2977 3783 est
3004 3720 3063 3783 ei
3099 3719 3513 3803 incorporari,

2021 3819 2192 3902 quod
2220 3819 2301 3881 fit
2330 3838 2445 3900 per
2472 3817 2671 3881 sidem
2700 3826 2765 3881 et
2800 3819 3149 3881 caritatem.
3181 3818 3516 3900 Quumque

2020 3917 2307 3982 Christus
2358 3917 2425 3979 in
2470 3936 2539 3979 se
2589 3916 2729 3998 ipso
2776 3917 2859 3980 sit
2906 3916 3089 3979 cibus
3141 3916 3513 3998 spiritualia,

2021 4016 2260 4080 ideirco
2290 4016 2353 4078 in
2386 4013 2821 4078 sacramentali
2852 4013 2996 4077 cibo
3024 4014 3425 4096 significatur
3454 4024 3518 4079 et

2019 4114 2395 4179 continetur.
2413 4114 2573 4177 Hinc
2602 4113 2974 4177 naturaliter
3002 4113 3181 4195 prius
3211 4120 3329 4187 est,
3345 4113 3517 4177 Chri—

399 4220 572 4277 trem
620 4212 1000 4294 trajiciatur,
1050 4231 1127 4278 eo
1174 4215 1343 4298 quod
1392 4232 1625 4297 corpus
1675 4215 1906 4279 Christi
1939 4220 1988 4282 D
2018 4221 2188 4277 stum
2221 4232 2360 4277 esse
2390 4213 2608 4277 cibum
2638 4211 3059 4295 spiritualem,
3092 4229 3286 4294 quam
3316 4231 3517 4275 sacra-

399 4329 536 4375 non
566 4312 653 4374 sit
678 4311 805 4375 sub
833 4312 962 4375 illis
991 4312 1330 4396 speciebus
1359 4312 1485 4375 nisi
1524 4321 1714 4395 prout
1744 4313 1910 4377 ordi-

401 4410 624 4474 nabile
653 4418 754 4475 est
779 4411 860 4474 ad
889 4430 1080 4473 usum
1110 4411 1484 4474 humanum.
1519 4412 1611 4475 Ex
1641 4430 1770 4494 quo
1801 4432 1908 4475 au-

399 4518 536 4573 tem
587 4511 840 4592 species
886 4509 1012 4575 illae
1059 4510 1455 4573 descendunt
1502 4509 1568 4573 in
1615 4517 1906 4575 ventrem

403 4608 630 4682 muris,
662 4607 946 4672 ordinari
990 4626 1118 4671 non
1164 4616 1409 4689 queunt
1450 4608 1516 4672 in
1561 4628 1749 4671 usum
1794 4610 1908 4673 hu-

399 4727 668 4771 manum
704 4724 720 4771 t
753 4706 900 4771 ideo
940 4708 1177 4771 desinit
1210 4707 1304 4770 ibi
1343 4727 1500 4773 esse·
1529 4725 1760 4792 corpus
1798 4710 1906 4773 do-

401 4806 740 4870 minicum.
777 4806 898 4869 Sed
929 4804 1090 4869 ratio
1125 4805 1244 4869 ista
1276 4825 1402 4870 non
1436 4806 1624 4879 valet,
1648 4816 1908 4891 propter

399 4906 552 4970 duo.
593 4905 830 4979 Primo,
863 4903 1014 4986 quia
1057 4905 1364 4988 supponit
1411 4905 1663 4969 falsum.
1700 4907 1906 4981 Quum

399 5001 580 5067 enim
609 5002 860 5085 species
891 5002 958 5064 in
987 5010 1277 5065 ventrem
1307 5001 1587 5083 traJectae
1616 5021 1741 5066 non
1773 5022 1910 5085 pro-

397 5100 578 5164 tinus
621 5107 1137 5183 corrumpantur,
1168 5119 1380 5183 neque
1427 5100 1492 5163 in
1539 5101 1711 5165 aliud
1763 5120 1908 5167 con-

399 5207 758 5275 vertantur,
811 5206 1080 5282 possunt
1130 5199 1208 5263 de
1255 5208 1478 5263 ventre
1535 5200 1903 5281 hujusmodi

399 5298 673 5374 extrahi,
703 5305 772 5363 et
809 5298 874 5360 in
915 5316 1106 5361 usum
1142 5297 1498 5361 humanum
1529 5298 1766 5362 venire.
1801 5300 1905 5363 Se-

2022 4312 2365 4375 mentalem
2395 4312 2495 4375 vel
2525 4311 2924 4394 spiritualem
2958 4310 3079 4375 sub
3118 4318 3514 4375 sacramento

2019 4419 2389 4475 contentum
2423 4428 2437 4473 :
2470 4410 2773 4493 quoniam
2802 4410 3176 4474 naturaliter
3204 4410 3381 4493 prius
3420 4419 3516 4475 est

2022 4529 2122 4573 res
2180 4510 2632 4593 proprietatem
2682 4509 2961 4591 aliquam
3010 4508 3275 4585 habens,
3322 4530 3515 4592 quam

2019 4610 2375 4671 secundum
2432 4608 2923 4671 similitudinem
2984 4608 3389 4691 proprietatis
3448 4609 3519 4671 il-

2021 4708 2147 4771 lius
2173 4708 2389 4790 aliqua
2424 4705 2811 4789 significatio
2845 4706 2903 4769 ei
2942 4706 3338 4769 adhibeatur.
3371 4708 3518 4771 Ideo

2019 4824 2145 4871 non
2178 4806 2571 4888 quicumque
2610 4803 2951 4867 manducat
2979 4804 3300 4867 Christum
3331 4805 3517 4887 spiri-

2017 4906 2296 4979 tualiter,
2331 4904 2671 4968 manducat
2713 4903 2833 4966 hoc
2879 4910 3347 4966 sacramentum
3392 4904 3518 4987 spi-

2020 5005 2349 5068 ritualiter.
2394 5004 2671 5085 Utroque
2718 5009 2933 5064 tamen
2980 5001 3169 5066 modo
3217 5003 3518 5065 convenit

2017 5102 2433 5185 spiritualiter
2463 5101 3000 5174 manducare,non
3033 5101 3515 5164 manducantem

2017 5200 2574 5264 sacramentaliter.
2588 5197 2923 5260 Manducat
2950 5197 3191 5280 quippe
3220 5196 3514 5281 spiritua-

2021 5300 2167 5363 liter
2196 5298 2537 5373 Christum,
2570 5297 2680 5380 qui
2709 5296 2909 5359 fidem
2949 5304 3012 5359 et
3046 5296 3379 5363 caritatem.
3404 5298 3512 5361 ha·
