4267 6250
780 470 900 538 504

1390 492 1457 541 IN
1494 493 1717 540 mmm!
1756 493 1819 540 tv
1860 492 2343 541 snmmnuu.
2384 510 2465 524 ···-
2504 492 2661 540 msr.
2700 493 2894 557 xvm3
2937 493 3161 552 QUAEST.
3203 493 3273 540 111

780 681 863 725 na
906 679 920 724 :
964 671 1222 746 propter
1262 665 1434 747 quod
1474 664 1782 730 rationem
1828 664 2093 728 maculae
2131 681 2274 747 pro·
2306 664 2355 726 A
2387 663 2546 727 situs
2593 672 2707 727 est.
2752 663 2994 727 Macula
3041 670 3255 727 autem
3305 663 3552 746 peccati
3599 661 3894 727 mortalis

782 760 919 843 prie
950 761 1142 824 habet
1180 781 1217 824 a
1249 763 1626 845 privatione,
1660 763 1953 846 quamvis
1987 762 2053 825 in
2094 781 2162 825 se
2196 762 2278 825 sit

781 878 882 922 res
920 860 1230 942 quaedam.
1266 862 1444 925 Sicut
1471 862 1645 925 enim
1676 861 2012 944 speculum
2041 861 2280 924 amittit

780 958 1272 1022 similitudinem
1302 960 1395 1025 rei
1426 960 1612 1041 cujus
1643 959 1839 1023 facies
1878 960 1957 1023 ab
1998 977 2075 1024 eo
2102 978 2279 1022 aver-

782 1056 958 1131 titur,
1011 1065 1076 1120 et
1121 1058 1351 1141 recipit
1398 1058 1888 1122 similitudinem
1948 1059 2039 1121 rei
2090 1059 2278 1140 cujus

782 1153 978 1218 facies
1016 1156 1093 1218 ad
1135 1157 1347 1239 ipsum
1385 1158 1798 1232 convertitur,
1834 1158 1919 1220 ita
1948 1164 2011 1220 et
2040 1157 2272 1219 anima.

861 1254 1168 1317 Praeterea
1196 1256 1249 1317 si
1280 1264 1619 1338 quaeratur,
1653 1256 1973 1337 quomodo
2001 1263 2146 1338 post
2174 1254 2280 1317 ab·

784 1351 1164 1415 solutionem
1233 1354 1576 1417 sacerdotis
1642 1362 1930 1416 remanet
1987 1354 2276 1416 debitum

783 1469 988 1532 poenae
1030 1451 1435 1533 temporalis3
1466 1452 1833 1526 dicendum,
1867 1454 2037 1534 quod
2078 1452 2277 1533 aliqui

782 1557 1133 1631 posuerunt
1179 1551 1347 1631 quod
1406 1551 1699 1613 sacerdos
1748 1550 2135 1614 absolvendo
2187 1569 2279 1612 re-

785 1647 983 1709 mittit
1021 1666 1279 1729 poenam
1316 1656 1634 1712 aeternam.
1670 1648 1911 1722 Quibus
1948 1647 2275 1729 objicitur,

782 1746 933 1827 quia
981 1765 1183 1828 quum
1232 1746 1422 1829 culpa
1471 1747 1536 1809 in
1584 1746 1964 1809 contritione
2014 1746 2280 1809 remissa

2385 769 2483 825 est
2520 762 2854 845 dispositio
2895 782 3022 845 qua
3063 769 3361 845 peccator
3397 761 3746 845 dispositus
3789 769 3894 824 est

2385 867 2450 922 et
2497 860 2727 942 dignus
2777 860 2984 943 poenis
3041 860 3266 923 mortis
3312 868 3582 924 aeternae.
3633 896 3713 905 —
3761 860 3891 922 Sed

2387 959 2585 1041 quaeri
2645 966 2874 1041 potest,
2926 965 3142 1021 utrum
3201 959 3256 1021 si
3316 959 3666 1021 revelatum
3715 965 3894 1021 esset

2387 1056 2757 1132 confessori,
2811 1064 3004 1120 totam
3065 1076 3320 1140 poenam
3380 1057 3660 1140 peccatis
3706 1055 3892 1119 debi-

2387 1164 2516 1218 tam
2555 1175 2694 1219 esse
2734 1156 3072 1239 poenitenti
3122 1156 3478 1231 remissam,
3523 1156 3731 1219 adhuc
3777 1156 3892 1218 de-

2385 1254 2566 1317 beret
2595 1256 2654 1318 ei
2683 1254 2962 1337 aliquam
2995 1254 3492 1317 satisfactionem
3525 1254 3880 1336 injungere.

2389 1353 2464 1415 Et
2504 1353 2848 1416 dicendum
2897 1353 3065 1435 quod
3110 1353 3262 1427 imo,
3303 1352 3456 1435 quia
3496 1353 3596 1433 (ut
3632 1352 3884 1415 dictum
3915 1369 4254 1483 {53⁶3an

3917 1498 4012 1539 καὶ
4029 1495 4108 1538 ιν.

2387 1452 2510 1533 est)
2537 1450 2886 1514 satisfactio
2915 1451 3307 1533 poenitentiae
3335 1458 3432 1515 est
3469 1458 3886 1533 peccatorum

2387 1567 2610 1611 causas
2647 1549 2962 1624 excidere,
3003 1557 3068 1611 et
3104 1568 3327 1612 eorum
3365 1549 3886 1631 suggestionibus

2386 1648 2630 1709 aditum
2683 1665 2812 1710 non
2860 1647 3145 1730 praebere
3196 1666 3210 1711 ε
3262 1646 3406 1711 ideo
3453 1647 3518 1709 in
3567 1647 3892 1710 cautelam

2389 1752 2609 1809 contra
2646 1745 2861 1807 futura
2899 1753 3160 1828 peccata
3193 1754 3360 1808 esset
3395 1744 3542 1808 talis
3573 1746 3894 1828 poeniten-

782 1842 1000 1919 fuerit,
1032 1862 1185 1925 ergo
1216 1862 1332 1927 pro
1362 1844 1577 1927 aliquo
1605 1851 1916 1926 tempore,
1942 1844 2276 1919 contritus,
2307 1841 2355 1905 B
2389 1844 2476 1904 tia
2507 1842 2916 1923 injungenda.
2931 1842 3174 1926 Nempe
3205 1842 3580 1925 poenitentia
3609 1844 3728 1906 ista
3759 1861 3896 1907 non

783 1941 909 2004 fuit
946 1943 1085 2005 sine
1130 1941 1321 2026 culpa
1361 1943 1592 2023 dignus
1636 1950 1871 2007 aeterna
1914 1961 2120 2025 poena.
2155 1942 2278 2005 Alii

784 2039 1103 2115 dixerunt,
1137 2041 1307 2122 quod
1351 2048 1703 2103 commutat
1748 2058 2001 2123 poenam
2052 2059 2280 2123 purga·

785 2137 932 2201 torii
980 2138 1044 2200 in
1090 2156 1343 2220 poenam
1384 2138 1690 2220 temporis
1727 2138 1940 2219 hujus.
1976 2138 2098 2201 Sed
2138 2156 2282 2201 con-

786 2243 902 2311 tra,
922 2254 1051 2300 non
1080 2236 1273 2299 habet
1300 2243 1677 2318 potestatem
1709 2254 1903 2318 super
1931 2236 2281 2318 purgatorii

784 2334 1233 2421 poenam,quia
1258 2351 1391 2398 non
1416 2333 1606 2396 habet
1636 2341 2009 2416 potestatem
2043 2334 2282 2415 ligandi

784 2443 849 2498 et
888 2433 1175 2497 solvendi
1214 2432 1339 2495 nisi
1385 2451 1579 2514 super
1614 2440 1866 2495 terram.
1901 2432 2024 2495 Alii
2058 2431 2285 2494 dicunt

786 2531 1233 2606 communiter,
1267 2531 1437 2613 quod
1482 2531 1741 2593 remittit
1784 2538 2029 2613 partem
2077 2550 2283 2614 poenae

786 2630 1221 2695 satisfactoriae
1251 2630 1481 2693 debitae
1511 2629 1719 2713 culpis
1750 2630 2043 2704 confessi,
2058 2648 2282 2692 secun-

785 2733 939 2794 dum
981 2729 1476 2813 proportionem.
1514 2729 1762 2803 Contra,
1796 2728 2115 2811 poenitens
2153 2747 2283 2791 me·

786 2828 915 2891 ruit
954 2827 1077 2890 sibi
1125 2826 1389 2900 remitti,
1422 2826 1589 2889 sicut
1634 2825 1943 2907 suffragia
1984 2826 2284 2889 Ecclesiae

786 2934 1056 3009 prosunt
1094 2924 1417 2988 defunctis
1456 2924 1510 2987 si
1548 2924 1712 2987 fiant
1752 2942 1869 3007 pro
1910 2924 2025 2998 eis,
2057 2943 2285 2987 secun-

2389 1949 2485 2004 est
2514 1941 2720 2003 solum
2761 1940 3106 2004 satisfactio
3140 1959 3255 2024 pro
3296 1942 3572 2023 peccatis
3609 1942 3899 2024 praeteri-

2389 2038 2494 2112 tis,
2529 2038 2638 2100 sed
2670 2038 2863 2101 etiam
2903 2038 3262 2101 remedium
3293 2047 3358 2101 et
3394 2038 3640 2103 cautela
3670 2045 3902 2102 contra

2392 2143 2652 2218 peccata
2698 2135 2930 2198 futura.
2966 2136 3109 2200 Haec
3148 2136 3517 2200 Richardus.

2473 2236 2540 2299 In
2589 2234 2691 2297 his
2734 2236 3024 2298 doctores
3068 2234 3495 2299 communiter
3541 2235 3694 2298 satis
3741 2254 3901 2299 con-

2393 2332 2673 2395 cordant.
2712 2333 2788 2395 Et
2817 2352 3011 2415 super
3039 2334 3140 2396 his
3171 2334 3428 2416 copiose
3465 2333 3690 2397 scribit
3717 2333 3903 2397 Guil-

2395 2432 2626 2495 lelmus
2655 2432 3042 2507 ParisiensiS,
3057 2432 3332 2515 qualiter
3359 2440 3694 2515 peccatum
3724 2440 3906 2496 recte

2393 2537 2656 2593 vocetur
2693 2531 2962 2605 macula,
2993 2530 3384 2606 deformitaS,
3416 2530 3680 2595 tenebra
3719 2550 3907 2594 men-

2394 2636 2526 2691 tem
2569 2637 2845 2691 creatam
2891 2628 3278 2704 deformans,
3312 2629 3580 2703 foedans,
3613 2647 3902 2694 comma-

2396 2728 2640 2803 culanS,
2696 2728 2782 2790 ita
2839 2727 3009 2810 quod
3069 2727 3288 2790 lumen
3347 2727 3634 2789 naturale
3691 2727 3756 2789 in
3817 2746 3904 2789 ea

2395 2826 2786 2901 obfuscatur,
2830 2825 3046 2887 lumen
3093 2825 3311 2906 gratiae
3355 2824 3784 2906 exstinguitur
3829 2834 3905 2889 et

2394 2924 2703 2999 aufertur,
2737 2942 2812 2986 ac
2857 2924 3098 2986 lumine
3141 2923 3378 3005 gloriae,
3417 2923 3540 2986 nisi
3583 2924 3904 3006 poeniteat

784 3027 940 3089 dum
998 3024 1168 3107 quod
1226 3041 1301 3085 ea
1358 3022 1482 3085 sibi
1543 3030 1915 3086 meruerunt
1959 3023 2278 3104 prodesse.
2316 3029 2360 3092 C
2396 3042 2566 3098 vere,
2601 3023 2667 3085 in
2706 3030 3011 3086 aeternum
3058 3022 3364 3104 privatur.

784 3123 931 3187 Haec
960 3131 1171 3186 autem
1203 3121 1497 3186 remissio
1526 3121 1604 3185 fit
1632 3122 1868 3184 virtute
1897 3120 2191 3196 clavium,
2206 3122 2284 3184 de

789 3222 1085 3286 thesauro
1116 3220 1561 3302 Ecclesiae,qui
1594 3220 1881 3283 clavibus
1912 3219 2150 3283 subest.
2165 3220 2285 3294 Qui

787 3320 1124 3383 thesaurus
1162 3319 1512 3400 integratur
1550 3337 1629 3382 ex
1671 3318 1898 3380 tribuS.
1944 3319 2173 3392 Primo,
2207 3337 2284 3380 ex

789 3417 1034 3481 meritis
1078 3415 1231 3480 fidei
1272 3423 1337 3479 et
1376 3416 1655 3479 caritatis
1696 3415 1892 3479 totius
1935 3415 2234 3479 Ecclesiae
2267 3434 2282 3479 ε

762 3516 956 3579 unde
1004 3515 1231 3578 asserit
1279 3514 1693 3597 AugustinuS,
1747 3514 1916 3596 quod
1966 3514 2285 3597 poenitens

789 3613 1014 3696 nequit
1060 3613 1267 3676 curari
1327 3612 1452 3675 nisi
1513 3619 1828 3675 sustentet
1874 3630 2023 3674 eum
2073 3612 2286 3674 unitas

764 3711 1106 3776 Ecclesiae.
1143 3711 1455 3786 Secundo,
1488 3730 1566 3774 ex
1611 3711 1839 3778 merito
1880 3728 2288 3793 supereroga-

788 3810 981 3873 tionis
1039 3808 1467 3892 perfectorum
1516 3809 1800 3871 virorum
1861 3809 1925 3870 in
1976 3807 2282 3882 Ecclesia,

787 3905 1035 3970 scilicet
1067 3914 1416 3989 martyrum
1456 3913 1521 3968 et
1557 3904 2014 3968 innocentium.
2050 3905 2281 3980 Tei-tic,

788 4024 865 4068 ex
906 4002 1450 4086 superabundanti
1492 4004 1720 4065 merito
1757 4003 2072 4085 passionis
2108 4005 2284 4068 Chri-

767 4103 867 4165 -sti
907 4110 969 4165 et
1008 4102 1202 4165 totius
1240 4102 1739 4164 conversationis
1776 4120 1906 4165 suae
1948 4101 2013 4163 in
2050 4103 2283 4166 saeculo

2815 3341 3286 3417 QUAESTIO
3344 3342 3467 3405 III

2522 3618 2799 3680 Raeterea
2828 3617 3154 3699 quaeritur,
3185 3618 3315 3684 An
3343 3617 3705 3698 potestas
3731 3618 3897 3685 cla-

2547 3713 2778 3781 vium
2818 3731 2902 3782 se
2941 3717 3318 3783 extendat
3350 3716 3451 3783 ad
3488 3715 3896 3783 remissio-

2395 3828 2577 3879 nem
2615 3813 2869 3894 culpae
2903 3828 2994 3880 ac
3033 3827 3286 3895 poenae
3323 3815 3565 3880 ettam
3601 3817 3898 3896 sempi-

2393 3914 2640 3979 ternae
2654 3931 2674 3992 ;
2690 3914 2774 3978 et
2798 3914 3070 3980 utrum
3100 3913 3470 3981 sacerdos
3495 3915 3894 3993 potestate

2393 4009 2746 4078 clavium
2788 4012 2910 4077 uti
2951 4011 3207 4092 possit
3243 4012 3343 4078 ad
3388 4011 3800 4092 placitum.

2472 4108 2735 4170 Videtur
2777 4109 2944 4191 quod
2993 4115 3268 4190 potestas
3317 4109 3436 4171 ista
3483 4128 3890 4193 nequaquam

772 4201 929 4274 isto,
961 4201 1131 4283 quod
1170 4218 1489 4262 annexum
1531 4207 1627 4262 est
1664 4199 1887 4262 virtuti
1924 4218 2280 4264 sacramen·
2311 4209 2361 4270 D
2392 4207 2689 4269 extendat
2730 4226 2798 4270 se
2844 4207 2923 4269 ad
2972 4207 3176 4289 culpae
3224 4208 3691 4282 remissionem,
3735 4228 3892 4292 quo·

785 4307 1019 4372 torum,
1053 4315 1328 4381 quorum
1373 4296 1801 4360 ministerium
1845 4296 2081 4360 habent
2124 4318 2280 4380 prae-
2390 4305 2564 4368 niam
2620 4306 2748 4368 Deo
2807 4305 3138 4388 proprium
3196 4305 3568 4388 perhibetur
3623 4317 3886 4389 peccata
3913 4333 4096 4389 cnam
4113 4347 4216 4384 nu.

788 4396 918 4459 lati·
951 4431 1031 4442 -
1060 4396 1203 4458 HOEO
1244 4396 1483 4458 Petrus·
2390 4404 2730 4465 dimittere.
2781 4440 2861 4449 —
2915 4405 2985 4466 In
3042 4411 3216 4466 textu
3273 4422 3530 4487 quoque
3585 4399 4083 4484 habetur,‘¹·¹·²·

867 4493 1217 4558 Concordat
1244 4493 1615 4568 Richardus,
1648 4493 2280 4559 dicendo:Sacerdos
2391 4501 2557 4583 quod
2605 4501 2771 4564 Deus
2814 4502 2938 4564 sibi
2983 4502 3102 4565 soli
3144 4503 3266 4566 hoc
3315 4504 3683 4578 reservavit,
3717 4505 3888 4568 sicut

754 4601 1095 4678 potestate
1134 4594 1410 4656 clavium
1451 4601 1661 4677 potest
1688 4594 2023 4677 poenitenti
2062 4596 2279 4658 remit·
2389 4606 2454 4662 et
2500 4600 2767 4681 gratiam
2816 4600 2988 4675 dare,
3032 4600 3370 4665 infundere
3419 4610 3484 4664 et
3525 4621 3760 4666 creare.
3805 4639 3890 4650 —-

784 4702 919 4757 tere
948 4694 1229 4777 aliquam
1260 4700 1506 4776 partem
1537 4710 1742 4775 poenae
1773 4694 2144 4775 temporalis
2174 4694 2278 4756 de·
2389 4698 2568 4761 Nunc
2602 4716 2856 4780 quoque
2887 4699 3218 4762 inductum
3249 4707 3366 4775 est,
3389 4701 3557 4783 quod
3589 4704 3888 4766 sacerdos

783 4792 932 4857 bitae
962 4791 1169 4873 culpis
1200 4790 1569 4873 ipsius,non
1598 4798 1845 4853 tantum
1879 4791 2053 4854 illius
2084 4813 2276 4876 quam

780 4891 839 4954 ei
872 4890 1152 4972 injunxit
1179 4895 1288 4951 aut
1317 4888 1652 4969 injungere
1683 4897 1917 4970 posset,
1951 4891 2061 4952 sed
2102 4892 2276 4954 illius

780 5007 1036 5073 quoque
1079 5007 1220 5071 quae
1264 4986 1331 5050 in
1376 4987 1740 5069 purgatorio
1783 4995 1880 5050 est
1923 4989 2272 5071 explenda3

776 5097 969 5170 atque
1007 5087 1086 5150 de
1123 5086 1329 5170 poenis
1369 5085 1554 5149 istius
1594 5093 1804 5169 potest
1836 5086 1981 5169 plus
2019 5095 2129 5149 aut
2161 5088 2275 5149 mi·

778 5206 899 5248 nus
948 5183 1293 5258 remittere,
1334 5185 1689 5247 secundum
1732 5187 1902 5268 quod
1952 5188 2270 5270 poenitens

2389 4813 2514 4859 non
2545 4796 2811 4859 dimittit
2839 4797 3092 4890 culpam
3124 4817 3243 4860 nec
3273 4817 3528 4880 poenam
3558 4808 3884 4876 aeternam,

2387 4895 2496 4956 sed
2539 4895 2866 4957 dumtaxat
2907 4895 3150 4978 aliquid
3196 4914 3398 4978 poenae
3441 4898 3833 4980 temporalis.

2465 4994 2532 5054 In
2582 4993 2948 5076 oppositum
2997 5002 3115 5068 est,
3166 4995 3335 5077 quod
3385 4996 3670 5059 Christus
3719 4997 3888 5061 dixit

2384 5091 2718 5173 discipulis
2768 5108 2782 5153 :
2833 5091 3112 5165 Quorum
3170 5093 3547 5156 remiseritis
3594 5105 3880 5177 peccata,
3925 5121 4197 5172 aman,

2383 5189 2796 5252 remittuntur
2841 5189 2957 5263 eiS,
3001 5198 3119 5253 etc.
3154 5227 3234 5236 —
3273 5191 3677 5257 confessores
3725 5213 3884 5276 qno·
3911 5189 3982 5230 ²³·

776 5285 853 5348 ad
902 5282 1269 5364 hujusmodi
1320 5282 1762 5347 remissionem
1813 5287 2013 5368 magis
2061 5286 2270 5370 dispo-
2381 5289 2602 5370 quein
2636 5288 2838 5351 forma
2868 5288 3286 5354 absolutionis
3315 5291 3773 5373 pronuntiant:
3805 5293 3882 5356 Et
