4267 6250
835 472 916 539 24
1651 491 1846 539 'nrum
1889 490 2001 538 SEU
2039 490 2314 539 RUBRICAE
2353 491 2514 539 unm
2554 492 2617 538 lv
2658 491 3123 541 summmnuu

926 667 1164 733 Utrum
1193 668 1576 752 Baptismus
1601 669 1713 751 sit,
1735 685 1944 752 quum
1972 667 2171 733 verba
2196 684 2339 731 cor·
2362 663 2415 726 A
2531 669 2631 733 De
2678 669 3089 735 confessione
3131 670 3533 753 Berengarii.

837 778 1029 859 rupte
1074 777 1516 860 proferuntur.
2532 777 2709 850 Quid
2742 777 2876 841 111ae
2913 780 3131 860 partes
3177 779 3567 861 significent.

930 885 1030 949 De
1066 885 1182 949 illo
1221 887 1336 968 qui
1382 903 1500 968 pro
1537 885 1694 950 ludo
1732 886 2169 967 immergitur.
2532 884 2604 949 Si
2642 885 2942 950 Christus
2971 886 3354 950 immolatur
3389 887 3459 949 in
3496 887 3685 950 altari
3722 887 3940 968 quoti-

929 993 1030 1056 De
1073 993 1497 1074 responsione
1541 993 1974 1073 patrinorum.
2442 993 2573 1074 die,
2613 994 2680 1057 et
2715 1011 2799 1058 an
2842 994 2933 1057 sit
2976 994 3369 1058 sacrificium
3416 995 3596 1075 quod
3638 1011 3677 1057 a
3722 1010 3938 1059 sacer-

927 1101 1028 1164 De
1071 1100 1470 1164 catechismo
1514 1101 1582 1164 et
1627 1100 2017 1164 exorcismo.
2442 1101 2594 1165 dote
2639 1102 2909 1183 geritur.

924 1207 1298 1270 D1s'rmc'r10
1355 1206 1506 1271 VH.
1555 1206 1654 1271 De
1705 1207 2110 1271 sacramento
2162 1206 2334 1271 Con·
2530 1209 2629 1273 De
2675 1226 2872 1286 causa
2916 1209 3373 1273 institutionis.

832 1313 1248 1393 firmationis,
1292 1316 1470 1396 quod
1497 1333 1631 1380 non
1669 1315 1800 1379 nisi
1836 1331 1876 1377 a
1911 1315 2194 1378 summis
2220 1331 2331 1378 sa·
2529 1316 2903 1379 Dlsmcno
2950 1316 3137 1379 XIII.
3179 1315 3251 1380 Si
3295 1316 3422 1379 hoc
3457 1315 3939 1380 sacramentum

835 1421 1208 1486 cerdotihus
1253 1423 1422 1485 tradi
1469 1423 1710 1504 potest.
2440 1417 2822 1486 conficiatur
2858 1423 2941 1486 ab
2980 1423 3308 1488 haereticis
3336 1423 3440 1487 vel
3482 1421 3941 1488 excommuni-

924 1528 1088 1602 Quae
1133 1527 1221 1592 sit
1266 1529 1479 1593 virtus
1524 1530 1726 1611 hujus
1769 1528 2185 1593 sacramenti.
2441 1529 2626 1593 catis.

919 1637 1153 1700 Utrum
1213 1637 1339 1701 hoc
1395 1638 1876 1702 sacramentum
1931 1636 2198 1720 dignius
2243 1636 2333 1701 sit
2528 1637 2705 1712 Quid
2742 1637 2938 1702 faciat
2962 1637 3371 1719 haereticum,
3403 1641 3467 1702 et
3493 1637 3653 1719 quid
3680 1637 3769 1700 sit
3796 1637 3943 1701 hae-

829 1742 1195 1825 BaptismO.
2441 1744 2706 1808 reticuS.

919 1850 1161 1915 Utrum
1205 1852 1416 1934 possit
1461 1851 1704 1916 iterari.
2366 1849 2413 1912 B
2532 1854 2906 1916 D1s'r1Nc'r10
2944 1852 3129 1918 XIV.
3169 1853 3269 1918 De
3304 1852 3720 1917 Poenitentia.

922 1959 1297 2025 strmcmo
1320 1959 1504 2023 VHI.
1519 1959 1620 2024 De
1643 1959 2061 2025 Sacramento
2080 1959 2324 2023 altariS.
2532 1960 2721 2024 Unde
2766 1961 3007 2024 dicitur
3049 1961 3456 2042 poenitentia.

924 2066 1119 2141 Quod
1164 2067 1368 2149 hujus
1412 2067 1801 2131 sacramenti
1845 2067 1915 2130 in
1956 2067 2163 2131 veteri
2202 2068 2333 2132 Te-
2533 2067 2709 2142 Quid
2752 2069 2842 2132 sit
2886 2068 3290 2149 poenitentia.

839 2176 1165 2239 stamento
1213 2169 1422 2256 figura
1474 2174 1832 2256 praecessit,
1873 2174 2046 2238 sieut
2099 2176 2166 2238 et
2213 2174 2337 2239 Ba·
2535 2175 2711 2248 Quid
2756 2175 2845 2238 sit
2888 2175 3226 2256 poenitere.

837 2282 1090 2364 ptismi.
2534 2277 2633 2344 De
2678 2280 2935 2344 solenni
2980 2283 3047 2345 et
3090 2282 3286 2345 unica
3330 2281 3735 2363 poenitentia.

924 2390 1025 2454 De
1068 2390 1481 2454 institutione
1526 2389 1729 2471 huJus
1775 2391 2190 2456 sacramenti.
2540 2385 2733 2460 Quod
2794 2389 3060 2470 peccata
3121 2405 3297 2471 saepe
3352 2389 3777 2453 dimittuntur
3830 2405 3949 2470 per

927 2496 1027 2560 De
1073 2497 1308 2561 forma.
2449 2494 2925 2574 poenitentiam.

928 2605 1145 2680 Quare
1182 2605 1482 2670 Christus
1521 2605 1672 2685 post
1716 2605 1923 2669 alium
1965 2605 2187 2670 cibum
2225 2607 2338 2672 de-
2538 2601 2909 2666 DISTINCHO
2936 2602 3086 2666 XV·
3112 2605 3304 2678 Quod
3331 2603 3633 2686 Pluribus
3660 2603 3954 2666 irretitus

841 2712 940 2776 dit
987 2713 1113 2776 hoc
1163 2712 1646 2776 sacramentum
1691 2711 2056 2794 discipulis.
2451 2710 2759 2791 peccatis,
2791 2727 2924 2773 non
2972 2713 3190 2792 potest
3237 2729 3388 2775 vere
3433 2712 3515 2775 de
3560 2728 3694 2775 uno
3740 2711 3956 2792 poeni-

932 2819 1031 2883 De
1068 2819 1475 2882 sacramento
1523 2821 1589 2882 et
1633 2836 1724 2883 re.
2452 2817 2612 2897 tere,
2660 2817 2791 2881 nisi
2838 2818 2918 2882 de
2967 2817 3275 2883 omnibus
3319 2820 3655 2901 poeniteat.

932 2927 1126 3001 Quod
1169 2944 1274 2990 res
1320 2927 1710 2990 sacramenti
1756 2926 2000 3009 duplex
2045 2929 2165 2992 est.
2543 2924 2800 2997 Quibus
2836 2925 2917 2989 de
2954 2927 3171 2990 causis
3200 2926 3591 3007 contingunt
3624 2925 3906 3008 flagella.

932 3035 1306 3098 D1s‘rmcr10
1335 3032 1455 3097 IX.
1497 3033 1596 3097 De
1641 3033 1900 3098 duobus
1941 3035 2344 3100 manducan·
2374 3035 2418 3100 G
2542 3031 2641 3095 De
2677 3032 3014 3114 AEgyptiis
3051 3035 3117 3097 et
3151 3033 3537 3114 Sodomitis,
3570 3033 3685 3116 qui
3712 3033 3952 3096 dicun-

843 3144 914 3207 di
959 3143 1198 3208 modis.
2453 3140 2564 3203 tur
2606 3140 3054 3222 temporaliter
3098 3142 3337 3224 puniti,
3377 3160 3460 3206 ne
3506 3142 3575 3206 in
3630 3142 3953 3207 aeternum

931 3251 1032 3315 De
1059 3267 1276 3315 errore
1303 3248 1572 3314 illorum
1609 3251 1726 3332 qui
1752 3250 1980 3314 dicunt
2003 3250 2343 3315 Christum
2452 3248 2761 3330 perirent.

843 3359 1104 3422 tantum
1140 3374 1180 3420 a
1223 3356 1415 3421 bonis
1461 3357 1662 3421 sumi.
2542 3353 2641 3418 De
2683 3356 3033 3437 generibus
3078 3356 3536 3438 eleemosynae.

933 3466 1032 3530 De
1061 3463 1494 3545 intelligentia
1519 3463 1956 3545 quorumdam
1990 3464 2344 3530 verborum
2543 3462 2718 3536 Quid
2763 3464 2852 3527 sit
2896 3464 3333 3545 eleemosyna.

845 3573 1332 3656 ambiguorum.
2544 3572 2785 3635 Utrum
2816 3572 2885 3634 in
2916 3572 3177 3635 mortali
3203 3573 3469 3654 peccato
3497 3574 3957 3653 permanentes

933 3681 1308 3745 D1srmcr10
1351 3678 1443 3743 X.
1489 3678 1588 3742 De
1637 3678 1872 3743 haeresi
1921 3679 2191 3745 illorum
2229 3682 2345 3764 qui
2458 3680 2524 3743 et
2559 3679 2773 3762 largas
2814 3678 3265 3761 eleemosynas
3311 3679 3648 3760 facienteS‚
3680 3677 3959 3744 debeant

846 3789 1076 3854 dicunt
1112 3804 1350 3869 corpus
1386 3786 1631 3850 Christi
1671 3804 1804 3850 non
1843 3805 1984 3852 esse
2033 3788 2104 3851 in
2156 3789 2345 3853 altari
2458 3787 2589 3850 dici
2634 3787 3032 3852 satisfacere.

847 3897 978 3961 nisi
1015 3896 1086 3958 in
1119 3896 1330 3977 figura
1365 3894 1470 3959 vel
1515 3894 1585 3958 in
1627 3894 1840 3975 signo.
2548 3894 2787 3957 Utrum
2841 3893 3015 3957 bona
3063 3910 3212 3975 quae
3268 3893 3437 3959 fiunt
3488 3891 3572 3957 ab
3625 3891 3960 3974 aliquibus

934 4004 1035 4068 De
1075 4002 1466 4067 Sanctorum
1493 4000 1894 4065 testimoniis
1920 4001 2164 4082 quibus
2191 4021 2348 4085 pro-
2460 4000 2678 4080 maliS‚
2728 4001 2989 4065 valeant
3024 4003 3107 4065 ad
3163 4002 3474 4066 meritum
3520 4000 3700 4081 vitae,
3744 4016 3957 4081 quum

848 4110 1042 4175 batur
1067 4124 1297 4173 verum
1322 4124 1561 4189 corpus
1588 4106 1834 4171 Christi
1861 4125 2004 4172 esse
2031 4109 2102 4172 in
2131 4109 2343 4174 altari.
2462 4106 2707 4171 fuerint
2752 4108 3050 4172 conversi
3097 4108 3179 4171 ad
3222 4108 3493 4173 bonum.

937 4217 1311 4281 Drsmcmo
1339 4214 1461 4278 XI.
1503 4216 1602 4279 De
1639 4215 1836 4279 modo
1877 4216 2345 4281 conversionis.
2379 4216 2430 4281 D
2548 4216 2923 4279 strmcmo
2971 4215 3155 4279 XVI.
3198 4216 3295 4279 De
3350 4217 3560 4280 trihus
3612 4216 3683 4280 in
3728 4214 3957 4279 Poeni-

941 4322 1289 4398 Quomodo
1318 4322 1560 4386 dicitur
1586 4338 1824 4405 corpus
1845 4322 2090 4389 Christi
2118 4326 2351 4389 confici
2460 4322 2665 4386 tentia
2701 4322 3211 4403 considerandis,
3234 4323 3485 4386 scilicet
3508 4323 3961 4406 compunctio-

851 4434 932 4498 de
979 4431 1348 4497 substantia
1391 4430 1602 4512 paniS.
2457 4448 2564 4510 ne,
2614 4428 3047 4509 confessione,
3096 4432 3162 4494 et
3205 4431 3670 4494 satisfactione.

941 4540 1157 4614 Quare
1199 4536 1324 4602 sub
1371 4536 1501 4600 alia
1543 4537 1760 4619 specie
1805 4526 2127 4602 sumatur.
2549 4537 2713 4612 Quae
2758 4538 2848 4601 sit
2892 4554 3047 4602 vera
3090 4536 3475 4601 satisfactio.

940 4648 1156 4722 Quare
1203 4644 1328 4710 sub
1372 4645 1622 4727 duplici
1665 4645 1906 4726 specie.
2550 4645 2711 4719 Quae
2759 4644 2849 4709 sit
2892 4644 3252 4709 satisfactio
3300 4644 3486 4707 falsa.

939 4756 1156 4831 Quare
1203 4770 1374 4835 aqua
1417 4752 1772 4817 misceatur
1816 4752 1996 4818 vino.
2548 4754 2647 4816 De
2692 4753 2905 4817 trihus
2944 4752 3313 4817 actionibus
3356 4752 3793 4819 Poenitentiae.

851 4902 860 4911 ·
937 4862 1146 4939 Quale
1183 4877 1423 4943 corpus
1459 4858 1638 4924 dedit
1667 4859 1968 4926 Christus
2004 4861 2350 4945 discipulis
2547 4861 2647 4925 De
2706 4859 3130 4924 multitudine
3177 4859 3563 4939 venialium,
3614 4878 3763 4942 quae
3808 4879 3959 4945 gra-

848 4972 918 5037 in
943 4971 1184 5036 Coena.
2458 4970 2616 5031 vant
2660 4970 2736 5031 ut
2781 4985 2989 5032 unum
3035 4967 3278 5049 grande
3322 4968 3688 5049 peccatum.

935 5079 1312 5143 D1sr1Ncr1o
1341 5074 1498 5139 XII.
1517 5073 1647 5138 Ubi
1675 5074 1789 5137 illa
1815 5073 2178 5140 accidentia
2204 5076 2349 5141 fun·
2545 5076 2645 5139 De
2690 5074 3135 5139 satisfactione
3172 5074 3554 5139 venialium.

847 5187 1108 5250 dentur.
2544 5184 2918 5247 Drsrmcmo
2960 5181 3176 5247 XVII.
3219 5183 3457 5247 Utrum
3506 5184 3649 5248 sine
3698 5183 3961 5248 confes-

940 5292 1040 5357 De
1078 5290 1394 5356 fractione
1441 5291 1506 5355 et
1548 5289 1867 5374 partibus.
2456 5292 2641 5356 sione
2688 5292 3105 5355 dimittantur
3150 5293 3437 5374 peccata.
