4267 6250
569 1252 587 1296 1
613 1251 716 1296 Cor.
733 1265 820 1304 nu,

555 1318 623 1359 ¹0.

559 4796 699 4841 Hebr.
725 4808 767 4849 x,
787 4800 824 4841 l.

843 462 922 528 72

840 653 1023 735 justi,
1056 673 1198 736 quae
1228 652 1432 734 major
1461 659 1558 714 est
1585 657 1717 714 toto
1747 651 1986 713 mundo
2024 648 2338 724 sensibili,
2369 649 2420 712 A
2448 647 2741 712 Hebroeos
2786 647 3052 731 loquens
3086 667 3100 712 :
3137 649 3519 732 Reprobatio
3558 650 3823 734 quidem
3867 648 3947 712 fit
4011 663 4224 716 nobam,

845 751 1151 833 dignitate
1201 759 1264 814 et
1313 755 1638 832 potestate.
1675 783 1756 794 -
1792 748 1936 810 Haec
1984 746 2340 810 Antisiodo-

845 849 1070 911 rensis.
1121 849 1238 923 Qui
1297 849 1467 910 circa
1523 848 1658 911 haec
1716 845 1918 908 multa
1969 843 2339 917 conscribit,

847 965 989 1028 quae
1022 947 1295 1021 dimitto,
1329 945 1632 1028 quoniam
1669 942 1835 1006 infra
1867 961 1946 1006 ex
1975 941 2342 1005 doctoribus

845 1044 988 1106 aliis
1031 1045 1264 1108 clarius
1308 1044 1709 1106 inducentur.

913 1143 1177 1225 Insuper
1201 1143 1472 1206 Thomas
1501 1141 1580 1203 de
1611 1159 1802 1202 causa
1831 1138 2203 1202 cessationis
2231 1137 2347 1199 cir-

847 1241 1260 1303 cumcisionis
1289 1239 1592 1302 disseruit
1619 1255 1633 1300 :
1662 1238 1866 1311 Quum
1897 1236 2147 1298 venerit
2172 1235 2343 1317 quod

846 1339 1205 1422 perfectum
1235 1346 1352 1412 est,
1367 1336 1656 1400 evacuari
1690 1335 1880 1398 debet
1907 1335 2073 1417 quod
2103 1353 2181 1396 ex
2212 1352 2347 1416 par·

843 1446 906 1501 te
948 1445 1065 1512 est,
1098 1437 1152 1500 si
1191 1438 1267 1500 ad
1313 1437 1480 1500 idem
1525 1435 1855 1498 ordinetur
1896 1454 1910 1498 t
1953 1433 2104 1515 quia
2144 1432 2345 1515 gratia

843 1555 972 1600 non
1018 1537 1171 1600 facit
1213 1555 1328 1618 per
1366 1536 1492 1597 duo
1531 1533 1699 1615 quod
1741 1551 1857 1626 per
1893 1551 2093 1594 unum
2132 1531 2343 1594 facere

845 1644 1053 1719 potest
1082 1654 1262 1717 aeque
1292 1634 1475 1707 bene,
1509 1631 2050 1716 quemadmodum
2085 1648 2205 1692 nec
2234 1649 2343 1692 na-

842 1741 1005 1808 tura,
1033 1734 1216 1816 juxta
1258 1731 1732 1813 Philosophum.
1779 1729 2197 1793 Circumcisio
2237 1747 2344 1789 au-

1485 481 1552 529 m
1589 481 1813 529 mmm!
1853 482 1915 528 lv
1957 477 2442 527 summumst.
2481 497 2563 507 -
2602 479 2756 526 DIST.
2798 479 2862 542 13
2905 480 3130 536 Qufflsr.
3172 481 3283 527 vm

2448 746 2678 828 prioris
2708 747 2981 809 mandati
3014 756 3269 831 propter
3290 747 3727 811 infirmitatem
3752 755 3818 811 et
3846 747 3946 809 in·

2450 845 2810 909 utilitatem.
2846 846 3054 909 Tertia
3098 866 3288 910 causa
3330 846 3605 910 sumitur
3646 865 3725 910 ex
3768 853 3949 929 parte

2450 962 2673 1007 eorum
2713 944 2947 1026 quibus
2990 945 3089 1008 lex
3129 946 3273 1007 data
3309 953 3427 1020 est,
3457 946 3571 1028 qui
3612 953 3797 1008 erant
3832 963 3949 1027 pu-

2451 1041 2579 1105 silli
2613 1059 2627 1104 :
2662 1042 2805 1105 ideo
2846 1051 3026 1104 erant
3069 1041 3375 1124 paulatim
3414 1061 3451 1104 a
3491 1042 3761 1124 pristina
3800 1058 3953 1103 con-

2452 1139 2779 1203 suetudine
2811 1139 3173 1204 idololatrian
3202 1140 3706 1215 abstrahendi,ut
3735 1139 3829 1201 sic
3858 1139 3954 1201 eis

2453 1239 2903 1301 concederetur
2930 1239 3152 1302 eadem
3185 1239 3313 1302 Deo
3342 1237 3578 1301 offerre
3608 1257 3745 1321 quae
3776 1238 3953 1319 prius

2452 1336 2813 1400 obtulerant
2864 1345 2975 1399 aut
3018 1336 3239 1401 offerri
3284 1336 3575 1400 viderant
3622 1335 3832 1409 idolis,
3880 1343 3955 1397 ut

2449 1434 2651 1499 Rabbi
2700 1437 2941 1519 Moyses
2982 1443 3267 1498 testatur.
3321 1434 3729 1498 Postmodum
3772 1451 3949 1508 vero,

2451 1534 2706 1616 quando
2741 1533 2818 1596 ad
2861 1533 3208 1616 perfectam
3254 1533 3511 1595 devenit
3556 1539 3803 1595 aetatem
3846 1550 3953 1613 ge-

2451 1652 2573 1695 nus
2611 1632 2987 1704 humanum,
3022 1631 3244 1694 debuit
3274 1630 3355 1693 ab
3388 1630 3489 1694 his
3524 1630 3951 1694 observantiis

2452 1731 2725 1793 liberum
2776 1749 2935 1793 esse.
2978 1731 3149 1793 Hanc
3192 1729 3502 1792 rationem
3544 1729 3747 1810 tangit
3785 1731 3951 1811 Apo·

843 1841 976 1896 tem
1044 1831 1420 1914 imperfecta
1482 1829 1604 1892 fuit
1673 1835 1968 1910 respectu
2030 1825 2339 1908 Baptismi
2374 1826 2421 1889 B
2450 1830 2649 1892 stolus
2690 1829 2769 1891 ad
2812 1829 3077 1892 Galatas,

843 1931 1201 2013 tripliciter.
1255 1929 1486 2003 Primo,
1533 1934 1842 2009 quantum
1891 1926 1968 1988 ad
2019 1924 2342 2006 significa-

845 2030 1088 2092 tionem
1131 2048 1145 2092 :
1197 2027 1348 2110 quia
1394 2043 1522 2088 non
1574 2025 1659 2087 ita
1707 2041 2005 2106 expresse
2054 2023 2339 2102 designa-

844 2128 940 2190 vit
983 2125 1501 2190 emundationem
1541 2122 1822 2186 hominis
1869 2122 2064 2185 totius
2101 2120 2183 2182 ab
2228 2121 2343 2182 im·

845 2224 1164 2288 munditia
1215 2222 1420 2304 culpae
1476 2219 1827 2300 originalis,
1879 2219 2047 2280 sicut
2097 2217 2341 2280 ablutio

845 2321 1264 2405 baptismalis.
1310 2319 1623 2393 Secund0,
1657 2325 1968 2400 quantum
2009 2317 2087 2379 ad
2125 2315 2343 2379 effica-

844 2421 1012 2484 ciam
1061 2438 1074 2482 :
1123 2418 1428 2501 quoniam
1477 2434 1606 2480 non
1654 2423 1784 2477 tam
1832 2413 2163 2477 abundans
2208 2403 2343 2495 gra-

842 2519 932 2583 tia
989 2518 1068 2582 ad
1123 2517 1604 2599 reprimendum
1662 2514 1951 2578 fomitem
2012 2521 2205 2594 atque
2262 2513 2342 2575 ad

844 2618 1010 2680 bene
1047 2617 1364 2697 agendum
1404 2614 1674 2677 dabatur
1713 2613 1780 2675 in
1827 2611 2340 2684 circumcisione,

844 2723 916 2778 ut
965 2715 1030 2777 in
1079 2715 1422 2797 Baptismo.
1472 2712 1702 2786 Terti0,
1746 2717 2056 2793 quantum
2103 2709 2183 2770 ad
2224 2709 2343 2770 uti-

846 2815 1089 2877 litatem
1133 2832 1148 2876 :
1189 2813 1342 2894 quia
1385 2810 1622 2873 utilitas
1663 2806 2172 2871 circumcisionis
2216 2824 2341 2869 non

843 2913 968 2976 fuit
1015 2911 1102 2973 ita
1148 2908 1508 2973 communis
1557 2908 1723 2970 sicut
1767 2905 2097 2989 Baptismi,
2142 2924 2342 2987 quum

2528 1928 2834 1990 Praeterca
2881 1925 3147 2009 quaestio
3192 1925 3271 1989 de
3318 1926 3725 1989 observantia
3780 1926 3949 2007 lega·

2450 2025 2632 2100 lium,
2667 2025 3017 2106 praesertim
3058 2025 3229 2087 circa
3266 2025 3597 2088 exordium
3642 2041 3822 2088 novae
3862 2024 3951 2086 le-

2449 2124 2568 2205 giS,
2619 2122 3069 2186 difficultatem
3128 2122 3390 2185 sortitur
3436 2141 3514 2184 ex
3561 2122 3949 2204 quibusdam

2450 2220 3004 2285 contrarietatibus
3062 2239 3205 2302 quae
3260 2239 3455 2303 super
3513 2220 3634 2283 hoc
3695 2220 3952 2282 inveni-

2450 2328 2647 2382 untur
2684 2327 2813 2381 tam
2862 2321 2926 2382 in
2973 2336 3214 2381 canone
3258 2318 3603 2402 Scripturas
3644 2338 3834 2402 quam
3883 2319 3953 2380 in

2450 2419 2638 2481 dictis
2696 2419 3092 2482 Sanctorum.
3151 2417 3478 2480 Interdum
3535 2435 3807 2500 namque
3869 2417 3957 2479 le-

2451 2524 2682 2598 guntur
2722 2515 3055 2579 observata
3106 2515 3333 2597 legalia
3373 2523 3661 2598 tempore
3707 2515 3951 2597 gratim,

2451 2615 2833 2698 quandoque
2870 2632 3022 2677 vero
3060 2613 3398 2697 prohibita.
3433 2614 3675 2696 Nempe
3708 2614 3789 2676 de
3828 2613 3955 2676 boc

2451 2712 2857 2776 beatissimus
2915 2713 3133 2776 Petrus
3192 2731 3231 2774 a
3289 2711 3481 2775 Paulo
3541 2719 3793 2774 notatus
3850 2712 3955 2773 vi-

2450 2812 2658 2885 detur,
2709 2820 2780 2873 nt
2824 2811 2903 2873 ad
2958 2810 3204 2874 Galatas
3253 2810 3654 2873 describitur.
3708 2810 3785 2872 Et
3828 2811 3957 2872 cir-

2453 2928 2526 2972 ca
2564 2908 2685 2973 hoc
2720 2909 3141 2992 Hieronymus
3177 2917 3243 2971 et
3270 2909 3663 2990 Augustinus
3701 2909 3959 2971 diversa

844 3008 1142 3073 habuerit
1171 3007 1663 3071 determinatum
1695 3005 2028 3087 populum,
2048 3003 2344 3066 determi-
2374 3008 2419 3072 C
2454 3007 2727 3070 sensisse
2793 3008 3109 3087 leguntur.
3174 3006 3341 3069 Dixit
3398 3025 3675 3089 namque
3731 3007 3955 3070 Hiero-

844 3116 1195 3190 natumque
1253 3125 1498 3181 sexum,
1550 3113 1614 3167 et
1663 3111 1916 3186 tempus
1965 3101 2343 3165 determina-

846 3217 1023 3286 tum3
1074 3205 1436 3289 Baptismus
1489 3210 1702 3265 autem
1751 3201 1998 3263 cunctis
2047 3199 2346 3281 gentibus

846 3303 1170 3387 competit.
1205 3302 1352 3365 Ideo
1392 3300 1614 3364 debuit
1641 3299 1964 3381 Baptismo
2001 3296 2347 3359 substituto

844 3423 920 3469 ac
961 3401 1320 3487 praedicato,
1356 3417 1621 3463 cessare.
1656 3432 1736 3442 —
1763 3398 2092 3459 AEternum
2131 3404 2345 3457 autem

846 3504 914 3566 in
953 3499 1299 3583 Scripturis
1337 3497 1703 3578 frequenter
1739 3494 2054 3577 accipitur
2091 3511 2208 3575 pro
2237 3493 2349 3554 du-

845 3601 1089 3664 ratione
1121 3615 1524 3681 quacumque
1564 3594 1750 3675 cujus
1790 3592 1942 3655 finis
1984 3592 2351 3654 indetermi-

848 3705 1034 3763 natus
1083 3703 1181 3761 est
1226 3694 1431 3759 nobis.
1475 3694 1551 3755 Et
1597 3692 1891 3774 quamvis
1942 3689 2349 3753 circumcisio

849 3815 976 3861 non
1024 3795 1266 3878 incepit
1309 3813 1456 3857 cum
1505 3793 1664 3874 lege,
1697 3800 1914 3854 tamen
1960 3798 2219 3873 propter
2263 3789 2349 3852 le-

847 3915 994 3978 gem
1025 3893 1266 3977 incepit
1295 3900 1596 3974 tanquam
1625 3888 2040 3972 praeparativa
2068 3887 2146 3950 ad
2177 3905 2346 3967 eam;

849 3994 1087 4057 idcirco
1130 4011 1278 4055 cum
1323 3991 1460 4072 lege
1502 3988 1790 4052 cessavit.

927 4093 1194 4174 Insuper
1233 4090 1358 4152 alia
1403 4087 1628 4169 legalia
1666 4092 2074 4148 cessaverunt
2111 4083 2349 4166 triplici

2454 3126 2707 3189 nymus,
2758 3105 2926 3188 quod
2983 3103 3209 3186 legalia
3264 3104 3477 3168 statim
3529 3112 3671 3187 post
3719 3103 3956 3170 Christi

2455 3204 2815 3286 passionem
2856 3202 3116 3266 fuerunt
3148 3202 3493 3277 mortifera,
3526 3212 3837 3285 quantum
3874 3205 3958 3267 ad

2455 3302 2597 3365 illos
2639 3302 2719 3364 ad
2765 3319 2923 3383 quos
2970 3302 3170 3383 gratia
3218 3302 3367 3364 novi
3411 3301 3797 3365 Testamenti
3846 3322 3959 3365 ex-

2454 3400 2616 3462 stitit
2671 3399 3028 3480 divulgata3
3078 3400 3411 3482 Apostolos
3468 3418 3619 3463 vero
3677 3401 3957 3482 quadam

2456 3499 2563 3581 pia
2590 3498 3063 3580 dispensatione
3097 3497 3199 3559 his
3239 3514 3386 3559 usos
3418 3496 3615 3560 fuisse
3648 3498 3726 3559 ad
3757 3498 3965 3561 vitan-

2456 3596 2609 3658 dum
2670 3595 3039 3658 scandalum
3096 3595 3477 3658 Judaeorum.
3530 3596 3676 3658 Ideo
3734 3596 3795 3658 S.
3848 3598 3964 3659 Pe-

2458 3701 2593 3756 trus
2622 3694 2954 3775 judaizans
2988 3710 3115 3756 non
3151 3694 3460 3776 peccavit,
3494 3693 3967 3776 dispensatorie

2460 3793 2524 3855 id
2568 3790 2847 3869 faciens3
2889 3790 3185 3853 similiter
3222 3791 3451 3853 Paulus
3497 3791 3965 3873 dispensatorie

2468 3909 2619 3953 eum
2664 3888 3006 3970 redarguit,
3060 3907 3140 3951 ne
3186 3888 3471 3969 gentiles·
3511 3890 3805 3971 exemplo
3854 3891 3969 3954 Pe-

2457 3988 2540 4051 tri
2591 3995 2986 4051 sacramenta
3040 3987 3198 4069 legis
3247 3994 3549 4069 tanquam
3598 3989 3967 4053 necessaria

2459 4093 2815 4169 quaererent
2856 4105 2869 4148 :
2911 4091 2974 4147 et
3017 4085 3109 4147 sic
3156 4083 3222 4147 B.
3266 4085 3485 4147 Petrus
3532 4094 3873 4149 excusatur
3922 4108 3965 4151 a

849 4191 1110 4253 ratione.
1155 4188 1362 4251 Prima
1404 4193 1521 4260 est,
1564 4184 1867 4266 quoniam
1920 4182 2020 4244 lex
2064 4182 2351 4245 instituta
2380 4186 2429 4247 D
2460 4184 2669 4267 culpa,
2722 4191 2785 4246 et
2836 4183 3061 4245 Paulus
3109 4202 3144 4245 a
3194 4182 3687 4264 reprehensione
3734 4202 3962 4267 proca-

849 4288 974 4351 fuit
1001 4288 1080 4350 ad
1121 4284 1618 4366 significandum
1658 4282 1922 4363 gratiam
1963 4280 2111 4343 novi
2143 4281 2351 4343 Testa-

853 4387 1078 4459 menti,
1111 4404 1254 4468 quae
1298 4402 1413 4465 per
1456 4381 1777 4445 Christum
1823 4387 1919 4441 est
1961 4378 2124 4441 facta
2158 4396 2172 4440 ε
2208 4378 2351 4442 ideo

853 4485 1102 4550 Christo
1140 4482 1435 4545 veniente
1479 4485 1907 4552 cessaverunt,
1941 4478 2351 4559 quemadmo-

852 4585 1006 4647 dum
1056 4599 1320 4663 corpore
1368 4580 1687 4641 luminoso
1735 4584 2066 4659 praesente,
2117 4576 2353 4639 desinit

855 4681 1100 4745 umbra.
1143 4681 1342 4755 Quam
1391 4697 1646 4741 causam
1691 4676 1894 4757 tangit
1933 4675 2010 4737 ad
2055 4674 2349 4738 Hebraeos

851 4780 1214 4863 ApostoluS‚
1264 4778 1483 4839 dicens
1535 4793 1550 4837 τ
1601 4775 1899 4838 Umbram
1958 4772 2201 4836 habens
2250 4774 2351 4835 lex

850 4881 1213 4944 futurorum
1265 4876 1598 4940 bonorum.
1643 4873 1930 4937 Secunda
1975 4880 2074 4935 est
2116 4872 2349 4953 imper-

849 4979 1042 5043 fectio
1083 4977 1239 5057 legis
1283 4993 1297 5037 :
1340 4972 1643 5057 quoniam
1688 4972 1754 5033 in
1799 4971 2108 5052 legalibus
2151 4970 2350 5052 gratia

849 5096 978 5141 non
1027 5073 1492 5145 conferebatur,
1547 5071 1690 5134 ideo
1737 5069 2068 5152 oportebat
2115 5069 2347 5150 gratio·

849 5176 1015 5239 siora
1049 5171 1296 5236 institui
1337 5176 1732 5233 sacramenta
1766 5168 1834 5230 in
1863 5167 2231 5247 evangelica
2261 5168 2347 5230 le—

843 5292 940 5356 ge.
986 5274 1182 5347 Quam
1233 5288 1488 5333 causam
1536 5267 1813 5349 assignat
1859 5264 2220 5348 ApostoluS‚
2264 5266 2344 5328 ad

2459 4282 2537 4344 ci.
2574 4282 2695 4345 Sed
2735 4281 3038 4363 quoniam
3079 4298 3207 4343 non
3247 4280 3501 4343 videtur
3539 4283 3957 4357 convenienS,

2458 4380 2623 4462 quod
2658 4378 2939 4461 Apostoli
2970 4378 3212 4460 aliquid
3243 4387 3461 4441 contra
3489 4379 3819 4442 veritatem
3852 4382 3965 4445 do-

2460 4480 2678 4542 ctrinae
2726 4478 3029 4540 fecissent
3074 4477 3153 4539 ad
3200 4478 3531 4540 vitandum
3580 4479 3959 4543 scandalum

2455 4577 2840 4649 Judaeorum,
2874 4594 3083 4657 neque
3118 4575 3286 4657 quod
3318 4575 3545 4639 Paulus
3574 4576 3642 4638 in
3672 4577 3964 4659 Epistola

2458 4676 2536 4739 ad
2580 4675 2825 4739 Galatas
2874 4674 3117 4756 aliquid
3166 4674 3558 4737 simulatorie
3602 4674 3961 4758 scripserit,

2461 4774 2571 4835 ubi
2602 4792 2670 4836 se
2700 4772 2896 4835 refert
2922 4771 3198 4853 glorioso
3229 4773 3407 4834 Petro
3443 4773 3769 4849 restitisse,
3803 4776 3967 4857 quia

2459 4869 2981 4954 reprehensibilis
3022 4877 3158 4932 erat
3189 4886 3203 4931 :
3236 4869 3388 4932 hinc
3416 4870 3807 4951 Augustinus
3844 4873 3967 4935 ali·

2456 4978 2553 5033 ter
2580 4970 2736 5032 dicit
2770 4977 2833 5030 et
2864 4966 3116 5040 meliuS‚
3150 4967 3319 5048 quod
3358 4974 3505 5029 ante
3540 4967 3769 5031 Christi
3813 4990 3963 5051 pas-

2456 5068 2702 5131 sionem
2744 5066 2969 5147 legalia
3010 5073 3190 5128 erant
3223 5066 3533 5128 servanda
3566 5066 3645 5128 de
3678 5070 3961 5131 necessi-

2456 5174 2579 5229 tate
2623 5164 2944 5248 praecepti,
2978 5164 3088 5226 sed
3130 5170 3273 5245 post
3304 5163 3667 5244 passionem
3704 5172 3768 5227 et
3804 5174 3959 5231 ante

2455 5263 2952 5345 divulgationem
3006 5260 3329 5341 Evangelii
3390 5260 3713 5324 observari
3775 5270 3957 5345 pote-

3978 729 4045 768 ¹8.

4010 1838 4163 1882 Galat.
4188 1851 4235 1884 ιιι.

3980 1915 4040 1943 [V.

3997 2725 4117 2771 laid.
4130 2740 4170 2776 ιι,
4184 2729 4239 2768 n.
