4267 6250
556 1266 638 1310 Pe.
650 1278 753 1308 mv

536 1330 603 1372 ¹⁶.

825 478 952 544 496
1324 498 1389 547 m
1428 499 1651 546 nmium
1692 498 1755 545 ιν
1796 496 2282 545 smrmlmuu.
2327 516 2404 527 —
2446 496 2600 543 msr.
2641 496 2794 543 xvm
2837 496 3087 559 sum3
3131 496 3357 553 oulssr.
3403 496 3426 543 1

822 670 1119 736 interiori
1160 671 1439 754 caligine
1476 672 1639 737 satis
1676 672 1867 737 facile
1906 673 2007 737 est
2041 673 2109 736 et
2144 670 2507 753 intelligere
2537 668 2603 735 'et
2638 670 3052 753 respondere.
3095 671 3318 745 Quum
3359 662 3536 734 enim
3567 667 3719 749 quis
3755 682 3942 731 mor-

824 788 1042 852 taliter
1069 788 1433 871 delinquit:
1463 791 1527 853 et
1554 789 1764 871 gratia
1801 789 2065 865 virtutis
2101 789 2421 870 privatur,
2445 788 2502 851 si
2540 804 2672 869 qua
2699 787 3055 869 praecessit,
3085 788 3150 851 et
3177 785 3578 849 naturalium
3605 783 3938 847 bonorum

826 903 1168 968 elisionem
1205 906 1472 987 patitur.
1528 904 1716 969 Unde
1768 906 1833 967 et
1874 904 2249 968 intellectus
2301 902 2706 981 obtunditur,
2751 904 2818 966 et
2863 905 3042 967 totus
3088 904 3289 966 homo
3338 901 3612 966 interior
3667 898 3944 963 obtene-

826 1020 1053 1083 bratur
1084 1040 1099 1082 ι
1134 1022 1200 1084 et
1235 1021 1329 1083 ita
1368 1022 1557 1101 quasi
1589 1019 1866 1101 caligine
1904 1019 2191 1101 quadam
2219 1036 2408 1083 mens
2446 1018 2843 1098 obvolvitur,
2876 1036 3023 1100 quae
3061 1018 3271 1100 caligo
3308 1017 3559 1099 peccati
3587 1032 3782 1098 poena
3807 1017 3934 1079 est.

826 1135 1014 1197 Hanc
1050 1153 1205 1199 vero
1233 1136 1415 1199 Deus
1443 1135 1651 1216 pellit,
1684 1152 1893 1215 quum
1920 1134 2372 1216 poenitentiam
2405 1134 2729 1214 immittit,
2759 1152 2877 1215 per
2903 1151 3103 1215 quam
3131 1133 3388 1216 perdita
3411 1132 3586 1196 bona
3621 1130 3937 1211 restituit,

756 1278 801 1316 ιι.
828 1252 895 1315 et
944 1251 1175 1314 vitiata
1220 1253 1497 1333 reparat.
1540 1250 1729 1315 Unde
1780 1250 2112 1332 Propheta
2153 1272 2168 1311 :
2207 1248 2534 1314 Nebulam
2587 1250 2760 1313 sicut
2811 1250 3098 1315 cinerem
3147 1249 3417 1331 spargit.
3457 1248 3588 1312 Sed
3637 1264 3787 1329 quae
3835 1248 3943 1310 est

829 1366 1087 1430 macula
1108 1367 1381 1448 peccati,
1406 1385 1445 1430 a
1471 1384 1603 1448 qua
1628 1366 1810 1430 Deus
1838 1366 2129 1429 animam
2159 1364 2378 1430 lavat?
2406 1365 2574 1429 Ecce
2604 1366 2776 1429 enim
2809 1366 2962 1447 quis
2991 1364 3203 1429 voluit
3233 1364 3444 1428 facere
3471 1363 3937 1442 homicidium,

829 1484 895 1547 et
929 1483 1214 1564 patravit
1255 1504 1270 1546 ε
1313 1500 1444 1564 quo
1492 1484 1772 1564 patrato,
1817 1482 2059 1546 desinit
2104 1484 2243 1545 tam
2280 1482 2448 1547 velle
2495 1499 2697 1563 quam
2717 1472 2724 1477 ’
2744 1481 3002 1564 facere3
3046 1482 3343 1545 nondum
3391 1482 3613 1544 tamen
3667 1496 3820 1543 vere
3873 1479 3945 1543 et

827 1599 1169 1663 humiliter
1194 1600 1490 1681 poenitet,
1515 1616 1636 1663 nec
1666 1599 1959 1663 confiteri
1996 1599 2329 1681 proponit.
2353 1598 2515 1672 Quae
2546 1615 2699 1680 ergo
2728 1599 3044 1663 remansit
3072 1599 3141 1662 in
3177 1599 3398 1661 anima
3426 1595 3609 1660 illius
3636 1594 3942 1659 macula?

826 1714 1001 1779 Mala
1044 1716 1351 1779 voluntas
1394 1716 1663 1798 quidem
1714 1715 1844 1779 fuit
1892 1715 2152 1779 macula
2203 1715 2384 1779 illius
2433 1716 2696 1796 animae,
2739 1716 2855 1779 sed
2907 1715 3022 1779 illa
3069 1715 3393 1779 transivit.
3435 1714 3694 1778 Macula
3733 1713 3944 1777 etiam

828 1832 949 1911 est,
994 1832 1050 1895 si
1101 1832 1418 1915 poenitere
1470 1832 1870 1914 contemnit3
1919 1831 2036 1896 sed
2090 1832 2217 1895 hoc
2269 1833 2372 1896 est
2415 1834 2758 1914 peccatum
2797 1831 2978 1897 aliud
3023 1849 3064 1895 a
3108 1832 3524 1913 praecedenti.
3567 1830 3728 1904 Quae
3780 1846 3942 1911 ergo

832 1948 1089 2013 macula
1137 1950 1475 2028 remansit,
1514 1966 1553 2012 a
1591 1967 1722 2031 qua
1771 1948 1913 2030 ipse
1970 1949 2040 2012 in
2084 1948 2483 2013 Poenitentia
2529 1949 2847 2030 purgatur
2866 1947 2897 2011 ἱ)
2936 1947 3201 2012 Polluta
3248 1947 3519 2029 quidem
3568 1948 3669 2011 est
3715 1946 3946 2010 anima

832 2080 1177 2146 quousque
1206 2066 1541 2147 poeniteat,
1574 2065 1745 2129 sicut
1781 2066 1919 2128 erat
1954 2064 2116 2129 dum
2155 2064 2224 2127 in
2263 2081 2340 2129 ea
2370 2082 2572 2146 prava
2600 2065 2739 2127 erat
2766 2064 3094 2128 voluntas.
3129 2064 3316 2129 Sicut
3351 2064 3532 2128 enim
3572 2063 3692 2145 qui
3725 2062 3947 2144 tangit

660 2212 716 2253 ιι,
760 2201 801 2242 τ.
832 2180 1256 2244 morticinum
1294 2180 1399 2244 vel
1436 2181 1618 2244 aliud
1654 2181 2097 2261 immundum,
2147 2182 2241 2243 ita
2282 2179 2578 2262 pollutus
2625 2181 2725 2243 est
2768 2182 2919 2261 post
2962 2182 3213 2244 tactum
3261 2197 3608 2263 quousque
3653 2180 3944 2260 lavatur,

541 3008 808 3113 finanum,

556 3134 667 3190 Aug.
682 3131 811 3177 Bm-

542 3199 631 3238 nt.
660 3195 707 3238 in
742 3208 807 3250 pn.

544 3259 613 3309 87,
628 3269 675 3300 u.
691 3259 758 3300 ¹⁰.

832 2296 1007 2359 sicut
1031 2295 1161 2359 fuit
1185 2296 1345 2360 dum
1375 2297 1702 2380 tangeret3
1742 2297 1835 2359 ita
1870 2298 2023 2378 post
2058 2298 2278 2360 actum
2309 2296 2560 2377 peccati
2597 2296 2690 2359 ita
2717 2296 2971 2377 polluta
2997 2296 3292 2360 remanet
3326 2296 3570 2377 anima,
3611 2296 3784 2360 sicut
3811 2295 3950 2359 fuit

834 2413 904 2475 in
932 2413 1077 2494 ipso
1114 2414 1266 2476 actu
1301 2414 1550 2495 peccati
1593 2435 1607 2474 :
1650 2414 1807 2495 quia
1843 2414 1934 2476 ita
1972 2413 2073 2477 est
2107 2412 2301 2494 longe
2339 2430 2379 2475 a
2413 2413 2555 2476 Deo
2593 2430 2711 2494 per
2743 2412 3377 2491 dissimilitudinem,
3406 2414 3522 2494 qui
3564 2416 3664 2477 est
3699 2413 3837 2476 vita
3877 2414 3948 2476 et

834 2529 1161 2593 munditia
1196 2531 1460 2611 mentm,
1492 2530 1664 2594 sicut
1694 2530 1821 2594 fuit
1855 2529 2015 2593 dum
2046 2530 2388 2611 peccatum
2417 2530 2657 2610 ageret.
2699 2529 2854 2610 Ipsa
2890 2546 3041 2611 ergo
3079 2529 3552 2593 dissimilitudo
3581 2548 3730 2612 quae
3767 2530 3952 2594 inest

834 2646 1072 2710 animae
1103 2664 1185 2711 ex
1213 2647 1479 2728 peccato
1510 2647 1575 2710 et
1604 2647 1703 2710 est
1730 2664 1769 2709 a
1803 2645 1946 2710 Deo
1978 2646 2331 2726 elongatio,
2372 2645 2611 2708 animae
2649 2644 2908 2709 macula
2943 2645 3356 2727 intelligitur,
3389 2663 3429 2709 a
3455 2664 3586 2727 qua
3622 2646 3952 2728 purgatur

835 2765 903 2827 in
940 2763 1347 2844 poenitentia.
1379 2763 1523 2826 Hoc
1559 2763 1781 2827 autem
1817 2760 2001 2826 solus
2033 2762 2216 2826 Deus
2247 2760 2425 2841 facit,
2458 2760 2574 2842 qui
2602 2760 2787 2825 solus
2823 2761 3097 2825 suscitat
3123 2763 3416 2826 animam
3453 2764 3520 2826 et
3554 2762 3896 2827 illuminat
3927 2782 3950 2824 ε

836 2879 1015 2962 quod
1065 2880 1434 2943 sacerdotes
1488 2879 1845 2960 nequeunt,
1895 2878 2012 2959 qui
2066 2878 2288 2941 tamen
2334 2878 2576 2942 medici
2631 2878 2789 2941 sunt
2842 2878 3236 2941 animarum.
3290 2879 3478 2943 Unde
3533 2879 3868 2961 Propheta
3928 2899 3950 2941 ε

836 2996 1181 3076 Numquid
1240 2994 1479 3059 medici
1542 2993 1954 3065 suscitabunt
2010 2994 2075 3057 et
2123 2994 2608 3059 confitebuntur
2655 2993 2776 3056 tibi
2797 2992 2828 3055 ‘2
2869 2994 3063 3067 Quod
3119 3012 3452 3077 exponens
3500 2994 3953 3077 AugustinuS,

838 3112 931 3176 ait
972 3131 986 3173 :
1026 3110 1197 3175 Boni
1244 3110 1545 3176 doctores
1584 3112 1757 3175 recte
1803 3109 2041 3174 medici
2077 3109 2408 3190 dicuntur,
2452 3110 2569 3192 qui
2606 3110 2903 3175 viventes
2941 3129 3166 3175 curare
3218 3112 3584 3177 ministerio
3633 3114 3951 3195 possunt,

838 3228 953 3293 sed
994 3244 1127 3292 non
1166 3230 1463 3292 mortuos
1507 3227 1825 3290 suscitare
1866 3245 1882 3288 ε
1924 3227 2065 3290 sola
2110 3225 2292 3290 enim
2335 3227 2460 3292 Dei
2506 3227 2716 3308 gratia
2763 3229 3008 3292 mortui
3056 3228 3479 3293 reviviscunt.

1416 3459 1760 3525 SUMMA
2305 3395 2312 3402 .
2365 3425 2418 3489 A
2447 3427 2852 3509 splendorem
2886 3445 3177 3509 purgare,
3211 3435 3275 3490 et
3302 3447 3341 3490 a
3369 3428 3772 3492 damnatione
3809 3447 3968 3493 eru-

2447 3542 2554 3586 ere
2595 3523 2923 3588 aeternali't
2958 3524 3198 3586 Deinde
3237 3525 3489 3607 quaerit,
3521 3545 3666 3610 quae
3711 3526 3794 3588 sit
3827 3526 3964 3591 ista

942 3613 1545 3671 DISTINCTIONIS
1598 3613 2251 3670 OCTAVAEDECIMAE
2449 3621 2891 3684 ministrorum
2943 3621 3242 3686 Ecclesiae
3292 3630 3590 3706 potestaS,
3641 3643 3771 3708 qua
3815 3632 3964 3689 tam

2451 3738 2681 3800 magna
2733 3738 2809 3782 ac
2868 3719 3086 3782 divina
3140 3739 3327 3801 agere
3383 3721 3826 3804 perhibentur,
3893 3731 3966 3787 et

934 3822 1044 3885 ΑΜ
1072 3828 1218 3884 ante
1262 3821 1558 3884 tractavit
1594 3815 1886 3900 Magister
1915 3818 1994 3880 de
2032 3818 2343 3882 Poeniten-
2450 3817 2595 3899 quis
2641 3836 2794 3880 usus
2839 3835 2951 3880 seu
2993 3824 3172 3880 actus
3215 3825 3280 3881 et
3327 3818 3598 3883 effectus
3646 3820 3964 3896 clavium,

962 3920 1049 3982 tia
1090 3938 1163 3982 ac
1213 3918 1502 4002 partibus
1545 3917 1728 3998 ejus3
1772 3935 1943 3978 nunc
1990 3924 2217 3979 tractat
2263 3918 2344 3980 de
2451 3921 2640 3997 atque
2673 3933 2800 3998 quo
2831 3934 3192 3997 sensu,quo
3222 3917 3412 3980 modo
3441 3918 3799 3981 sacerdotes
3831 3919 3968 3982 sol-

840 4026 1150 4101 potestate
1208 4037 1323 4100 per
1370 4035 1563 4099 quam
1614 4014 1893 4078 ministri
1947 4015 2342 4080 Poenitentiae
2452 4021 2611 4076 vunt
2639 4021 2702 4076 et
2741 4013 2960 4095 ligant,
2993 4013 3326 4076 dimittunt
3365 4016 3768 4098 retinentque
3810 4035 3969 4098 pee-

839 4136 953 4180 seu
984 4115 1365 4190 sacerdoteS,
1394 4132 1668 4199 quorum
1700 4120 1796 4178 est
1828 4113 2209 4194 poenitentes
2238 4113 2344 4176 ab·
2453 4119 2607 4174 cata.
2651 4112 2918 4194 Insuper
2959 4119 3184 4174 tractat
3225 4111 3304 4174 de
3348 4132 3469 4176 usu
3508 4113 3786 4176 clavium
3839 4115 3964 4197 qui

840 4214 1086 4278 solvere
1118 4214 1183 4276 in
1213 4214 1353 4277 foro
1382 4210 2178 4286 confessioniS,absolvunt
2208 4229 2344 4276 eos·
2453 4209 3028 4273 excommunicatio
3055 4210 3432 4292 appellatur.
3467 4211 3745 4275 Tandem
3781 4212 3966 4278 circa

840 4312 983 4375 dem
1012 4319 1123 4375 aut
1151 4312 1363 4392 ligant.
1381 4311 1457 4372 Et
1486 4309 1655 4373 circa
1685 4308 1801 4371 hoc
1830 4309 2032 4391 primo
2065 4310 2340 4392 inquirit,
2453 4309 2654 4372 finem
2686 4308 3113 4374 distinctionis
3145 4310 3330 4372 istius
3362 4310 3526 4373 redit
3554 4311 3630 4374 ad
3662 4329 3966 4394 perscru-

840 4410 1114 4495 qualiter
1143 4409 1435 4472 sacerdos
1466 4406 1882 4471 confitentem
1913 4406 2206 4484 absolvit,
2233 4410 2343 4490 qui
2454 4407 2716 4471 tandum
2748 4408 2903 4489 quid
2933 4409 3017 4470 sit
3047 4408 3298 4470 macula
3338 4409 3543 4492 culpae
3573 4409 3862 4484 interior,
3899 4419 3968 4475 et

838 4509 973 4591 jam
1005 4528 1121 4591 per
1150 4527 1365 4571 veram
1399 4505 1848 4571 contritionem
1877 4524 1953 4567 ac
1989 4505 2343 4570 confitendi
2455 4525 2596 4587 quae
2635 4505 2764 4568 sint
2802 4505 3472 4570 tenebrae'interioreS.
3505 4507 3742 4570 Harum
3783 4528 3970 4591 quae-

842 4607 1243 4690 propositum
1287 4625 1324 4668 a
1365 4607 1493 4669 Deo
1534 4611 1631 4667 est
1674 4603 2002 4668 absolutus
2046 4603 2128 4667 ab
2168 4605 2345 4669 omni
2378 4607 2426 4671 B
2457 4605 2736 4668 stionum
2767 4604 3116 4669 solutiones
3147 4606 3335 4670 modo
3365 4605 3692 4688 patebunt.

841 4713 1105 4789 peccato
1147 4703 1424 4779 mortali,
1457 4711 1521 4766 et
1560 4722 1679 4785 per
1719 4720 2117 4784 consequens
2161 4723 2200 4766 a
2243 4704 2348 4766 de-

840 4805 977 4869 bito
1034 4822 1239 4886 poenae
1297 4810 1564 4866 aeternae.
1628 4800 1790 4875 Quid
1848 4819 1998 4883 ergo
2054 4803 2343 4877 mundat,

842 4905 997 4987 quid
1047 4902 1311 4966 dimittit
1371 4901 1684 4974 sacerdOS,
1736 4899 2093 4982 praesertim
2142 4919 2345 4981 quum
2765 4875 3240 4974 QUAESTIQ
3308 4875 3641 4941 PRIMA

842 5004 969 5067 Deo
1015 5003 1097 5066 sit
1136 5000 1468 5085 proprium
1508 5007 1768 5083 peccata
1809 4997 2153 5072 dimittere,
2187 5017 2225 5060 a
2261 5005 2350 5060 te·

843 5102 1059 5166 nebris
1090 5100 1393 5164 vitiorum
1428 5117 1542 5181 per
1576 5097 2109 5161 illuminationem
2153 5095 2348 5158 inter·
2602 5097 2664 5159 Ic
2719 5095 3047 5180 quaeritur,
3100 5097 3395 5164 'Utrum
3453 5099 3540 5164 in
3597 5097 3962 5166 Ecclesia

842 5199 1357 5282 nam,sapientiae
1386 5197 1709 5262 infusione
1740 5197 2113 5270 mundare,a
2139 5213 2348 5258 macu·
2629 5197 2795 5262 sint
2835 5195 3104 5262 claves
3139 5196 3608 5278 spirituales
3644 5196 3746 5263 ad
3783 5209 3964 5277 ape—

842 5299 903 5362 la
943 5298 1149 5382 culpae
1189 5317 1305 5381 per
1340 5295 1557 5380 gratiae
1600 5295 1874 5360 nitorem
1916 5313 1991 5357 ac
2028 5293 2342 5368 virtutum
2449 5291 2817 5366 fiendum
2847 5293 3424 5377 poenitentibus
3449 5307 3786 5374 rognum
3809 5309 3962 5363 οω-
