4267 6250
774 493 897 559 53⁰

1346 510 1411 556 m
1452 509 1673 556 mmm!
1717 509 1776 555 lV
1819 505 2302 555 sammullam
2343 522 2424 533 —
2465 503 2618 551 msr.
2661 502 2811 566 1113
2855 502 3081 559 QUAEST.
3123 501 3308 549 UNICA

779 679 845 743 in
884 687 1275 763 praeceptum
1305 680 1532 744 transit
1560 699 1639 745 ex
1674 678 1893 763 aliquo
1919 676 2270 740 accidente.
2303 675 2354 739 Α
2385 675 2538 738 dum
2589 674 2906 757 indignus.
2955 672 3022 737 Si
3068 679 3282 737 autem
3332 676 3620 737 occurrat
3669 688 3896 733 neces·

777 778 1055 861 Tempus
1099 796 1249 842 vero
1297 796 1424 861 quo
1464 777 1785 859 obligatur
1832 776 2025 839 homo
2064 775 2143 839 ad
2191 774 2272 837 is-

777 884 905 939 tam
946 878 1437 960 correptionem,
1470 884 1568 940 est
1600 877 1755 940 dum
1794 875 2177 958 delinquens
2213 873 2272 936 ei

778 975 1078 1049 occurrit,
1128 984 1193 1038 et
1239 976 1573 1039 commode
1632 974 1868 1056 corripi
1919 979 2150 1056 potest,
2199 990 2274 1034 ac

780 1074 1143 1137 emendatio
1176 1073 1316 1155 ejus
1356 1081 1667 1157 speratur,
1700 1090 1817 1135 nec
1855 1072 2033 1134 adest
2060 1070 2166 1133 cui
2197 1089 2275 1132 ex

780 1171 1001 1235 officio
1038 1181 1219 1236 actus
1264 1173 1379 1235 ine
1416 1171 1761 1235 incumbat.
1798 1170 1917 1233 Sed
1957 1176 2022 1232 et
2060 1186 2275 1232 mona-

782 1270 941 1334 chus
987 1272 1065 1333 ad
1108 1271 1575 1352 correptionem
1619 1276 1892 1341 tenetur,
1934 1274 2121 1350 prout
2163 1285 2278 1328 sua

784 1368 1096 1450 permittit
1126 1368 1395 1443 vocatio,
1428 1367 1621 1431 salvis
1658 1366 1905 1431 scilicet
1941 1366 2280 1430 observan-

783 1466 889 1529 tiis
920 1466 1175 1531 Ordinis
1213 1466 1332 1531 sui.
1369 1468 1525 1531 Item
1557 1465 1908 1548 corripiens
1948 1483 2063 1547 pro
2092 1482 2279 1547 posse

782 1564 972 1627 debet
1020 1566 1220 1628 vitare
1268 1585 1349 1628 ne
1396 1572 1727 1647 correptus
1784 1583 1861 1625 ex
1910 1582 2025 1626 sua
2072 1580 2278 1625 corre-

783 1662 1000 1744 ptione
1027 1664 1105 1725 ad
1138 1663 1451 1726 deteriora
1490 1661 1759 1735 labatur,
1793 1669 1948 1743 puta
1976 1660 2054 1723 ad
2092 1660 2276 1733 iram,

778 1760 1023 1837 odium,
1047 1761 1535 1843 impatientiam,
1559 1767 1679 1823 etc.
1714 1759 1780 1821 Si
1808 1767 2023 1821 autem
2054 1778 2133 1823 ex
2164 1777 2280 1820 sua

2385 770 2536 834 sitas
2576 771 2960 853 corripiendi
3004 770 3263 854 praelato
3303 769 3587 850 indigne,
3619 786 3746 831 non
3787 774 3897 831 est

2387 870 2752 953 perplexus,
2785 870 3086 953 quoniam
3118 876 3326 952 potest
3355 867 3421 931 in
3453 866 3641 931 corde
3671 866 3898 929 subito

2387 968 2716 1051 poenitere.

2469 1067 2533 1130 Si
2565 1084 2716 1130 vero
2746 1074 3086 1150 quaeratur,
3118 1085 3199 1129 an
3229 1066 3464 1129 docens
3492 1064 3893 1146 Scripturam

2388 1173 2498 1228 aut
2542 1164 2916 1247 praedicanS,
2967 1165 3034 1228 in
3093 1172 3355 1247 peccato
3413 1162 3662 1228 mortali
3719 1162 3890 1225 exsi-

2389 1271 2583 1337 siens,
2622 1271 2844 1346 peccet
2886 1264 3272 1342 mortaliter3
3313 1262 3680 1335 dicendum,
3713 1261 3892 1343 quod

2388 1363 2615 1426 docere
2671 1382 2916 1426 sacram
2967 1362 3362 1444 Scripturam
3417 1360 3730 1443 contingit
3775 1360 3894 1422 du·

2387 1461 2658 1543 pliciter.
2693 1461 2924 1537 Primo,
2947 1479 3025 1523 ex
3057 1460 3278 1524 officio
3307 1458 3715 1543 praelationis.
3747 1458 3890 1521 Non

2387 1560 2560 1622 enim
2607 1559 2758 1623 licet
2792 1558 2986 1621 alicui
3027 1559 3395 1641 praedicare,
3431 1556 3553 1621 nisi
3591 1556 3890 1621 officium

2387 1658 2617 1721 habeat
2649 1658 3000 1740 praelaturae
3029 1657 3130 1721 vel
3169 1656 3545 1720 auctoritate
3581 1655 3896 1739 praelatio-

2389 1776 2536 1820 nem
2569 1756 2863 1819 habentis
2885 1756 2998 1819 :ad
3027 1756 3363 1830 RomanoS,
3381 1755 3708 1829 Quomodo
3740 1773 3899 1837 prae-
3923 1772 4084 1815 uon.
4105 1786 4156 1823 ι,
4175 1776 4244 1814 ¹⁵.

783 1858 1025 1922 malitia
1053 1859 1460 1942 acquiescere
1490 1858 1663 1931 nolit,
1678 1864 1743 1920 et
1772 1864 2105 1939 peccatum
2136 1855 2278 1937 ejus
2311 1858 2359 1921 B
2390 1854 2718 1929 dicabunt,
2751 1854 2876 1917 nisi
2917 1854 3293 1917 mittantur?
3323 1852 3639 1927 Secundo,
3678 1872 3758 1915 ex
3796 1852 3892 1916 ol'-

782 1955 849 2017 in
900 1955 1171 2019 aliorum
1214 1966 1430 2039 vergat
1477 1962 1934 2019 nocumentum
1981 1973 2054 2017 ac
2100 1972 2280 2016 scan-

784 2053 1159 2129 dalum‚non
1189 2064 1285 2119 est
1315 2056 1631 2137 correptio
1662 2061 1921 2137 propter
1948 2054 2068 2116 hoc
2097 2052 2282 2116 omit-

784 2152 997 2229 tenda,
1016 2153 1367 2235 praesertim
1398 2172 1435 2215 a
1465 2152 1863 2235 praesidente,
1887 2152 1997 2234 qui
2029 2170 2106 2214 ex
2134 2149 2280 2214 ofri-

788 2252 888 2315 cio
917 2251 1107 2314 habet
1138 2252 1313 2314 illurn
1343 2252 1674 2333 corrigere,
1688 2258 1753 2313 et
1776 2270 1888 2314 sua
1917 2250 2283 2313 auctoritate

787 2356 995 2432 potest
1036 2350 1251 2431 ipsum
1294 2368 1409 2432 per
1450 2367 1670 2432 poenas
1712 2366 2134 2433 compescere.

864 2448 1170 2511 Praeterea
1198 2448 1253 2511 si
1285 2449 1715 2531 quaeratur,a1'1
1747 2446 1933 2511 liceat
1963 2446 2280 2530 peccatori

786 2546 851 2609 in
886 2546 1165 2628 peccatis
1204 2545 1485 2610 manenti
1518 2545 1839 2630 corripere
1872 2545 2278 2628 proximum3

786 2644 1155 2720 dicendum,
1188 2645 1357 2727 quod
1392 2645 1563 2709 circa
1601 2644 1721 2708 hoc
1752 2653 1850 2708 est
1878 2643 2115 2727 duplex
2145 2643 2280 2725 opi-

787 2743 913 2805 nio.
950 2744 1104 2818 Una,
1138 2743 1306 2826 quod
1352 2743 1405 2805 is
1445 2744 1553 2826 qui
1594 2750 1691 2806 est
1728 2742 1795 2805 in
1832 2751 2094 2827 peccato
2132 2759 2281 2805 con—

784 2840 983 2903 simili
1026 2848 1137 2903 aut
1174 2840 1423 2922 majori,
1454 2841 1591 2904 sive
1628 2847 1961 2924 peccatum
1999 2840 2159 2903 illud
2199 2839 2283 2903 sit
2388 2840 2569 2922 juxta
2628 2839 2786 2903 illud
2843 2840 3125 2916 loannis,
3177 2840 3322 2903 Haec
3378 2846 3594 2903 autem
3651 2839 3896 2921 scripta
3941 2862 4228 2910 Jonas-‚m

2392 2946 2562 3013 sunt,
2613 2946 2770 3019 etc.;
2821 2939 3215 3022 quicumque
3274 2937 3446 3000 hunc
3498 2938 3769 3020 impedit
3815 2938 3893 3000 ri·
3925 2929 4006 2969 ³¹·

787 2939 1131 3013 notorium,
1168 2939 1303 3002 sive
1344 2938 1693 3013 occultum,
1732 2956 1859 3001 non
1900 2945 2110 3020 potest
2151 2956 2283 3001 cor·

2389 1952 2544 2016 ficio
2584 1951 2962 2034 magisterii,
2997 1952 3164 2015 sicut
3202 1952 3488 2034 magistri
3533 1952 3887 2033 theologiae.

2391 2052 2746 2133 Dicuntque
2767 2050 3171 2133 aliqui‚quod
3197 2050 3421 2126 docens
3451 2052 3654 2133 primo
3679 2051 3888 2125 modo,

2392 2158 2614 2232 peccat
2645 2148 3018 2223 mortaliter,
3051 2150 3104 2212 si
3137 2149 3222 2213 sit
3251 2150 3316 2211 in
3347 2157 3608 2232 peccato
3639 2148 3894 2212 mortali

2392 2248 2675 2327 notorio;
2707 2266 2834 2311 non
2863 2256 3078 2311 autem
3109 2246 3165 2310 si
3194 2249 3420 2311 doceat
3447 2248 3636 2311 modo
3665 2266 3896 2311 secun-

2392 2345 2490 2410 do.
2527 2345 2648 2408 Sed
2681 2344 2800 2408 hoc
2830 2344 3065 2409 falsum
3101 2352 3218 2420 est,
3251 2345 3562 2427 quoniam
3593 2344 3766 2409 idem
3797 2352 3896 2407 est

2390 2443 2544 2507 finis
2593 2462 2815 2507 eorum
2866 2444 2976 2526 qui
3037 2462 3282 2507 sacram
3340 2444 3680 2507 ediderunt
3727 2443 3894 2507 Scri-

2390 2550 2668 2626 pturam,
2718 2550 2782 2605 et
2835 2561 3058 2607 eorum
3120 2542 3230 2626 qui
3287 2543 3518 2606 docent
3573 2543 3889 2607 eamdem.

2391 2642 2728 2725 Quumque
2755 2643 2836 2706 ad
2875 2641 2996 2705 hoc
3031 2641 3362 2706 ordinetur
3389 2641 3734 2725 Scripturae
3763 2642 3896 2705 edi-

2391 2741 2502 2818 tio,
2537 2749 2607 2803 ut
2644 2742 2722 2805 ad
2758 2742 2952 2804 vitam
2993 2748 3294 2805 aeternam
3334 2740 3534 2823 prosit
3573 2748 3636 2803 et
3674 2741 3890 2815 ducat,

788 3036 998 3120 ripere
1027 3036 1225 3099 alium
1254 3056 1269 3100 ε
1294 3037 1597 3119 quoniam
1626 3036 1823 3100 alium
1854 3036 2279 3118 corripiendo,
2317 3040 2361 3103 G
2395 3057 2544 3101 nem
2590 3037 2955 3121 Scripturae,
2997 3038 3286 3101 docendo
3335 3043 3573 3119 peccat.
3619 3024 3900 3120 Impedit

788 3134 1032 3218 profert
1073 3136 1455 3198 sententiam
1501 3135 1565 3198 in
1608 3155 1677 3198 se
1718 3135 1951 3218 ipsum.
1984 3135 2121 3198 Alia
2166 3143 2280 3210 est,

789 3235 961 3317 quod
1008 3240 1219 3316 potest
1266 3233 1609 3317 corripere,
1659 3232 2005 3297 dummodo
2062 3251 2284 3315 pecca-

786 3341 925 3395 tum
964 3332 1049 3394 sit
1084 3331 1449 3412 occultum3
1489 3351 1617 3396 non
1653 3339 1890 3406 autem,
1927 3332 1981 3394 si
2024 3333 2287 3397 exsistat

788 3431 1131 3494 notorium.
1166 3430 1243 3492 Et
1288 3437 1553 3513 utraque
1596 3430 1816 3513 opinio
1856 3437 2168 3513 quantum
2206 3432 2283 3494 ad

788 3529 1031 3612 aliquid
1077 3547 1227 3592 vera
1268 3536 1384 3592 est.
1420 3529 1772 3612 Dupliciter
1813 3548 2090 3612 namque
2140 3529 2286 3612 quis

791 3635 999 3712 potest
1048 3627 1388 3710 corripere.
1431 3629 1661 3702 Primo,
1702 3647 1778 3690 ex
1830 3626 2073 3703 offici0,
2118 3628 2287 3691 sicut

792 3727 1089 3810 praelatus
1124 3745 1138 3789 :
1172 3733 1236 3789 et
1279 3727 1372 3790 sic
1416 3727 1625 3808 prima
1665 3725 1885 3808 opinio
1924 3744 2075 3790 vera
2115 3725 2288 3790 vide·

793 3832 915 3888 tur.
956 3825 1115 3889 Nam
1162 3825 1695 3908 quandocumque
1744 3824 1977 3906 aliquis
2026 3824 2285 3907 indigne

794 3923 995 3987 utitur
1040 3941 1157 3987 suo
1198 3922 1441 4000 officio,
1488 3931 1750 4006 peccat3
1797 3923 1909 4005 qui
1954 3929 2170 3985 autem
2218 3923 2286 3986 in

794 4022 1047 4085 mortali
1090 4030 1187 4085 est
1230 4030 1513 4104 peccato,
1546 4021 1839 4105 quamvis
1880 4021 2154 4096 occulto,
2197 4021 2288 4084 in-

794 4119 984 4202 digne
1016 4120 1216 4183 utitur
1254 4119 1637 4201 proelationis
1666 4118 1886 4182 officio
1919 4138 1934 4183 ε
1970 4119 2111 4182 ideo
2143 4137 2287 4201 pec-

2392 3146 2606 3201 autem
2648 3137 2759 3220 qui
2797 3155 3042 3200 sacram
3083 3137 3478 3219 Scripturam
3513 3137 3698 3200 docet
3728 3137 3898 3200 male

2396 3236 2670 3301 vivendo
2703 3255 2718 3300 z
2751 3235 3057 3318 quoniam
3090 3253 3200 3298 ore
3230 3234 3576 3298 confitetur
3607 3253 3676 3298 se
3709 3253 3900 3298 nosse
3961 3249 4204 3300 ria-‚m

2397 3335 2621 3408 Deum,
2653 3342 2718 3396 et
2759 3333 2946 3397 factis
2988 3341 3194 3415 negat.
3237 3332 3483 3396 Idcirco
3525 3333 3898 3408 dicendum,

2396 3433 2567 3516 qnod
2605 3432 2714 3495 ille
2754 3432 2866 3515 qni
2905 3439 3002 3496 est
3039 3432 3106 3494 in
3145 3439 3410 3514 peccato
3451 3432 3719 3507 notori0,
3753 3451 3902 3514 pec·

2397 3538 2518 3606 cat,
2551 3531 2687 3594 sive
2726 3531 2820 3593 sic
2861 3530 2994 3594 sive
3035 3530 3128 3593 sic
3166 3531 3392 3594 doceat
3427 3538 3538 3593 aut
3571 3530 3896 3613 praedicet.

2397 3630 2515 3705 Qui
2552 3636 2766 3693 autem
2796 3629 2989 3692 estin
3030 3635 3291 3712 peccato
3331 3627 3580 3693 mortali
3619 3628 3899 3706 occulto,

2399 3736 2640 3811 peccat,
2673 3728 2727 3792 si
2765 3728 2988 3792 doceat
3021 3727 3232 3810 primo
3271 3727 3480 3803 modo,
3513 3745 3641 3792 non
3679 3735 3900 3791 autem

2398 3827 2452 3890 si
2495 3827 2795 3890 secundo.

2477 3926 2790 4001 Quaeritur
2819 3943 3094 4009 quoque,
3106 3944 3188 3989 an
3218 3925 3410 3990 homo
3437 3933 3731 3990 teneatur
3761 3943 3902 3990 cor·

2397 4025 2608 4107 ripere
2645 4043 2835 4087 suum
2877 4024 3228 4107 praelatum.
3265 4023 3340 4086 Et
3379 4022 3902 4106 respondendum

2398 4123 2568 4206 quod
2612 4141 2760 4197 non,
2803 4123 3157 4185 secundum
3200 4121 3510 4205 quosdam
3555 4139 3569 4184 :
3611 4121 3766 4204 quia
3799 4122 3904 4202 (ut

794 4225 896 4280 cat
924 4218 1329 4302 corripiendo
1368 4237 1481 4281 seu
1518 4217 1691 4280 aliud
1731 4217 1973 4300 aliquid
2012 4218 2111 4280 sui
2142 4217 2286 4281 offi-
2319 4220 2369 4284 D
2399 4221 2650 4301 dicunt)
2677 4219 2796 4282 hoc
2835 4226 3002 4284 esset
3038 4236 3110 4283 os
3148 4236 3389 4303 ponere
3428 4219 3494 4282 in
3533 4219 3806 4299 coelum3
3837 4227 3906 4282 et

795 4317 879 4379 cii
928 4317 1352 4399 exsequendo.
1397 4316 1709 4390 Secundo,
1750 4315 1983 4398 aliquis
2024 4317 2290 4399 corripit

794 4435 873 4478 ex
921 4415 1058 4478 zelo
1105 4415 1407 4491 caritatis,
1448 4432 1575 4477 non
1620 4421 1692 4476 ut
1738 4414 2031 4477 minister
2078 4415 2292 4477 Eccle-

796 4514 907 4578 siae
961 4533 976 4577 :
1038 4522 1103 4576 et
1156 4513 1249 4576 sic
1309 4513 1375 4575 in
1433 4512 1836 4594 corripiendo
1898 4530 2024 4576 non
2082 4521 2291 4596 potest

754 4667 759 4674 .
796 4620 1129 4696 peccatum
1170 4611 1516 4676 consistere
1548 4611 1674 4674 nisi
1713 4611 1953 4674 ratione
1986 4611 2285 4688 scandali,

798 4711 967 4794 quod
1012 4729 1139 4775 non
1176 4710 1379 4792 surgit
1420 4709 1546 4773 nisi
1582 4709 1659 4772 de
1699 4717 1961 4794 peccato
2000 4710 2286 4774 notorio:

796 4817 861 4873 et
886 4809 1065 4891 juxta
1094 4809 1213 4874 hoc
1244 4827 1394 4873 vera
1426 4816 1523 4872 est
1552 4809 1832 4873 secunda
1858 4807 2097 4893 opinio.
2130 4809 2291 4872 Hinc

795 4909 931 4972 sive
960 4908 1257 4992 praelatus
1295 4907 1433 4972 sive
1460 4907 1755 4971 subditus
1784 4907 1979 4970 etiam
2014 4907 2079 4968 in
2114 4915 2291 4972 noto-

796 5008 893 5071 rio
920 5013 1183 5089 peccato
1212 5007 1589 5081 consistens„
1622 5006 1676 5069 si
1717 5024 1982 5089 peccare
2009 5005 2292 5088 aliquem

795 5106 1049 5182 viderit,
1096 5113 1303 5190 potest
1348 5125 1499 5168 eum
1560 5123 1819 5169 monere
1868 5125 1984 5190 per
2030 5105 2294 5169 modum

798 5205 1098 5288 rogantiS,
1133 5221 1259 5268 non
1300 5204 1724 5287 corripientis.
1756 5205 1993 5268 Verum
2033 5223 2150 5288 per
2188 5223 2293 5269 ve·

794 5303 965 5366 niale
996 5310 1327 5386 peccatum
1358 5319 1485 5364 non
1517 5300 1592 5365 rit
1623 5302 1815 5365 homo
1844 5303 1924 5366 ad
1954 5303 2296 5386 corripien-

2400 4319 2552 4401 quia
2596 4317 2836 4400 praelati
2882 4325 3142 4401 possent
3183 4318 3264 4381 de
3305 4318 3418 4381 tali
3463 4319 3906 4402 increpatione

2400 4416 2673 4479 faciliter
2729 4415 3160 4478 scandalizari.
3213 4415 3334 4478 Sed
3393 4415 3514 4479 hoc
3569 4416 3736 4479 nihil
3779 4425 3901 4492 est,

2402 4514 2553 4597 quia
2591 4513 2833 4597 praelati
2871 4514 2936 4576 in
2967 4522 3276 4596 quantum
3317 4521 3658 4596 peccantes
3685 4521 3754 4576 θῖ
3782 4515 3902 4590 rei,

2404 4632 2530 4676 non
2579 4619 2729 4675 sunt
2767 4611 3025 4684 coelum,
3059 4611 3124 4674 id
3167 4617 3265 4673 est
3302 4611 3522 4676 vicarii
3567 4611 3678 4674 Dei
3719 4611 3902 4692 coeli3

2402 4730 2521 4774 nec
2559 4711 2680 4774 hoc
2713 4719 2810 4774 est
2838 4729 2908 4774 os
2948 4728 3184 4793 ponere
3221 4716 3440 4774 contra
3469 4727 3600 4785 008,
3631 4710 3744 4774 sed
3788 4727 3908 4794 pro

2403 4810 2516 4874 eis.
2550 4810 2767 4893 ltaque
2809 4809 3108 4892 proelatus
3152 4827 3231 4872 ex
3274 4808 3394 4872 hoc
3437 4809 3609 4892 quod
3652 4816 3752 4874 est
3789 4829 3910 4892 pu-

2403 4909 2571 4972 blica
2621 4925 2892 4990 persona
2945 4925 3019 4970 ac
3067 4907 3416 4989 praesidens
3463 4913 3526 4970 et
3573 4907 3687 4971 Dei
3735 4907 3912 4972 vica-

2403 5007 2560 5082 riuS‚
2594 5023 2720 5070 non
2759 5005 2996 5069 amittit
3023 5024 3100 5068 ea
3127 5025 3270 5088 quae
3301 5006 3558 5088 propria
3595 5013 3748 5068 sunt
3777 5026 3914 5070 suae

2404 5123 2710 5191 personae.
2745 5106 2922 5169 Unde
2951 5123 3026 5168 ea
3058 5123 3202 5187 quae
3240 5103 3556 5168 debentur
3593 5105 3913 5188 proximis

2404 5224 2485 5269 ex
2527 5205 2807 5269 fraterno
2854 5203 3134 5268 caritatis
3182 5201 3446 5280 affectu,
3487 5203 3596 5286 qui
3643 5202 3722 5266 ad
3767 5205 3912 5268 uni·

2405 5321 2622 5368 versos
2652 5302 2982 5366 habendus
3011 5308 3129 5375 est,
3162 5301 3351 5364 etiam
3382 5300 3644 5384 praelato
3673 5299 3911 5365 deben-
