4267 6250
99 3558 127 3596 p.
143 3551 203 3590 42⁹
214 3550 267 3594 B'.

357 508 512 555 msr.
558 506 669 554 111
708 506 959 570 suun
1002 507 1227 565 ouzsr.
1268 506 1453 555 unica
1494 506 1510 553 ε
1550 506 1767 565 omnus
1806 504 2153 555 connum
2191 505 2436 553 naam
2477 502 2974 553 mansuetius
3015 502 3242 551 cmm
3291 482 3414 549 523

316 684 453 747 vita
502 685 573 749 et
620 682 895 748 scientia
939 682 1255 761 carentes,
1302 682 1683 747 benedicere
1728 680 2163 763 praesumunt,
2223 680 2476 745 dictum
2530 677 2940 762 accipiatur),
2991 678 3088 742 sic
3133 676 3415 758 intelligi

314 801 533 881 potest
574 820 591 861 z
634 799 1023 863 Maledicam
1067 797 1633 862 benedictionibus
1684 795 1943 875 vestris,
1970 797 2039 858 id
2076 797 2200 875 est,
2248 796 2354 860 his
2391 812 2541 877 quae
2589 796 2658 859 in
2705 795 2801 859 eis
2846 792 3414 857 benedictionibus
3459 812 3709 869 Ap.1.ynn.

3443 876 3486 917 in
3531 874 3711 918 Hal-ch.

310 916 691 996 possidetis,
732 915 889 997 quia
936 914 1173 977 faciam
1222 932 1299 977 ea
1346 914 1571 977 cedere
1614 911 1805 976 vobis
1841 912 1910 974 in
1946 912 2500 992 maledictionem,
2544 928 2678 975 non
2725 910 2794 974 in
2829 909 3350 973 benedictionem
3395 926 3408 967 :
3441 952 3484 989 n,
3510 940 3551 981 2,

313 1033 468 1113 quia
506 1032 631 1096 etsi
676 1030 1071 1095 benedicunt
1106 1030 1373 1109 sanctiS,
1406 1046 1539 1094 non
1583 1028 1710 1091 hoc
1748 1028 1997 1091 faciunt
2032 1046 2115 1091 ex
2154 1045 2306 1091 vero
2351 1028 2566 1107 corde,
2597 1029 2662 1092 et
2700 1027 2846 1091 ideo
2887 1041 3116 1089 eorum
3154 1023 3419 1088 benedi-

312 1148 441 1211 ctio
488 1148 587 1211 eis
638 1147 915 1211 vertitur
965 1147 1033 1210 in
1082 1146 1632 1210 maledictionem.
1676 1144 1822 1225 Vel,
1861 1144 2250 1209 Maledicam
2288 1143 2854 1209 benedictionibus
2889 1142 3150 1221 vestris,
3183 1141 3251 1205 id
3293 1141 3414 1221 est,

310 1263 489 1345 quod
519 1281 555 1327 a
586 1261 779 1327 vobis
813 1262 1243 1341 benedicitur,
1278 1278 1317 1325 a
1344 1278 1452 1325 me
1489 1262 1615 1325 erit
1651 1260 2077 1324 maledictum
2111 1280 2125 1320 :
2160 1260 2318 1343 quia
2353 1258 2749 1327 benedicunt
2786 1256 3011 1340 inique
3047 1255 3414 1339 agentibuS,

312 1378 797 1461 adulanturque
833 1377 1278 1460 peccantibus,
1313 1376 1675 1441 dummodo
1714 1374 1955 1441 divites
1990 1375 2146 1439 sint.

888 1770 1243 1835 SUMMA

448 1936 1054 1993 ms‘rlNc‘rlole
1109 1935 1679 1991 NONAEDECIMAE

390 2161 443 2224 N
492 2162 754 2225 exordio
812 2161 1005 2243 hujus
1056 2161 1484 2225 distinctionis
1544 2162 1815 2244 ipsemet

416 2266 641 2323 auctor
668 2267 734 2323 et
760 2260 1055 2341 Magister
1081 2280 1148 2323 se
1180 2260 1510 2324 continuat
1545 2260 1624 2323 ad
1662 2279 1814 2342 prae-

316 2358 485 2421 dicta
527 2376 541 2420 :
583 2358 945 2440 Postquam,
985 2359 1305 2441 inquiens,
1348 2368 1676 2422 ostensum
1717 2366 1815 2421 est

316 2474 459 2536 quae
514 2455 647 2517 sint
700 2456 837 2519 istae
894 2455 1105 2519 claves
1162 2456 1547 2539 apostolicae,
1595 2464 1813 2539 utpote

316 2553 683 2634 spirituales
740 2553 951 2616 claves
1008 2554 1250 2617 ordinis
1307 2574 1381 2617 ac
1424 2554 1813 2636 jurisdictio-

317 2650 439 2723 niS‚
470 2670 617 2733 quae
652 2651 863 2733 primo
902 2652 966 2713 in
1003 2651 1343 2735 Apostolis,
1377 2652 1708 2734 potissime
1748 2652 1813 2713 in

318 2748 745 2811 sacratissimo
782 2748 984 2824 Petro,
1016 2767 1239 2812 eorum
1281 2750 1597 2833 principe,
1629 2750 1816 2813 exsti-

316 2853 551 2919 terunt,
594 2854 658 2909 et
701 2846 849 2910 inde
896 2848 974 2909 ad
1025 2855 1309 2929 posteros
1359 2849 1658 2911 derivatae
1704 2866 1813 2911 no-

2242 1775 2714 1850 QUAESTIO
2780 1776 3102 1841 UNICA

2073 2065 2136 2127 lc
2167 2066 2492 2147 quaeritur,
2507 2066 2812 2145 Quibus
2840 2066 3266 2133 conveniat
3296 2065 3423 2132 ha·

2101 2164 2287 2231 bere
2336 2165 2914 2233 ecclesiasticas
2959 2165 3250 2246 claveS,
3300 2165 3421 2230 vi-

1922 2260 2243 2344 delicet,
2275 2277 2377 2329 an
2413 2263 2564 2331 soli
2605 2263 3050 2330 sacerdotes
3088 2277 3421 2343 evange-

1923 2359 2103 2427 licae
2145 2361 2350 2439 leg-is
2392 2360 2737 2427 habeant
2777 2376 2935 2431 eas,

2002 2458 2267 2520 Videtur
2309 2459 2479 2539 quod
2522 2476 2672 2533 non,
2717 2460 3020 2540 quoniam
3065 2460 3422 2523 sacerdotes

1924 2555 2158 2617 veteris
2218 2555 2604 2618 Testamenti
2671 2574 2778 2619 eas
2841 2556 3142 2620 habuisse
3201 2558 3420 2621 viden-

1926 2661 2046 2715 tur.
2082 2652 2392 2716 Similiter
2427 2654 2713 2717 Christus
2743 2655 2844 2735 (ut
2877 2656 3168 2737 apparet)
3199 2654 3426 2718 babuit

1925 2751 2113 2833 ipsas.
2157 2787 2238 2797 —
2280 2751 2624 2815 Sciendum
2667 2760 2878 2815 autem
2923 2754 3093 2835 quod
3133 2761 3265 2817 tota
3305 2753 3424 2816 ista

1926 2850 2190 2913 materia
2215 2850 2570 2913 virtualiter
2595 2851 2726 2931 Jam
2758 2858 2905 2914 ante
2937 2851 3283 2934 praehabita
3303 2860 3417 2915 est.
3461 2874 3714 2928 aarum.

316 2952 604 3018 scuntur,
638 2951 703 3007 et
744 2946 887 3027 quis
930 2964 1149 3008 earum
1195 2965 1348 3009 usus
1391 2953 1455 3009 et
1491 2954 1691 3021 actm,
1723 2955 1812 3009 at·
1848 2949 1895 3011 B
1924 2948 2262 3011 Ostensum
2293 2955 2391 3011 est
2418 2948 2676 3032 quippe,
2701 2950 2869 3032 quod
2901 2958 3294 3013 sacramenta
3322 2968 3424 3012 ve-

318 3060 441 3126 que
472 3042 779 3123 effectus3
814 3052 1106 3128 superest
1136 3044 1539 3127 investigare,
1562 3046 1815 3128 quando

316 3150 380 3205 et
414 3142 653 3225 quibus
703 3143 953 3206 dantur.
989 3145 1241 3226 Repetit
1276 3153 1489 3208 autem
1528 3145 1817 3226 Magister

316 3241 421 3303 hic
465 3241 682 3323 aliqua
731 3242 1029 3324 superius
1073 3243 1205 3325 jam
1250 3244 1557 3318 discussa,
1599 3243 1817 3308 videli-

318 3349 529 3414 cet,an
560 3340 829 3403 scientia
856 3359 971 3404 seu
1000 3341 1404 3405 discernendi
1436 3342 1664 3425 peritia
1693 3342 1815 3405 cla-

320 3438 415 3501 vis
444 3439 531 3501 sit
548 3456 567 3517 ;
598 3446 663 3501 et
690 3439 769 3501 de
799 3439 921 3502 hoc
950 3459 1140 3503 suum
1173 3441 1435 3523 exponit
1464 3441 1721 3516 sentire,
1755 3449 1819 3503 et

318 3537 559 3599 dictum
592 3545 689 3598 est
717 3545 887 3612 ante,
905 3538 1059 3620 quid
1090 3539 1361 3601 senserit
1390 3539 1554 3602 inde.
1577 3539 1818 3602 Deinde

320 3634 611 3716 inquirit,
660 3653 741 3696 an
792 3635 1076 3698 universi
1136 3637 1493 3700 sacerdotes
1543 3636 1818 3700 habeant

319 3739 695 3814 potestatem
755 3732 994 3815 ligandi
1041 3742 1105 3797 et
1151 3735 1459 3798 solvendi.
1512 3735 1817 3809 Quocirca

318 3831 475 3893 duas
518 3840 732 3894 narrat
766 3831 1122 3914 opinioneS,
1158 3851 1428 3914 quarum
1478 3853 1603 3896 una
1644 3852 1813 3897 erro-

317 3947 438 3991 nea
498 3935 618 4002 est,
678 3928 1104 4012 haeresimque
1164 3930 1455 4006 includit,
1517 3931 1818 3994 videlicet

316 4027 488 4108 quod
538 4044 665 4091 non
714 4026 840 4089 nisi
876 4028 1143 4092 virtuosi
1182 4035 1246 4090 et
1284 4029 1486 4092 sancti
1530 4031 1816 4093 sacerdo-

1926 3047 2079 3108 teris
2112 3047 2497 3109 Testamenti
2541 3048 2809 3130 gratiam
2849 3065 2976 3110 non
3015 3047 3424 3111 continebant

1926 3165 2045 3208 nec
2093 3145 2347 3209 dabant.
2397 3147 2572 3209 Unde
2621 3165 2740 3209 nec
2789 3148 3214 3211 sacerdotium
3263 3148 3420 3211 illud

1929 3242 2152 3324 legale,
2185 3243 2311 3306 fuit
2347 3244 2564 3324 gratiae
2607 3246 3028 3320 causativum,
3064 3265 3182 3309 nec
3220 3246 3424 3309 virtus

1926 3341 2298 3404 absolvendi
2332 3341 2453 3404 ruit
2483 3341 2548 3403 in
2582 3342 2692 3405 illo
2724 3343 2847 3405 nisi
2877 3343 3060 3406 valde
3091 3351 3332 3407 remote
3361 3352 3427 3407 et

1926 3439 2398 3522 aliquantulum
2442 3439 2815 3522 dispositive
2863 3459 2937 3503 ac
2979 3442 3214 3524 typice,
3257 3443 3424 3504 sicut

1928 3545 2348 3601 monstratum
2410 3544 2522 3599 est.
2580 3538 2729 3602 Ideo
2778 3540 3136 3602 sacerdotes
3188 3540 3420 3622 legales

1926 3637 2135 3699 claves
2180 3653 2306 3698 non
2349 3635 2688 3699 habebant.
2721 3638 2937 3720 ltaque
2977 3638 3056 3700 de
3094 3638 3194 3702 his
3231 3657 3422 3722 expe-

1926 3734 2119 3796 ditius
2163 3735 2642 3797 transeundum.

2006 3928 2093 3991 De
2134 3929 2370 4011 quibus
2407 3935 2664 3992 sanctus
2702 3931 2928 3993 asserit
2965 3931 3196 3996 Doctor
3228 3950 3243 3996 :
3276 3934 3422 4008 Qui-

1926 4027 2073 4090 dam
2110 4026 2428 4102 dixerunt,
2460 4027 2630 4109 quod
2670 4027 2736 4090 in
2774 4029 3208 4094 sacerdotibus
3240 4031 3419 4114 legiS,

316 4133 409 4189 tes
450 4126 565 4189 has
605 4125 881 4188 habeant
920 4126 1167 4205 claves;
1208 4127 1353 4202 alia,
1388 4128 1556 4210 quod
1600 4129 1815 4192 cuncti
1850 4128 1893 4193 C
1926 4125 2135 4188 claves
2182 4123 2463 4200 fuerunt,
2506 4124 2660 4207 quia
2699 4126 3114 4191 commissum
3163 4128 3256 4192 eis
3299 4129 3424 4192 fuit

318 4223 675 4308 presbyteri
731 4243 881 4287 vere
939 4225 1232 4288 ordinati.
1295 4225 1374 4288 Et
1428 4227 1597 4290 circa
1650 4227 1815 4290 hanc

315 4322 735 4405 quaestionem
770 4329 1059 4386 versatur
1100 4324 1283 4405 quasi
1322 4331 1455 4402 tota
1488 4325 1814 4389 distinctio

314 4419 454 4496 ista,
506 4419 799 4502 quamvis
845 4419 1135 4501 quaedam
1194 4421 1558 4483 inserantur
1603 4422 1807 4496 utilia,

314 4525 558 4601 utpote,
598 4525 909 4599 quantum
949 4517 1295 4582 dolendum
1335 4520 1420 4582 sit
1461 4521 1632 4602 quod
1680 4528 1811 4583 tam

313 4616 501 4680 multi
549 4615 831 4698 imperiti
880 4635 947 4678 se
993 4616 1073 4679 ad
1123 4618 1459 4681 sacerdotii
1518 4619 1813 4699 ingerunt

310 4715 701 4796 dignitatem,
748 4721 939 4796 atque
988 4716 1067 4777 ad
1116 4715 1590 4780 confessionum
1640 4718 1812 4780 audi·

310 4813 577 4886 tionem,
618 4813 730 4894 qui
780 4813 945 4876 inter
994 4821 1253 4896 peccata
1299 4814 1662 4879 discernere
1705 4835 1812 4878 ne-

310 4917 597 4994 queunt3
647 4917 711 4973 et
754 4911 1107 4993 praesertim
1150 4914 1320 4995 quod
1370 4920 1499 4975 tam
1546 4913 1809 4995 plurimi

308 5009 480 5072 docti
538 5015 604 5070 et
650 5008 886 5072 indocti
949 5009 1013 5071 in
1074 5010 1215 5092 ipso
1272 5011 1622 5074 sacerdotio
1680 5018 1807 5074 tam

310 5105 784 5180 miserabiliter,
828 5107 1195 5171 scandalose
1243 5127 1317 5170 ac
1361 5109 1809 5171 damnabiliter

308 5210 769 5268 conversantur
786 5222 804 5284 ;
836 5205 1141 5287 itemque,
1175 5207 1383 5289 qualis
1412 5207 1640 5270 debeat
1670 5227 1810 5271 esse

308 5303 706 5368 conversatio
747 5304 1167 5368 sacerdotum.

1926 4242 2182 4306 poenam
2224 4223 2552 4305 imponere
2594 4243 2709 4306 pro
2745 4225 2998 4300 delicto,
3032 4236 3103 4289 ut
3141 4236 3313 4310 patet
3355 4230 3419 4292 in

1924 4322 2207 4386 Levitico
2250 4340 2265 4384 :
2307 4322 2475 4404 quod
2515 4323 2593 4385 ad
2637 4323 2846 4386 claves
2888 4326 3207 4406 pertinere
3246 4328 3421 4391 vide·
3467 4349 3712 4400 Lev.v,1⁸.

1924 4429 2063 4502 tur3
2096 4441 2254 4503 quas
2285 4428 2498 4484 tamen
2529 4422 2754 4485 dicunt
2783 4423 3191 4506 imperfectas
3223 4425 3422 4490 fuisse

1922 4539 2035 4581 seu
2068 4519 2509 4600 incompletaS,
2533 4527 2724 4602 atque
2756 4540 2871 4604 per
2899 4523 3219 4587 Christum
3251 4544 3420 4590 com-

1922 4618 2123 4700 pletas
2183 4618 2248 4679 in
2305 4617 2741 4681 sacerdotibus
2799 4620 3182 4703 evangelicae
3238 4623 3414 4705 legis,

1919 4716 2040 4779 Sed
2073 4716 2244 4778 istud
2275 4715 2528 4778 videtur
2559 4723 2776 4779 contra
2808 4717 3226 4783 intentionem
3257 4722 3418 4804 Apo·

1918 4813 2063 4876 stoli
2104 4813 2184 4875 ad
2220 4812 2535 4886 HebraeOS,
2570 4812 2680 4875 ubi
2721 4816 3145 4879 sacerdotium
3183 4818 3414 4883 Christi

1919 4911 2272 4974 sacerdotio
2322 4908 2578 4992 praefert
2627 4910 2835 4992 legali,
2888 4915 3192 4995 quoniam
3241 4917 3415 4980 Chri·
3443 4937 3714 4988 neaman,

1918 5017 2053 5071 stus
2084 5007 2371 5090 pontifex
2403 5015 2499 5070 est
2529 5007 2889 5072 futurorum
2933 5010 3268 5088 bonorum,
3303 5034 3416 5098 per
3449 5001 3512 5042 ¹²·

1919 5107 2251 5190 proprium
2297 5106 2672 5187 sanguinem
2713 5108 2790 5170 ad
2833 5109 3090 5174 coeleste
3131 5111 3416 5177 taberna-

1919 5205 2135 5267 culum
2200 5204 2629 5280 introducenS,
2680 5206 2760 5268 ad
2808 5209 2978 5289 quod
3036 5227 3163 5273 non
3223 5211 3416 5278 intro-

1918 5304 2100 5367 duxit
2159 5302 2583 5366 sacerdotium
2645 5303 2805 5386 legis
2864 5326 2982 5389 per
3039 5311 3416 5392 sanguinem
