4267 6250
482 522 674 568 uranu
715 523 836 570 noc
879 523 1330 571 smirnamum
1369 523 1506 570 run·
1547 523 2006 570 convnmnmn
2045 524 2515 584 orronrumooun
2555 527 2833 575 ‘taurona
2875 527 3232 576 msrmrrmn
3310 507 3425 574 21¹

339 691 463 753 sint
508 693 790 756 actiones
847 693 1358 768 sacramentaleS‚
1409 693 1679 758 diversis
1731 714 1825 758 sa·
1856 696 1907 759 A
1939 695 2167 770 ditum,
2210 697 2412 778 magis
2456 700 2939 763 commendetur
2978 698 3321 763 memoriae.
3357 733 3433 746 —-

339 791 670 852 oramentis
719 793 1196 867 convenienteS,
1241 811 1320 855 ex
1366 792 1574 856 Verbo
1623 793 1824 855 incar-

339 895 477 948 nato
520 888 653 950 vim
711 907 894 952 suam
955 889 1283 964 habenteS,
1335 897 1584 971 oportet
1631 909 1822 952 unam

337 983 648 1047 actionum
699 986 958 1049 illarum
1009 988 1350 1070 principali
1396 989 1608 1069 agenti
1649 990 1822 1051 attri-

337 1081 438 1142 bui
468 1102 484 1146 :
519 1083 664 1147 ideo
701 1085 986 1167 oportuit
1023 1103 1162 1149 esse
1201 1093 1670 1148 sacramentum
1701 1087 1821 1150 Eu-

337 1180 663 1257 char-istim,
695 1184 1034 1247 continens
1073 1184 1350 1247 Verbum
1399 1184 1819 1261 incarnatum,

335 1280 552 1342 ceteris
581 1283 999 1344 sacramentis
1029 1283 1170 1363 ejus
1201 1283 1436 1345 virtute
1462 1283 1817 1363 agentibus,

335 1377 480 1440 Hine
517 1378 584 1440 in
625 1379 836 1462 figura
875 1380 1002 1443 cibi
1042 1390 1466 1462 congruenter
1493 1390 1590 1444 est
1617 1401 1820 1445 sacra-

335 1485 611 1540 mentum
657 1479 779 1542 hoc
825 1480 1209 1544 institutum.
1251 1481 1410 1545 Nam
1456 1482 1622 1545 inter
1663 1482 1821 1547 alios

334 1594 544 1638 sensus
575 1577 750 1640 solus
779 1587 984 1642 tactus
1013 1588 1111 1644 est
1138 1581 1241 1642 cui
1273 1598 1460 1643 suum
1493 1580 1818 1662 objectum

335 1674 576 1738 realiter
620 1675 950 1759 jungitur3
999 1687 1222 1760 gustus
1273 1685 1485 1742 autem
1535 1687 1633 1742 est
1680 1681 1820 1762 qui-

335 1772 466 1835 dam
507 1781 737 1837 tactus.
779 1776 870 1838 Ac
915 1777 1080 1840 inter
1115 1777 1239 1839 alia
1275 1777 1353 1840 ad
1399 1785 1634 1841 tactum
1682 1797 1820 1861 spe-

1937 794 2081 858 Haec
2125 795 2395 859 Thomas
2440 797 2505 858 in
2548 797 2816 879 scripto,

2019 892 2086 953 ln
2119 893 2354 974 quibus
2385 894 2655 958 aliorum
2694 895 2931 977 scripta
2960 895 3111 956 satis
3140 894 3441 958 videntur

1940 987 2204 1052 includi.
2228 990 2457 1073 Aliqua
2486 1001 2700 1054 tamen
2731 992 2927 1074 objici
2960 999 3235 1074 possent.
3263 993 3437 1056 Sem-

1938 1105 2054 1167 per
2099 1087 2275 1151 enim
2323 1090 2595 1152 viatores
2656 1090 3069 1170 indiguerunt
3118 1089 3435 1172 spirituali

1936 1202 2008 1246 ac
2058 1187 2500 1249 sacramentali
2550 1187 2895 1251 refectione
2942 1195 3133 1270 atque
3180 1188 3433 1263 viatico,

1937 1284 2384 1367 medicinaque
2442 1287 2694 1349 mentis.
2758 1286 2963 1361 Quum
3024 1304 3175 1368 ergo
3232 1305 3436 1350 sacraf

1937 1390 2225 1444 mentum
2255 1383 2375 1447 hoc
2404 1385 2765 1467 appelletur
2791 1385 3121 1459 viaticum,
3146 1385 3432 1460 refectio,

1935 1481 2274 1556 medicina,
2305 1482 2561 1546 videtur
2592 1484 2760 1566 quod
2792 1502 2829 1546 a
2858 1484 3179 1566 principio
3209 1483 3438 1547 debuit

1933 1598 2091 1642 esse.
2144 1580 2219 1642 Et
2266 1582 2807 1663 respondendum,
2854 1583 3022 1664 quod
3070 1601 3322 1646 summa
3371 1590 3435 1647 et

1934 1679 2191 1741 infinita
2219 1680 2534 1761 sapientia
2563 1681 2673 1743 Dei
2708 1689 2939 1744 cuncta
2972 1681 3435 1764 sapientialiter

1919 1776 2253 1857 ·agit.Hinc
2284 1779 2637 1841 secundum
2667 1779 3036 1842 varietatem
3066 1787 3429 1862 temporum

335 1871 576 1946 etantia,
617 1873 794 1936 solus
831 1874 1016 1938 cibus
1059 1883 1157 1938 est
1191 1876 1302 1958 qui
1347 1875 1478 1958 agit
1515 1895 1632 1959 per
1670 1893 1816 1940 con-
1843 1877 1890 1938 B
1929 1895 2002 1938 ac
2033 1883 2267 1938 statum
2298 1876 2913 1960 dispositionemque
2944 1877 3301 1952 hominum,
3335 1878 3427 1940 di-

331 1969 715 2049 junctionem
787 1993 972 2036 suam
1050 1975 1286 2037 realem
1359 1975 1437 2037 ad
1509 1975 1813 2051 cibatum,

334 2069 614 2150 quoniam
645 2072 932 2135 nutriens
963 2081 1026 2136 et
1055 2073 1362 2136 nutritum
1391 2073 1556 2135 liunt
1587 2093 1813 2154 unum3

331 2167 442 2229 alia
485 2187 638 2233 vero
698 2170 1030 2252 tangibilia
1085 2179 1282 2254 agunt
1339 2191 1455 2254 per
1509 2174 1814 2256 quasdam

333 2265 772 2348 impressiones
830 2271 896 2332 in
958 2271 1118 2332 illud
1173 2272 1344 2354 quod
1393 2271 1693 2352 tangitur,
1745 2281 1815 2335 ut

333 2373 489 2445 patet
513 2367 592 2429 de
625 2367 834 2430 calido
869 2376 934 2431 et
968 2368 1218 2449 frigido.
1251 2369 1589 2451 Quumque
1625 2388 1815 2434 omne

329 2472 784 2526 sacramentum
845 2464 969 2527 sub
1031 2466 1454 2529 similitudine
1511 2465 1814 2531 elementi

331 2563 664 2644 corporalis
703 2563 1102 2640 exhibeatur,
1137 2565 1306 2628 istud
1346 2575 1813 2630 sacramentum

331 2660 440 2722 sub
466 2662 682 2744 specie
709 2662 1000 2726 alimenti
1039 2664 1420 2747 proponitur
1453 2682 1467 2729 ε
1500 2665 1811 2741 alimenti,

333 2758 601 2840 inquam,
633 2778 764 2823 non
797 2762 1209 2824 convertendi
1253 2763 1318 2824 in
1358 2781 1496 2838 noS‚
1529 2764 1640 2827 sed
1671 2781 1816 2827 con-

333 2859 640 2922 versivam
701 2861 902 2923 nostri
961 2861 1027 2922 in
1085 2862 1318 2943 ipsum.
1383 2862 1458 2924 Et
1514 2863 1814 2946 quoniam

333 2955 602 3020 Christus
653 2959 720 3020 in
771 2959 892 3021 hoc
946 2967 1342 3023 sacramento
1399 2962 1815 3043 personaliter

1928 1992 2112 2037 versa
2143 1974 2456 2038 concessit
2485 1984 2880 2039 sacramenta
2910 1976 3431 2040 hominibus.Un-

1927 2074 2006 2136 de
2049 2074 2325 2155 tempori
2370 2074 2469 2136 sui
2513 2074 2846 2149 adventuS,
2888 2074 3163 2157 tempori
3208 2076 3426 2157 gratim

1926 2190 2000 2234 ac
2031 2171 2413 2253 evangelican
2444 2171 2623 2253 legiS,
2656 2172 2971 2237 diviniora
2999 2181 3063 2236 et
3095 2174 3427 2256 perfectio-

1929 2289 1997 2332 ra
2036 2271 2319 2354 providit
2354 2289 2427 2333 ac
2467 2271 2741 2333 contulit
2776 2279 3189 2347 sacramenta,
3223 2280 3295 2334 ut
3324 2293 3425 2335 su·
3453 2291 3715 2350 dm.11.q.2.

1928 2388 2041 2451 pra
2083 2369 2445 2452 expositum
2490 2377 2605 2432 est.
2650 2369 2916 2452 Semper
2956 2378 3169 2434 tamen
3209 2359 3424 2455 aliqua

1925 2476 2343 2542 sacramenta,
2363 2467 2808 2542 medicamina,
2828 2476 2893 2531 et
2920 2469 3168 2532 interna
3196 2469 3426 2532 viatica

1925 2583 1998 2627 ac
2028 2566 2374 2647 gratiarum
2410 2566 2791 2629 charismata
2824 2567 2999 2630 dedit
3033 2567 3422 2631 hominibus,

1925 2665 2138 2728 Passio
2179 2683 2435 2747 quoque
2476 2665 2706 2728 Christi
2754 2666 2873 2729 hoc
2911 2664 3067 2730 fecit
3107 2667 3321 2730 futura
3363 2674 3426 2730 et

1927 2763 2188 2836 credita,
2220 2763 2390 2845 quod
2434 2781 2605 2825 nunc
2646 2763 2779 2844 agit
2820 2763 3101 2846 impleta.

2006 2862 2329 2925 Postremo
2356 2861 2891 2925 Antisiodorensis
2912 2880 2926 2924 :
2946 2863 3297 2945 Multiplex,
3315 2864 3421 2936 ait,

1927 2967 2024 3022 est
2069 2978 2260 3022 causa
2313 2959 2729 3022 institutionis
2786 2959 3167 3022 sacramenti
3216 2959 3419 3022 istiuS.

331 3061 504 3138 atque
544 3057 802 3120 realiter
835 3059 1217 3135 continetur,
1252 3078 1378 3123 non
1413 3060 1536 3123 luit
1571 3061 1691 3126 hoc
1725 3081 1815 3125 sa·
1845 3064 1888 3128 C
1927 3059 2134 3122 Prima
2178 3065 2275 3121 est
2321 3057 2841 3121 commemoratio
2890 3056 3204 3141 passionis
3248 3058 3423 3122 Chri-

332 3164 716 3219 cramentum
767 3157 834 3219 in
882 3158 1083 3221 veteri
1135 3158 1272 3240 lege
1322 3160 1810 3236 instituendum,

333 3252 472 3331 quia
515 3261 671 3316 tunc
721 3253 955 3318 Christi
1015 3256 1368 3320 incarnatio
1413 3257 1619 3321 solum
1673 3276 1813 3341 pro-

333 3350 706 3415 mittebatur.

401 3450 583 3513 Porro
623 3451 688 3514 in
732 3452 926 3515 Coena
965 3451 1180 3515 decuit
1219 3438 1704 3517 sacramentum‘
1736 3455 1814 3517 is-

331 3548 432 3610 tud
469 3548 737 3612 institui.
775 3549 1004 3624 Primo,
1038 3550 1189 3631 quia
1229 3551 1308 3613 ad
1353 3560 1634 3615 nostram
1677 3572 1814 3634 per-

331 3644 660 3710 fectionem
717 3647 1091 3729 exigebatur
1150 3656 1220 3709 ut
1277 3657 1469 3731 caput
1525 3659 1812 3714 nostrum

331 3744 652 3807 nobiscum
695 3753 866 3808 esset
901 3764 976 3807 ac
1019 3755 1423 3827 permaneret
1459 3750 1812 3812 secundum

331 3850 652 3926 utramque
690 3852 982 3907 naturam
1017 3862 1031 3907 :
1065 3844 1210 3908 ideo
1249 3845 1504 3927 quando
1539 3865 1652 3929 per
1679 3866 1813 3911 cor·

331 3942 599 4022 poralcm
647 3943 1050 4025 praesentiam
1101 3943 1308 4007 fuerat
1355 3964 1424 4007 se
1471 3944 1817 4009 abstractu-

331 4056 452 4113 rus,
493 4049 662 4103 recte
709 4042 1233 4111 sacramentalem
1277 4044 1683 4125 praesentiam
1734 4046 1814 4108 is—

331 4144 448 4200 tam
505 4138 802 4202 instituit.
855 4140 1144 4203 Secunda
1204 4142 1362 4204 ratio
1408 4142 1686 4205 sumitur
1733 4143 1812 4205 ab

1927 3158 2029 3232 sti,
2074 3157 2613 3240 quemadmodum
2661 3157 2823 3220 dixit
2874 3176 2887 3221 :
2942 3156 3069 3220 Hoc
3116 3155 3307 3220 facite
3358 3159 3423 3220 in
3488 3176 3719 3229 Luam,

1926 3275 2133 3319 meam
2167 3256 2847 3319 commemorationem.
2860 3255 3008 3330 Quae
3032 3256 3265 3338 triplex
3294 3264 3419 3319 est:
3456 3242 3521 3283 ¹⁹·

1925 3355 2133 3437 prima
2179 3362 2277 3417 est
2325 3355 2847 3417 commemoratio
2902 3354 3181 3417 caritatis
3230 3373 3423 3436 quam

1925 3452 2212 3515 Christus
2260 3452 2445 3514 nobis
2504 3452 2880 3514 monstravit
2928 3452 3257 3515 moriendo
3310 3472 3425 3535 pro

1924 3550 2132 3623 nobis,
2162 3550 2344 3631 juxta
2387 3551 2558 3632 quod
2603 3549 2885 3631 loquitur
2926 3567 2940 3611 :
2982 3550 3284 3631 MaJorem
3328 3570 3425 3614 ca-
3463 3579 3717 3632 Joannm,

1924 3651 2173 3713 ritatem
2213 3667 2403 3713 nemo
2434 3648 2644 3723 habet,
2678 3656 2751 3710 ut
2777 3649 3057 3711 animam
3096 3667 3275 3711 suam
3312 3666 3421 3730 po·
3454 3645 3519 3684 ¹³·

1927 3757 2032 3811 nat
2059 3749 2205 3831 quis
2236 3766 2353 3830 pro
2380 3747 2605 3810 amicis
2636 3746 2801 3826 suis3
2822 3746 3103 3809 secunda
3130 3754 3227 3808 est
3254 3763 3423 3808 com-

1927 3847 2299 3910 memoratio
2348 3845 2742 3907 liberationis
2791 3863 2918 3926 qua
2974 3862 3091 3907 nos
3151 3843 3423 3906 redemit

1924 3963 1960 4006 a
1989 3945 2295 4007 servitute
2334 3942 2571 4005 diaboli
2603 3949 2667 4005 et
2696 3942 2963 4024 peccati,
2995 3948 3060 4004 et
3088 3959 3125 4003 a
3159 3941 3422 4024 captivi-

1923 4050 2050 4106 tate
2081 4042 2349 4121 inl'erni3
2382 4042 2567 4104 tertia
2600 4048 2695 4105 est
2724 4041 3244 4104 commemoratio
3282 4040 3421 4103 imi-

1924 4141 2181 4204 tationis
2234 4159 2362 4223 qua
2409 4140 2640 4204 Christi
2689 4139 2956 4221 vestigia
3002 4140 3185 4223 sequi
3233 4140 3420 4203 debe·
3488 4159 3711 4214 menn.

331 4236 460 4318 ejus
494 4237 719 4320 figura.
756 4238 1042 4303 Christus
1081 4258 1360 4323 namque
1397 4241 1705 4323 quamdiu
1747 4242 1811 4305 in
1845 4243 1894 4306 D
1927 4247 2165 4314 muS‚et
2186 4240 2453 4303 virtutes
2482 4257 2639 4322 quas
2672 4238 2856 4302 nobis
2888 4239 2953 4301 in
2983 4258 3098 4302 sua
3126 4240 3419 4323 passione
3448 4226 3515 4267 ²¹·

335 4338 560 4401 mundo
589 4346 998 4401 conversatus
1027 4345 1144 4413 est,
1157 4338 1395 4419 figuras
1428 4339 1585 4420 legis
1614 4340 1817 4404 voluit

60 4424 62 4431 '
121 4440 313 4499 &aaa
336 4435 680 4511 observare,
704 4435 909 4499 factus
939 4436 1059 4499 sub
1091 4437 1257 4519 lege3
1281 4443 1344 4500 et
1373 4439 1677 4520 quoniam
1708 4458 1812 4503 ve-

335 4534 868 4609 nienteveritate,
911 4542 1114 4598 cessat
1154 4535 1381 4617 figura,
1424 4554 1552 4601 non
1593 4537 1814 4601 debuit

331 4632 441 4696 hoc
499 4642 966 4697 sacramentum
1029 4634 1276 4697 institui
1343 4635 1468 4697 nisi
1538 4637 1812 4700 instante

330 4733 550 4797 Christi
603 4752 880 4808 recessu,
931 4733 1186 4816 quando
1233 4733 1458 4814 figurae
1507 4734 1664 4816 legis
1713 4735 1810 4798 fu-

329 4840 496 4895 erant
533 4832 970 4895 terminandae.
1005 4832 1214 4895 Tertia
1255 4832 1416 4895 ratio
1457 4833 1735 4895 sumitur
1776 4854 1814 4897 a

328 4932 864 5011 repraesentatione
887 4930 1268 4993 sacramenti
1295 4930 1486 4993 istius.
1504 4931 1612 4993 Est
1636 4932 1812 4995 enim

328 5030 902 5108 repraesentativum
941 5028 1280 5091 dominicae
1318 5029 1634 5110 passionis
1669 5048 1684 5092 ε
1720 5032 1812 5093 id·

327 5142 396 5187 eo
425 5128 714 5208 passione
743 5128 822 5189 de
853 5127 1144 5209 proximo
1179 5128 1556 5192 imminente
1592 5138 1688 5193 est
1717 5131 1810 5194 in-

327 5223 624 5288 stitutum.
657 5226 890 5299 Quarta
918 5226 1080 5289 ratio
1107 5226 1384 5289 sumitur
1413 5245 1490 5290 ex
1522 5227 1650 5291 ritu
1680 5248 1811 5312 quo

329 5330 416 5385 est
444 5323 999 5408 frequentandum,
1032 5332 1104 5388 ut
1140 5325 1386 5389 scilicet
1425 5325 1652 5390 ultimo
1679 5334 1804 5392 tra-

1925 4338 2203 4403 ostendit
2234 4358 2247 4403 :
2288 4338 2508 4421 sieque
2552 4337 2927 4419 intelligitur
2965 4337 3124 4400 illud
3160 4340 3419 4421 Aposto-

1925 4438 1991 4514 li,
2025 4438 2177 4501 Mihi
2215 4446 2428 4501 autem
2464 4437 2629 4500 absit
2654 4436 2934 4519 gloriari,
2967 4435 3092 4499 nisi
3133 4436 3199 4499 in
3230 4454 3417 4500 cruce
3475 4458 3631 4503 calae.
3652 4472 3709 4513 vn,

1923 4537 2178 4600 Domini
2218 4538 2343 4599 mei
2372 4536 2519 4599 Jesu
2558 4534 2812 4610 Christi,
2846 4534 2908 4597 id
2948 4542 3065 4609 est,
3099 4534 3165 4597 in
3203 4552 3419 4599 amore
3450 4528 3514 4567 ¹⁴·

1923 4655 2115 4717 quem
2176 4635 2332 4697 mihi
2394 4636 2459 4697 in
2519 4653 2634 4696 sua
2683 4633 3100 4695 crucifixione
3148 4651 3265 4715 pro
3314 4653 3416 4697 me

1925 4733 2373 4807 manifestavit,
2407 4740 2471 4795 et
2501 4732 2567 4795 in
2602 4731 2975 4794 liberatione
3011 4749 3136 4813 qua
3168 4750 3271 4793 me
3302 4751 3417 4814 per

1923 4850 2102 4895 suam
2165 4848 2423 4893 crucem
2482 4830 2771 4903 redemit,
2822 4837 2886 4891 et
2934 4830 2998 4890 in
3060 4828 3413 4892 imitatione

1921 4930 2231 4993 virtutum
2264 4948 2422 5011 quas
2463 4946 2565 4990 me
2596 4929 2661 4989 in
2701 4946 2816 4990 sua
2848 4927 3067 4989 docuit
3096 4928 3408 5009 passione.

1922 5028 2211 5092 Secunda
2254 5027 2413 5090 ratio
2456 5026 2869 5089 institutionis
2916 5025 3109 5106 hujus
3148 5033 3246 5088 est
3283 5045 3413 5089 me·

1921 5130 2116 5190 ritum
2160 5127 2335 5190 fidei.
2380 5125 2608 5197 Tertia,
2648 5123 3005 5188 sublevatio
3046 5125 3206 5207 spei,
3244 5125 3413 5188 sicut

1920 5225 2343 5310 praehabitum
2381 5232 2495 5288 est.
2528 5224 2757 5298 Quarta
2792 5230 2889 5286 est
2925 5223 3259 5288 instructio
3300 5244 3409 5289 no·
3440 5255 3705 5311 cfipgwff,

1919 5334 2068 5400 stra,
2119 5332 2191 5387 ut
2237 5323 2557 5387 discamus
2614 5341 2690 5385 ea
2743 5342 2885 5405 quae
2932 5320 3087 5386 fidei
3145 5332 3294 5387 sunt
3342 5326 3409 5390 in
