4267 6250
1191 513 1367 561 mm
1406 514 1471 561 w
1509 512 1991 563 summania.
2032 532 2114 543 —
2154 514 2308 561 nis-r.
2351 515 2422 561 111
3279 494 3358 559 97

298 690 373 753 Et
404 690 455 753 si
486 687 795 770 Spiritum
832 687 1149 753 Sanctum
1184 688 1389 769 dicaS,
1420 687 1638 753 Deum
1674 688 1963 770 Patrem,
1995 707 2034 753 a
2062 706 2194 771 quo
2231 688 2547 772 procedit,
2583 689 2650 751 et
2681 685 2932 751 Filium
2971 686 3139 768 eJuS,
3171 687 3363 768 cujus

300 810 385 871 est
406 806 696 889 SpirituS,
736 806 1153 888 nuncupasti.
1196 806 1385 870 Unde
1412 807 1489 869 ut
1515 806 1756 870 rationi
1794 805 2139 886 copuletur
2171 806 2548 886 auctoritas,
2589 804 2918 869 Dominus
2963 804 3124 868 dicit
3163 823 3180 867 z
3222 803 3362 869 Vos
3413 826 3622 881 Aeae.1‚³.

298 924 489 987 autem
533 922 1027 1005 baptizabimini
1062 922 1315 1005 Spiritu
1359 923 1621 987 Sancto.
1670 924 1774 986 Ex
1821 938 1953 1003 quo
2004 922 2252 985 indicat
2297 938 2422 985 nos
2464 922 2638 985 recte
2686 937 2882 1003 posse
2927 920 3244 1002 baptizari
3288 921 3360 983 in

297 1040 515 1121 Spiritu
556 1040 822 1105 Sancto.

474 1272 549 1336 E.
599 1268 1055 1351 Persa-inuit
1070 1276 1641 1349 praemissorum
1684 1273 2284 1350 tntezetoenttam,
2326 1287 2494 1337 cum
2529 1273 3148 1338 aetemntnattone

1479 1392 1875 1464 cujusdam
1914 1390 2124 1453 'dicta

400 1607 495 1670 Ex
520 1607 627 1671 his
662 1606 883 1689 aperte
911 1603 1320 1685 intellexisti,
1352 1604 1727 1679 innomine
1764 1603 2009 1668 Christi
2045 1622 2278 1669 verum
2314 1604 2655 1686 Baptisma
2691 1605 2860 1670 tradi
2894 1625 2910 1667 ε
2943 1606 3116 1670 unde
3151 1602 3364 1671 nihilo

294 1724 485 1787 minus
510 1724 831 1787 insinuari
870 1722 1151 1801 videtur,
1182 1738 1417 1785 verum
1455 1721 1800 1803 Baptisma
1834 1722 2004 1785 tradi
2040 1738 2236 1804 posse
2278 1722 2346 1785 in
2383 1722 2652 1785 nomine
2691 1722 2908 1785 Patris
2944 1724 3226 1804 tantum,
3259 1724 3364 1787 vel

294 1839 546 1919 Spiritus
595 1839 815 1903 Sancti
872 1840 1155 1918 tantum,
1210 1838 1268 1899 si
1323 1839 1545 1901 tamen
1600 1838 1712 1902 ille
1758 1839 1874 1920 qui
1932 1838 2240 1920 baptizat,
2291 1833 2488 1901 fidem
2535 1838 2874 1901 Trinitatis
2924 1839 3161 1920 teneat,
3213 1857 3363 1920 quae

295 1954 546 2019 Trinitas
581 1957 650 2019 in
687 1955 982 2036 quolibet
1008 1955 1249 2019 horum
1285 1955 1635 2018 nominum
1671 1955 2079 2037 intelligitur.
2122 1956 2192 2019 Si
2231 1956 2452 2019 autem
2481 1954 2722 2036 aliquis
2756 1936 3060 2037 perverse
3093 1956 3365 2020 credens

297 2072 351 2133 et
372 2088 635 2135 errorem
664 2072 970 2136 inducere
1004 2071 1373 2151 intendenS,
1396 2090 1605 2135 unum
1634 2073 1715 2136 de
1742 2072 1953 2136 tribus
1980 2074 2236 2135 tantum
2268 2073 2624 2153 nuncupet,
2645 2088 2779 2135 non
2807 2072 3092 2154 complet
3118 2074 3366 2154 myste-

294 2188 465 2251 rium.
501 2187 687 2261 Quod
713 2205 871 2252 vero
906 2188 1021 2269 ait,
1060 2188 1418 2251 nominatis
1446 2188 1659 2251 tribus
1694 2205 1977 2252 vacuum
2006 2205 2150 2253 esse
2187 2189 2605 2270 mysterium,
2635 2188 2694 2252 si
2730 2189 3067 2271 baptizans
3107 2189 3368 2254 minuat

292 2306 647 2384 potestatem
683 2304 901 2369 Patris
940 2303 1046 2369 vel
1084 2304 1240 2367 Filii
1279 2303 1383 2368 vel
1432 2304 1719 2386 Spiritus
1771 2304 2015 2385 Sancti,
2056 2304 2124 2368 id
2175 2306 2298 2387 est,
2339 2306 2399 2369 si
2446 2304 2617 2369 male
2653 2305 2893 2369 sentiat
2936 2306 3018 2369 de
3071 2307 3368 2388 potentia

294 2419 543 2501 alicujus
575 2422 837 2501 horum,
875 2438 1011 2486 non
1058 2422 1328 2485 credens
1381 2438 1583 2485 unam
1628 2422 1993 2504 potentiam
2028 2421 2805 2504 trium3'intelligendum
2850 2424 2950 2486 est
2984 2422 3112 2486 hoc
3169 2440 3369 2504 super

296 2552 425 2598 eum
466 2538 574 2619 qui
620 2555 759 2601 non
812 2539 1097 2603 intendit
1130 2555 1251 2602 nec
1306 2538 1512 2602 credit
1545 2538 1896 2619 baptizare,
1944 2539 2059 2620 qui
2104 2555 2238 2601 non
2286 2539 2542 2601 tantum
2592 2538 2768 2601 caret
2811 2538 2962 2618 fide,
3004 2538 3120 2602 sed
3167 2539 3367 2603 etiam

296 2651 688 2719 intentionem
736 2654 1112 2737 baptizandi
1148 2672 1283 2718 non
1322 2654 1541 2719 habet.
1584 2654 1714 2729 Qui
1742 2672 1899 2719 vero
1935 2654 2222 2735 baptizat
2260 2655 2326 2717 in
2370 2655 2640 2718 nomine
2667 2653 2935 2734 Christi,
2976 2653 3264 2736 baptizat
3298 2655 3370 2717 in

296 2770 527 2834 nomine
552 2770 913 2849 Trinitatis,
949 2787 1099 2853 quae
1135 2770 1229 2834 ibi
1266 2770 1677 2852 intelligitur.
1712 2770 1948 2835 Tutius
1985 2771 2085 2834 est
2118 2770 2340 2835 tamen
2367 2772 2501 2835 tres
2527 2787 2842 2853 personas
2877 2769 2971 2833 ibi
3000 2755 3365 2852 nominare,

295 2884 357 2944 ut
386 2884 641 2967 dicatur,
680 2886 761 2949 In
806 2887 1077 2951 nomine
1110 2887 1329 2951 Patris
1370 2888 1435 2951 et
1470 2886 1626 2949 Filii
1664 2889 1730 2950 et
1773 2887 2061 2969 Spiritus
2097 2886 2320 2950 Sancti
2362 2906 2377 2947 :
2423 2902 2558 2949 non
2594 2886 2664 2949 in
2705 2886 3112 2967 nominibUS,
3145 2886 3262 2951 sed
3299 2887 3368 2950 in

296 3000 547 3081 nomine,
578 3000 645 3063 id
682 3003 784 3065 est
826 3003 895 3065 in
930 3002 1347 3067 invocatione
1383 3003 1488 3067 vel
1530 3003 1601 3065 in
1649 3002 2057 3067 confessione
2102 3002 2320 3065 Patris
2371 3003 2439 3065 et
2473 3001 2626 3064 Filii
2682 3003 2749 3065 et
2783 3002 3069 3084 Spiritus
3117 3002 3362 3067 Sancti.

296 3113 605 3182 Invocatur
652 3119 833 3184 enim
882 3119 978 3185 ibi
1036 3120 1175 3185 tota
1221 3118 1531 3199 Trinitas,
1562 3121 1640 3184 ut
1684 3119 2105 3184 invisibiliter
2159 3119 2252 3182 ibi
2300 3119 2605 3202 operetur
2647 3137 2766 3201 per
2821 3137 2914 3200 se,
2955 3120 3129 3184 sicut
3181 3122 3367 3185 extra

298 3232 603 3299 visibiliter
628 3252 747 3317 per
773 3236 1219 3301 ministerium
1236 3232 1284 3299 *.
1320 3236 1391 3300 Si
1429 3237 1650 3300 autem
1688 3236 1965 3314 dicatur,
2006 3235 2077 3298 in
2104 3235 2512 3315 nominibuS,
2552 3251 2686 3298 non
2723 3237 2823 3299 est
2857 3235 2949 3299 ibi
2987 3254 3361 3301 sacramen-
3393 3262 3666 3308 minium

296 3346 435 3427 tum,
481 3351 629 3432 quia
673 3367 811 3416 non
856 3353 1157 3417 servatur
1202 3352 1417 3417 forma
1459 3352 1809 3435 Baptismi.

1225 3595 1302 3658 F.
1353 3600 1455 3659 De
1500 3597 1961 3660 institutione
2003 3583 2392 3672 Baptisml.

408 3807 497 3872 De
528 3809 941 3873 institutione
978 3808 1325 3890 Baptismi,
1369 3811 1629 3890 quando
1668 3812 1959 3892 coeperit,
2000 3812 2200 3876 variae
2243 3811 2400 3874 sunt
2435 3810 2925 3874 aestimationes.
2959 3809 3094 3874 Alii
3131 3811 3360 3875 dicunt
3424 3837 3562 3893 nugo,
3603 3837 3660 3881 aa

300 3921 431 3987 tunc
469 3941 601 3991 esse
644 3925 1049 4004 institutum,
1095 3943 1299 4007 quum
1346 3926 1709 3990 Nicodemo
1756 3926 2060 3992 Christus
2104 3928 2198 3990 ait
2237 3947 2252 3990 ε
2293 3927 2441 3992 Nisi
2500 3927 2652 4009 quis
2703 3928 2970 3991 renatus
3023 3927 3223 3992 fuerit
3275 3947 3360 3993 ex
3387 3899 3656 4016 ἵζ’ζῗζᾞ

302 4053 446 4119 aqua
476 4043 537 4104 et
564 4043 813 4124 Spiritu
849 4042 1115 4120 Sancto,
1148 4043 1271 4105 etc.
1303 4041 1441 4105 Alii
1478 4042 1705 4106 dicunt
1741 4043 2226 4107 institutionem
2265 4043 2591 4125 Baptismi
2631 4041 2893 4124 factam,
2927 4061 3134 4126 quum
3175 4043 3359 4126 Apo·
3387 4024 3656 4076 ¹⁰“””·¹¹¹'³”

303 4155 461 4220 stolis
491 4158 653 4221 dixit
694 4179 709 4220 ε
750 4160 873 4240 Ite,
905 4159 1136 4222 docete
1174 4175 1403 4224 omnes
1437 4160 1689 4241 gentes,
1728 4159 2131 4240 baptizantes
2169 4176 2282 4223 eos
2319 4160 2388 4222 in
2435 4160 2702 4224 nomine
2738 4160 2955 4224 Patris
2996 4161 3061 4224 et
3105 4160 3257 4224 Filii
3297 4163 3361 4225 et
3443 4185 3616 4230 uana.

302 4269 547 4352 Spiritus
580 4273 821 4338 Sancti.
864 4275 995 4339 Sed
1031 4275 1159 4338 hoc
1194 4275 1367 4338 dixit
1414 4275 1511 4339 eis
1545 4276 1699 4356 post
1732 4276 2298 4357 resurrectionem,
2339 4277 2728 4358 praecipiens
2765 4276 2861 4341 eis
2897 4277 2980 4342 de
3019 4279 3360 4344 vocatione
3394 4261 3538 4302 mm'
3557 4252 3624 4294 ¹⁹⁰

302 4389 593 4474 gentium3
621 4407 791 4472 quos
825 4392 975 4456 ante
1012 4392 1390 4474 passione-m
1425 4392 1621 4457 binos
1656 4394 1722 4456 et
1756 4392 1949 4455 binos
1985 4393 2255 4456 miserat
2289 4391 2373 4454 ad
2398 4392 2892 4475 praedicandum
2927 4394 2996 4456 in
3029 4395 3263 4459 Judaea
3297 4397 3364 4459 et

302 4503 370 4566 acl
408 4505 876 4589 baptizandum,
916 4508 1192 4572 dicens:
1228 4508 1305 4571 In
1351 4508 1529 4571 viam
1580 4509 1878 4591 gentium
1929 4527 2011 4573 ne
2067 4509 2382 4573 abieritis.
2422 4509 2572 4572 Jam
2625 4526 2778 4590 ergo
2831 4510 3174 4576 institutus
3224 4514 3362 4576 erat
3415 4534 3640 4590 mans.

302 4617 661 4706 Baptismus,
699 4626 859 4708 quia
904 4623 1324 4708 baptizabant
1368 4625 1572 4690 simul
1628 4627 1694 4689 et
1735 4625 2201 4709 praedicabant.

397 4863 467 4930 G.
512 4869 609 4932 De
648 4869 902 4944 forma
949 4873 1031 4936 in
1068 4887 1215 4949 qua
1262 4872 1829 4948 baptizaverunt
1870 4873 2208 4947 Apostoli
2250 4874 2426 4937 ante
2464 4876 2892 4949 passionem
2945 4876 3238 4939 Christi.

412 5079 475 5144 Si
506 5100 655 5148 vero
694 5085 1035 5166 quaeritur,
1077 5085 1147 5150 in
1186 5102 1319 5168 qua
1366 5085 1579 5150 forma
1628 5087 1784 5150 tunc
1830 5085 2328 5168 baptizaverunt
2360 5085 2701 5171 Apostoli3
2741 5105 2897 5152 sane
2938 5087 3071 5152 dici
3115 5089 3356 5171 potest,

308 5191 365 5254 in
395 5200 637 5264 nomine
660 5201 1027 5282 Trinitatis,
1067 5203 1318 5268 scilicet
1352 5203 1423 5266 in
1461 5219 1539 5266 ea
1575 5202 1787 5266 forma
1827 5202 1897 5265 in
1940 5219 2071 5283 qua
2106 5201 2600 5284 baptizaverunt
2639 5205 2868 5285 postea
2902 5206 3129 5285 gentes
3161 5224 3176 5267 τ
3209 5222 3358 5286 quae

311 5311 433 5376 ante
454 5317 816 5396 passionem
852 5319 1072 5400 potest
1105 5319 1386 5402 intelligi
1422 5319 1629 5384 fuisse
1656 5319 1916 5400 tradita,
1955 5319 2109 5384 licet
2149 5335 2284 5382 non
2323 5319 2413 5382 sit
2447 5319 2790 5402 scriptum.
2831 5319 2984 5385 Non
3019 5336 3173 5403 ergo
3202 5321 3362 5386 tunc

518 5452 581 5504 Τ.
613 5455 691 5506 24.
2915 5467 2922 5474 ·
3079 5459 3110 5510 7
