4267 6250
854 450 976 517 370

1510 468 1572 515 m
1613 469 1836 516 mmm(
1878 467 1938 513 1v
1980 466 2463 517 summum!-
2506 484 2583 494 —
2624 466 2777 513 msr.
2817 466 2964 530 xlv;
3008 464 3233 523 QuAEsT.
3272 468 3313 513 V

855 646 920 702 et
965 640 1044 702 de
1100 648 1360 721 peccato
1418 640 1685 703 remisso
1744 659 1858 722 per
1907 638 2349 721 poenitentiam
2380 636 2434 701 A
2460 636 2786 701 confessor
2816 638 2881 700 in
2923 637 3032 701 tali
3072 656 3221 701 casu
3262 655 3390 701 non
3434 636 3775 721 patefaciat
3801 636 3961 700 faci-

854 757 998 819 quae
1033 747 1131 801 est
1166 739 1370 801 virtus
1415 758 1527 801 seu
1565 746 1745 800 actus
1788 737 2065 810 virtutis,
2098 744 2355 799 tenetur

854 835 1046 898 homo
1088 837 1528 919 poenitentiam
1573 855 1716 918 quae
1748 842 1844 899 est
1879 842 2349 898 sacramentum

855 933 1161 1015 recipere,
1214 935 1268 997 si
1327 942 1550 1018 potest.
1601 934 1666 997 Si
1714 941 1926 997 autem
1984 934 2177 997 homo
2219 950 2346 995 non

853 1031 1085 1095 habeat
1112 1034 1546 1114 conjecturam
1588 1031 1987 1117 probabilem
2020 1032 2098 1094 de
2128 1031 2350 1093 remis-

855 1130 1032 1193 sione
1077 1131 1173 1193 sui
1220 1131 1488 1213 peccati,
1519 1138 1584 1193 et
1625 1131 1879 1213 quando
1919 1150 1997 1192 ex
2045 1128 2353 1192 delibera-

854 1229 1026 1291 tione
1057 1229 1290 1309 cogitat
1327 1229 1404 1291 de
1444 1228 1577 1291 suis
1617 1228 1917 1310 peccatiS,
1949 1235 2103 1289 tunc
2140 1245 2215 1289 ea
2244 1228 2348 1289 de-

856 1327 1070 1389 testari
1114 1334 1384 1389 tenetur.
1419 1326 1555 1390 Non
1600 1326 1772 1389 enim
1817 1334 2026 1389 servat
2071 1325 2351 1387 fideliter

856 1432 1299 1506 recuperatum
1349 1424 1581 1487 divinae
1628 1423 1928 1486 amicitiae
1973 1422 2206 1498 foedus,
2242 1422 2347 1484 cui

853 1530 997 1584 actu
1037 1540 1164 1586 non
1205 1522 1503 1605 displicet
1541 1522 1604 1584 id
1645 1522 1815 1604 quod
1856 1522 2020 1583 inter
2051 1522 2253 1584 Deum
2285 1528 2349 1583 et

855 1619 1068 1702 ipsum
1117 1639 1306 1682 causa
1360 1619 1715 1683 inimicitiae
1772 1618 1916 1693 fuit,
1967 1619 2222 1700 quando
2268 1618 2347 1680 de

854 1716 964 1779 illo
1009 1716 1342 1779 actualiter
1390 1718 1622 1799 cogitat
1668 1722 1857 1798 atque
1906 1715 2235 1779 deliberat.
2271 1715 2347 1777 Et

2460 755 2582 798 nus
2612 735 3001 810 confitentiS,
3034 754 3235 818 quum
3264 736 3523 799 aliunde
3550 744 3799 799 constet
3824 755 3964 818 gra·

2461 834 2623 896 vitas
2671 834 2771 896 sui
2813 853 3113 898 excessus
3157 836 3222 899 in
3272 836 3557 920 speciali,
3591 835 3693 899 vel
3730 836 3961 899 saltem

2462 932 2529 994 in
2584 932 2885 1012 generali.
2937 934 3264 996 Interdum
3311 952 3567 1017 quoque
3625 953 3795 997 unus
3843 952 3964 1016 pro

2460 1029 2585 1092 alio
2617 1030 3058 1111 poenitentiam
3087 1032 3236 1112 agit,
3268 1040 3335 1094 et
3375 1032 3461 1094 ita
3498 1050 3627 1095 non
3668 1033 3963 1114 sequitur

2459 1128 2623 1210 quod
2652 1128 2864 1191 taliter
2892 1130 3209 1212 poenitens
3241 1131 3658 1211 personaliter
3684 1131 3965 1193 excessit

2460 1228 2823 1289 enormiter.
2856 1226 2987 1289 Nec
3029 1226 3199 1289 istud
3240 1228 3499 1309 derogat
3544 1235 3791 1292 secreto
3835 1229 3960 1291 fori

2460 1324 2898 1398 confessionis,
2931 1326 3233 1407 quoniam
3266 1326 3433 1389 sicut
3460 1326 3778 1389 confitens
3808 1344 3959 1390 con-

2458 1422 2679 1484 fitetur
2707 1429 2971 1497 secrete,
3006 1424 3091 1485 ita
3120 1431 3182 1486 et
3212 1424 3587 1505 poenitentia
3616 1424 3677 1487 ei
3707 1425 3961 1488 occulte

2458 1519 2837 1601 injungitur,
2871 1540 3062 1603 quam
3106 1529 3320 1585 tamen
3363 1522 3626 1605 exsequi
3670 1523 3809 1605 ipse
3850 1542 3963 1607 po-

2459 1624 2582 1681 test
2628 1626 2864 1700 aperte.
2906 1655 2989 1665 —
3026 1619 3271 1682 Dicitur
3315 1628 3526 1683 autem
3578 1622 3963 1703 poenitentia

2459 1732 2681 1778 omnes
2732 1734 3027 1779 revocare
3076 1716 3386 1792 defectuS,
3438 1719 3835 1783 restituendo
3882 1739 3961 1783 ac

849 1817 1152 1899 quoniam
1195 1817 1388 1881 homo
1430 1816 1738 1899 quamdiu
1781 1825 1875 1879 est
1921 1815 1987 1878 in
2031 1816 2151 1878 hac
2193 1815 2342 1890 vita,
2383 1816 2429 1878 B
2461 1813 2820 1877 reducendo
2858 1815 3276 1878 confitentem
3319 1816 3396 1878 ad
3442 1816 3777 1898 pristinam
3816 1836 3961 1899 gra-

849 1922 1056 1996 potest
1083 1915 1294 1978 facere
1322 1915 1494 1997 quod
1527 1913 1592 1977 in
1625 1934 1692 1977 se
1723 1922 1834 1989 est,
1851 1922 2058 1996 potest
2081 1914 2346 1995 gratiam

849 2032 1246 2095 recuperare.
1297 2013 1554 2076 Homini
1609 2021 1823 2076 autem
1882 2013 2003 2077 hoc
2061 2011 2343 2088 facienti,

849 2112 1016 2174 Deus
1055 2112 1322 2193 gratiam
1363 2119 1428 2174 et
1465 2110 1907 2194 poenitentiam
1951 2128 2098 2174 mox
2133 2110 2347 2174 infun-

848 2208 959 2271 dit.
1006 2208 1149 2272 Haec
1191 2207 1560 2272 Richardus.

1293 2523 1767 2599 QUAESTIO
1837 2524 1896 2585 V

984 2798 1115 2861 Unc
1144 2797 1472 2879 quaeritur,
1504 2798 1634 2863 An
1673 2796 1957 2863 debeat
1995 2811 2166 2863 esse
2198 2796 2341 2864 all-

1011 2911 1162 2978 qua
1194 2896 1549 2962 solennis
1589 2896 2093 2977 poenitentia,
2126 2897 2209 2961 et
2246 2895 2341 2961 de

2456 1911 2635 1983 tiam,
2669 1928 2795 1974 non
2840 1913 2918 1975 ad
2966 1912 3306 1995 pristinam
3352 1914 3725 1995 dignitatem
3760 1933 3776 1977 ε
3810 1914 3963 1979 ideo

2452 2009 2753 2072 mulieres
2808 2016 2951 2092 post
2997 2017 3319 2094 peractam
3380 2012 3824 2094 poenitentiam
3874 2015 3961 2077 de

2449 2106 2890 2182 fornicatione,
2923 2126 3050 2172 non
3081 2109 3394 2184 velantur,
3428 2110 3731 2192 quoniam
3761 2112 3961 2194 virgi-

2450 2222 2637 2267 neam
2669 2223 2796 2269 non
2828 2215 3206 2289 recuperant
3232 2208 3625 2289 dignitatem.
3643 2209 3961 2274 Similiter

2451 2309 2595 2385 post
2632 2303 2958 2385 publicam
3001 2304 3446 2387 poenitentiam
3486 2316 3780 2389 peccator
3820 2326 3957 2372 non

2448 2407 2660 2481 potest
2684 2401 2762 2464 ad
2793 2402 3165 2466 clericatum
3196 2404 3475 2485 assumi3
3506 2413 3571 2468 ct
3608 2406 3956 2489 episcopus

2448 2497 2641 2561 talem
2698 2492 3021 2577 ordinanS,
3072 2508 3382 2584 potestate
3438 2503 3774 2567 ordinandi
3824 2504 3958 2587 pri-

2448 2597 2694 2659 vandus
2736 2606 2853 2673 est,
2888 2598 3015 2661 nisi
3060 2599 3222 2663 forte
3266 2600 3611 2665 necessitas
3649 2610 3959 2685 exposcat

2450 2694 2750 2758 Ecclesiae
2790 2703 2900 2759 aut
2941 2698 3353 2762 consuetudo.
3389 2699 3563 2762 Tunc
3604 2700 3781 2763 enim
3820 2700 3954 2763 dis-

2452 2794 2781 2875 pensative
2838 2795 2917 2857 ad
2976 2795 3257 2860 minores
3315 2796 3624 2879 recipitur
3668 2798 3951 2873 ordineS,

2452 2908 2581 2953 non
2619 2892 2697 2953 ad
2732 2892 2987 2955 ordines
3020 2914 3255 2959 sacros.
3288 2896 3521 2971 Primo,
3554 2903 3813 2979 propter
3854 2897 3959 2960 di-

843 2996 1011 3061 rltu
1058 2993 1308 3073 illius,
1360 2995 1600 3073 atque
1647 3007 1750 3059 an
1800 2992 2056 3073 possit
2100 2994 2339 3059 reite·
2370 2996 2415 3061 C
2452 2989 2759 3069 gnitatem
2806 2992 3104 3054 ordinum
3154 2993 3405 3057 horum.
3448 2996 3762 3069 Secundo,
3806 3014 3963 3078 pro-

845 3091 1190 3252 ra'ilfdidetur
1235 3189 1405 3272 quod
1460 3189 1636 3251 nulla
1691 3188 1919 3251 debeat
1970 3189 2347 3271 poenitentia

845 3288 1126 3352 solennis
1155 3306 1268 3353 seu
1299 3286 1554 3371 publica
1584 3287 1914 3350 confitenti
1946 3288 2203 3370 imponi.
2218 3289 2347 3351 Hoc

845 3388 1020 3450 enim
1060 3395 1228 3451 esset
1263 3386 1404 3467 ejus
1444 3392 1778 3467 peccatum
1817 3386 2247 3461 manifestare,
2282 3393 2346 3448 et

843 3487 1001 3551 alios
1033 3494 1384 3570 perterrere
1422 3491 1487 3547 et
1521 3503 1560 3546 a
1597 3483 1996 3548 confessione
2033 3492 2339 3548 avertere.

841 3621 921 3635 —
952 3584 1177 3648 Omnia
1204 3601 1460 3666 quoque
1490 3603 1634 3666 quae
1665 3582 1730 3645 in
1761 3583 1899 3647 foro
1929 3583 2345 3647 conscientio·

843 3703 914 3748 so
960 3684 1128 3746 inter
1175 3681 1606 3747 confessorem
1661 3680 2208 3764 confitentemque
2264 3681 2341 3744 fi-

843 3791 979 3856 unt,
1013 3782 1249 3845 debent
1277 3799 1418 3845 esse
1449 3790 1709 3844 secreta.
1735 3780 1872 3844 Non
1903 3797 2054 3862 ergo
2082 3780 2345 3864 publica

844 3882 1221 3963 poenitentia
1261 3887 1359 3943 est
1400 3879 1810 3961 injungenda.

923 4077 1015 4141 Ad
1054 4079 1190 4142 haec
1221 4076 1490 4140 Thomas
1524 4093 1538 4138 :
1571 4074 1802 4158 Aliqua
1837 4075 2103 4158 (inquit)
2138 4074 2341 4158 poeni-

2454 3095 2597 3171 pter
2634 3089 3025 3153 recidivandi
3074 3091 3391 3156 timorem.
3426 3094 3659 3171 Tertio,
3690 3102 3959 3178 propter

2453 3185 2819 3250 scandalum
2847 3187 3217 3252 evitandum
3249 3191 3314 3253 in
3344 3192 3603 3273 populo,
3616 3193 3785 3274 quod
3812 3210 3963 3275 pos·

2452 3291 2549 3347 set
2590 3286 2741 3349 oriri
2786 3305 2863 3349 ex
2906 3289 3404 3368 praecedentium
3449 3291 3759 3354 memoria
3795 3291 3957 3355 deli·

2454 3389 2714 3445 ctorum.
2732 3384 2979 3459 Quarto,
2995 3385 3301 3468 quoniam
3332 3405 3460 3451 non
3489 3387 3751 3452 haberet
3778 3387 3959 3452 fron-

2453 3487 2582 3542 tem
2623 3481 2981 3564 corrigendi
3018 3484 3199 3560 alioS,
3233 3504 3435 3567 quum
3472 3487 3614 3568 ejus
3648 3506 3955 3552 excessus

2452 3580 2648 3643 fuerit
2688 3581 3005 3664 publicus.

2534 3681 2818 3762 Denique
2847 3681 2926 3744 de
2956 3681 3084 3743 ritu
3114 3682 3396 3746 solennis
3426 3685 3815 3766 poenitentiae
3842 3687 3959 3748 ad-

2451 3779 2851 3854 vertendum,
2884 3780 3055 3862 quod
3093 3780 3303 3843 omnis
3342 3783 3719 3864 poenitentia
3746 3784 3959 3848 solen-

2451 3876 2552 3940 nis
2599 3885 2699 3941 est
2742 3878 3023 3960 publica,
3069 3897 3197 3943 non
3246 3889 3523 3945 econtra.
3575 3883 3961 3949 Poenitentia

2452 3975 2694 4059 quippe
2722 3976 3004 4040 solennis
3033 3977 3115 4041 fit
3147 3979 3240 4041 sic
3274 3997 3289 4041 ε
3322 3980 3394 4043 ln
3434 3981 3641 4064 capite
3679 3983 3959 4057 Quadra-

2449 4076 2707 4155 gesimae
2768 4075 2928 4138 tales
2990 4075 3374 4158 poenitentes
3435 4088 3819 4161 praesentant
3858 4099 3957 4152 ,se

842 4176 1042 4240 tentia
1076 4175 1268 4238 debet
1303 4193 1446 4238 esse
1482 4173 1741 4257 publica
1768 4181 1832 4236 et
1861 4174 2165 4248 solenniS,
2198 4192 2340 4258 pro·
2372 4177 2421 4238 D
2451 4191 2599 4235 cum
2630 4172 3019 4255 presbyteris
3048 4174 3181 4237 suis
3210 4175 3513 4258 episcopo
3540 4177 3815 4242 civitatis
3842 4199 3959 4243 an-

845 4281 986 4356 pter
1035 4280 1321 4356 quatuor.
1355 4271 1584 4346 Primo,
1630 4280 1702 4333 ut
1749 4270 2080 4354 publicum
2122 4291 2343 4355 pecca-

841 4380 971 4435 tum
1005 4371 1329 4454 publicam
1359 4370 1590 4433 habeat
1618 4369 2014 4432 medicinam.
2031 4371 2337 4446 Secund0,

843 4470 1146 4554 quoniam
1177 4468 1456 4531 maxima
1495 4467 1870 4531 confusione
1899 4468 2090 4530 etiam
2121 4469 2189 4531 in
2219 4470 2339 4534 hoc

843 4568 1084 4632 mundo
1123 4574 1221 4630 est
1261 4566 1492 4647 diguus
1534 4565 1646 4648 qui
1688 4566 2139 4647 gravissimum
2188 4565 2341 4631 facit

839 4667 1068 4731 sceluS.
1105 4665 1333 4740 Tertio,
1369 4671 1438 4727 ut
1475 4665 1556 4727 sit
1593 4664 1738 4726 aliis
1777 4665 1854 4727 ad
1894 4672 2224 4740 terrorem,
2258 4685 2339 4730 ne

839 4766 962 4830 tale
1009 4764 1166 4848 quid
1213 4763 1488 4826 audeant
1534 4769 1919 4846 perpetrare.
1968 4763 2221 4839 Quarto,
2270 4771 2341 4827 ut

839 4867 921 4929 sit
950 4865 1044 4927 eis
1072 4864 1152 4927 ad
1182 4861 1534 4946 poenitendi
1573 4862 1965 4944 exemplum,
1999 4881 2081 4925 ne
2119 4863 2341 4945 despe-

836 4971 980 5027 rent
1022 4963 1133 5045 qui
1181 4960 1482 5042 gravibus
1529 4961 1898 5024 detinentur
1943 4960 2333 5024 excessibus.

838 5063 1070 5144 Sicque
1113 5061 1180 5125 in
1222 5060 1326 5122 his
1375 5076 1564 5142 poena
1612 5058 2065 5141 correspondet
2105 5059 2333 5141 culpae,

837 5161 993 5226 dum
1033 5159 1282 5222 enormi
1324 5176 1398 5220 ac
1440 5157 1700 5239 publico
1741 5157 1966 5220 sceleri
2009 5157 2221 5238 gravis
2262 5176 2337 5220 ac

839 5258 1096 5342 publica
1126 5256 1485 5338 injungitur
1514 5273 1720 5337 poena.
1746 5256 1917 5319 Unde
1948 5262 2143 5339 patet,
2161 5257 2331 5343 quod

2450 4278 2513 4334 te
2554 4271 2722 4334 fores
2766 4271 3073 4348 ecclesiae,
3106 4291 3291 4337 sacco
3334 4275 3564 4350 induti,
3605 4277 3797 4340 nudis
3842 4297 3957 4361 pe·

2450 4370 2661 4443 dibus,
2712 4369 2896 4433 vultu
2945 4371 3245 4446 demisso,
3292 4390 3474 4435 coma
3522 4375 3806 4456 deposita
3822 4393 3842 4455 3
3886 4386 3957 4440 et

2450 4467 2543 4531 eis
2576 4468 2640 4529 in
2668 4467 2999 4530 ecclesiam
3030 4469 3771 4554 introductis,episcopus
3800 4491 3955 4538 cum

2448 4566 2624 4628 omni
2657 4566 2830 4629 clero
2858 4565 3013 4628 dicit
3040 4573 3287 4648 septem
3328 4567 3607 4649 psalmos
3636 4571 3957 4651 poeniten-

2449 4663 2647 4726 tialeS.
2683 4663 2925 4727 Deinde
2957 4682 3217 4727 manum
3254 4665 3349 4728 eis
3389 4665 3683 4750 imponit,
3713 4688 3952 4751 aquam

2447 4761 2847 4825 benedictam
2879 4763 3132 4846 spargit,
3148 4763 3555 4848 cineremque
3584 4784 3807 4830 eorum
3838 4769 3955 4832 im-

2448 4861 2627 4945 ponit
2653 4859 2996 4944 capitibuS,
3030 4862 3242 4925 cilicio
3268 4865 3478 4945 operit
3506 4865 3667 4928 colla
3694 4883 3947 4944 eorum,

2446 4961 2829 5023 denuntians
2878 4961 2973 5023 eis
3024 4961 3521 5038 lacrimabiliter,
3558 4965 3728 5046 quod
3776 4967 3949 5031 sicut

2444 5059 2643 5122 Adam
2682 5058 2929 5139 ejectus
2968 5066 3065 5122 est
3099 5060 3178 5122 de
3216 5060 3530 5143 paradis0,
3564 5063 3655 5125 sic
3695 5062 3820 5146 ipsi
3865 5067 3949 5129 de

2445 5158 2716 5222 ecclesia
2762 5159 3145 5239 ejiciuntur3
3180 5167 3245 5223 et
3287 5159 3472 5241 jubet
3516 5163 3831 5227 ministris
3876 5173 3948 5228 ut

2444 5275 2551 5320 eos
2599 5257 2677 5320 de
2726 5257 2999 5322 ecclesia
3043 5257 3304 5340 pellant,
3354 5259 3525 5324 clero
3572 5279 3680 5325 eos
3727 5281 3947 5345 perse·
