4267 6250
858 488 981 552 288

1541 509 1606 555 m
1645 508 1869 556 Lunum
1912 509 1973 554 lv
2013 474 2497 554 amini-(Timon.
2537 523 2619 534 -·
2658 505 2811 552 DIST.
2852 505 2959 570 113
3001 506 3226 563 QUAEST.
3268 507 3287 550 1

858 674 1191 738 conversio
1235 675 1440 758 paniS‚
1473 675 1654 757 quasi
1693 675 1887 739 totius
1928 674 1994 737 in
2031 681 2261 748 totum,
2294 681 2357 735 et
2387 672 2438 736 A
2469 673 2547 735 de
2579 672 2942 755 pluralitate
2972 671 3487 737 substantialium
3518 672 3871 736 formarum
3906 670 3977 733 in

858 773 1138 855 partium
1168 774 1236 836 in
1268 782 1514 856 partes3
1556 781 1619 836 et
1649 793 1764 856 per
1795 791 2193 855 consequens
2224 772 2357 835 haec

856 870 1063 934 forma
1091 882 1188 935 est
1216 872 1502 935 formalis
1533 873 1846 936 terminus
1878 871 2351 935 conversionis:

857 988 999 1051 quae
1029 970 1235 1033 forma
1265 978 1478 1034 manet
1505 971 1751 1045 eadem,
1776 970 1910 1033 sive
1940 969 2155 1032 anima
2184 969 2358 1032 unia-

855 1074 962 1130 tur
1005 1069 1278 1151 corpori,
1313 1069 1448 1131 sive
1492 1087 1642 1144 non,
1675 1068 1828 1152 quia
1866 1068 2003 1132 haec
2045 1067 2222 1150 prior
2262 1074 2358 1129 est

857 1166 1072 1228 anima
1109 1167 1500 1240 naturaliter,
1544 1167 1768 1229 saltem
1812 1166 1880 1228 in
1929 1166 2351 1229 informando,

859 1263 937 1324 Et
967 1263 1031 1324 in
1064 1264 1277 1328 triduo
1317 1264 1539 1327 mortis
1571 1264 1803 1329 Christi
1845 1263 2079 1326 mansit
2119 1263 2186 1325 in
2226 1278 2359 1324 cor·

861 1379 1013 1444 pore
1044 1362 1299 1437 Christi,
1331 1363 1547 1425 anima
1575 1381 1704 1427 non
1734 1370 2030 1427 manente
2062 1362 2301 1424 ibidem
2338 1380 2353 1424 z

859 1459 1002 1523 ideo
1033 1459 1098 1522 in
1128 1461 1342 1524 triduo
1371 1460 1599 1524 fuisset
1627 1462 1852 1525 eadem
1891 1480 1992 1524 res
2030 1459 2227 1540 hujus
2263 1478 2357 1522 sa-

859 1560 1192 1634 cramenti,
1212 1560 1266 1622 si
1297 1568 1766 1628 sacramentum
1795 1567 1949 1622 tunc
1981 1559 2355 1622 mansisset:

859 1657 1010 1738 quia
1039 1658 1106 1720 in
1139 1658 1350 1721 triduo
1381 1658 1492 1721 illo
1522 1658 1726 1722 forma
1756 1657 2195 1742 corporeitatis
2230 1674 2358 1720 non

857 1754 982 1818 fuit
1026 1765 1315 1839 separata
1353 1776 1390 1819 a
1428 1757 1693 1820 materia
1732 1757 1798 1820 in
1839 1757 2110 1833 Christo,
2146 1764 2208 1818 et
2244 1773 2359 1838 per

2468 790 2597 836 uno
2628 772 3383 855 composit0,Aristoteles
3410 779 3475 834 et
3504 771 3979 835 Commentator

2466 889 2545 932 ex
2592 871 2917 954 proposito
2961 870 3409 953 reprobarunt‚'
3442 869 3793 953 praesertim
3840 869 3977 932 Ari·

2466 968 2723 1032 stoteles
2755 969 2923 1051 ipse3
2955 976 3019 1031 et
3047 968 3236 1030 ambo
3267 966 3814 1050 reprehenderunt
3843 966 3977 1028 Pla-

2466 1075 2705 1141 tonem,
2739 1085 2817 1130 eo
2857 1068 3029 1149 quod
3074 1067 3141 1130 in
3184 1067 3411 1130 eodem
3456 1066 3715 1129 homine
3759 1065 3973 1128 diver-

2468 1184 2566 1227 sas
2605 1165 2817 1247 posuit
2848 1165 3083 1229 formas
3118 1164 3565 1228 substantiales
3600 1164 3665 1227 in
3694 1164 3972 1226 diversis

2468 1264 2757 1345 partibus
2787 1263 2929 1344 ejus
2960 1283 3072 1327 seu
3104 1264 3377 1346 organis,
3399 1263 3522 1325 Ista
3548 1281 3803 1345 quoque
3834 1263 3975 1344 opi-

2469 1361 2576 1424 nio
2615 1381 2809 1445 super
2850 1363 3205 1425 secundum
3254 1361 3408 1424 satis
3447 1369 3545 1424 est
3584 1360 3967 1444 improbata.
4028 1383 4131 1425 «nn.
4159 1396 4241 1434 m,

2467 1460 2899 1524 Periculosum
2928 1461 3121 1523 etiam
3152 1461 3421 1534 videtur,
3437 1460 3503 1521 in
3533 1458 3782 1522 Christo
3815 1479 3975 1541 prae-
4000 1448 4103 1502 ⁴¹³·

2468 1565 2565 1620 ter
2600 1559 2880 1621 animam
2912 1559 3052 1639 ejus
3094 1558 3467 1622 rationalem
3508 1575 3745 1640 ponere
3771 1557 3973 1620 aliam

2467 1655 2740 1720 formam
2785 1656 3290 1720 substantialem.
3326 1656 3404 1719 Et
3444 1657 3613 1738 quod
3658 1655 3973 1719 Henricus

2468 1760 2531 1817 et
2570 1755 2793 1818 Scotus
2838 1755 2958 1818 iste
2994 1762 3271 1836 arguunt
3310 1755 3389 1818 de
3430 1771 3692 1837 corpore
3732 1754 3972 1818 Christi

857 1871 1256 1937 consequens
1295 1874 1415 1919 nec
1452 1864 1742 1938 separata
1767 1875 1804 1918 a
1833 1855 2097 1919 materia
2136 1872 2252 1917 sua
2289 1860 2360 1915 ut
2387 1851 2435 1914 B
2472 1853 2536 1916 in
2583 1853 2795 1916 triduo
2842 1854 3206 1936 sepulturae,
3259 1853 3313 1917 si
3361 1862 3515 1916 tunc
3573 1861 3973 1916 reservatum

859 1952 926 2014 in
969 1953 1380 2018 Eucharistia.
1415 1954 1560 2018 Haec
1603 1955 1844 2018 Scotus.

937 2051 1055 2124 Qui
1096 2052 1327 2115 iterum
1367 2053 1455 2116 ait
1490 2071 1504 2115 τ
1537 2054 1762 2116 Forma
1799 2053 2030 2117 animae
2060 2070 2188 2116 non
2229 2071 2357 2114 ma-

857 2157 1070 2225 nente,
1115 2168 1348 2234 corpus
1397 2160 1613 2214 manet
1656 2171 1671 2215 z
1721 2152 1864 2215 ideo
1912 2151 2359 2215 universaliter

857 2249 926 2310 in
955 2249 1234 2330 quolibet
1261 2250 1536 2314 animato
1564 2269 1824 2314 necesse
1854 2258 1951 2314 est
1980 2268 2215 2333 ponere
2238 2250 2361 2314 for-

860 2365 1031 2409 mam
1063 2346 1238 2410 illam
1270 2368 1397 2431 qua
1427 2367 1658 2432 corpus
1690 2357 1786 2412 est
1810 2366 2060 2431 corpuS‚
2080 2356 2145 2412 et
2172 2349 2359 2411 aliam

857 2464 985 2527 qua
1027 2454 1125 2510 est
1160 2446 1534 2510 animatum.
1581 2448 1658 2510 Et
1702 2448 1926 2530 loquor
1969 2448 2048 2510 de
2093 2465 2357 2530 corpore

857 2553 1046 2626 prout
1091 2553 1187 2608 est
1234 2545 1431 2608 altera
1483 2565 1628 2629 pars
1679 2545 2037 2629 compositi,
2093 2563 2356 2607 manens

857 2643 922 2705 in
953 2661 1069 2706 suo
1102 2644 1360 2726 proprio
1393 2663 1532 2707 esse
1561 2644 1802 2727 absque
1831 2644 2358 2726 animazpropter

856 2743 1025 2823 quod
1073 2742 1264 2805 habet
1313 2742 1587 2805 formam
1636 2762 1762 2824 qua
1811 2750 1908 2806 est
1954 2760 2187 2824 corpus
2235 2743 2355 2803 hoc

857 2841 1062 2904 modo.
1106 2877 1186 2886 —
1225 2842 1463 2904 Rursus
1507 2842 1732 2905 scribit
1774 2860 1788 2904 :
1834 2841 2146 2915 Conced0,
2186 2841 2355 2922 quod

856 2940 1046 3002 totale
1093 2958 1232 3002 esse
1273 2940 1470 3003 totius
1517 2941 1854 3023 compositi
1903 2947 2000 3002 est
2041 2940 2358 3022 principa-

2469 1953 2496 2015 ἰ
2501 1952 2697 2016 uisset
2736 1953 2802 2014 in
2846 1953 3052 2016 hostia
3094 1959 3459 2016 consecrata
3500 1951 3582 2014 ab
3624 1952 3780 2015 hora
3820 1969 3973 2015 con·

2468 2051 2840 2114 sacrationis
2878 2050 3060 2115 factae
3100 2051 3167 2113 in
3197 2050 3410 2127 Coena,
3442 2051 3613 2133 quod
3654 2051 3719 2113 in
3758 2051 3975 2114 hostia

2468 2167 2724 2232 quoque
2765 2149 3051 2225 obiisset,
3084 2159 3149 2212 et
3190 2150 3277 2212 ita
3318 2167 3448 2213 non
3492 2149 3833 2213 mansisset
3876 2149 3971 2212 ibi
4002 2169 4241 2225 emmo

2467 2249 2593 2310 nisi
2625 2266 2857 2331 corpus
2886 2248 3286 2324 defunctum,
3318 2267 3392 2311 ac
3424 2267 3539 2331 per
3566 2267 3972 2331 consequens
4000 2234 4225 2285 ²⁷¹⁶'·⁸‘·

2469 2363 2596 2408 non
2626 2347 2849 2410 eadem
2883 2365 2984 2409 res
3014 2354 3331 2422 contenta,
3368 2347 3499 2410 imo
3528 2347 3662 2410 sola
3701 2349 3975 2410 materia

2467 2462 2595 2507 non
2639 2444 2930 2521 formata,
2963 2447 3017 2508 si
3060 2464 3189 2510 non
3227 2446 3353 2509 fuit
3390 2445 3456 2508 in
3496 2464 3572 2510 eo
3612 2445 3737 2509 nisi
3778 2446 3975 2510 unica

2466 2542 2672 2607 forma
2710 2544 3169 2618 substantiam,
3204 2544 3501 2608 videlicet
3530 2543 3743 2608 anima
3780 2545 3975 2608 ratio—

2468 2641 2660 2721 nalis3
2692 2642 2852 2712 solvi
2884 2649 3095 2724 potest
3123 2661 3201 2704 ex
3230 2642 3420 2705 dictis
3450 2661 3647 2725 super
3673 2642 3969 2717 tertium,
4028 2671 4132 2713 ὧι,
4160 2683 4237 2716 m,

2466 2739 2769 2821 quoniam
2814 2759 3044 2822 corpus
3092 2740 3251 2802 illud
3301 2740 3535 2804 mansit
3570 2740 3779 2803 Verbo
3828 2741 3975 2803 uni·
4002 2741 4109 2790 Μ·

2466 2846 2627 2912 tum,
2661 2839 2827 2902 sicut
2856 2847 2922 2902 et
2948 2839 3165 2902 anima
3194 2857 3209 2902 ε
3246 2840 3413 2902 unde
3444 2838 3725 2902 Verbum
3754 2840 3973 2906 vicem

2466 2938 2695 3001 animae
2742 2938 3067 3020 supplevit
3115 2937 3181 3000 in
3227 2955 3493 3020 corpore
3536 2938 3667 3012 illo,
3702 2954 3830 3001 non
3878 2940 3977 3001 in·

856 3036 1002 3099 liter
1044 3057 1158 3120 per
1202 3057 1395 3100 unam
1434 3038 1730 3112 formam,
1763 3046 1826 3100 et
1864 3038 1975 3100 illa
2016 3037 2223 3100 forma
2260 3045 2355 3100 est
2394 3039 2437 3103 C
2468 3034 2801 3100 formando
2851 3055 2968 3098 nec
3016 3035 3379 3110 animand0‚
3432 3037 3543 3098 sed
3593 3053 3977 3100 conservan-

854 3155 981 3218 qua
1015 3144 1217 3200 totum
1255 3138 1681 3220 compositum
1715 3144 1812 3199 est
1842 3137 1962 3200 hoc
1997 3155 2128 3212 enS,
2154 3144 2217 3200 et
2246 3137 2357 3199 illa

853 3243 952 3297 est
981 3235 1206 3298 ultima
1232 3235 1439 3298 forma
1475 3235 1822 3299 adveniens
1856 3235 2157 3299 omnibus
2197 3256 2354 3318 prae·

853 3333 1228 3397 cedentibus
1278 3334 1520 3397 formis,
1569 3334 1798 3417 Sicque
1845 3341 2050 3398 totum
2099 3352 2355 3417 compo-

851 3429 1048 3491 situm
1079 3430 1388 3494 dividitur
1427 3431 1493 3494 in
1528 3432 1686 3495 duas
1717 3440 1925 3514 partes
1956 3431 2348 3505 essentialeS,

851 3528 1100 3591 scilicet
1133 3546 1146 3591 ε
1183 3530 1246 3591 in
1289 3530 1621 3612 proprium
1657 3538 1894 3607 actum,
1929 3531 2039 3614 qui
2081 3538 2177 3593 est
2217 3529 2351 3593 haec

854 3626 1082 3690 ultima
1121 3628 1328 3692 forma
1370 3629 1776 3711 completiva,
1811 3637 1875 3691 et
1917 3630 1982 3691 in
2027 3628 2350 3711 propriam

854 3726 1220 3807 potentiam,
1242 3747 1383 3809 quae
1415 3727 1685 3790 includit
1717 3727 2046 3790 materiam
2080 3726 2353 3809 primam

853 3843 1002 3887 cum
1051 3826 1349 3889 omnibus
1407 3826 1914 3909 praeccdentibus
1960 3826 2207 3888 formis,
2260 3824 2351 3887 Ex

745 3942 748 3947 ·
854 3924 976 3987 boc
1013 3933 1228 3988 tamen
1273 3944 1400 3989 non
1443 3926 1752 4007 sequitur,
1788 3926 1943 4008 quin
1986 3926 2050 3987 in
2091 3932 2222 3987 toto
2261 3924 2352 3987 in·

854 4022 1192 4086 eludantur
1230 4025 1444 4106 plures
1476 4023 1719 4099 forman,
1753 4042 1878 4087 non
1908 4024 2170 4106 quidem
2211 4042 2351 4105 spe-

853 4120 1039 4183 cifice
1072 4123 1527 4185 constituentes
1559 4122 1986 4205 compositum
2023 4122 2204 4197 illud,
2238 4122 2350 4184 sed

2468 3135 2549 3197 do
2596 3135 2663 3197 in
2711 3154 2887 3215 esse3
2941 3142 3006 3199 et
3056 3135 3143 3197 ita
3200 3135 3432 3198 mansit
3478 3136 3649 3199 idem
3694 3154 3977 3200 numero

2467 3251 2722 3316 corpus,
2764 3242 2827 3296 et
2875 3235 3082 3317 quoad
3132 3232 3252 3297 hoc
3300 3234 3543 3297 exstitit
3590 3234 3815 3298 eadem
3868 3254 3975 3299 res

2468 3341 2779 3395 contenta.
2811 3333 3189 3415 —Insuper
3233 3332 3434 3395 multa
3474 3332 3701 3415 objicit
3742 3333 3975 3397 Scotus

2466 3438 2685 3494 contra
2721 3432 2996 3495 rationes
3035 3431 3271 3513 quibus
3308 3438 3565 3493 sanctus
3604 3431 3837 3495 Doctor
3876 3450 3975 3494 re·-

2468 3529 2693 3612 probat
2738 3530 3071 3612 opiniones
3120 3529 3498 3603 dicentium,
3540 3528 3970 3593 substantiam

2468 3629 2649 3710 panis
2696 3637 2760 3690 et
2800 3628 2958 3702 vini,
3002 3628 3167 3690 facta
3212 3628 3707 3701 consecratione,
3752 3628 3817 3689 in
3868 3648 3971 3691 sa·

2466 3734 2791 3790 eramento
2839 3745 3118 3800 manere,
3164 3745 3277 3788 seu
3322 3726 3689 3799 annihilari,
3738 3734 3851 3788 aut
3897 3727 3969 3789 in

2464 3824 2912 3907 praejaeentem
2944 3824 3176 3887 resolvi
3211 3824 3561 3887 materiam.
3587 3824 3823 3887 Verum
3853 3825 3970 3888 ob-

2461 3923 2773 4003 jectiones
2816 3922 2941 3987 illae
2974 3923 3274 3985 videntur
3312 3923 3597 3998 inutileS‚
3629 3942 3833 4005 quum
3872 3924 3969 3986 vi-

2464 4022 2730 4084 deantur
2765 4021 3142 4104 periculosis
3171 4020 3495 4084 erroribus
3528 4021 3743 4103 aliquo
3776 4023 3969 4086 modo

2464 4119 2699 4195 favere,
2732 4128 2795 4182 et
2837 4120 3252 4184 destructioni
3298 4120 3667 4183 eorumdem
3710 4120 3969 4185 resiste-

851 4226 1155 4299 tanquam
1185 4220 1477 4301 quaedam
1518 4219 1764 4283 inclusa
1800 4220 1864 4281 in
1897 4219 2223 4301 potentiali
2268 4219 2349 4281 is-
2382 4219 2431 4280 D
2464 4237 2550 4281 re.
2583 4219 2796 4282 Nihilo
2826 4219 3038 4281 minus
3068 4237 3293 4281 verum
3324 4225 3441 4291 est,
3475 4218 3643 4300 quod
3686 4218 3969 4283 rationes

851 4317 978 4378 tius
1038 4317 1396 4398 compositi.
1451 4317 1646 4398 Cujus
1706 4318 2074 4400 exemplum
2133 4326 2229 4380 est
2282 4318 2349 4381 in

853 4416 1204 4497 composito
1233 4435 1312 4478 ex
1353 4416 1639 4498 partibus
1679 4416 2114 4497 integralibus.
2151 4416 2351 4490 Quan-

851 4520 914 4575 to
963 4513 1136 4576 enim
1193 4514 1545 4577 animatum
1604 4523 1700 4577 est
1751 4514 2120 4597 perfectiuS‚
2175 4522 2349 4579 tanto

851 4612 1120 4694 requirit
1167 4631 1400 4695 organa
1445 4614 1650 4696 plura,
1693 4620 1757 4677 et
1799 4613 2128 4696 probabile
2179 4614 2347 4696 quod

849 4709 1148 4774 distincta
1187 4712 1402 4795 specie
1444 4731 1560 4795 per
1595 4713 1834 4775 formas
1875 4712 2343 4775 substantiales.

848 4809 1082 4873 Tamen
1123 4812 1335 4893 ipsum
1384 4820 1480 4875 est
1528 4812 1741 4876 verius
1797 4831 1998 4875 unum
2047 4828 2062 4873 :
2106 4811 2344 4887 verius,

849 4908 1133 4991 inquam,
1168 4911 1233 4973 id
1273 4918 1369 4973 est
1399 4911 1788 4993 perfectius3
1827 4928 1956 4976 non
1996 4918 2209 4973 autem
2243 4929 2347 4973 ve·

846 5009 1001 5083 riuS,
1035 5010 1098 5071 id
1140 5019 1238 5073 est
1278 5009 1758 5073 indivisibilius.
1793 5010 1937 5072 Haec
1981 5009 2222 5073 Scotus.

925 5108 1231 5181 Quocirca
1278 5109 1406 5171 dici
1453 5116 1680 5191 potest,
1713 5108 1884 5191 quod
1929 5115 2098 5171 recte
2142 5107 2348 5170 Philo-

845 5207 1084 5288 sophus
1123 5207 1286 5269 dixit
1319 5226 1332 5270 :
1367 5207 1618 5271 Eaedem
1659 5208 1994 5289 opiniones
2033 5206 2346 5269 infinities

848 5304 1174 5369 iterantur.
1219 5306 1470 5369 Etenim
1518 5306 1630 5369 has
1670 5306 2005 5389 opiniones
2048 5323 2345 5369 erroneas

2462 4318 2587 4380 illae
2628 4317 2694 4380 in
2734 4318 3165 4400 disputatione
3208 4316 3583 4379 scholastica
3626 4334 3753 4380 non
3798 4318 3967 4381 mul-

2460 4424 2598 4478 tum
2650 4416 3060 4491 convincunt,
3114 4416 3280 4478 sicut
3329 4434 3447 4477 nec
3494 4414 3635 4477 aliae
3682 4416 3966 4479 rationes

2462 4515 2779 4578 naturales
2818 4514 3105 4577 adductae
3144 4514 3223 4577 ad
3262 4513 3704 4596 probationem
3734 4531 3965 4578 eorum

2461 4633 2602 4696 quae
2634 4613 2783 4677 fidei
2816 4620 2985 4676 sunt.
3012 4613 3172 4675 Hinc
3205 4614 3269 4675 in
3300 4612 3537 4675 talibus
3563 4612 3773 4694 ‚magis
3806 4633 3963 4696 pen-

2460 4712 2694 4775 sandus
2738 4718 2835 4774 est
2874 4711 3087 4775 fidelis
3130 4710 3403 4774 affectus
3442 4720 3506 4773 et
3542 4711 3649 4793 pia
3689 4710 3965 4777 intentio

2458 4810 2804 4891 arguentis,
2837 4828 3029 4892 quam
3060 4808 3157 4872 vis
3195 4817 3715 4890 argumentorum
3760 4810 3824 4872 in
3865 4831 3958 4875 se.

2456 4910 2663 4990 Atque
2695 4908 2759 4971 in
2792 4908 3027 4971 talibus
3062 4907 3300 4971 debent
3328 4926 3397 4971 se
3426 4908 3715 4973 doctores
3744 4911 3963 4973 catho-

2462 5007 2568 5070 lici
2612 5015 2835 5070 mutuo
2880 5006 3206 5089 adjuvare,
3258 5007 3458 5089 magis
3503 5027 3696 5090 quam
3747 5008 3961 5093 impu·

2456 5124 2669 5187 gnare.

2557 5206 2899 5280 Postrem0,
2960 5207 3039 5269 de
3105 5206 3204 5269 his
3272 5206 3529 5290 copiose
3594 5204 3821 5271 scribit
3890 5209 3957 5273 in

2458 5305 2857 5389 praeallegato
2886 5312 3157 5369 tractatu
3186 5305 3467 5387 AEgidius
3493 5323 3509 5368 t
3531 5306 3817 5370 Primum
3834 5308 3959 5391 (in-
3984 5320 4241 5379 oppam:
