4267 6250
561 1990 643 2034 Pe.
660 2004 697 2044 ι..
713 1994 754 2034 5.

518 2978 718 3034 emp-⁴64
728 2976 783 3021 C'.

800 506 921 571 466

1424 524 1489 571 IN
1529 522 1752 571 Lunum
1793 522 1853 567 lv
1894 519 2378 569 SENTENTMRUI.
2420 536 2501 547 ·-
2541 518 2694 565 ms‘r.
2737 518 2906 581 xvn3
2947 518 3173 574 QuAEsT.
3215 518 3277 565 lv

804 693 1031 774 majori
1079 702 1339 777 peccato
1384 694 1612 757 debeat
1656 712 1797 757 esse
1843 691 2048 774 major
2092 692 2294 765 dolor,
2327 689 2377 753 A
2407 710 2551 753 rum
2577 690 2856 753 secundo
2879 688 3214 772 probatur3
3235 684 3534 752 contritio
3559 692 3774 749 autem
3803 690 3904 747 est

802 792 1143 873 respondet
1199 799 1268 854 ut
1330 811 1407 855 ex
1476 792 1915 855 Bonaventura
1974 798 2297 854 ostensum
2406 797 2584 853 actus
2633 788 2886 851 virtutis
2920 805 2935 850 :
2969 805 3094 851 non
3133 804 3286 868 ergo
3324 793 3530 867 potest
3563 784 3630 847 in
3659 803 3735 847 ea
3763 801 3906 847 esse

802 897 916 952 est.
974 890 1044 953 In
1103 891 1201 953 his
1261 890 1579 965 Albertus,
1633 891 1873 964 PetruS,
1925 888 2298 963 RicharduS,

802 988 1282 1070 Argentinensis
1325 989 1647 1070 ceterique
1691 987 2116 1051 communiter
2159 1002 2303 1049 con-

806 1095 1049 1150 sonant.

887 1283 1127 1347 Deinde
1159 1284 1596 1366 quaerendum,
1628 1303 1709 1345 an
1746 1281 2040 1345 contritio
2078 1279 2306 1344 debeat

808 1400 947 1445 esse
986 1382 1307 1456 continua,
1353 1382 1453 1444 vel
1493 1382 1716 1444 saltem
1759 1381 2013 1444 assidua
2056 1398 2129 1441 ac
2169 1379 2304 1440 diu-

808 1488 1017 1553 turna,
1050 1487 1113 1542 et
1151 1487 1285 1543 toto
1323 1486 1611 1562 tempore
1648 1480 1794 1543 vitae
1826 1478 2155 1562 praesentis
2195 1477 2306 1539 du-

806 1597 971 1641 rans.
1024 1577 1287 1640 Videtur
1346 1578 1515 1659 quod
1574 1578 1688 1651 sic,
1740 1575 2043 1658 quoniam
2101 1575 2305 1637 sancti

807 1677 1018 1739 Patres
1057 1683 1389 1749 testantur,
1423 1676 1594 1757 quod
1632 1694 1822 1738 omne
1865 1683 2121 1757 tempus
2161 1673 2308 1737 vitae

809 1774 1141 1857 praesentis
1188 1780 1285 1836 θεῖ
1344 1773 1735 1856 poenitentiae
1782 1773 2178 1855 deputatum.
2233 1771 2310 1833 Et

2409 885 2834 969 superfluum,
2856 904 2975 947 nec
3005 891 3312 968 quantum
3347 882 3424 946 ad
3455 882 3908 953 intensionem,

2411 1004 2529 1047 nec
2575 990 2889 1066 quantum
2929 984 3010 1045 ad
3053 981 3478 1057 durationem,
3520 980 3646 1043 nisi
3685 998 3914 1043 secun-

2410 1084 2564 1145 dum
2596 1082 2765 1165 quod
2794 1089 2974 1144 actus
3005 1081 3196 1144 unius
3224 1080 3479 1144 virtutis
3510 1079 3780 1162 impedit
3807 1078 3918 1141 ali-

2413 1200 2524 1243 um
2565 1180 2766 1261 magis
2814 1179 3244 1242 necessarium
3294 1196 3411 1260 pro
3449 1185 3736 1260 tempore
3776 1177 3909 1239 ille.

2413 1279 2575 1341 Hinc
2605 1285 2842 1361 quanto
2875 1277 3075 1359 magis
3106 1278 3298 1340 homo
3329 1277 3630 1339 continue
3661 1274 3727 1338 in
3765 1282 3915 1337 actu

2415 1378 2610 1458 hujus
2641 1376 3064 1460 displicentiae
3093 1376 3430 1458 persistere
3461 1374 3715 1457 poterit,
3737 1380 3917 1437 tanto

2418 1476 2650 1538 melius
2681 1484 2800 1549 est,
2835 1475 3182 1537 dummodo
3211 1472 3460 1536 actibus
3489 1472 3760 1536 aliarum
3792 1472 3919 1535 vir-

2415 1581 2628 1637 tutum
2677 1582 2859 1637 vacet
2905 1580 3192 1655 tempore
3246 1590 3362 1635 suo
3419 1573 3588 1635 sicut
3641 1579 3912 1654 oportet.

2415 1674 2746 1737 Passiones
2777 1691 2930 1737 vero
2959 1673 3194 1736 habere
3226 1680 3494 1755 possunt
3521 1672 3916 1735 diminutum

2418 1779 2608 1854 atque
2639 1771 3067 1855 superfluum,
3099 1779 3228 1833 tam
3259 1777 3568 1853 quantum
3599 1770 3680 1833 ad
3708 1770 3917 1833 inten-

810 1872 877 1934 in
916 1872 1165 1935 Psalmo
1204 1873 1557 1935 secundum
1597 1870 1783 1934 aliam
1824 1869 2304 1933 translationem
2342 1874 2390 1937 B
2420 1871 2688 1946 sionem,
2740 1890 2934 1954 quam
2992 1878 3304 1953 quantum
3361 1871 3439 1933 ad
3489 1870 3914 1933 durationem.

811 1969 1080 2032 habetur
1114 1986 1127 2031 :
1169 1970 1503 2033 Peccatum
1548 1988 1763 2031 meum
1809 1986 2023 2031 coram
2070 1986 2173 2029 me
2211 1974 2308 2029 est

810 2085 1082 2149 semper.
1120 2068 1251 2130 Nec
1290 2068 1740 2130 certitudinem
1783 2065 2093 2129 habemus
2136 2066 2306 2148 quod

810 2165 997 2229 nobis
1040 2166 1305 2229 dimissa
1343 2166 1491 2227 sint.
1532 2166 1712 2229 Multi
1752 2182 2007 2248 quoque
2052 2164 2307 2228 Sancto-

811 2283 954 2326 rum
1014 2264 1389 2338 docuerunt‚
1440 2265 1610 2345 quod
1663 2264 1855 2327 homo
1908 2262 2138 2326 debeat
2193 2282 2310 2326 sua

810 2370 1071 2445 peccata
1099 2364 1281 2445 quasi
1314 2364 1380 2425 in
1407 2362 1716 2426 fasciculo
1746 2363 2020 2445 quodam
2054 2362 2308 2443 collige-

810 2480 878 2523 re
908 2480 981 2524 ac
1019 2461 1221 2525 oculis
1259 2480 1391 2525 suae
1432 2460 1662 2524 mentis
1701 2461 2138 2523 indesinenter
2168 2479 2311 2543 pro·

812 2577 1070 2641 ponere,
1104 2566 1176 2621 ut
1213 2578 1291 2622 ex
1329 2559 1587 2624 illorum
1630 2559 1865 2622 intuitu
1906 2559 2146 2641 jugiter
2183 2558 2308 2621 sibi

809 2658 1091 2721 vilescat.

888 2757 983 2820 Ad
1025 2757 1160 2821 haec
1200 2757 1470 2821 Thomas
1514 2756 1853 2839 respondet
1900 2773 1915 2818 z
1962 2757 2031 2818 In
2078 2756 2310 2820 contri-

813 2856 985 2918 tione
1026 2856 1263 2937 duplex
1307 2864 1405 2918 est
1444 2855 1645 2929 dolor,
1693 2874 1860 2917 unus
1907 2854 1972 2917 in
2017 2854 2310 2918 rationali

813 2961 1013 3036 parte,
1043 2954 1207 3016 alius
1247 2954 1313 3016 in
1356 2961 1533 3036 parte
1573 2953 1897 3026 sensitiva,
1932 2953 2099 3014 sicut
2139 2970 2310 3015 nunc

2419 1971 2586 2045 Ideo,
2630 1970 2796 2034 sicut
2839 1970 3051 2052 passio
3097 1969 3332 2032 doloris
3380 1988 3574 2051 quam
3622 1968 3920 2031 voluntas

2418 2068 2686 2131 assumit
2717 2067 2782 2130 in
2815 2074 2992 2149 parte
3025 2067 3350 2142 sensitiva,
3381 2066 3570 2129 debet
3607 2084 3748 2129 esse
3783 2083 3920 2129 mo-

2419 2167 2630 2229 derate
2662 2166 2912 2229 intensa
2933 2183 2951 2245 ;
2995 2166 3080 2228 ita
3117 2173 3181 2228 et
3218 2166 3540 2228 moderate
3579 2164 3771 2228 debet
3802 2165 3922 2226 du·

2419 2283 2580 2339 rare,
2613 2283 2694 2327 ne
2725 2264 2780 2327 si
2810 2263 3085 2327 nimium
3123 2264 3328 2337 duret,
3362 2263 3554 2327 homo
3591 2263 3659 2325 in
3697 2264 3924 2345 despe-

2419 2363 2728 2425 rationem
2755 2370 2820 2425 et
2843 2362 3437 2444 pusillanimitatem
3467 2370 3535 2425 et
3561 2360 3927 2425 consimilia

2423 2461 2590 2523 mala
2629 2460 2894 2524 labatur.

2501 2560 2814 2634 Quaeritur
2857 2577 3134 2643 quoque,
3176 2579 3256 2623 an
3294 2559 3525 2625 animae
3573 2568 3717 2643 post
3754 2559 3925 2623 hanc

2421 2658 2619 2721 vitam
2651 2659 2731 2722 de
2761 2658 2894 2721 suis
2933 2665 3339 2722 conterantur
3382 2658 3678 2742 peccatis.
3714 2658 3790 2721 Et
3829 2677 3930 2722 re-

2421 2757 2888 2839 spondendum,
2939 2757 3110 2839 quod
3169 2756 3235 2819 in
3281 2756 3660 2820 contritione
3717 2758 3926 2821 consi-

2421 2856 2700 2918 deranda
2738 2863 2888 2918 sunt
2924 2855 3064 2918 tria.
3099 2854 3381 2917 Primum
3421 2863 3518 2918 est
3543 2874 3744 2938 genus
3776 2874 3928 2919 con-

2421 2954 2720 3028 tritionis,
2772 2954 2942 3035 quod
3000 2960 3098 3016 est
3153 2953 3352 3017 dolor.
3404 2953 3768 3017 Secundum
3823 2962 3930 3019 cst

813 3052 1039 3135 patuit.
1083 3052 1162 3113 Et
1208 3058 1514 3134 quantum
1554 3051 1632 3113 ad
1673 3058 2041 3133 utrumque,
2082 3051 2313 3113 contri·
2347 3055 2390 3118 C
2423 3050 2825 3114 contritionis
2863 3050 3090 3126 forma,
3124 3070 3266 3133 quae
3303 3058 3401 3113 est
3441 3059 3620 3113 actus
3663 3052 3927 3115 virtutis

814 3151 1005 3213 tionis
1055 3156 1309 3232 tempus
1358 3157 1455 3212 est
1499 3157 1667 3212 totus
1716 3157 1915 3212 status
1965 3149 2111 3213 vitae
2159 3169 2314 3232 prae-

814 3249 1031 3312 sentis,
1065 3248 1331 3330 Nempe,
1354 3248 1661 3330 quamdiu
1692 3255 1789 3311 est
1823 3248 2015 3311 homo
2045 3248 2113 3310 in
2144 3255 2310 3311 statu

813 3347 933 3410 viae
973 3347 1239 3429 posituS,
1285 3347 1631 3409 detestatur
1677 3347 2078 3410 incommoda
2120 3354 2312 3429 atque

814 3445 1139 3509 obstacula
1176 3445 1412 3527 quibus
1452 3464 1491 3508 a
1527 3445 1940 3527 perventione
1980 3446 2059 3508 ad
2098 3445 2314 3507 termi-

814 3563 969 3607 num
1000 3543 1119 3606 viae
1156 3543 1505 3625 impeditur
1532 3550 1643 3605 aut
1672 3543 2045 3605 retardatur.
2081 3543 2315 3616 Quum-

814 3661 939 3724 que
985 3660 1099 3724 per
1138 3649 1471 3723 peccatum
1512 3641 1904 3723 praeteritum
1936 3660 2161 3704 cursus
2191 3641 2312 3704 viae

815 3748 1043 3804 nostrae
1072 3740 1150 3802 ad
1183 3740 1384 3802 Deum
1414 3739 1789 3814 retardetur,
1822 3741 2127 3822 quoniam
2158 3747 2314 3802 tem-

818 3859 937 3922 pus
975 3838 1144 3920 quod
1191 3837 1314 3900 fuit
1355 3838 1732 3920 deputatum
1775 3838 1854 3900 ad
1897 3839 2308 3912 currendum,

816 3937 1178 4020 recuperari
1218 3954 1347 4000 non
1386 3944 1635 4019 potest3
1676 3944 1925 4019 oportet
1966 3937 2138 4019 quod
2182 3944 2313 4000 toto

814 4037 935 4099 hoc
987 4044 1295 4118 tempore,
1346 4035 1747 4098 contritionis
1802 4043 2054 4098 maneat
2112 4043 2314 4098 status

815 4141 1125 4218 quantum
1154 4135 1233 4197 ad
1262 4134 1746 4196 detestationem
1785 4134 2049 4216 peccati.
2086 4133 2316 4197 Simili-

2421 3150 2622 3233 gratia
2651 3149 3052 3214 informatus
3081 3150 3362 3212 Tertium
3393 3158 3490 3214 est
3518 3151 3928 3214 contritionis

2422 3249 2736 3321 efficacia,
2779 3267 2978 3331 quum
3026 3249 3110 3311 sit
3153 3249 3629 3312 sacramentalis
3676 3257 3741 3311 et
3789 3268 3926 3312 me-

2424 3348 2681 3411 ritorius
2724 3354 2925 3422 actuS,
2959 3338 3023 3409 e't
3061 3347 3531 3429 quodammodo
3572 3347 3928 3412 satisfacto-

2423 3447 2575 3509 rius,
2619 3446 2864 3509 Animae
2903 3463 3054 3527 ergo
3091 3445 3290 3509 beatae
3329 3446 3774 3510 contritionem
3814 3448 3929 3511 ha-

2424 3544 2576 3608 bere
2619 3563 2746 3608 non
2793 3545 3028 3620 valent,
3069 3545 3376 3627 quoniam
3417 3553 3636 3608 carent
3677 3547 3922 3610 dolore.

2423 3644 2667 3708 Animae
2699 3662 2954 3726 quoque
2983 3644 3294 3708 damnatae
3321 3644 3764 3708 contritionem
3792 3662 3930 3708 non

2425 3742 2683 3817 habent,
2717 3743 3020 3825 quoniam
3051 3741 3171 3804 etsi
3214 3741 3278 3804 in
3317 3743 3411 3805 eis
3441 3743 3526 3805 sit
3552 3743 3752 3819 dolor,
3781 3761 3928 3824 gra-

2426 3840 2516 3903 tia
2542 3848 2755 3903 tamen
2787 3849 3022 3904 carent.
3053 3840 3300 3904 Animae
3337 3859 3492 3904 vero
3529 3841 3595 3903 in
3627 3849 3928 3924 purgato-

2429 3940 2523 4002 rio
2552 3939 2930 4002 exsistentes
2970 3937 3208 4002 habent
3243 3939 3692 4002 contritionem
3718 3941 3930 4020 gratia

2429 4037 2856 4111 informatam,
2891 4054 3018 4100 non
3057 4044 3270 4100 tamen
3313 4038 3656 4112 meritorie,
3700 4039 3934 4120 quoni-

2427 4155 2530 4199 am
2562 4153 2688 4200 non
2729 4141 2878 4198 sunt
2916 4134 3007 4197 ibi
3048 4135 3116 4197 in
3153 4142 3320 4199 statu
3361 4136 3668 4198 merendi.
3702 4136 3771 4199 In
3801 4137 3934 4201 hac

815 4240 912 4296 ter
940 4239 1250 4315 quantum
1280 4232 1359 4294 ad
1389 4232 1671 4295 dolorem
1708 4231 2081 4295 sensibilem
2116 4250 2130 4294 :
2164 4251 2314 4295 nam
2344 4239 2394 4301 D
2425 4241 2636 4297 autem
2677 4234 2810 4297 vita
2856 4241 3246 4296 concurrunt
3292 4233 3416 4296 tria
3460 4234 3616 4298 haec.
3651 4269 3733 4280 —
3777 4236 3934 4300 Haec

816 4350 1017 4414 quum
1079 4329 1271 4393 homo
1330 4330 1653 4411 peccando
1710 4336 2010 4392 aeternam
2064 4349 2313 4393 merue-

817 4429 903 4490 rit
932 4445 1206 4510 poenam,
1241 4435 1305 4489 et
1342 4434 1561 4490 contra
1592 4427 1792 4489 Deum
1832 4435 2141 4491 aeternum
2172 4446 2316 4510 pec-

818 4526 1007 4600 cavit,
1048 4524 1238 4588 debet
1275 4543 1465 4607 poena
1501 4533 1735 4588 aeterna
1782 4526 1848 4588 in
1898 4527 2314 4608 temporalem

820 4632 1081 4699 mutata,
1116 4623 1339 4686 saltem
1372 4624 1435 4685 in
1467 4631 1702 4688 aeterno
1732 4624 2035 4698 hominiS,
2067 4625 2190 4688 hoc
2219 4633 2318 4688 est

818 4725 884 4787 in
924 4731 1056 4787 toto
1094 4731 1260 4786 statu
1300 4723 1447 4786 vitae
1487 4740 1745 4785 manere
1786 4722 2136 4804 praesentiS.
2173 4723 2315 4786 Pro-

818 4831 960 4904 pter
1000 4821 1169 4904 quod
1208 4820 1365 4882 dicit
1400 4821 1577 4901 nugo
1617 4821 1697 4882 de
1740 4819 1800 4882 S.
1833 4820 2106 4896 Victore,
2145 4823 2316 4902 quod

817 4922 985 4985 Deus
1028 4919 1279 4984 solvens
1318 4919 1648 4982 hominem
1688 4938 1725 4982 a
1773 4919 2074 5001 peccatis,
2117 4919 2183 4982 id
2220 4927 2318 4982 est

817 5041 855 5083 a
898 5020 1087 5103 culpa
1133 5026 1197 5082 et
1241 5036 1430 5100 poena
1474 5025 1729 5092 aeterna,
1782 5019 1934 5099 ligat
1981 5037 2131 5081 eum
2180 5019 2317 5081 vin-

818 5120 963 5182 culo
1007 5123 1329 5200 perpetuae
1370 5117 1803 5180 detestationis
1849 5117 2112 5200 peccati.

898 5217 1186 5299 Denique
1226 5215 1291 5277 in
1327 5214 1577 5278 actibus
1616 5215 1927 5278 virtutum
1968 5233 2095 5278 non
2141 5214 2316 5279 inve-

818 5317 993 5379 nitur
1022 5313 1425 5397 superfluum
1456 5321 1521 5376 et
1548 5313 1955 5390 diminutum,
1973 5321 2042 5376 ut
2072 5312 2318 5378 Ethico-

2426 4334 2696 4396 Thomas
2739 4333 2805 4394 in
2849 4332 3117 4414 Scripto.

2507 4431 2686 4494 Circa
2723 4429 3072 4513 praehabita
3109 4429 3332 4493 scribit
3371 4430 3704 4494 Durandus
3746 4451 3762 4495 ε
3807 4432 3939 4497 Pro

2427 4530 2686 4592 vitando
2729 4529 2899 4592 malo
2947 4528 3152 4610 oulpae
3201 4528 3418 4592 nullus
3461 4529 3652 4592 debet
3687 4530 3937 4612 eligere

2429 4647 2683 4710 poenam
2716 4627 2974 4702 inferni,
3006 4627 3111 4690 vel
3139 4627 3403 4691 omnino
3433 4646 3561 4691 non
3599 4647 3760 4692 esse.
3793 4629 3936 4694 Nec

2430 4727 2676 4789 licitum
2729 4735 2826 4789 est
2871 4726 3016 4801 hoc,
3067 4726 3368 4808 quoniam
3427 4727 3670 4790 malum
3715 4745 3936 4810 poenae

2427 4843 2756 4907 nunquam
2806 4831 3016 4907 potest
3066 4824 3218 4905 eligi
3267 4833 3437 4888 recte
3487 4833 3747 4908 propter
3797 4843 3938 4889 ma-

2427 4923 2561 4986 lum
2611 4922 2817 5005 culpae
2861 4922 3217 4998 vitandum,
3267 4923 3394 4986 nisi
3450 4923 3602 5005 quia
3657 4923 3800 4987 sine
3845 4943 3936 4990 eo

2426 5022 2615 5105 culpa
2663 5039 2788 5084 non
2831 5021 3002 5084 valet
3041 5021 3250 5096 vitari,
3291 5028 3403 5084 aut
3445 5022 3597 5104 quia
3637 5039 3755 5104 per
3795 5023 3937 5088 tale

2429 5121 2670 5184 malum
2719 5138 2924 5203 poenae
2975 5127 3388 5201 promovetur
3433 5119 3674 5184 bonum
3722 5121 3937 5186 virtu·

2427 5221 2511 5282 tis
2549 5227 2613 5282 et
2649 5219 2998 5302 impeditur
3036 5217 3278 5281 malum
3315 5219 3682 5301 oppositum
3717 5237 3732 5284 :
3768 5239 3936 5303 quo—

2429 5333 2568 5380 rum
2598 5318 2844 5381 nullum
2871 5325 2970 5382 θεῖ
2997 5317 3118 5380 hic.
3134 5316 3395 5380 Nullum
3419 5318 3658 5382 etenim
3685 5319 3937 5386 malum
