4267 6250
967 509 987 516 —
1055 494 1331 543 arn-oms
1372 495 1839 544 msrmcnouuu
1876 497 2036 545 usai
2077 499 2141 544 iv
2181 499 2644 562 summumst
3324 479 3400 543 17

300 663 618 738 probitatis,
638 668 742 723 aut
772 663 1244 739 pulchritudinis,
1269 669 1372 726 aut
1398 665 1663 732 fortunoe,
1686 667 1796 724 sci·
1821 667 1876 732 A
1907 668 2203 741 praedicta,
2252 670 2408 743 quod
2454 667 2923 742 concupiscentia
2968 684 3202 740 semper
3247 668 3405 726 mala

297 755 428 812 licet
453 755 819 813 divitiarum.
851 757 931 812 De
962 772 1248 814 consensu
1275 759 1472 815 autem
1503 756 1563 812 in
1593 756 1797 813 matri-

297 845 562 902 monium
607 845 809 903 Mariae
853 849 912 903 et
946 846 1154 918 loseph
1201 847 1593 913 sentiendum,
1639 848 1796 918 quod

295 935 464 1007 Virgo
493 937 800 1007 proposuit
825 952 1055 993 servare
1073 935 1487 1009 virginitatem,
1504 935 1616 991 nisi
1647 937 1796 993 Deus

297 1023 458 1081 aliter
483 1025 790 1089 revelaret,
822 1027 881 1082 et
907 1024 1034 1082 sine
1061 1028 1192 1082 voto
1223 1040 1495 1096 expresso
1525 1024 1588 1080 in
1617 1024 1798 1081 socie-

297 1117 468 1170 tatem
499 1114 840 1171 maritalem
870 1131 974 1171 seu
1001 1112 1372 1187 conjugalem
1406 1113 1700 1171 consensit
1726 1130 1799 1170 ex

297 1203 536 1260 consilio
574 1202 855 1261 familiari
893 1203 1144 1276 Spiritus
1179 1203 1394 1260 Sancti.
1425 1204 1628 1260 Postea
1662 1219 1799 1260 vero

297 1309 408 1349 una
435 1309 576 1350 cum
606 1293 819 1366 loseph
844 1295 1047 1350 votum
1075 1292 1376 1365 expressit,
1395 1291 1620 1366 fuitque
1647 1293 1800 1349 inter

299 1399 390 1439 eos
417 1383 762 1457 eonjugium
803 1381 1126 1456 perfectum
1162 1381 1486 1448 sanctitate,
1519 1382 1655 1440 licet
1682 1398 1798 1438 non

299 1472 376 1528 ita
425 1471 877 1545 significatione,
927 1472 1068 1546 quia
1121 1471 1247 1529 sine
1293 1472 1502 1546 copula
1555 1471 1795 1529 carnali.

300 1563 443 1618 Sunt
475 1563 682 1619 autem
727 1561 932 1619 multae
977 1577 1169 1619 causoe
1205 1577 1312 1618 cur
1349 1561 1798 1620 matrimonium

301 1651 696 1708 communiter
738 1651 1141 1708 contrahatur.
1179 1652 1462 1717 Quaedam
1508 1649 1800 1725 principa-

300 1739 394 1805 les,
425 1744 495 1798 ut
535 1739 720 1813 prolis
760 1739 1102 1812 procreatio,
1134 1741 1192 1796 et
1226 1738 1627 1797 fornicationis
1663 1740 1804 1796 vita-

297 1829 391 1886 tio.
432 1831 722 1896 Quaedam
769 1828 949 1886 etiam
997 1831 1134 1886 sunt
1173 1828 1372 1886 minus
1420 1830 1697 1895 honestae,
1739 1831 1806 1886 ut
1835 1829 1882 1894 Β

299 1919 514 1976 divitiae
540 1921 600 1976 et
625 1918 1026 1992 pulchritudo.
1043 1919 1112 1974 Et
1137 1917 1270 1976 aliae
1301 1920 1577 1985 honestae,
1598 1921 1664 1976 ut
1689 1935 1804 1991 pax

299 2011 355 2065 et
376 2008 930 2066 reconciliatio.Nec
957 2010 1154 2065 tamen
1185 2008 1358 2065 dictae
1386 2025 1578 2066 causae
1605 2007 1804 2064 minus

1905 762 2009 816 est.
2048 761 2263 817 Verum
2309 763 2397 816 est
2439 759 2596 816 enim
2642 759 2713 816 de
2752 758 2911 815 malo
2948 774 3151 831 poenae,
3190 761 3250 814 et
3286 773 3403 814 non

1907 849 2110 922 culpae,
2144 850 2257 906 nisi
2285 852 2350 906 ut
2378 849 2603 907 dictum
2633 853 2737 905 est.
2768 848 3077 922 Gregorius
3106 851 3303 906 autem
3332 849 3405 904 ab

1907 938 2177 1012 ingressu
2212 939 2483 996 Ecclesiae
2518 939 2785 1011 prohibet
2824 942 2952 1010 post
2988 954 3287 994 accessum
3330 938 3408 993 ad

1908 1044 2151 1085 uxorem
2194 1045 2329 1086 eum
2362 1031 2592 1086 tantum
2623 1028 2724 1102 qui
2761 1028 2869 1083 hoc
2898 1027 3021 1100 agit
3047 1026 3411 1084 incontinen-

1907 1114 2006 1173 tiae
2052 1134 2248 1183 causa,
2287 1117 2375 1174 vel
2422 1117 2563 1191 quia
2606 1134 2739 1174 raro
2791 1116 2858 1172 fit
2896 1117 3021 1173 sine
3067 1115 3410 1190 hujusmodi

1911 1206 2401 1281 concupiscentia.

1909 1322 2050 1381 Quae
2075 1323 2185 1373 tria
2212 1323 2465 1389 conjugii
2496 1323 2645 1375 bona
2674 1321 2805 1382 sint,
2833 1321 3039 1388 quibus
3070 1321 3208 1374 illud
3242 1319 3413 1373 hone-

1957 1394 2251 1456 Redditur,
2262 1394 2436 1446 hocce
2449 1395 2591 1458 Ioco,
2604 1395 2767 1448 docte
2779 1393 3075 1458 Magister,
3084 1393 3224 1457 agis.
3241 1393 3413 1460 {stum

2304 1593 2733 1656 DISTINGTIO
2777 1593 3015 1657 XXXII.

2214 1724 2556 1788 Sciendum
2601 1725 2791 1788 etiam
2835 1733 2952 1798 est,
2994 1732 3115 1788 etc.

1915 1914 2308 2100 QUAMVIS
2351 1921 2411 1978 in
2450 1921 2580 1978 aliis
2616 1921 2707 1979 vir
2740 1921 2975 1980 mulieri
3018 1923 3228 1995 praeest
3262 1921 3417 1978 sicut

2074 2014 2249 2083 caput
2277 2011 2524 2083 corpori,
2554 2014 2753 2069 tamen
2786 2012 2849 2068 in
2878 2011 3203 2068 redditione
3234 2010 3413 2068 debiti

301 2098 560 2156 honestoe
597 2097 1036 2154 Matrimonium
1077 2097 1428 2170 impediunt,
1459 2102 1526 2156 ιιι
1560 2098 1803 2172 quidam
1905 2099 2006 2173 jus
2048 2104 2134 2157 est
2180 2099 2262 2157 eis
2310 2101 2549 2174 oequale,
2588 2103 2733 2158 adeo
2782 2104 2937 2174 quod
2980 2101 3157 2159 etiam
3204 2100 3252 2156 si
3294 2116 3412 2157 non

297 2188 586 2252 volebant,
634 2205 706 2245 eo
761 2189 920 2261 quod
977 2187 1206 2244 malitia
1259 2187 1654 2245 contrahentis
1708 2204 1804 2244 sa-

302 2281 672 2336 cramentum
721 2294 840 2334 non
887 2277 1162 2334 maculat.
1207 2277 1467 2335 Fuerunt
1510 2280 1707 2335 autem
1749 2280 1807 2334 et

303 2384 488 2426 causae
523 2367 808 2440 speciales
849 2369 1182 2424 contractus
1223 2366 1378 2424 inter
1411 2366 1711 2440 Virginem
1749 2370 1809 2424 et

303 2458 528 2532 Ioseph,
591 2461 662 2516 ut
717 2455 944 2514 scilicet
999 2457 1175 2530 Virgo
1235 2457 1510 2516 solatium
1570 2457 1810 2514 haberet

303 2550 355 2603 et
397 2549 963 2611 sustentamentum,
1014 2549 1213 2618 partus
1267 2549 1465 2604 autem
1511 2545 1808 2619 virgineus

305 2636 534 2694 diabolo
571 2637 878 2703 celaretur,
910 2638 970 2693 et
1001 2637 1210 2710 Ioseph
1247 2637 1411 2694 testis
1451 2639 1603 2696 esset
1637 2635 1808 2693 casti-

307 2726 438 2782 tatis
474 2726 746 2800 conjugis
773 2741 914 2783 suoe.

309 2843 449 2894 Sunt
487 2843 622 2904 duo,
655 2857 786 2908 quae
821 2841 1014 2894 dicant
1050 2841 1355 2893 dissolvere
1396 2842 1610 2894 foedera
1645 2842 1773 2894 lecti
1790 2856 1805 2905 ;

365 2916 508 2966 Sunt
535 2917 726 2966 errata
753 2915 887 2976 duo,
920 2927 1048 2978 quse
1073 2915 1354 2966 temerare
1376 2917 1599 2977 negent.

711 3110 1140 3175 DISTINCTIO
1181 3109 1387 3173 XXXI.

461 3246 608 3310 Post
649 3246 786 3311 haee
828 3246 908 3309 de
951 3244 1136 3309 bonis
1179 3245 1484 3327 conjugii,
1528 3252 1649 3307 etc.

495 3446 542 3499 A
589 3446 731 3501 sunt
771 3442 1126 3499 Matrimonii
1181 3443 1353 3507 bona,
1401 3442 1623 3499 scilicet
1668 3440 1811 3499 fides

447 3532 704 3589 invicem
749 3535 1054 3599 servanda,
1103 3536 1162 3590 et
1205 3532 1396 3604 proles
1440 3530 1811 3603 suscipienda

309 3638 376 3678 ac
411 3624 740 3688 educanda,
776 3625 834 3680 et
869 3624 1309 3678 sacramentum
1350 3622 1420 3678 de
1458 3619 1811 3676 Matrimonii

311 3712 582 3769 societate
637 3727 756 3768 non
813 3709 1200 3777 dissolvenda,
1249 3710 1426 3768 etiam
1483 3710 1533 3766 si
1577 3712 1813 3783 quando

312 3800 628 3874 corporalis
673 3800 778 3857 fiat
817 3799 1155 3873 disjunctio.
1186 3801 1382 3873 Neque
1423 3800 1534 3857 hoc
1573 3798 1809 3857 tertium

311 3890 504 3948 deficit
530 3890 592 3946 in
620 3889 1010 3955 Matrimonio,
1043 3890 1224 3947 etiam
1262 3888 1310 3946 si
1346 3890 1538 3962 prima
1567 3890 1682 3946 duo
1712 3890 1814 3945 de·

313 3979 478 4037 ficere
521 3980 842 4053 contingat.
874 3980 1160 4053 Conjuges
1202 3981 1401 4036 tamen
1447 3978 1543 4051 qui
1589 3978 1812 4050 prolem

314 4070 534 4135 nolunt,
565 4071 671 4126 sed
709 4068 1078 4126 sterilitatem
1119 4070 1450 4140 procurant,
1481 4068 1673 4140 potius
1701 4066 1815 4124 for-

1915 2207 2091 2246 causa
2147 2190 2324 2262 prolis
2382 2189 2597 2248 mulier
2641 2191 2903 2248 debitum
2959 2195 3173 2264 poscat,
3220 2190 3311 2248 vir
3360 2191 3413 2246 ei

1913 2282 2157 2337 reddere
2194 2282 2477 2345 teneatur,
2510 2283 2567 2338 et
2595 2285 2857 2348 econtra;
2888 2284 2946 2339 et
2982 2284 3204 2346 neuter,
3235 2279 3413 2338 etiam

1914 2370 1990 2425 ad
2032 2369 2474 2436 continendum,
2506 2370 2597 2428 sui
2640 2371 2899 2444 corporis
2938 2373 3281 2443 potestatem
3320 2370 3420 2428 ha-

1915 2459 2028 2524 bet,
2061 2460 2174 2516 nisi
2213 2462 2283 2517 de
2311 2477 2599 2518 consensu
2627 2461 2950 2519 communi.
2981 2463 3253 2517 Attamen
3282 2460 3420 2516 licet

1917 2551 2221 2620 peccatum
2270 2566 2386 2606 non
2428 2551 2523 2615 sit,
2569 2550 2831 2608 debitum
2874 2552 3145 2617 reddere;
3186 2549 3419 2622 exigere

1915 2640 2114 2696 tamen
2165 2640 2318 2696 ultra
2365 2640 2683 2713 generandi
2732 2640 3155 2704 necessitatem,
3196 2638 3419 2696 veniale

1917 2733 2032 2796 est,
2092 2730 2377 2788 moechari
2432 2748 2584 2796 vero,
2635 2731 2957 2789 criminale.
3006 2732 3175 2797 Quod
3227 2728 3277 2785 si
3330 2729 3421 2785 vir

1915 2817 2084 2874 uxori
2133 2819 2459 2876 consentiat
2512 2821 2580 2876 ut
2631 2821 2745 2878 Deo
2800 2818 3173 2876 continentiae
3217 2820 3417 2875 votum

1917 2908 2138 2972 offerat,
2186 2907 2236 2964 si
2282 2913 2480 2966 tamen
2532 2911 2759 2966 revocet
2804 2908 3147 2981 priusquam
3205 2906 3420 2964 mulier

1843 2995 1886 3058 G
1918 2995 2177 3069 impleat,
2226 3001 2561 3055 revocatum
2608 3000 2722 3065 est;
2770 3014 2889 3055 non
2936 3001 3154 3062 autem,
3203 2994 3252 3052 si
3288 2996 3418 3070 jam

1916 3083 2091 3145 fuerit
2117 3087 2448 3160 impletum.
2479 3087 2755 3155 Quamvis
2783 3090 2979 3147 autem
3012 3086 3228 3160 petenti
3260 3085 3420 3144 debi-

1915 3179 2042 3233 tum
2082 3178 2251 3235 reddi
2292 3178 2519 3243 debeat,
2550 3180 2689 3235 sunt
2716 3181 2915 3235 tamen
2954 3177 3079 3234 dies
3118 3176 3179 3233 in
3208 3176 3421 3249 quibus

1916 3265 2026 3323 hoc
2053 3266 2249 3339 ipsum
2290 3270 2483 3339 petere
2511 3284 2629 3325 non
2669 3267 2821 3333 licet,
2850 3271 2917 3326 ut
2945 3266 3005 3322 in
3040 3268 3221 3324 textu.
3252 3266 3419 3332 Quod

1844 3351 1850 3357 ’
1918 3358 2116 3412 autem
2164 3354 2551 3428 Hieronymus
2604 3356 2775 3414 aliter
2819 3357 3009 3413 dicere
3053 3354 3300 3419 videtur,
3348 3356 3419 3412 de

1917 3443 2187 3501 Ecclesiae
2232 3444 2519 3502 ministris
2565 3444 2971 3518 accipiendum
3022 3447 3125 3501 est.
3171 3445 3319 3501 Sunt
3362 3446 3422 3500 et

1917 3536 2185 3605 tempora
2220 3534 2280 3590 in
2318 3534 2533 3608 quibus
2568 3536 2789 3607 nuptioe
2835 3532 3115 3591 celebrari
3164 3549 3283 3589 non
3322 3534 3419 3589 de-

1917 3624 2073 3687 bent,
2121 3625 2188 3681 ut
2232 3640 2269 3679 a
2313 3624 2755 3698 septuagesima
2786 3640 2986 3703 ‘usque
3031 3625 3107 3681 ad
3153 3625 3417 3680 octavam

1917 3709 2171 3773 Paschae,
2203 3712 2263 3767 et
2294 3709 2481 3767 tribus
2522 3709 2865 3783 septimanis
2905 3712 3043 3767 ante
3080 3708 3295 3767 festum
3331 3711 3422 3765 Jo—

1917 3800 2106 3866 anniS,
2139 3802 2466 3857 secundum
2505 3799 2867 3872 Magistrum.
2898 3799 3057 3856 Alias
3094 3802 3291 3856 autem
3334 3798 3420 3855 di·

1920 3890 2073 3948 citur
2091 3893 2162 3948 de
2193 3890 2397 3948 diebus
2416 3890 2809 3962 Rogationum
2841 3906 3024 3962 usque
3050 3891 3126 3946 ad
3154 3892 3419 3947 octavam

1921 3981 2311 4048 Pentecostes;
2342 3980 2481 4038 item
2520 3980 2595 4037 ab
2622 3980 2886 4037 Adventu
2920 3994 3103 4051 usque
3135 3980 3264 4050 post
3288 3978 3420 4051 Epi-

1923 4068 2223 4142 phaniam.

316 4158 518 4216 nifflffi
535 4158 850 4232 judimffi
884 4162 1049 4225 Santi
1079 4162 1138 4214 0¹·
1163 4157 1211 4214 εἰ
1247 4155 1396 4216 fef-¹¹⁸
1424 4159 1565 4215 “¹¹¹⁰
1594 4156 1818 4214 ‘mima'
1843 4158 1894 4221 Β
1923 4185 2122 4236 Debita
2151 4188 2305 4235 certa
2332 4183 2511 4248 ligant
2536 4183 2766 4235 socialis
2796 4183 3009 4235 foedera
3035 4182 3184 4246 lecti,

315 4252 405 4307 tus
442 4248 652 4315 fuerat,
684 4252 822 4307 sunt
861 4248 1194 4307 homicidae.
1225 4249 1389 4305 Dicta
1426 4250 1624 4307 autem
1661 4248 1817 4305 bona

319 4338 398 4396 sic
421 4338 780 4397 Matrimonii
815 4340 1014 4397 actum
1056 4338 1348 4404 ordinant,
1383 4340 1448 4396 ut
1474 4336 1524 4394 si
1553 4337 1656 4395 flat
1681 4354 1816 4396 cau-

321 4446 383 4485 sa
407 4428 608 4501 prolis,
638 4430 946 4502 peccatum
984 4444 1104 4485 non
1142 4427 1218 4485 sit
1227 4448 1242 4495 ;
1275 4431 1378 4485 aut
1402 4428 1479 4484 sit
1506 4444 1625 4485 non
1660 4444 1816 4485 mor-

321 4518 448 4585 tale,
494 4522 564 4577 ιιι
609 4535 794 4592 quum
845 4521 1074 4576 servata
1119 4518 1233 4577 fide
1287 4519 1416 4585 tori,
1467 4517 1819 4576 conveniunt

326 4626 490 4668 causa
537 4609 996 4668 incontinentiae.
1046 4611 1213 4676 Quod
1267 4613 1463 4668 autem
1510 4607 1817 4680 Apostolus

327 4700 460 4759 dicit
497 4701 612 4759 hoc
651 4718 775 4759 esse
817 4704 1144 4761 secundum
1187 4702 1634 4775 indulgentiam,
1667 4702 1818 4760 acci-

325 4792 600 4864 pIendum
647 4796 738 4849 est
782 4795 854 4850 de
901 4792 1266 4867 indulgentia
1311 4792 1720 4857 concessionis,
1767 4793 1815 4849 si

327 4881 420 4938 flat
461 4899 642 4940 eausa
684 4882 880 4954 prolis,
923 4882 1088 4955 quasi
1130 4885 1203 4940 de
1243 4882 1442 4940 minus
1487 4884 1658 4949 hono,
1699 4898 1817 4940 non

325 4972 516 5028 tamen
555 4970 734 5027 malo.
765 4971 824 5027 Si
852 4987 987 5028 vero
1022 4971 1121 5027 flat
1146 4988 1322 5029 causa
1359 4971 1815 5036 incontinentiae,

329 5059 732 5131 accipiendum
769 5062 860 5117 est
887 5062 958 5117 de
991 5059 1358 5133 indulgentia
1395 5060 1815 5133 permissionis,

329 5148 485 5220 quasi
513 5151 590 5207 de
617 5149 819 5208 minus
845 5149 1021 5215 malo,
1045 5149 1266 5207 scilicet
1290 5150 1522 5217 veniali,
1546 5152 1820 5207 dummo-

331 5239 400 5295 do
423 5239 582 5297 intra
617 5239 838 5297 limites
861 5239 1218 5297 Matrimonii
1245 5240 1348 5297 ssat
1375 5257 1390 5297 ε
1421 5257 1566 5313 quos
1604 5239 1820 5297 limites

329 5329 376 5385 si
399 5330 528 5405 quis
553 5331 818 5397 excedat,
850 5346 966 5387 non
1003 5334 1329 5390 excusatur.
1359 5330 1477 5388 Nec
1503 5332 1593 5388 est
1617 5333 1820 5387 contra

568 5447 635 5499 T.
671 5446 756 5497 24.

1985 4256 2126 4317 Quae
2153 4257 2363 4323 pariter
2389 4257 2601 4321 conjux
2625 4256 2791 4308 debet
2818 4259 3053 4322 uterque
3084 4255 3209 4308 sibi.

2299 4456 2727 4522 DISTINCTIO
2776 4458 3037 4524 XXXIII.

2123 4593 2438 4669 Quaeritur
2480 4595 2585 4657 hic
2626 4595 2705 4658 de
2746 4596 3050 4679 antiquis,
3092 4600 3211 4659 etc.

2077 4792 2299 4850 MUNDI
2344 4792 2583 4867 quidem
2626 4792 2864 4851 exordio
2907 4811 3059 4851 unus
3100 4810 3282 4851 unam
3325 4790 3423 4850 ha·

2078 4883 2204 4940 buit
2240 4899 2482 4941 uxorem
2524 4898 2539 4939 z
2578 4884 2735 4955 quod
2775 4884 2833 4939 et
2868 4883 3236 4939 observatum
3272 4885 3425 4940 esset

1923 4973 1974 5030 si
2012 4972 2189 5046 primi
2227 4975 2493 5045 parentes
2536 4988 2655 5028 non
2693 4969 3053 5028 cecidissent.
3083 4971 3231 5027 Nam
3272 4970 3425 5029 inter

1925 5062 2074 5119 filios
2101 5079 2304 5120 eorum
2334 5065 2392 5119 et
2418 5061 2567 5118 filias
2606 5077 2760 5118 unus
2796 5059 2901 5118 uni
2940 5060 3420 5133 conjungebatur,

1926 5168 2110 5225 quum
2150 5168 2256 5208 nec
2292 5150 2425 5208 aliae
2460 5152 2655 5207 essent
2687 5148 2981 5207 mulieres.
3011 5149 3263 5205 Lamech
3289 5165 3424 5206 vero

1925 5241 2153 5314 primus
2192 5241 2406 5314 legitur
2444 5242 2589 5297 duas
2632 5239 2902 5298 habuisse
2944 5256 3174 5305 uxores,
3205 5241 3265 5296 et
3302 5238 3427 5311 qui·

1926 5333 2061 5389 dem
2107 5330 2655 5404 reprehensibiliter,
2706 5330 2846 5406 quia
2898 5329 3229 5388 carnaliter.
3277 5328 3427 5395 Quia

3140 5446 3171 5496 2
