4267 6250
1342 528 1481 585 oms
1520 528 1727 577 rossu-
1767 529 2209 578 muniamus
2249 531 2484 580 uem
3333 516 3456 581 55⁷

353 702 509 769 tem,
544 714 665 759 nec
702 715 900 780 super
934 696 1311 759 exsistentes
1350 694 1591 759 ibidem
1628 696 1859 759 habeat
1884 698 1937 761 A
1964 697 2118 761 bent
2165 700 2246 762 de
2296 700 2414 763 hac
2473 708 2802 783 potestate,
2851 710 3164 784 quantum
3217 702 3374 785 ipsis
3420 723 3459 766 a

348 794 817 869 auctoritatem,
832 801 1042 878 potest
1068 793 1199 856 illis
1228 795 1703 857 communicare
1732 795 1861 857 suf·

348 888 557 972 fragia
594 912 713 957 sua
748 902 813 957 et
840 892 1009 957 bona
1044 910 1193 971 sua3
1224 910 1351 955 non
1390 900 1603 955 autem
1648 901 1857 975 potest

347 988 479 1051 illis
524 991 957 1073 indulgentias
995 990 1231 1065 facere,
1262 990 1387 1053 nisi
1434 1010 1551 1073 per
1588 991 1853 1053 modum

345 1086 667 1170 suffragii.
700 1090 947 1153 Idcirco
986 1106 1115 1153 non
1160 1088 1314 1151 facit
1352 1088 1479 1151 illis
1524 1088 1853 1170 indulgen·

344 1185 469 1247 tias
512 1187 778 1262 directe,
830 1187 983 1270 quia
1028 1205 1155 1250 non
1204 1194 1357 1249 sunt
1403 1186 1481 1249 de
1524 1186 1663 1249 foro
1709 1204 1847 1261 suo,

342 1302 467 1345 nec
512 1286 609 1347 illi
656 1294 925 1369 possunt
954 1284 1165 1348 facere
1204 1304 1281 1349 ea
1318 1303 1437 1368 pro
1472 1285 1711 1367 quibus
1760 1285 1853 1346 in-

342 1380 679 1463 dulgentia
734 1384 961 1463 datm-3
1012 1384 1123 1445 sed
1170 1382 1503 1457 indirecte,
1552 1382 1850 1446 videlicet

344 1496 463 1560 per
520 1479 907 1561 suffragium
966 1480 1525 1563 ministeriumque
1580 1480 1851 1543 viventi-

348 1596 481 1639 um.
531 1578 795 1661 Proprie
854 1597 1111 1663 quoque
1168 1579 1511 1661 loquendo,
1566 1578 1851 1641 Ecclesia

346 1692 479 1737 non
520 1676 715 1739 solvit
754 1676 899 1739 illos
926 1696 965 1739 a
994 1695 1203 1760 poena,
1236 1677 1349 1739 sed
1386 1676 1570 1759 quasi
1608 1694 1725 1759 pro
1754 1677 1848 1739 eis

344 1772 425 1834 de
482 1774 811 1837 communi
874 1775 1173 1838 thesauro
1229 1775 1529 1839 Ecclesiae
1582 1775 1773 1837 solvit
1828 1793 1843 1836 :

1963 796 2196 859 Christi
2235 797 2474 861 vicario
2501 806 2598 861 est
2633 817 3028 862 concessum.
3061 802 3204 883 lpse
3239 809 3454 863 autem

1962 913 2080 976 per
2110 894 2218 976 jus
2257 913 2597 959 commune
2637 896 2758 959 hoc
2797 914 2924 961 uon
2963 898 3298 973 concessit,
3331 898 3458 961 nisi

1960 993 2282 1076 episcopis
2328 1002 2392 1056 et
2437 995 2658 1057 electis
2715 995 2784 1057 in
2829 997 3165 1080 episcopos
3211 1004 3276 1059 et
3325 997 3459 1059 suis

1962 1090 2204 1173 legatis.
2237 1092 2387 1155 Ideo
2425 1093 2586 1155 nulli
2623 1094 2734 1156 alii
2782 1093 3210 1175 indulgentias
3249 1094 3458 1157 facere

1960 1197 2250 1270 possunt,
2273 1190 2396 1253 nisi
2429 1210 2507 1254 ex
2539 1192 2802 1274 speciali
2832 1193 3302 1255 commissione.
3328 1193 3456 1256 Nec

1960 1295 2228 1368 possunt
2278 1288 2460 1369 legati
2521 1288 2950 1371 indulgentias
2995 1289 3166 1363 dare,
3215 1290 3340 1352 nisi
3391 1290 3458 1352 in

1958 1402 2091 1446 suae
2120 1384 2452 1465 legationis
2483 1386 2844 1467 provincia3
2876 1406 2994 1449 nec
3025 1387 3336 1470 episcopi,
3361 1387 3456 1449 ni-

1956 1482 2009 1543 si
2042 1482 2109 1543 in
2139 1502 2256 1545 sua
2283 1483 3059 1567 dioecesi.Archiepiscopi
3089 1493 3304 1547 autem
3336 1486 3456 1548 hoc

1958 1589 2224 1662 possunt
2273 1580 2338 1643 in
2387 1599 2650 1644 suorum
2697 1583 3175 1666 episcopatibus
3223 1583 3456 1647 suffra-

1954 1697 2322 1759 ganeorum.
2359 1680 2502 1743 Haec
2543 1682 2913 1744 RicharduS.

2035 1777 2330 1840 Albertus
2369 1779 2630 1841 demum
2673 1780 2780 1842 hic
2817 1780 3043 1843 scribit
3075 1799 3091 1843 :
3123 1782 3274 1844 Tres
3315 1782 3454 1864 opi·

342 1872 889 1952 quemadmodum
954 1872 1309 1936 debitorem
1374 1873 1559 1936 aliter
1618 1872 1846 1935 liberat
1880 1871 1929 1934 B
1958 1875 2180 1938 niones
2219 1875 2480 1939 fuerunt
2520 1878 2872 1961 antiquitus
2911 1880 3082 1943 circa
3119 1880 3452 1961 indulgen-

342 1969 645 2045 creditor,
676 1990 827 2033 eum
870 1990 909 2033 a
949 1971 1169 2035 debito
1204 1971 1623 2051 absolvend03
1662 1971 1847 2033 aliter

340 2068 591 2130 amicus
642 2068 971 2145 debitoris,
1020 2069 1327 2133 solvendo
1373 2088 1491 2152 pro
1535 2088 1631 2133 eo.
1673 2070 1845 2132 Hanc

339 2174 557 2228 autem
598 2167 984 2231 solutionem
1020 2168 1232 2231 facere
1266 2168 1491 2251 nequit
1520 2168 1645 2230 nisi
1688 2188 1845 2250 prae-

342 2263 507 2326 latus
538 2264 864 2340 Ecclesiae,
894 2266 1009 2349 qui
1046 2267 1221 2330 solus
1252 2266 1445 2329 hahet
1474 2266 1845 2329 thesaurum

340 2362 419 2424 de
458 2381 591 2446 quo
619 2362 769 2427 fieri
807 2364 1000 2427 debet
1038 2365 1291 2428 solutio.
1325 2366 1517 2429 Vivos
1546 2383 1697 2428 vero
1732 2365 1845 2446 qui

342 2468 493 2522 sunt
536 2462 616 2525 de
654 2461 795 2527 foro
834 2480 975 2537 suo,
1008 2463 1283 2527 absolvit
1320 2470 1590 2546 utroque
1634 2463 1840 2526 modo.

340 2559 485 2623 Haec
528 2560 769 2623 Petrus.

420 2659 695 2742 Insuper
740 2660 1093 2723 Richardus
1134 2677 1150 2722 τ
1192 2659 1345 2723 Mihi
1386 2660 1531 2741 (ait)
1568 2660 1841 2733 videtur,

342 2757 517 2838 quod
562 2766 875 2841 quantum
920 2759 1000 2821 ad
1050 2758 1491 2823 remissionem
1536 2758 1845 2822 extensio-

338 2854 441 2917 nis
484 2874 603 2918 seu
638 2856 993 2920 durationis
1032 2876 1261 2941 poenae,
1306 2876 1491 2940 pares
1536 2866 1687 2920 sunt
1734 2857 1842 2919 ille

336 2954 451 3036 qui
504 2955 721 3017 minus
768 2956 965 3031 dedit,
1006 2965 1071 3019 et
1111 2956 1225 3039 qui
1272 2956 1419 3040 plus
1466 2956 1745 3030 donavit,
1786 2956 1841 3017 si

1954 1974 2093 2036 tias.
2143 1975 2294 2049 Una,
2329 1976 2646 2057 praetactis
2685 1977 3206 2059 persuasionibus
3255 1988 3447 2054 mota,
3479 1999 3744 2056 capsae.

1954 2071 2113 2134 dixit
2134 2090 2242 2135 eas
2269 2073 2430 2136 nihil
2460 2074 2691 2149 valere,
2703 2083 2768 2137 et
2789 2094 2930 2138 esse
2958 2076 3132 2159 piam
3161 2077 3448 2141 fraudem
3479 2099 3744 2157 emmo.

1952 2189 2080 2251 qua
2118 2178 2320 2233 mater
2347 2171 2728 2255 decipiendo
2757 2192 2987 2255 pueros
3025 2193 3194 2250 suos,
3230 2194 3453 2258 provo-

1954 2276 2054 2330 cat
2094 2286 2204 2331 eos
2247 2269 2328 2331 ad
2377 2269 2638 2333 bonum.
2681 2272 2790 2334 Isti
2832 2273 2910 2335 ad
2954 2272 3178 2337 ludum
3222 2293 3450 2356 puero·

1954 2384 2097 2428 rum
2124 2367 2388 2430 trahunt
2417 2368 2654 2432 factum
2687 2370 3009 2445 Ecclesiae,
3041 2381 3106 2433 et
3134 2372 3254 2435 hoc
3289 2380 3446 2455 puto

1952 2461 2246 2527 haeresim
2274 2484 2516 2547 sapere.
2537 2466 2696 2529 Hinc
2723 2467 2834 2529 alii
2863 2468 3012 2551 plus
3041 2488 3234 2551 quam
3265 2488 3450 2552 opor-

1951 2569 2043 2623 tet
2065 2562 2162 2623 illi
2192 2563 2390 2625 errori
2423 2565 2942 2641 contradicentes
2955 2566 3272 2641 dixerunt,
3284 2569 3448 2649 quod

1954 2659 2363 2741 indulgentiae
2401 2662 2783 2744 simpliciter
2808 2671 3058 2727 tantum
3089 2665 3302 2727 valent
3329 2666 3450 2729 sic·

1952 2765 2021 2819 ut
2052 2759 2564 2839 pronuntiantur.
2599 2762 2674 2823 Et
2705 2762 2810 2824 isti
2849 2763 3044 2825 nimis
3083 2762 3324 2826 bonum
3355 2763 3446 2828 fo-

1952 2874 2093 2918 rum
2136 2856 2289 2919 dant
2316 2858 2395 2920 de
2435 2858 2870 2923 misericordia
2899 2860 3036 2923 Dei.
3067 2860 3215 2923 Ideo
3246 2862 3446 2925 tertiae

1952 2954 2252 3036 positioni
2293 2963 2450 3037 puto
2496 2958 3046 3031 consentiendum,
3085 2978 3228 3041 quae
3274 2966 3448 3021 tenet

334 3052 457 3115 hoc
498 3052 567 3114 in
607 3052 815 3117 forma
856 3054 1265 3139 indulgentiae
1304 3054 1698 3135 continetur3
1728 3054 1840 3116 sed
1876 3052 1920 3116 C
1952 3053 2230 3115 mediam
2278 3054 2472 3131 viam,
2514 3054 2786 3118 dicendo
2833 3055 3260 3139 indulgentias
3308 3065 3444 3119 tan·

331 3160 653 3234 quantum
692 3153 772 3216 ad
812 3153 1257 3218 remissionem
1304 3154 1683 3218 intensionis
1726 3172 1839 3216 seu

328 3250 703 3315 acerbitatis
732 3259 845 3315 aut
870 3254 1291 3317 vehementiae
1320 3271 1543 3336 poenae,
1556 3259 1620 3315 et
1648 3271 1843 3334 quan·

328 3359 471 3413 tum
516 3350 599 3412 ad
637 3350 1125 3434 dispositionem
1172 3350 1553 3434 proficiendi
1598 3352 1663 3414 in
1704 3371 1841 3432 gra·

328 3449 441 3524 tia,
476 3449 761 3532 impares
790 3458 961 3525 sunt,
994 3450 1147 3532 quia
1172 3450 1251 3512 de
1280 3449 1381 3512 his
1410 3449 1661 3514 duobus
1692 3449 1838 3532 plus

331 3548 757 3630 consequitur
795 3549 909 3631 qui
958 3549 1105 3632 plus
1145 3548 1341 3622 dedit,
1380 3555 1493 3611 aut
1530 3548 1837 3612 remotius

330 3647 515 3709 venit
544 3665 661 3709 seu
692 3647 1005 3710 intensius
1036 3647 1341 3711 laboravit
1368 3666 1485 3730 pro
1514 3647 1841 3729 indulgen·

332 3746 424 3807 tia
452 3747 927 3828 consequenda,
950 3754 1016 3808 et
1043 3746 1165 3809 hoc
1194 3747 1424 3809 ceteris
1452 3745 1735 3829 paribus,
1756 3781 1839 3792 —

332 3844 481 3907 Haec
520 3844 893 3908 Richardus.
925 3844 1073 3918 Quae
1114 3852 1465 3908 consonant
1503 3843 1703 3907 Petro.

411 3943 573 4005 Item
622 3941 975 4006 Richardus
1025 3943 1469 4025 respondendo
1508 3942 1587 4004 ad
1631 3942 1717 4017 id,
1753 3961 1835 4004 an

328 4041 749 4121 indulgentiae
791 4040 1039 4123 prosint
1079 4040 1533 4104 exsistentibus
1576 4041 1641 4102 in
1684 4059 1835 4122 pur·

324 4140 595 4221 gatorio‚
655 4139 838 4203 Petro
894 4139 1255 4212 concordat,
1313 4139 1607 4214 dicendo,
1662 4139 1831 4221 quod

1949 3159 2088 3214 tum
2132 3153 2346 3216 valere
2384 3163 2694 3236 quantum
2746 3174 2853 3218 eas
2905 3155 3116 3218 valere
3161 3155 3448 3220 Ecclesia

1949 3251 2272 3332 praedicat,
2315 3252 2402 3315 ita
2444 3253 2614 3335 quod
2656 3253 2870 3317 valent
2915 3254 3444 3318 concurrentibus

1948 3349 2424 3412 conditionibus
2471 3370 2664 3433 supra
2711 3352 2918 3425 tactiS,
2964 3352 3148 3431 juxta
3199 3352 3440 3433 justam
3470 3384 3734 3442 emmo,

1946 3447 2434 3510 aestimationem
2473 3447 2810 3511 solutionis
2848 3448 2990 3530 ejus
3026 3466 3144 3530 pro
3180 3468 3309 3532 quo
3349 3451 3442 3513 in-

1946 3543 2273 3626 dulgentia
2326 3546 2530 3608 datur.
2580 3547 2824 3609 Justam
2869 3564 3024 3609 vero
3079 3547 3441 3612 aestimatio-

1946 3663 2095 3706 nem
2126 3661 2302 3718 voco,
2337 3661 2672 3706 censuram
2711 3643 2863 3707 boni
2892 3645 3016 3707 viri
3053 3664 3126 3707 ac
3165 3648 3442 3710 necessi·

1946 3749 2140 3804 tatem
2185 3742 2500 3805 Ecclesiae.
2534 3741 2678 3805 Haec
2719 3742 3034 3805 Alhertus.

2024 3840 2140 3914 Qui
2173 3840 2365 3902 etiam
2403 3839 2628 3902 scribit
2657 3839 2783 3914 hic,
2815 3841 2987 3923 quod
3027 3842 3438 3924 indulgentiae

1944 3938 2138 4001 etiam
2162 3938 2375 4002 valent
2404 3937 2856 4002 exsistentibus
2886 3940 2954 4002 in
2986 3949 3246 4022 peccato
3277 3960 3438 4005 mor·

1942 4038 2073 4100 tali.
2121 4037 2297 4112 Quod
2345 4037 2640 4120 quamvis
2689 4037 2979 4101 videatur
3023 4041 3436 4123 praeinductis
3487 4066 3705 4121 p.s⁵so·.

1940 4135 2125 4198 valde
2157 4136 2569 4210 contrarium,
2604 4142 2818 4198 tamen
2846 4137 3202 4201 secundum
3235 4139 3438 4203 inten-

324 4255 455 4301 non
490 4246 761 4320 prosunt
788 4238 917 4300 illis
946 4239 1071 4300 nisi
1103 4256 1219 4319 per
1250 4238 1510 4300 modum
1538 4237 1831 4319 suffragii
1862 4235 1911 4298 D
1941 4234 2182 4297 tionem
2223 4233 2466 4296 Alberti
2513 4233 2788 4297 faciliter
2829 4237 3248 4299 concordatur
3288 4257 3436 4302 cum

322 4355 397 4400 ac
446 4336 782 4412 indirecte,
834 4338 903 4399 in
959 4344 1271 4419 quantum
1328 4336 1704 4400 exsistentes
1763 4337 1829 4398 in

322 4436 447 4497 hac
489 4435 624 4497 vita
666 4442 864 4517 agunt
910 4452 1028 4518 pro
1070 4434 1201 4497 illis
1246 4435 1418 4516 quod
1462 4434 1673 4515 agitur
1715 4452 1832 4516 pro

327 4533 749 4614 indulgentiis
776 4534 1161 4598 obtinendis.
1184 4569 1267 4579 —
1296 4533 1581 4616 Denique
1612 4533 1706 4596 illi
1737 4551 1833 4597 so-

330 4633 373 4695 li
406 4639 680 4714 possunt
714 4630 1143 4713 indulgentias
1170 4631 1404 4707 facere,
1435 4631 1673 4713 quihus
1705 4632 1831 4696 dis-

329 4729 626 4814 pensatio
666 4728 948 4792 thesauri
990 4730 1290 4794 Ecclesiae
1330 4737 1427 4792 est
1465 4731 1828 4806 commissa,

332 4838 399 4892 et
442 4829 797 4892 secundum
848 4847 1214 4892 mensuram
1260 4848 1391 4894 suae
1436 4831 1833 4894 commissio·

332 4929 463 4991 niS.
512 4927 847 5010 Quumque
904 4926 1146 4991 vicario
1203 4928 1434 4991 Christi
1492 4930 1834 4993 commissa

333 5027 421 5089 sit
449 5026 782 5109 plenitudo
819 5026 1172 5109 potestati3‚
1205 5027 1355 5090 dare
1389 5035 1597 5109 potest
1627 5027 1833 5091 indul-

332 5125 582 5207 gentias
613 5143 727 5208 per
752 5133 947 5188 totam
978 5124 1327 5188 Ecclesiam
1356 5125 1757 5201 militantem,
1769 5134 1834 5190 et

333 5231 543 5287 tantas
585 5231 855 5306 quantas
890 5223 1183 5300 voluerit,
1215 5225 1371 5286 dum
1411 5231 1626 5287 tamen
1668 5225 1834 5288 adsit

334 5324 733 5389 rationabilis
772 5343 981 5388 causa.
1015 5325 1141 5387 Alii
1184 5331 1397 5387 autem
1435 5330 1685 5387 tantum
1727 5324 1832 5387 ha-

1942 4333 2071 4395 illis
2104 4351 2119 4396 :
2152 4331 2306 4414 quia
2339 4332 2480 4396 vult
2506 4333 2742 4408 dicere,
2774 4334 2944 4416 quod
2983 4334 3438 4400 exsistentibus

1942 4430 2007 4493 in
2038 4431 2230 4513 culpa
2261 4431 2512 4494 mortali
2554 4439 2819 4514 prosunt
2847 4433 3241 4516 dispositive,
3271 4435 3438 4499 sicut

1941 4536 2006 4592 et
2044 4548 2210 4591 unus
2252 4529 2488 4592 dicitur
2527 4529 2710 4592 alteri
2751 4531 3020 4612 gratiam
3062 4533 3431 4614 promereri.

1940 4662 2023 4673 —-
2050 4629 2317 4710 Insuper
2357 4628 2605 4702 asserit,
2647 4629 2816 4710 quod
2863 4630 3318 4693 exsistentibus
3365 4631 3432 4693 in

1942 4727 2308 4810 purgatorio
2350 4725 2762 4808 indulgentiae
2805 4728 3070 4810 prosint.
3112 4728 3287 4802 Quod
3329 4747 3434 4792 ve-

1941 4824 2182 4888 rificari
2237 4831 2445 4906 potest
2495 4824 2678 4905 juxta
2735 4825 2996 4888 modum
3051 4833 3116 4888 et
3169 4845 3432 4890 sensum
3485 4853 3707 4910 μωσιν,

1942 4923 2386 5008 praehabitum.
2417 4959 2500 4969 —
2535 4923 2602 4985 ld
2648 4940 2906 5005 quoque
2951 4925 3121 5005 quod
3166 4925 3245 4986 de
3287 4926 3432 4988 'l'ra-

1937 5023 2089 5106 jano
2126 5031 2417 5085 narratur
2443 5029 2508 5084 et
2542 5021 2622 5084 de
2661 5022 2720 5085 S.
2755 5021 3076 5103 Gregorio,
3107 5023 3264 5085 dicit
3291 5041 3432 5088 esse

1939 5122 2476 5206 apocryphum,et
2502 5126 2756 5203 reputat
2779 5119 3275 5194 fabulam.Quod
3305 5140 3432 5185 non

1939 5231 2037 5285 est
2080 5229 2228 5304 apte
2277 5219 2618 5304 prolatum,
2669 5218 2971 5302 quoniam
3029 5219 3096 5281 in
3145 5219 3436 5301 Legenda

1939 5321 1999 5385 S.
2025 5320 2333 5403 Gregorii,
2364 5319 2516 5382 satis
2541 5317 2673 5382 fide
2703 5317 2915 5400 digna,
2945 5317 3010 5380 id
3037 5318 3399 5382 continetur
3410 5337 3430 5404 3
