4267 6250
93 969 215 1011 Ionan.
228 982 279 1020 ιιι,

78 2340 135 2381 Ρι.
150 2354 283 2393 univ,

766 482 855 531 AN
894 484 1111 533 vmws
1152 482 1681 532 samaraeum
1723 482 1817 529 sn·
1858 482 2200 531 nummu!
2239 481 2282 529 A
2323 482 2561 531 CHRISTI
2601 482 2897 530 usstolm
3302 462 3386 527 89

304 653 447 715 dare
498 652 779 717 humano
831 654 1077 736 generi,
1136 673 1209 717 ac
1268 654 1474 738 ipsam
1530 653 1610 715 ad
1667 652 1789 716 hoc
1815 652 1868 717 A
1896 652 2011 717 ciae
2068 660 2258 717 tantae
2317 661 2386 715 ut
2443 660 2676 717 nostra.
2733 652 2798 717 Si
2849 652 3130 715 secundo
3178 653 3390 728 modo,

305 753 599 817 inclinare
646 763 719 816 ut
777 756 917 837 ipsa
962 754 1227 819 offerret
1270 754 1562 818 Trinitati
1611 752 1791 817 obse-

304 852 519 933 quium
563 870 681 935 pro
726 860 859 916 toto
904 872 1137 935 genere
1187 854 1326 916 isto.
1361 852 1528 916 Talis
1572 859 1787 914 autem

304 968 562 1031 persona
591 969 721 1014 non
760 960 861 1014 est
896 951 1019 1014 nisi
1060 951 1367 1025 Christus,
1400 951 1506 1013 cui
1543 968 1671 1013 non
1708 950 1787 1012 ad

304 1066 661 1111 mensuram
718 1049 895 1113 dedit
939 1050 1107 1113 Deus
1157 1050 1459 1132 spiritum
1508 1048 1787 1112 caritatis

302 1166 371 1210 ac
406 1148 751 1231 sapientiae.
786 1148 935 1211 Tale
974 1167 1229 1232 quoque
1266 1148 1647 1231 obsequium
1694 1153 1790 1209 est

304 1244 455 1307 illud
485 1247 550 1308 in
580 1265 711 1329 quo
744 1248 989 1310 relucet
1024 1266 1097 1310 ac
1127 1255 1299 1330 patet
1336 1248 1563 1309 caritas
1595 1246 1791 1309 maxi-

302 1363 421 1419 ma,
452 1345 620 1428 quod
650 1351 751 1407 est
776 1362 847 1407 se
876 1346 1090 1427 ipsum
1128 1362 1245 1427 pro
1276 1344 1527 1426 justitia
1553 1342 1788 1406 offerre

302 1460 495 1523 usque
524 1441 589 1503 in
623 1448 915 1504 mortem.
949 1441 1139 1504 Recte
1168 1458 1319 1522 ergo
1348 1439 1619 1503 Trinitas
1647 1438 1789 1501 nul-

302 1537 425 1601 lum
456 1539 847 1620 adjutorium
879 1540 1205 1621 pertinens
1234 1539 1313 1601 ad
1344 1538 1613 1601 salutem
1645 1554 1790 1600 con-

301 1638 441 1701 tulit
465 1638 714 1702 homini
745 1639 995 1714 viatori,
1029 1640 1153 1702 nisi
1194 1639 1260 1701 in
1288 1639 1529 1702 virtute
1553 1656 1627 1700 ac
1660 1654 1787 1699 me-

302 1736 417 1799 rito
460 1736 803 1801 oblationis
852 1738 1085 1801 Christi
1144 1738 1211 1801 in
1263 1756 1453 1800 cruce
1498 1736 1701 1811 factae,
1750 1754 1789 1797 a

1894 758 2049 813 tunc
2086 752 2450 835 Baptismus
2492 759 2558 815 et
2599 752 2996 815 Eucharistia
3037 768 3166 815 non
3201 750 3394 815 habe·

1897 858 2039 911 rent
2066 870 2103 912 a
2134 850 2364 914 Christi
2394 851 2690 933 passione
2713 850 3085 924 efficaciam,
3099 849 3395 932 quoniam

1896 955 2043 1011 ante
2089 948 2452 1030 passionem
2502 948 2762 1012 fuerunt
2812 948 3118 1011 instituta.
3171 947 3394 1010 Dicen-

1896 1048 2073 1121 dum,
2110 1047 2283 1129 quod
2321 1047 2537 1110 omnia
2577 1054 2971 1109 sacramenta
3007 1064 3188 1110 novae
3235 1046 3392 1128 legis

1896 1144 2256 1209 efficaciam
2300 1145 2540 1208 habent
2593 1165 2630 1208 a
2683 1145 2915 1209 Christi
2972 1144 3266 1227 passione
3323 1150 3394 1206 ut

1897 1243 2203 1319 exhibita,
2235 1262 2364 1307 non
2402 1253 2548 1307 actu
2584 1244 2906 1319 exteriori,
2937 1244 3048 1307 sed
3079 1242 3386 1305 interiori.

1898 1342 2002 1407 Sic
2030 1343 2204 1405 enim
2233 1342 2316 1405 ab
2346 1343 2606 1405 instanti
2639 1341 3074 1425 conceptionis
3105 1340 3390 1404 Christus

1899 1441 2123 1506 habuit
2152 1442 2452 1505 meritum
2482 1441 3027 1524 passioniS‚atque
3059 1439 3123 1502 in
3154 1439 3264 1502 illo
3293 1457 3393 1501 ac-

1898 1548 1969 1601 tu
1998 1539 2284 1603 interiori
2316 1540 2608 1603 consistit
2634 1539 3050 1621 principalior
3079 1538 3239 1601 ratio
3269 1556 3395 1599 me·

1899 1638 2026 1702 riti.
2059 1638 2208 1701 Ideo
2255 1638 2568 1720 quidquid
2614 1636 2890 1700 instituit
2931 1644 3064 1699 toto
3102 1644 3394 1718 tempore

1902 1735 2049 1799 vitae
2076 1754 2208 1799 suae
2247 1736 2314 1797 in
2341 1736 2462 1798 hoc
2503 1736 2762 1809 mund0,
2796 1736 3002 1817 potuit
3033 1733 3393 1797 efficaciam

302 1853 565 1917 persona
600 1836 711 1899 illa
746 1836 1125 1917 dignissima
1158 1844 1225 1898 et
1258 1854 1335 1899 ex
1376 1835 1653 1898 maxima
1688 1852 1787 1897 ca·
1826 1832 1874 1895 B
1903 1832 2138 1896 habere
2167 1852 2204 1895 a
2234 1833 2526 1915 passione
2556 1832 2788 1896 Christi
2818 1840 2892 1895 ut
2930 1832 3211 1913 perfecte
3239 1830 3395 1894 voli—

302 1934 495 1996 ritate.
520 1932 609 1997 Ac
640 1953 755 2017 per
784 1935 903 1998 hoc
936 1934 1147 2017 passio
1176 1933 1287 1996 illa
1314 1934 1437 1997 fuit
1469 1932 1793 1995 meritoria
1901 1940 1963 1995 ta
1996 1949 2010 1994 ε
2046 1931 2110 1993 in
2145 1950 2271 2013 qua
2308 1932 2612 1994 volitione
2652 1930 2776 1993 fuit
2812 1929 3184 2012 principalis
3223 1928 3398 1999 obla-¹

304 2048 485 2093 causa
524 2041 820 2114 respectu
864 2032 1016 2095 boni
1062 2031 1372 2095 meritorii
1422 2031 1630 2095 collati
1680 2031 1792 2093 ho—

306 2129 455 2191 mini
500 2130 745 2193 viatori.
780 2130 871 2193 Ex
920 2129 1158 2213 quibus
1198 2130 1489 2212 patescit,
1519 2129 1792 2211 qualiter

304 2226 363 2288 in
402 2228 737 2291 collatione
775 2228 1001 2292 talium
1042 2228 1470 2291 remediorum
1508 2246 1793 2291 necessa-

304 2325 537 2388 riorum
579 2326 797 2407 generi
839 2326 1143 2401 humano,
1174 2333 1565 2389 concurrunt
1606 2327 1793 2389 mise-

304 2423 571 2487 ricordia
622 2433 687 2487 et
735 2423 989 2486 veritas.
1042 2424 1329 2488 Maximae
1378 2424 1617 2487 etenim
1673 2424 1791 2487 mi-

302 2626 465 2682 tanta
502 2621 837 2704 providere
874 2629 1068 2704 atque
1106 2622 1473 2686 concedere.
1505 2622 1789 2686 Maximae

300 2734 551 2799 quoque
584 2718 851 2799 justitiae
888 2718 1034 2793 fuit,
1068 2728 1329 2803 propter
1364 2728 1495 2783 tam
1537 2729 1787 2803 gratum

297 2814 671 2898 obsequium
715 2834 1005 2899 personae
1048 2826 1173 2880 tam
1216 2826 1409 2899 gratae
1446 2838 1519 2881 ac
1558 2820 1785 2901 dignae,

299 2914 647 2977 remedium
686 2922 937 2977 tantum
982 2914 1274 2978 conferre
1318 2916 1449 2979 illis
1492 2935 1608 2999 pro
1653 2917 1791 2999 qui-

1898 2030 1989 2093 tio
2036 2048 2109 2093 ac
2150 2029 2590 2112 principaliter
2627 2037 2806 2110 grata
2847 2029 2975 2091 Deo
3020 2027 3226 2107 facta3
3275 2046 3394 2090 nec

1898 2134 2044 2191 ante
2081 2128 2588 2191 incarnationem
2626 2126 2752 2189 fuit
2789 2127 2884 2189 sic
2925 2125 3248 2190 meritorie
3286 2144 3392 2189 vo-

1899 2226 2011 2289 lita
2036 2246 2073 2289 a
2110 2234 2285 2289 tanta
2321 2243 2609 2309 persona.
2645 2225 2757 2288 Vel
2795 2225 2922 2287 dici
2962 2231 3190 2307 potest,
3221 2224 3392 2305 quod

1899 2332 2294 2389 sacramenta
2323 2324 2552 2388 Christi
2588 2323 2896 2387 minorem
2925 2322 3286 2387 habuerunt
3311 2321 3398 2386 ef·

1899 2423 2194 2487 ficaciam
2243 2424 2382 2505 ipso
2429 2424 2496 2486 in
2543 2423 2834 2505 passibili
2883 2441 3072 2485 carne
3112 2422 3392 2498 vivente,

1898 2541 2093 2604 quam
2155 2520 2297 2605 post
2351 2522 2494 2603 ejus
2552 2521 2951 2604 passionem3
3003 2538 3130 2585 non
3179 2528 3393 2584 tamen

1898 2620 2021 2685 fuit
2050 2622 2508 2685 inconveniens
2537 2638 2612 2683 ea
2639 2628 2786 2683 ante
2815 2620 3178 2702 passionem
3217 2619 3396 2681 insti—

1897 2719 2014 2792 tui,
2056 2720 2210 2801 quia
2256 2718 2752 2781 instituebantur
2792 2734 2920 2780 non
2965 2724 3036 2779 ut
3081 2724 3235 2779 tunc
3285 2716 3395 2780 sed

1898 2825 1970 2879 ut
2018 2825 2161 2899 post
2215 2818 2575 2900 passionem
2625 2815 2984 2879 efficaciam
3043 2814 3395 2898 plenariam

1896 2915 2210 2979 habitura.
2244 2952 2326 2962 --
2355 2917 2474 2979 Sed
2519 2916 2718 2998 quoeri
2768 2922 2996 2997 potest,
3029 2933 3144 2977 cur
3185 2933 3263 2977 ex
3309 2915 3394 2977 la-

298 3010 411 3074 bus
454 3030 725 3094 persona
769 3011 881 3075 illa
917 3012 1150 3076 obtulit
1186 3013 1346 3076 illud
1384 3013 1783 3097 obsequium.
1819 3017 1863 3082 C
1897 3021 2031 3076 tere
2070 3014 2302 3078 Christi
2341 3015 2633 3078 dicantur
2670 3021 3064 3077 sacramenta
3099 3012 3390 3088 fluxisse,

298 3110 559 3174 Maxima
584 3110 777 3174 etiam
806 3110 931 3174 fuit
960 3110 1398 3176 misericordia
1426 3112 1493 3175 in
1522 3130 1789 3196 persona

298 3209 624 3285 offerente,
656 3209 753 3272 sic
792 3228 861 3272 se
901 3209 1138 3274 offerre
1182 3229 1300 3293 pro
1336 3211 1619 3274 inimicis
1657 3213 1787 3274 Tri-

300 3308 529 3382 nitatis,
562 3326 753 3390 quam
788 3327 1043 3372 summe
1070 3308 1311 3372 dilexit.
1348 3309 1469 3372 Sed
1500 3318 1562 3372 et
1596 3310 1790 3373 maxi-

301 3425 411 3470 mae
434 3406 699 3488 justitiae
726 3405 857 3470 fuit
884 3405 1027 3482 hoc,
1057 3413 1189 3470 tam
1220 3408 1287 3470 in
1316 3409 1787 3490 comparatione

300 3505 494 3586 quoad
543 3505 771 3580 Deum,
821 3523 1017 3587 quam
1065 3507 1271 3588 quoad
1329 3507 1658 3570 hominem
1706 3507 1789 3569 la-

302 3622 479 3684 psum
518 3621 534 3666 :
578 3621 706 3666 non
746 3603 923 3666 enim
962 3603 1287 3667 videretur
1330 3606 1606 3668 maxime
1648 3605 1788 3668 dili-

298 3719 437 3781 gere
482 3703 683 3766 Deum
735 3709 801 3764 et
848 3702 1237 3784 proximum,
1274 3702 1399 3766 nisi
1448 3703 1535 3766 ita
1581 3723 1649 3766 se
1697 3702 1788 3766 of-

300 3797 485 3862 ferret
536 3801 663 3863 Deo
722 3818 840 3884 pro
896 3801 1039 3882 ejus
1094 3801 1357 3874 honore,
1407 3800 1490 3864 ob
1546 3809 1785 3865 tantam

299 3895 751 3961 beatitudinem
790 3898 1037 3961 homini
1075 3900 1560 3981 procurandam,
1590 3919 1785 3982 quam

296 3994 473 4058 aliter
510 3995 783 4078 adipisci
822 3997 1134 4079 nequivit.

370 4092 433 4155 Si
460 4102 677 4156 autem
704 4093 1071 4175 objiciatur,
1102 4096 1273 4177 quod
1312 4096 1523 4177 passio
1553 4096 1783 4160 Christi

1897 3133 2098 3196 quum
2125 3113 2410 3177 Christus
2436 3114 2568 3196 jam
2596 3121 2886 3178 mortuus
2915 3112 3112 3176 fuerit
3138 3113 3392 3195 quando

1899 3210 2063 3274 latus
2102 3211 2246 3292 ejus
2283 3211 2744 3295 perforabatur,
2791 3229 2911 3274 nec
2959 3228 3105 3274 caro
3143 3218 3391 3273 mortua
3431 3231 3686 3286 Joaanm,

1900 3310 2284 3385 merebatur,
2317 3330 2435 3373 nec
2466 3310 2753 3374 Christus
2782 3318 2926 3393 post
2960 3317 3249 3372 mortem.
3289 3309 3391 3371 Di·
3421 3298 3486 3338 3*-

1898 3409 2195 3482 cendum,
2219 3409 2389 3490 quod
2420 3416 2813 3472 sacramenta
2840 3426 2969 3471 non
2999 3407 3327 3470 fluxerunt
3354 3425 3391 3470 a

1899 3506 2093 3568 latere
2113 3506 2342 3570 Christi
2363 3514 2664 3589 tanquam
2687 3526 2722 3570 a
2743 3525 2932 3570 causa
2952 3505 3393 3589 principaliter

1898 3605 2246 3678 meritoria,
2279 3605 2390 3667 sed
2417 3605 2721 3667 dicuntur
2751 3605 2898 3667 inde
2928 3603 3215 3678 fluxisse,
3249 3620 3392 3686 pro-

1898 3710 2041 3786 pter
2096 3704 2438 3784 quamdam
2495 3701 2982 3766 similitudinem
3038 3702 3391 3784 expressio-

1896 3820 2033 3864 rem
2064 3819 2286 3864 eorum
2315 3820 2458 3883 quae
2483 3800 2570 3862 ibi
2603 3799 2945 3874 fluxerunt,
2959 3801 3038 3863 ad
3062 3800 3394 3864 sensibilia

1897 3919 2039 3982 quae
2078 3900 2146 3962 in
2176 3899 2559 3982 quibusdam
2591 3906 2738 3961 sunt
2770 3899 3200 3961 sacramentis,
3239 3900 3392 3962 San-

1894 3998 2032 4080 guis
2089 4016 2360 4080 namque
2417 3996 2757 4080 specialius
2814 3996 3194 4059 assimilatur
3249 4015 3390 4079 spe-

1895 4098 2017 4161 ciei
2057 4096 2178 4160 sub
2216 4116 2342 4180 qua
2371 4103 2468 4159 est
2493 4095 2750 4177 sanguis
2781 4095 2846 4157 in
2880 4094 3294 4170 Eucharistia,
3328 4103 3393 4158 et

300 4193 479 4255 modo
518 4211 644 4255 non
684 4201 805 4267 est,
846 4211 999 4274 ergo
1036 4212 1156 4257 nec
1195 4194 1405 4258 taliter
1446 4204 1783 4277 operatur3
1815 4206 1864 4268 D
1893 4215 2058 4278 aqua
2088 4195 2427 4278 specialius
2457 4193 2848 4257 assimilatur
2877 4193 3154 4256 mate-riae
3182 4193 3391 4277 Bapti-

296 4289 653 4366 dicendum,
684 4292 856 4373 quod
886 4299 985 4354 est
1012 4291 1079 4354 in
1106 4293 1541 4375 acceptatione
1568 4294 1787 4358 divina

297 4393 355 4448 et
392 4387 455 4448 in
496 4387 627 4450 fide
666 4387 1084 4451 credentium.
1117 4389 1273 4453 Nam
1317 4398 1381 4454 et
1422 4409 1539 4455 nos
1584 4392 1786 4455 multa

298 4485 679 4549 conferimus
729 4495 991 4570 propter
1032 4488 1290 4571 aliquod
1338 4489 1579 4554 bonum
1628 4510 1783 4572 prae-

296 4585 571 4660 teritum,
604 4603 732 4648 non
772 4604 1053 4668 praesens
1092 4587 1159 4649 in
1199 4607 1289 4662 se,
1323 4589 1435 4650 sed
1474 4588 1543 4650 in
1579 4607 1784 4652 recor-

298 4681 543 4746 datione
571 4691 637 4746 et
670 4684 1065 4767 acceptione,
1096 4685 1200 4748 vel
1239 4694 1410 4749 certe
1449 4685 1513 4749 in
1544 4687 1787 4769 opinio-

298 4799 373 4842 ne
400 4801 513 4845 seu
542 4783 1073 4864 apprehensione,
1090 4784 1145 4846 si
1177 4784 1261 4846 sit
1288 4784 1788 4849 futurum—Et

299 4878 347 4940 si
392 4899 612 4944 rursus
668 4880 962 4962 objicias,
1011 4881 1162 4963 quia
1209 4882 1263 4945 si
1308 4891 1703 4947 sacramenta
1746 4904 1785 4947 a

302 4975 523 5040 Christi
553 4977 847 5059 passione
876 4978 1235 5043 efficaciam
1272 4981 1646 5056 sortiuntur,
1676 4991 1789 5045 aut

301 5091 442 5156 ergo
476 5075 559 5138 ab
598 5075 708 5139 illa
744 5084 1048 5160 tanquam
1088 5079 1357 5161 praevisa
1405 5079 1641 5156 futura,
1679 5089 1789 5144 aut

306 5179 367 5234 ut
412 5174 711 5238 exhibita.
760 5177 824 5240 Si
877 5177 1085 5260 primo
1134 5178 1343 5252 mode,
1390 5195 1540 5260 ergo
1584 5199 1787 5243 sacra-

306 5280 507 5336 menta
550 5275 779 5338 veteris
822 5275 1207 5338 Testamenti
1254 5275 1528 5340 fuissent
1573 5276 1667 5340 eff
1670 5277 1790 5340 ica-

1895 4293 2041 4368 smi,
2060 4313 2204 4375 quae
2233 4301 2382 4355 sunt
2411 4293 2536 4355 duo
2566 4291 2948 4375 principalia
2975 4301 3387 4356 sacramenta.

1897 4391 1975 4452 Et
2011 4391 2129 4453 iste
2171 4390 2530 4454 intellectus
2570 4398 2777 4474 potest
2813 4388 3058 4464 haberi,
3090 4399 3283 4450 emera
3313 4391 3392 4454 de

1898 4489 2334 4553 Celebratione
2362 4489 2692 4552 Missarum
2726 4489 2789 4551 in
2821 4488 2976 4563 fine,
3009 4487 3121 4550 ubi
3159 4488 3394 4551 dicitur

1897 4587 2067 4670 quod
2100 4588 2165 4649 in
2197 4587 2327 4648 illis
2354 4585 2625 4659 duobuS,
2644 4586 2942 4650 videlicet
2970 4605 3135 4669 aqua
3164 4594 3228 4649 et
3254 4606 3394 4649 san-

1895 4685 2111 4767 guine,
2145 4686 2272 4748 duo
2310 4684 2587 4747 maxima
2623 4694 3017 4748 sacramenta
3053 4685 3393 4767 redempti-

1896 4785 2037 4848 onis
2091 4793 2157 4848 et
2214 4783 2705 4866 regenerationis
2765 4783 3068 4847 relucent.
3121 4817 3202 4828 —-
3247 4783 3391 4846 Haec

1898 4884 2142 4946 Scotus.

1977 4982 2173 5044 Dictis
2211 4982 2474 5044 demum
2511 4981 2590 5042 de
2629 4988 3170 5044 sacramentorum
3212 4979 3390 5041 insti-

1895 5081 2140 5144 tutione
2169 5079 2335 5142 facta
2365 5078 2727 5142 immediate
2755 5097 2871 5161 per
2900 5078 3392 5152 Christum‚con-

1899 5179 2118 5242 cordat
2158 5178 2514 5251 DuranduS,
2558 5176 2796 5258 aliique
2840 5176 3284 5240 communiter.

1980 5278 2069 5341 De
2114 5277 2235 5341 hoc
2285 5283 2349 5339 et
2393 5275 2833 5339 Bonaventura
2875 5275 2940 5336 in
2986 5274 3390 5357 Breviloquio
