4267 6250
816 481 936 546 452

1453 499 1518 544 IN
1559 497 1780 545 LIBRUM
1821 497 1883 544 tv
1924 495 2407 544 SENTENTIARUH.
2448 512 2530 523 -
2570 495 2723 541 msT.
2762 494 2933 557 xv113
2975 494 3203 551 QUAEST.
3243 494 3289 540 11

813 676 1021 745 tuum,
1080 670 1434 733 secundum
1497 678 1742 752 partem
1800 687 1926 752 qua
1985 674 2310 731 mortuum
2341 667 2394 731 A
2418 665 2635 748 gratiae
2679 665 3050 729 naturaliter
3092 665 3266 748 prior
3304 670 3417 727 est.
3450 663 3710 746 Propter
3746 663 3923 746 quod

815 775 932 843 est,
981 767 1100 830 fiat
1145 768 1386 830 vivum.
1441 768 1518 830 Et
1565 768 1686 831 hoc
1746 766 2145 850 impossibile
2194 774 2310 840 est,

814 866 1118 949 quoniam
1169 866 1280 928 illa
1327 885 1472 948 pars
1521 874 1732 930 motus
1779 865 2034 929 transiit
2081 872 2143 927 et
2191 864 2315 927 fuit

814 963 1123 1039 informis,
1139 982 1256 1027 nec
1288 983 1571 1046 unquam
1604 963 1930 1027 formatur.
1946 962 2122 1036 Quod
2154 981 2316 1025 nam-

817 1080 942 1144 que
978 1062 1283 1144 praeteriit
1314 1082 1387 1125 ac
1418 1062 1662 1125 destitit
1691 1081 1852 1136 esse,
1887 1078 2012 1124 non
2049 1060 2315 1123 resumi-

724 1201 726 1204 -
813 1167 920 1222 tur
960 1179 1229 1223 numero
1273 1160 1464 1223 idem.
1498 1196 1579 1206 —-
1607 1161 1753 1223 Haec
1794 1159 2253 1223 Bonaventura.

894 1259 1162 1340 Insuper
1206 1259 1480 1321 Thomas
1536 1259 1615 1321 ad
1663 1258 1797 1321 baec
1847 1257 2239 1340 respondens
2292 1278 2307 1321 ε

814 1355 1035 1419 Omnis
1079 1356 1349 1437 (inquit)
1397 1356 1691 1439 prioritas
1738 1356 2091 1418 secundum
2140 1355 2309 1418 ordi-

813 1474 962 1517 nem
1025 1462 1266 1517 naturae
1321 1453 1538 1536 aliquo
1601 1454 1790 1517 modo
1849 1453 2176 1515 reducitur
2232 1454 2310 1515 ad

809 1552 1100 1615 ordinem
1147 1571 1354 1616 causae
1397 1559 1462 1615 et
1503 1552 1765 1625 causati,
1806 1552 1959 1633 quia
2002 1550 2311 1633 principi-

812 1669 920 1712 um
956 1657 1020 1711 et
1049 1669 1238 1713 causa
1279 1657 1429 1712 sunt
1469 1651 1658 1713 idem.
1695 1651 1764 1712 ln
1804 1650 2012 1712 causis
2052 1668 2308 1732 quoque

810 1748 1140 1828 contingit,
1184 1747 1354 1829 quod
1403 1746 1574 1809 idem
1625 1746 1708 1809 sit
1755 1765 1944 1809 causa
1991 1754 2054 1808 et
2093 1765 2308 1809 causa—

2421 772 2762 847 utrumque
2793 764 3107 828 interdum
3136 764 3374 827 dicitur
3404 781 3595 826 causa
3621 762 3920 826 alterius:

2421 863 2573 946 quia
2614 864 2850 927 infusio
2892 863 3111 946 gratiae
3154 870 3253 926 est
3290 881 3481 925 causa
3524 860 3923 944 expulsionis

2420 962 2945 1045 remissionisque
2980 962 3207 1044 culpae,
3250 980 3366 1044 per
3408 961 3669 1023 modum
3712 978 3924 1022 causae

2422 1060 2746 1140 formalis3
2795 1068 2861 1123 et
2904 1060 3276 1142 exstirpatio
3323 1058 3627 1123 vitiorum
3686 1057 3925 1121 dicitur

2420 1160 2669 1242 operari
2719 1159 3029 1222 virtutum
3078 1159 3459 1239 ingressum,
3503 1176 3618 1239 per
3656 1157 3921 1219 modum

2420 1276 2627 1321 causae
2669 1256 3015 1319 materialis
3057 1274 3131 1319 ac
3174 1256 3583 1338 dispositivae.

2498 1355 2803 1419 Praeterea
2832 1356 2987 1417 dum
3017 1355 3345 1437 quaeritur,
3378 1372 3459 1416 an
3490 1360 3701 1416 motus
3731 1350 3921 1414 liberi

2418 1452 2663 1515 arbitrii
2715 1454 3029 1536 praecedat
3072 1452 3289 1534 gratiae
3347 1450 3775 1529 infusionem3
3824 1450 3920 1512 di-

2418 1551 2717 1626 cendum,
2750 1552 2921 1634 quod
2960 1551 3039 1613 de
3082 1550 3307 1613 ordine
3352 1557 3640 1612 motuum
3686 1548 3917 1611 horum

2420 1648 2605 1711 liberi
2644 1649 2892 1712 arbitrii
2932 1649 3010 1711 ad
3048 1648 3265 1729 gratiae
3304 1646 3693 1710 infusionem
3732 1654 3798 1709 et
3835 1647 3917 1709 ad

2418 1748 2625 1829 culpae
2663 1748 3130 1821 remissionem,
3165 1746 3503 1828 multiplex
3539 1752 3741 1808 exstat
3780 1746 3918 1827 opi-

809 1852 950 1908 tum
997 1845 1353 1908 secundum
1403 1845 1731 1908 diversum
1778 1864 1979 1926 genus
2027 1864 2235 1909 causae
2286 1862 2301 1907 ε
2341 1845 2388 1907 Β
2419 1846 2545 1909 nio.
2597 1846 2755 1909 Nam
2805 1846 3004 1928 aliqui
3050 1845 3297 1918 dicunt,
3342 1844 3514 1927 quod
3563 1851 3773 1906 motus
3822 1842 3919 1906 illi

807 1942 1348 2025 quemadmodum
1397 1942 1746 2006 ambulatio
1793 1950 1890 2005 est
1930 1961 2121 2005 causa
2167 1942 2309 2005 effi-

809 2040 986 2103 ciens
1026 2040 1337 2116 sanitatiS,
1371 2049 1435 2103 et
1462 2041 1698 2103 sanitas
1737 2049 1836 2103 est
1863 2060 2054 2104 causa
2091 2041 2307 2103 finalis

809 2138 1282 2201 ambulationis,
1329 2138 1760 2201 Consimiliter
1805 2145 1903 2201 est
1941 2138 2022 2201 de
2060 2138 2309 2201 habitu-

808 2238 961 2300 dine
1003 2258 1145 2320 quae
1185 2244 1281 2300 est
1312 2238 1478 2299 inter
1520 2237 1850 2300 materiam
1888 2245 1952 2299 et
1980 2237 2253 2300 formam
2288 2254 2301 2299 ε

807 2336 961 2418 quia
1018 2335 1282 2398 materia
1328 2342 1426 2398 est
1481 2334 1752 2399 formam
1809 2341 2193 2411 sustentanS,
2244 2342 2309 2397 et

805 2431 1014 2496 forma
1059 2441 1159 2497 est
1203 2434 1534 2496 materiam
1584 2433 1652 2496 in
1700 2452 1840 2497 esse
1887 2433 2301 2496 constituens

803 2530 895 2594 Ex
935 2540 1115 2615 parte
1154 2540 1368 2595 autem
1408 2552 1614 2596 causae
1656 2532 2002 2595 materialis
2034 2539 2208 2594 tenet
2237 2550 2305 2594 se

802 2648 920 2712 per
947 2631 1291 2712 quamdam
1323 2630 1754 2693 reductionem
1785 2648 1972 2693 omne
2003 2629 2159 2691 illud
2190 2647 2306 2712 per

803 2730 974 2811 quod
1019 2730 1284 2792 materia
1324 2728 1610 2792 efficitur
1651 2729 1909 2811 propria
1946 2728 2141 2808 hujus
2182 2727 2305 2791 for-

802 2846 945 2902 mae,
991 2828 1158 2890 sicut
1204 2828 1656 2910 dispositiones
1704 2836 1768 2890 et
1815 2827 2305 2909 impedimento-

801 2945 947 2987 rum
993 2926 1396 2988 remotiones.
1441 2926 1588 2988 ldeo
1638 2926 1705 2988 in
1749 2926 2155 3006 generatione
2198 2945 2303 2988 na-

2416 1945 2805 2029 praecedunt,
2848 1951 2913 2006 et
2954 1944 3123 2026 quod
3174 1950 3385 2006 motus
3432 1941 3620 2005 liberi
3668 1941 3918 2004 arbitrii

2418 2044 2484 2106 in
2535 2044 2760 2116 Deum,
2802 2050 2901 2105 est
2940 2049 3149 2105 motus
3199 2041 3355 2104 fidei
3414 2058 3541 2103 non
3589 2039 3917 2119 formatae3

2417 2147 2628 2204 motus
2656 2157 2913 2222 quoque
2954 2139 3139 2203 liberi
3174 2138 3423 2201 arbitrii
3454 2139 3521 2201 in
3554 2145 3917 2221 peccatum,

2414 2246 2512 2302 est
2544 2238 2784 2301 attritio
2820 2255 2835 2300 ε
2878 2237 3033 2321 quia
3073 2237 3243 2319 quod
3279 2236 3550 2318 gratiam
3589 2236 3915 2318 praecedit,

2414 2355 2542 2400 non
2581 2344 2791 2419 potest
2827 2354 2967 2398 esse
3008 2354 3122 2418 per
3164 2333 3431 2416 gratiam
3474 2332 3914 2397 informatum.

2415 2434 2535 2497 Sed
2566 2435 2685 2497 hoc
2716 2452 2855 2496 esse
2885 2451 3013 2496 non
3044 2433 3234 2507 valet,
3270 2432 3421 2515 quia
3459 2432 3526 2494 in
3562 2438 3737 2496 motu
3770 2448 3921 2495 con-

2412 2532 2691 2595 tritionis
2721 2532 3041 2614 poenitens
3067 2528 3484 2613 justificatur,
3518 2530 3685 2592 sicut
3714 2530 3782 2591 in
3808 2548 3917 2592 ac-

2412 2637 2480 2692 tu
2510 2629 2857 2693 ablutionis
2898 2628 3297 2712 baptismalis
3337 2627 3641 2710 parvulus
3676 2626 3919 2709 justifi-

2412 2736 2592 2791 catur
2613 2746 2630 2808 ;
2690 2736 2973 2811 tuncque
3031 2728 3223 2790 homo
3278 2724 3693 2807 justificatur,
3753 2727 3915 2789 dum

2411 2827 2641 2909 recipit
2666 2826 2933 2907 gratiam
2969 2845 2983 2890 :
3018 2826 3239 2908 sicque
3274 2825 3467 2887 simul
3506 2843 3655 2887 cum
3692 2824 3916 2905 gratiae

2409 2925 2731 2987 infusione
2773 2932 2838 2987 et
2870 2923 3333 3005 justificatione
3374 2931 3471 2986 est
3513 2930 3721 2985 motus
3764 2940 3920 2985 con-

800 3024 1272 3106 turali,quando
1300 3024 1623 3105 generatio
1653 3024 1842 3086 unius
1871 3030 1966 3087 est
1995 3024 2304 3107 corruptio
2331 3022 2374 3085 C
2410 3023 2707 3085 tritionis.
2761 3024 2963 3085 Motus
3012 3041 3163 3085 vero
3208 3022 3551 3084 attritionis
3608 3022 3917 3104 praecedit

801 3121 1065 3184 alterius
1105 3141 1222 3205 per
1263 3122 1384 3185 hoc
1422 3121 1592 3205 quod
1631 3120 1836 3185 forma
1874 3142 2000 3185 una
2037 3123 2299 3205 expelli-

801 3227 908 3282 tur
935 3227 1000 3282 et
1027 3220 1152 3283 alia
1192 3220 1537 3294 inducitur,
1570 3220 1840 3283 remotio
1874 3220 2094 3284 formae
2134 3221 2299 3303 prio·

804 3319 894 3380 ris
943 3337 1012 3381 se
1061 3325 1236 3382 tenet
1282 3337 1362 3382 ex
1409 3326 1588 3401 parte
1638 3337 1844 3382 causae
1891 3318 2237 3382 materialis
2280 3337 2295 3382 ε

800 3417 954 3481 hinc
984 3417 1336 3480 secundum
1366 3417 1656 3480 ordinem
1691 3436 1898 3481 causae
1927 3418 2294 3493 materialiS,

797 3515 1101 3598 praecedit
1129 3516 1497 3579 naturaliter
1526 3515 2057 3580 introductionem
2087 3516 2299 3581 formae

797 3614 1095 3694 alterius;
1143 3615 1495 3678 secundum
1553 3615 1845 3678 ordinem
1893 3633 2046 3678 vero
2093 3635 2299 3680 causae

800 3712 1109 3788 formalis,
1155 3720 1253 3776 est
1299 3730 1663 3776 econverso.
1713 3714 2047 3797 Quumque
2095 3713 2301 3777 forma

801 3818 867 3873 et
903 3810 1056 3874 finis
1099 3830 1172 3873 ac
1210 3830 1402 3892 agens
1451 3812 1812 3874 coincidant
1851 3813 1917 3874 in
1961 3813 2131 3875 idem
2182 3833 2297 3876 nu-

801 3927 980 3972 mero
1008 3909 1109 3972 vel
1139 3910 1624 3992 specie,idcirco
1654 3911 1809 3973 etin
1839 3910 2062 3976 ordine
2093 3929 2297 3976 causae

799 4007 1147 4070 efficientis
1198 4009 1583 4072 introductio
1632 4009 1854 4073 formae
1905 4017 2003 4073 est
2050 4011 2227 4093 prior
2277 4031 2291 4075 ε

798 4107 1101 4189 quoniam
1142 4106 1348 4170 forma
1386 4108 1766 4183 introducta,
1800 4116 1896 4171 est
1942 4109 2297 4174 similitudo

2408 3131 2711 3205 tanquam
2757 3120 3263 3205 praeparatoriuS.
3297 3120 3481 3184 Nunc
3522 3129 3735 3183 autem
3779 3139 3913 3184 non

2410 3221 2736 3303 loquimur
2772 3220 2852 3283 de
2890 3219 3356 3303 praeparatoriis
3391 3220 3471 3282 ad
3505 3218 3916 3301 justificatio-

2408 3339 2579 3394 nem,
2632 3321 2744 3382 sed
2802 3319 2881 3381 de
2938 3317 3445 3399 ingredientibus
3496 3318 3639 3399 ejus
3696 3337 3915 3381 essen-

2405 3418 2581 3481 tiam.
2615 3453 2696 3465 —
2725 3419 2873 3481 Ideo
2905 3417 3163 3500 quidam
3204 3409 3447 3492 dicunt,
3480 3417 3651 3498 quod
3688 3416 3912 3497 gratias

2408 3517 2647 3579 infusio
2686 3517 2988 3599 praecedit
3028 3523 3271 3579 motum
3317 3514 3503 3577 liberi
3542 3514 3792 3577 arbitrii
3836 3515 3909 3577 in

2408 3614 2608 3677 Deum
2639 3623 2703 3677 et
2733 3615 2796 3676 in
2839 3621 3196 3696 peccatum,
3229 3621 3302 3675 ut
3330 3630 3438 3677 eos
3468 3612 3675 3676 valeat
3710 3611 3912 3676 infor-

2409 3731 2613 3793 mare3
2648 3713 2851 3796 culpae
2896 3731 3047 3776 vero
3095 3712 3391 3776 remissio
3439 3712 3729 3794 sequitur
3770 3730 3906 3776 eos,

2406 3813 2640 3875 Verum
2671 3831 2789 3875 nec
2821 3813 2943 3876 hoc
2972 3830 3113 3875 esse
3142 3818 3370 3895 potest,
3403 3811 3707 3893 quoniam
3738 3811 3913 3874 inter

2403 3912 2621 3994 gratiae
2671 3911 3061 3975 infusionem
3104 3917 3168 3973 et
3209 3910 3415 3992 culpae
3458 3909 3909 3972 remissionem

2404 4028 2533 4073 non
2564 4010 2735 4073 cadit
2761 4010 3045 4072 medium
3075 4027 3089 4071 z
3123 4008 3275 4092 quia
3302 4009 3423 4071 hoc
3452 4015 3549 4071 est
3576 4006 3721 4090 ejus
3750 4007 3912 4071 effe-

2404 4117 2544 4172 ctus
2574 4109 2821 4192 primus
2850 4127 2924 4171 ac
2954 4107 3361 4191 principalis;
3394 4113 3459 4170 et
3488 4126 3730 4182 rursus,
3755 4126 3914 4189 quo-

796 4203 1020 4268 formae
1077 4204 1321 4285 agentis
1379 4223 1496 4288 per
1542 4225 1736 4288 quam
1788 4207 1936 4288 agit.
1988 4208 2297 4272 Similiter
2324 4213 2374 4276 D
2402 4209 2577 4270 niam
2626 4209 2791 4270 sicut
2830 4208 2908 4270 ad
2959 4214 3202 4270 motum
3247 4206 3645 4269 contritionis
3692 4206 3909 4288 requi-

797 4302 991 4365 habet
1019 4321 1087 4365 se
1120 4303 1189 4364 in
1225 4303 1447 4366 ordine
1485 4323 1691 4368 causae
1732 4305 1967 4379 finaliS,
2001 4307 2153 4388 quia
2191 4327 2296 4370 na-

793 4406 939 4462 tura
975 4399 1417 4483 principaliter
1454 4401 1728 4465 intendit
1755 4403 2295 4469 introductionem

794 4496 1244 4580 formae,atque
1271 4499 1350 4560 ad
1380 4499 1542 4562 hanc
1571 4501 1821 4564 ordinat
1847 4503 2291 4584 expulsionem

794 4596 1005 4659 omnis
1049 4595 1142 4659 rei
1185 4615 1333 4660 cum
1372 4615 1497 4679 qua
1539 4606 1703 4661 stare
1747 4617 1876 4662 non
1918 4608 2127 4682 potest
2165 4601 2291 4664 for·

795 4715 900 4758 ma
929 4695 1188 4759 intenta.
1223 4696 1558 4779 Quumque
1589 4695 1828 4761 infusio
1856 4699 2071 4780 gratiae
2101 4708 2168 4763 et
2194 4720 2289 4764 re-

792 4793 1016 4857 missio
1054 4794 1260 4876 culpae
1295 4813 1362 4858 se
1400 4793 1678 4858 habeant
1705 4797 1871 4860 sicut
1901 4798 2289 4862 introductio

791 4892 983 4956 unius
1025 4893 1248 4957 formae
1288 4901 1352 4955 et
1388 4895 1682 4976 expulsio
1723 4896 2008 4970 alteriuS,
2041 4905 2289 4961 constat

2400 4306 2563 4368 ritur
2619 4306 2789 4388 quod
2846 4305 3015 4367 adsit
3072 4304 3295 4385 gratia,
3356 4304 3443 4365 ita
3498 4303 3668 4386 quod
3728 4303 3905 4366 absit

2400 4404 2607 4486 culpa.
2660 4439 2741 4449 -
2785 4404 2944 4466 Hinc
3000 4402 3108 4465 alii
3157 4403 3401 4475 dicunt,
3450 4403 3622 4483 quod
3678 4403 3902 4483 gratias

2400 4501 2638 4564 infusio
2672 4509 2735 4565 et
2764 4501 2971 4584 culpae
3010 4501 3303 4564 remissio
3341 4500 3711 4583 praeeedunt
3746 4501 3902 4563 sim-

2399 4601 2652 4684 pliciter
2684 4607 2893 4664 motus
2925 4600 3279 4682 praedictos.
3313 4599 3490 4673 Quod
3520 4605 3733 4662 tamen
3764 4617 3898 4662 non

2397 4699 2650 4762 videtur
2687 4698 3027 4763 omnifarie
3056 4717 3307 4774 verum,
3338 4698 3643 4781 quoniam
3684 4705 3899 4762 motus

2397 4799 2492 4860 illi
2534 4815 2663 4861 non
2703 4797 3180 4880 requirerentur
3218 4797 3295 4859 ad
3337 4796 3894 4879 justificationem,

2395 4897 2520 4960 nisi
2558 4897 2838 4979 aliquam
2877 4896 3310 4959 causalitatem
3349 4903 3643 4978 respectu
3688 4897 3897 4978 ipsius

788 4992 956 5074 quod
999 4993 1351 5054 secundum
1380 4993 1672 5056 ordinem
1703 5013 1908 5058 causae
1940 4996 2286 5060 materialis
2392 4995 2719 5058 haberent.

787 5090 1083 5153 remissio
1129 5091 1334 5173 culpae
1391 5093 1706 5173 praecedat
1751 5093 1968 5174 gratiae
2021 5094 2285 5158 infusio-

786 5207 974 5268 nem3
1005 5189 1358 5252 secundum
1397 5191 1689 5253 ordinem
1728 5210 1880 5255 vero
1919 5211 2124 5257 causae
2158 5193 2282 5257 for-

2470 5094 2713 5157 Idcirco
2761 5093 3129 5169 dicendum,
3172 5094 3341 5176 quod
3385 5093 3605 5175 gratiae
3652 5093 3895 5158 infusio

2391 5200 2455 5256 et
2484 5192 2689 5275 culpae
2720 5191 3012 5255 remissio
3040 5192 3257 5274 aliquo
3287 5192 3477 5256 modo
3505 5191 3891 5274 praecedunt,

787 5287 972 5350 malis
1020 5293 1086 5348 et
1130 5286 1475 5351 efficientis
1523 5297 1714 5371 atque
1762 5289 1998 5365 finalis,
2043 5291 2283 5355 infusio
2390 5299 2456 5354 et
2482 5291 2699 5373 aliquo
2730 5290 2920 5354 modo
2949 5297 3306 5373 sequuntur
3336 5296 3547 5354 motus
3576 5289 3891 5374 praefatos
