4267 6250
834 421 965 489 104

1512 439 1577 487 IN
1617 438 1841 486 nummi
1881 438 1943 486 lv
1984 434 2472 484 mummul-
2511 454 2593 465 —
2632 434 2788 483 msr.
2831 434 2942 500 1113
2985 435 3211 493 QUAEST.
3254 435 3276 483 1

848 610 1277 694 putredinem,
1301 630 1608 687 vermem,
1634 611 1907 675 bestiam
1937 609 2193 685 malam,
2215 608 2348 673 vul·
2371 606 2426 671 A
2452 608 2539 683 di,
2582 627 2842 673 necesse
2882 616 2980 672 est
3019 607 3207 671 nobis
3251 606 3663 671 nascentibus
3707 608 3957 691 apponi

849 729 993 785 nuS,
1048 718 1343 786 mortem,
1395 718 1706 785 catenam,
1762 709 2161 793 compedem,
2214 721 2365 771 car·‘

849 826 1084 884 cerem,
1125 809 1477 885 tenebram,
1524 809 1793 891 lepram,
1843 808 2210 891 paralysim,
2255 806 2347 879 fe-

848 906 1053 982 brem,
1088 906 1403 971 insaniam
1441 916 1508 972 et
1542 907 1845 971 furorem.
1880 906 2159 969 Virtutes
2197 922 2348 969 vero

848 1006 1183 1068 contrariis
1212 1006 1698 1089 appellaverunt
1726 1004 2111 1069 nominibus.
2128 1004 2350 1078 Quem-

846 1104 1191 1167 admodum
1231 1113 1443 1168 autem
1486 1104 1869 1188 perversitas
1908 1110 2100 1185 atque
2139 1120 2351 1166 corru-

850 1201 985 1285 ptio
1024 1210 1255 1266 nostrae
1294 1202 1592 1286 potentiae
1624 1202 1988 1284 appetitivae
2016 1201 2348 1264 exterioris

851 1319 965 1364 seu
1010 1301 1331 1365 sensitivae
1369 1302 1608 1365 indicat
1644 1300 2021 1363 exteriorem
2063 1300 2348 1381 corporis

850 1398 1315 1479 aegritudinem‚
1366 1400 1460 1463 sic
1508 1416 1685 1463 error
1728 1406 1919 1481 atque
1965 1397 2348 1480 perversitas

852 1496 1175 1561 interioris
1230 1499 1552 1582 appetitus
1608 1497 2051 1579 aegritudinem
2109 1496 2350 1559 indicat

850 1596 1102 1659 mentis.
1137 1597 1680 1671 Quemadmodum
1723 1596 1897 1659 enim
1939 1613 2117 1658 error
2157 1614 2347 1676 appe-

850 1694 1003 1757 titus
1034 1694 1345 1769 sensitivi,
1368 1712 1495 1778 quo
1525 1701 1917 1778 appetuntur
1945 1693 2252 1757 carbones
2283 1700 2348 1755 et

2451 727 2682 791 aquam
2714 716 2779 772 et
2807 708 3020 790 ignem
3051 716 3116 771 et
3145 708 3208 770 in
3238 714 3582 789 utrumque
3614 706 3952 789 immergi:

2454 806 2518 870 in
2558 826 2812 889 aquam,
2854 815 2926 869 ut
2973 806 3412 889 exstinguatur
3459 806 3620 869 illud
3663 807 3960 889 perversi

2451 906 2696 969 ardoris
2740 904 3143 985 incendium3
3184 905 3252 968 in
3293 905 3529 985 ignem,
3563 911 3634 967 ut
3669 904 3962 968 solvatur

2455 1005 2625 1068 istud
2655 1004 3059 1068 mortiferum
3088 1003 3454 1086 frigiditatis
3481 1003 3965 1085 gelicidium,et

2454 1104 2880 1166 succendatur
2907 1101 3156 1166 vivifici
3187 1101 3720 1184 saluberrimique
3751 1100 3963 1165 fervo-

2454 1202 2544 1264 ris
2593 1201 2903 1264 caminus.
2960 1201 3267 1264 Ardentes
3313 1200 3556 1283 quippe
3603 1208 3962 1263 nascuntur

2455 1299 2577 1362 filii
2609 1300 2757 1363 Adae
2789 1299 2932 1381 igne
2960 1298 3196 1362 amoris
3224 1298 3628 1381 perversi3et
3657 1297 3772 1362 illo
3799 1317 3960 1381 qua-

2455 1399 2507 1461 si
2551 1404 2774 1481 operto
2815 1405 2879 1461 et
2919 1397 3156 1471 clauso,
3197 1396 3483 1459 flammis
3532 1396 3962 1479 nequissimo-

2455 1516 2599 1559 rum
2627 1496 3087 1559 desideriorum
3114 1496 3322 1558 adhuc
3350 1514 3688 1577 erumpere
3716 1504 3963 1577 tempo-

2453 1615 2524 1658 re
2571 1594 2854 1659 infantiae
2902 1613 3028 1658 non
3080 1594 3462 1668 valentibuS,
3505 1594 3729 1657 eodem
3782 1594 3958 1675 igne,

2454 1713 2656 1777 quum
2685 1694 2764 1756 ad
2793 1701 3038 1757 aetatem
3066 1692 3361 1756 venerint
3389 1692 3763 1775 pubertatis,
3778 1692 3962 1756 velut

846 1792 1094 1855 cineres
1137 1810 1255 1875 pro
1293 1810 1445 1857 vero
1489 1793 1891 1876 naturalique
1934 1792 2218 1875 corporis
2258 1792 2343 1854 ci·
2379 1792 2426 1854 B
2454 1791 2695 1874 ingenti
2744 1792 2968 1853 ardent
3014 1791 3290 1854 fornace.
3336 1791 3582 1873 Aquam
3629 1797 3696 1853 et
3735 1789 3957 1872 ignem

845 1890 950 1965 b0,
992 1891 1435 1974 aegritudinem
1482 1892 1720 1955 indicat
1765 1890 2091 1973 corporis3
2141 1890 2234 1953 sic
2282 1898 2347 1953 et

843 1997 1089 2053 certum
1134 1997 1232 2053 θεῖ
1269 2008 1550 2053 errorem
1593 1989 1959 2072 appetitivae
1998 1988 2340 2062 interioris,

776 2122 787 2133 ·
843 2106 972 2171 quo
1000 2095 1391 2170 appetuntur
1420 2089 1683 2151 omnino
1714 2087 2231 2151 inconvenientia
2258 2093 2346 2149 at-

844 2206 970 2269 que
1020 2188 1335 2250 contraria
1391 2204 1508 2269 pro
1555 2205 1707 2250 vero
1756 2193 1819 2249 et
1865 2185 2140 2249 naturali
2197 2185 2344 2250 cibo

845 2285 1101 2359 mentiS,
1135 2284 1247 2366 qui
1286 2285 1450 2348 alius
1488 2303 1627 2349 esse
1668 2301 1795 2348 non
1828 2283 1997 2347 valet
2028 2284 2152 2347 nisi
2183 2284 2345 2347 veri-

841 2389 938 2447 tas
967 2389 1031 2445 et
1058 2384 1373 2459 honestas,
1390 2384 1671 2446 indicare
1698 2383 2141 2464 aegritudinem
2174 2401 2345 2446 men-

842 2482 941 2545 tis.
961 2482 1139 2546 Sicut
1166 2482 1359 2546 etiam
1388 2501 1467 2545 ex
1496 2499 1707 2545 errore
1736 2489 1959 2563 gustus
1988 2482 2339 2557 exterioris,

844 2599 973 2664 quo
1008 2580 1221 2643 dulcia
1258 2581 1558 2644 videntur
1595 2599 1827 2656 amara,
1861 2588 1925 2643 et
1959 2580 2339 2655 econtrariO,

846 2679 1227 2762 intelligitur
1285 2679 1595 2761 aegritudo
1654 2686 1719 2741 θῖ
1779 2678 1945 2741 mala
2009 2679 2343 2762 dispositio

846 2778 1162 2861 corporis3
1196 2777 1629 2853 conformiter,
1662 2778 1815 2840 dum
1852 2778 2019 2842 bona
2051 2778 2345 2860 spiritua-

847 2876 954 2949 lia,
975 2876 1238 2939 honesta
1265 2883 1330 2939 et
1356 2883 1575 2938 sancta
1602 2876 1861 2958 sapiunt
1889 2875 2075 2939 nobis
2104 2894 2340 2950 amare,

2452 1890 2868 1972 spiritualiter
2905 1890 3049 1953 dico
3089 1890 3380 1953 eamdem
3421 1888 3696 1971 Spiritus
3735 1888 3958 1951 Sancti

2452 1988 2776 2051 caritatem
2807 1996 2870 2051 et
2899 1989 3187 2071 gratiam,
3218 2006 3346 2070 qua
3384 1986 3833 2051 incalescimus
3874 1987 3957 2050 ad

2450 2094 2704 2162 aeterna,
2729 2095 2794 2151 θῖ
2819 2087 2898 2150 ad
2929 2086 3208 2149 carnalia
3233 2105 3308 2149 ac
3337 2093 3588 2149 terrena
3617 2084 3951 2167 frigemus.

2449 2185 2718 2249 Necesse
2775 2202 3030 2268 quoque
3087 2192 3184 2247 est
3229 2192 3291 2247 et
3336 2203 3570 2266 aquam
3618 2183 3953 2246 visibilem

2447 2284 2760 2359 adhiberi,
2823 2292 2894 2346 ut
2949 2303 3064 2367 per
3117 2283 3450 2347 sensibilia
3503 2283 3582 2345 ad
3641 2282 3953 2346 interiora

2451 2400 2942 2466 promoveamur
2973 2402 2986 2447 :
3019 2382 3186 2445 sicut
3215 2384 3293 2446 de
3322 2382 3444 2445 hoc
3476 2382 3722 2445 dictum
3753 2390 3856 2445 est
3883 2390 3952 2445 et
3991 2393 4222 2449 cnr-⁸⁵⁸·-

2451 2482 2618 2544 infra
2663 2482 2933 2545 dicetur.
2965 2518 3046 2529 —
3076 2481 3221 2545 Haec
3264 2480 3664 2545 Guillelmus.

2529 2581 2852 2644 Postremo
2889 2580 3060 2643 circa
3098 2580 3234 2644 haec
3273 2580 3555 2661 loquitur
3590 2579 3956 2643 Antisiodo·

2451 2679 2657 2741 rensis
2690 2698 2704 2744 ε
2738 2678 3033 2742 Succedit
3071 2676 3544 2741 circumcisioni
3586 2678 3957 2760 Baptismus

2451 2777 2700 2840 duabus
2729 2777 2808 2840 de
2838 2778 3068 2840 causis.
3102 2777 3310 2839 Prima
3337 2784 3453 2852 est,
3486 2776 3792 2859 quoniam
3825 2796 3961 2839 ma-

2449 2876 2550 2957 jor
2596 2876 2812 2957 gratiae
2861 2876 3160 2939 cumulus
3207 2874 3610 2957 significatur
3655 2883 3720 2938 et
3765 2876 3962 2938 datur

848 2974 1129 3037 carnalia
1170 2991 1342 3048 vere,
1375 2973 1545 3037 foeda
1584 2980 1649 3036 et
1689 2974 1843 3037 vilia
1882 2973 2046 3037 bene
2080 2980 2146 3037 et
2176 2973 2344 3037 dele·
2378 2974 2421 3038 C
2453 2976 2520 3037 in
2563 2974 2886 3057 Baptismo
2922 2993 3115 3057 quam
3155 2974 3222 3037 in
3265 2974 3775 3037 circumcisione.
3821 2974 3960 3039 Cir-

848 3072 1188 3149 ctabiliter,
1230 3072 1561 3137 evidenter
1606 3079 1781 3155 patet
1820 3092 1899 3136 ex
1949 3072 2068 3137 hoc
2115 3080 2346 3137 nostrae

850 3173 1085 3236 mentis
1128 3172 1533 3256 perversitaS,
1565 3172 1871 3254 aegritudo
1912 3179 1976 3235 et
2011 3171 2346 3253 dispositio

850 3272 1147 3355 pessima.
1180 3271 1325 3335 Haec
1362 3278 1576 3334 autem
1614 3271 1922 3353 aegritudo
1964 3270 2198 3352 partim
2238 3289 2346 3333 no-

849 3369 951 3432 bis
1009 3369 1224 3432 innata
1277 3377 1375 3431 est
1430 3376 1493 3432 et
1541 3369 1889 3451 originalis,
1950 3367 2138 3451 pejus
2194 3386 2346 3433 vero

850 3474 1172 3530 contracta
1208 3473 1273 3530 et
1307 3475 1492 3530 aucta
1531 3487 1645 3550 per
1682 3468 1835 3530 vitia
1876 3467 2152 3551 propria.

933 3566 1141 3641 Quum
1180 3583 1330 3647 ergo
1362 3573 1457 3628 ῖοῖ
1496 3565 1807 3629 mortibus
1846 3567 2047 3630 simus
2084 3584 2347 3648 oppres-

850 3665 928 3739 si,
960 3673 1054 3729 tot
1089 3665 1512 3728 vetustatibus
1550 3665 1847 3748 squalidi,
1880 3665 2241 3746 indigemus
2280 3664 2346 3727 in

852 3764 1081 3847 primis
1119 3771 1515 3827 sacramento
1550 3763 2045 3845 regenerationis
2072 3771 2138 3825 et
2166 3780 2348 3826 reno-

848 3863 1143 3937 vationis,
1175 3878 1303 3945 quo
1334 3882 1372 3925 a
1400 3869 1493 3925 tot
1523 3861 1889 3926 laesionibus
1926 3870 1991 3926 et
2017 3861 2350 3926 occisioni-

848 3961 970 4024 bus
1000 3978 1375 4024 revocemur
1402 3961 1481 4024 ad
1512 3979 1651 4024 esse
1679 3960 2122 4043 spirituale,ad
2155 3961 2348 4024 vitam

847 4059 1067 4141 gratiae
1104 4078 1178 4125 ac
1219 4058 1552 4133 virtutum,
1585 4065 1650 4122 et
1686 4076 2069 4122 renovemur
2107 4059 2172 4120 in
2213 4059 2349 4141 Spi-

2453 3072 2763 3136 cumcisio
2810 3089 3088 3154 namque
3135 3071 3200 3134 in
3250 3079 3561 3155 quantum
3619 3071 3961 3135 circumci-

2451 3172 2568 3248 sio,
2610 3189 2738 3235 non
2783 3170 3102 3252 significat
3145 3171 3269 3232 nisi
3311 3171 3753 3234 remissionem
3804 3191 3957 3254 pec-

2453 3270 2596 3334 cati.
2647 3270 3008 3353 Baptismus
3055 3287 3208 3332 vero
3263 3269 3430 3333 ultra
3485 3270 3606 3333 hoc
3659 3271 3959 3352 designat

2451 3369 2668 3450 gratiae
2708 3368 3120 3443 infusionem,
3151 3369 3641 3432 exstinctionem
3683 3371 3958 3432 munda-

2454 3487 2552 3532 nae
2593 3475 2658 3531 et
2694 3467 2988 3530 humanae
3031 3467 3421 3549 cupiditatiS,
3452 3475 3517 3531 et
3553 3467 3785 3531 saltum
3827 3469 3961 3551 spi-

2454 3565 2750 3629 ritualem
2809 3566 2874 3629 in
2924 3567 3119 3629 vitam
3171 3574 3492 3630 aeternam.
3545 3566 3721 3641 Quod
3781 3574 3959 3650 patet

2455 3684 2570 3748 per
2598 3684 2776 3748 aquae
2806 3665 3439 3747 proprietateszaqua
3467 3665 3706 3728 etenim
3735 3665 3961 3741 abluit,

2456 3763 2688 3840 reficit,
2721 3763 3090 3844 exstinguit,
3123 3769 3188 3826 et
3225 3763 3372 3826 salit
3414 3771 3546 3826 tam
3585 3763 3714 3826 alte
3754 3783 3966 3846 quan-

2456 3872 2594 3925 tum
2623 3863 2704 3925 ab
2733 3861 2862 3925 alto
2892 3862 3031 3925 loco
3059 3862 3407 3925 descendit.
3443 3862 3734 3926 Secunda
3763 3881 3964 3926 causa

2455 3969 2572 4036 est,
2605 3961 2758 4043 quia
2795 3960 3199 4023 communior
3231 3967 3328 4023 est
3357 3960 3722 4043 Baptismus
3755 3981 3770 4025 ε
3803 3981 3961 4025 nam

2456 4059 2754 4122 convenit
2796 4058 3080 4121 maribus
3123 4066 3188 4120 et
3222 4058 3504 4121 feminis.

852 4159 981 4220 ritu
1037 4157 1284 4220 Sancto.
1336 4157 1581 4238 Nempe
1639 4176 1835 4238 quum
1898 4156 2192 4218 nativitas
2252 4157 2346 4218 in·
2376 4159 2427 4222 D
2535 4158 2726 4221 Porro
2766 4157 2845 4220 de
2886 4157 3193 4238 Baptismi
3247 4157 3522 4220 essentia
3563 4165 3660 4219 est
3699 4156 3962 4221 diversa

846 4273 1102 4337 gressus
1142 4255 1226 4318 sit
1262 4262 1327 4317 et
1363 4253 1619 4316 initium
1658 4254 1823 4327 vitae,
1867 4270 2039 4316 mors
2076 4272 2228 4318 vero
2269 4255 2347 4317 fi-

848 4356 950 4418 nis
1008 4355 1363 4437 desitioque
1422 4353 1647 4436 ipsius,
1699 4371 1959 4416 necesse
2006 4361 2104 4417 est
2150 4356 2345 4418 vitam

848 4453 1195 4517 animalem
1225 4461 1290 4516 et
1317 4452 1609 4515 vitiosam
1648 4451 1939 4516 desinere
1970 4460 2034 4516 et
2061 4452 2240 4516 finiri
2281 4455 2346 4518 in

850 4551 1060 4626 nobiS‚
1103 4559 1169 4614 et
1214 4551 1408 4614 vitam
1451 4549 1849 4632 spiritualem
1898 4550 1965 4613 in
2006 4551 2194 4616 nobis
2235 4572 2352 4635 per

738 4721 741 4726 ,
850 4649 1396 4732 regenerationem
1428 4649 1731 4731 incipere.
1751 4649 2013 4732 Propter
2040 4652 2210 4733 quod
2241 4652 2352 4714 Ve-

556 4763 823 4818 Ιοαηωυβ.

851 4749 1003 4812 ritas
1044 4749 1206 4812 dixit
1238 4749 1419 4813 :Nisi
1462 4748 1607 4831 quis
1656 4756 1839 4810 natus
1880 4747 2077 4812 fuerit
2118 4751 2346 4826 denuc,

852 4867 981 4913 non
1022 4848 1287 4912 intrabit
1314 4849 1379 4910 in
1418 4867 1688 4930 regnum
1728 4847 2057 4911 coelorum.
2092 4848 2170 4910 Et
2198 4850 2349 4931 quia

850 4947 928 5010 ad
968 4966 1043 5011 ea
1080 4967 1221 5030 quae
1258 4965 1513 5009 sursum
1554 4954 1725 5021 sunt,
1758 4946 1823 5009 id
1858 4953 1955 5009 est
1992 4947 2348 5029 spiritualia

850 5053 914 5109 et
942 5053 1177 5110 aeterna
1211 5045 1397 5120 bona,
1431 5045 1757 5108 nascimur
1784 5044 1999 5127 frigidi
2033 5054 2098 5108 et
2124 5047 2342 5128 gelidi,

845 5152 1039 5228 atque
1065 5145 1144 5207 ad
1174 5163 1249 5208 ea
1277 5163 1419 5227 quae
1447 5145 1744 5208 deorsum
1774 5152 1924 5207 sunt
1950 5145 2340 5228 temporalia,

2455 4256 2692 4338 opinio.
2713 4256 2977 4331 Quidam
3009 4255 3437 4337 dicunt,quod
3467 4274 3632 4338 aqua
3661 4256 3726 4318 in
3757 4275 3962 4338 quan·

2455 4363 2593 4417 tum
2639 4355 2929 4428 abluenS,
2981 4373 3094 4417 seu
3142 4353 3386 4417 ablutio
3435 4354 3600 4416 facta
3648 4353 3714 4416 in
3763 4374 3958 4438 aqua,

2455 4453 2818 4536 Baptismus
2861 4454 2961 4516 sit.
3004 4453 3181 4526 Quod
3220 4452 3454 4516 falsum
3499 4453 3772 4528 videtur,
3805 4455 3966 4536 quia

2456 4553 2764 4636 quamdiu
2835 4553 3188 4634 baptizatus
3249 4552 3432 4628 vivit,
3487 4552 3681 4616 habet
3741 4553 3962 4636 Bapti-

2456 4669 2690 4724 smum,
2725 4669 2852 4714 non
2893 4658 3107 4712 tamen
3146 4668 3380 4731 aquam
3423 4651 3791 4714 abluentem
3839 4671 3962 4715 nec

2455 4749 2872 4823 ablutionem,
2905 4768 3047 4831 quae
3081 4747 3488 4812 transierunt.
3522 4749 3683 4811 Hinc
3714 4749 3826 4813 alii
3859 4752 3962 4814 di-

2453 4848 2813 4930 cunt,quod
2843 4847 3202 4928 Baptismus
3233 4853 3330 4910 est
3359 4847 3515 4928 quid
3546 4866 3958 4929 permanenS,

2455 4955 2607 5030 puta
2636 4947 2960 5010 character
2990 4945 3338 5027 impressus
3365 4944 3595 5009 animai
3621 4945 3701 5008 ad
3733 4946 3962 5010 distin-

2451 5046 2778 5128 guendum
2834 5043 3225 5126 baptizatum
3282 5062 3321 5105 a
3375 5061 3504 5106 non
3561 5043 3884 5127 baptizato
3936 5067 3953 5111 :

2451 5144 2988 5227 quemadmodum
3049 5141 3456 5205 circumcisio
3517 5142 3958 5224 distinguebat

849 5243 1125 5307 carnalia
1174 5250 1239 5306 et
1292 5243 1631 5319 mundana,
1682 5244 1977 5307 ardentes
2030 5263 2104 5307 ac
2155 5243 2343 5307 fervi·
2447 5243 2734 5307 Judaeum
2765 5261 2802 5305 a
2829 5241 3070 5346 gentili.
3091 5241 3213 5305 Sed
3243 5248 3464 5304 contra
3490 5241 3610 5305 hoc
3640 5245 3952 5325 est,quod
