4267 6250
75 4339 292 4397 ΕΙᾼΙΜΔ·

1420 525 1500 572 DB
1541 523 1940 572 emnam
1981 523 2345 572 nffllsml

3316 507 3435 574 179

323 714 473 758 nem
515 695 776 770 realem,
809 695 888 758 de
931 693 1307 758 necessitate
1349 700 1448 756 est
1487 711 1600 757 ens
1647 693 1826 756 abso-
1854 694 1905 759 Α
1937 692 2241 775 ruptibile
2288 700 2477 768 esset,
2519 693 2687 756 sicut
2728 693 3091 774 subiectum
3134 713 3434 777 superna-

325 792 553 868 lutum,
604 802 717 855 aut
764 793 920 875 quid
981 791 1168 854 reale.
1223 791 1558 855 Character
1607 799 1824 854 autem

322 890 623 952 terminat
652 891 970 953 actionem
1001 889 1258 952 realem.
1278 889 1494 950 Virtus
1524 889 1697 951 enim
1729 889 1822 951 di-

323 987 468 1050 vina
499 988 655 1050 reali
694 988 946 1051 actione
974 987 1106 1069 agit
1145 987 1211 1049 in
1249 986 1528 1049 animam
1565 986 1825 1067 cujusli-

323 1086 430 1149 bet
470 1087 794 1169 baptizati.
829 1087 949 1151 Sed
991 1087 1058 1148 in
1096 1103 1174 1150 eo
1212 1086 1322 1168 qui
1365 1084 1517 1148 ficte
1553 1087 1819 1161 accedit,

323 1185 465 1248 talis
518 1186 689 1249 actio
737 1186 990 1248 nullum
1048 1183 1242 1247 habet
1290 1183 1639 1247 terminum
1696 1183 1823 1246 nisi

255 1315 302 1354 w,
323 1285 774 1356 characterem,
811 1292 881 1345 ut
927 1289 1172 1347 constat
1217 1301 1295 1344 ex
1343 1281 1550 1344 dictis.
1587 1282 1674 1344 De
1722 1282 1822 1344 his

324 1383 538 1444 doctor
565 1381 675 1444 ille
705 1381 891 1464 plura
917 1379 1280 1453 conscribit,
1294 1399 1436 1462 quae
1465 1386 1817 1460 tangentur.

393 1479 472 1542 At
501 1497 660 1542 vero
687 1479 912 1542 Scotus
952 1478 1162 1561 primo
1199 1477 1306 1539 hic
1344 1478 1569 1540 recitat
1605 1477 1822 1559 positi-

322 1595 502 1640 onem
554 1578 886 1660 antiquam
937 1578 1070 1658 jam
1122 1583 1376 1650 tactam,
1428 1593 1820 1658 prosequens

321 1694 394 1736 an
425 1676 631 1756 possit
673 1675 900 1748 teneri,
931 1682 998 1737 et
1035 1681 1300 1737 conatur
1336 1673 1608 1756 probare
1648 1673 1819 1755 quod

323 1773 550 1854 positio
579 1772 700 1836 ista
729 1774 808 1836 de
841 1773 1126 1836 realitate
1155 1772 1612 1846 characteri5,a
1641 1771 1820 1834 nullo

1934 791 2159 853 turalis
2202 790 2451 854 virtutis
2498 791 2970 854 sacramentalis
3016 791 3433 874 corruptibile

1933 888 2217 968 exsistit3
2250 907 2367 951 nec
2398 889 2899 970 supernaturalis
2928 888 3039 952 illa
3066 889 3272 952 virtus
3302 907 3436 954 cor-

1935 987 2277 1068 rumpitur,
2318 994 2614 1049 manente
2662 986 2805 1068 ejus
2855 987 3139 1060 materia,
3180 1005 3323 1069 quae
3370 996 3434 1051 et

1933 1102 2115 1147 suam
2148 1085 2690 1148 consecrationem
2721 1103 2848 1148 non
2884 1084 3096 1168 perdit
3124 1087 3434 1167 quamdiu

1936 1181 2255 1264 perdurat.

2015 1279 2257 1340 Deinde
2284 1279 2509 1342 Scotus
2538 1278 2871 1360 subjungit
2894 1278 3232 1343 :Concedit
3259 1278 3431 1340 idem

1935 1375 2227 1450 ThomaS,
2293 1377 2463 1458 quod
2530 1377 2938 1440 circumcisio
3005 1377 3433 1439 characterem

1934 1491 2063 1536 non
2093 1474 2450 1556 impressit3
2481 1482 2546 1538 et
2571 1482 2727 1538 tunc
2765 1483 2983 1538 contra
3019 1493 3169 1539 eum
3207 1483 3305 1538 est
3340 1493 3435 1536 ar-

1932 1580 2311 1652 gumentum
2351 1574 2430 1635 de
2468 1573 2759 1636 efficacia
2802 1575 3180 1637 sacramenti
3222 1591 3434 1656 respe-

1934 1677 2042 1732 ctu
2096 1671 2333 1752 gratim,
2381 1672 2567 1752 cujus
2623 1680 3091 1736 sacramentum
3150 1690 3277 1736 non
3335 1679 3433 1734 est

1934 1787 2125 1831 causa
2153 1770 2277 1832 nisi
2310 1769 2833 1833 instrumentalis.
2867 1771 3076 1834 Potest
3103 1789 3255 1852 ergo
3283 1788 3431 1833 con·

323 1871 689 1933 Sanctorum
733 1870 964 1934 habeat
1005 1871 1466 1934 auctoritatem.
1520 1870 1598 1932 Et
1640 1869 1821 1951 quid·
1857 1874 1904 1936 B
1935 1867 2098 1942 cedi,
2131 1869 2301 1950 quod
2332 1869 2738 1932 circumcisio
2766 1870 3090 1952 impressit
3118 1869 3432 1932 characte-

323 1969 466 2051 quid
505 1969 680 2032 dicat
717 1970 798 2031 de
835 1970 980 2042 hoc,
1009 1968 1145 2050 iam
1180 1976 1328 2031 ante
1367 1975 1694 2032 ostensum
1725 1974 1823 2030 est

321 2086 393 2128 ex
437 2066 808 2130 doctoribus
853 2066 1236 2141 senioribuS,
1285 2066 1818 2149 praeclarioribus,

321 2164 882 2240 exercitatissimis,
917 2165 1088 2247 quod
1119 2183 1196 2228 ex
1225 2165 1416 2228 dictis
1450 2165 1652 2228 divini
1683 2164 1823 2227 Dio-

322 2264 480 2345 nysii
527 2263 758 2326 habeat
809 2271 1048 2338 ortum,
1093 2264 1222 2326 imo
1272 2263 1484 2346 potius
1535 2281 1613 2326 ex
1661 2263 1822 2326 Scri-

320 2369 500 2441 ptura
547 2362 874 2437 canonica,
925 2362 1156 2425 deinde
1203 2381 1282 2425 ex
1331 2361 1544 2425 verbis
1604 2361 1823 2424 Dama-

319 2459 488 2522 sceni
545 2467 608 2521 et
662 2459 1002 2540 Augustini
1065 2477 1080 2521 :
1141 2460 1438 2542 quamvis
1495 2467 1819 2523 tantorum

321 2557 508 2620 verba
563 2558 907 2621 Doctorum
976 2577 1050 2619 ac
1107 2559 1360 2621 Patrum
1431 2558 1680 2640 possint
1736 2558 1819 2620 ab

319 2655 684 2719 hominibus
724 2656 969 2738 proprii
999 2657 1412 2739 perversique
1451 2676 1677 2720 sensus
1706 2657 1818 2718 ali-

319 2760 412 2816 ter
456 2755 784 2836 explanari
831 2773 906 2816 ac
953 2753 1141 2830 trahi,
1183 2755 1286 2817 vel
1335 2755 1548 2837 potius
1591 2754 1818 2818 obscu-

320 2852 438 2914 rari
467 2860 659 2934 atque
688 2852 986 2934 perverti.
1019 2852 1146 2916 Nec
1176 2860 1389 2916 tamen
1422 2871 1564 2917 reor
1593 2871 1820 2934 negan-

319 2950 492 3024 dum,
541 2950 700 3032 quin
759 2951 1036 3013 rationes
1085 2969 1228 3032 quae
1283 2951 1688 3013 adducuntur
1737 2951 1817 3014 ad

319 3148 466 3229 quia
494 3166 570 3209 ea
597 3167 742 3230 quae
770 3147 928 3210 fidei
960 3156 1129 3222 sunt,
1162 3148 1658 3211 demonstrative
1686 3166 1815 3212 non

319 3246 528 3309 valent
568 3265 685 3328 per
727 3246 1005 3309 rationes
1049 3245 1300 3309 adduci.
1335 3246 1818 3310 Rationabiliter

319 3352 526 3407 tamen
556 3344 708 3407 satis
737 3343 1078 3426 probatum
1108 3351 1224 3417 est,
1249 3345 1680 3407 characterem
1710 3364 1815 3407 ve-

317 3462 458 3505 rum
497 3441 734 3505 realem
779 3442 845 3504 in
878 3442 1204 3525 Baptismo
1244 3442 1529 3524 imprimi
1569 3450 1634 3505 et
1672 3461 1816 3506 con-

315 3540 489 3604 ferri.
539 3541 718 3615 Quod
775 3558 979 3623 quum
1036 3548 1129 3603 tot
1182 3560 1256 3603 ac
1311 3541 1472 3603 tanti
1528 3542 1816 3604 doctores

317 3639 714 3703 concorditer
776 3646 1094 3713 tueantur,
1155 3638 1424 3701 stultum
1481 3646 1579 3701 est
1633 3637 1817 3701 aliter

317 3733 564 3814 opinari
597 3753 614 3797 :
649 3736 782 3798 imo
821 3754 1023 3818 quum
1061 3736 1342 3799 Romana
1379 3736 1662 3799 Ecclesia
1693 3736 1816 3799 hoc

316 3830 618 3907 affirmet,
661 3834 830 3896 sicut
871 3833 1004 3914 jam
1054 3835 1278 3916 patuit,
1326 3852 1586 3916 prorsus
1635 3834 1816 3897 illici-

317 3936 457 3993 tum
512 3940 610 3994 est
665 3932 1058 3995 contrarium
1116 3931 1472 4015 perhibere.
1534 3932 1695 3995 Hinc
1753 3940 1817 3996 et

317 4028 540 4091 Scotus
601 4030 798 4111 hujus
849 4030 1241 4093 auctoritatis
1305 4030 1473 4095 mole
1532 4050 1812 4113 pressuS,

319 4127 570 4191 tandem
603 4128 898 4192 concedit
934 4128 1364 4192 characterem
1402 4130 1646 4213 aliquid
1675 4150 1814 4195 esse

1934 1985 2068 2030 rem
2100 1967 2267 2030 sicut
2296 1967 2881 2050 Baptismus—Ad
2912 1968 3047 2033 haec
3077 1969 3241 2043 dico,
3260 1969 3431 2051 quod

1933 2084 2060 2129 non
2089 2065 2300 2128 solum
2329 2067 2390 2129 S.
2416 2067 2707 2140 Thomas,
2732 2067 2843 2130 sed
2872 2075 2937 2130 et
2964 2067 3251 2131 doctores
3273 2086 3430 2150 prae-

1933 2163 2107 2245 cipui
2149 2164 2401 2229 Ordinis
2435 2165 2495 2227 S.
2532 2164 2873 2240 Francisci,
2907 2164 3282 2240 Alexander,
3313 2165 3427 2229 Bo-

1932 2268 2304 2336 naventura,
2358 2263 2731 2336 RicharduS,
2781 2263 2890 2326 alii
2949 2281 3206 2346 quoque
3263 2281 3431 2327 com·

1931 2361 2213 2422 muniter
2238 2361 2661 2444 dicunt,quod
2692 2361 2759 2424 in
2790 2361 3275 2424 circumcisione
3306 2379 3430 2425 non

1931 2458 2421 2540 imprimebatur
2468 2460 2813 2522 character.
2865 2460 2993 2523 Nec
3040 2459 3161 2523 hoc
3212 2460 3431 2524 obviat

1931 2556 2145 2618 verbis
2186 2557 2253 2619 B.
2299 2557 2575 2632 Thomae‚
2614 2558 2726 2639 qui
2766 2559 3068 2620 virtutem
3110 2558 3429 2622 causalem

1929 2655 2479 2737 supernaturalem
2518 2664 3060 2718 sacramentorum
3098 2656 3256 2718 dicit
3298 2673 3428 2719 non

1928 2771 2068 2816 esse
2115 2754 2499 2836 completam
2549 2754 2615 2816 in
2665 2773 2804 2817 esse
2852 2773 3061 2836 neque
3101 2755 3167 2816 in
3214 2773 3423 2836 agere,

1927 2859 1992 2914 et
2025 2869 2143 2915 suo
2181 2852 2369 2916 modo
2412 2852 3000 2926 instrumentaliter,
3032 2853 3421 2935 dispositive,

1927 2950 2286 3025 causaliter,
2319 2950 2646 3033 cooperari
2685 2951 2763 3014 ad
2792 2951 3079 3032 gratiam.
3115 2951 3193 3013 Et
3230 2969 3423 3034 supra
3482 2977 3721 3036 duam*

321 3049 756 3129 probationem
813 3049 1221 3122 characteriS,
1278 3049 1527 3131 possint
1584 3049 1743 3112 solvi
1797 3067 1812 3110 ε
1848 3059 1892 3125 c
1927 3055 2251 3111 ostensum
2302 3057 2398 3111 est
2436 3067 2515 3111 ex
2560 3049 2775 3112 verbis
2824 3038 3219 3125 Sanctorum,
3252 3051 3421 3133 quod
3448 3041 3494 3084 ¹¹¹
3514 3041 3613 3086 ⁶¹¹⁰·

1926 3147 2159 3229 positio
2208 3148 2315 3211 illa
2362 3148 2617 3213 Thomae
2674 3149 2819 3231 plus
2878 3156 3181 3212 consonat
3233 3150 3422 3213 dictis

1925 3246 2323 3321 Sanctorum,
2372 3246 2485 3328 qui
2540 3245 2939 3309 concorditer
2995 3254 3426 3328 protestantur

1924 3352 2319 3406 sacramenta
2346 3344 2729 3425 evangelicae
2770 3345 2925 3426 legis
2960 3345 3224 3409 efficere
3254 3346 3425 3428 quod

1923 3442 2279 3523 designant,
2321 3460 2686 3525 quanquam
2730 3442 2855 3505 alia
2895 3443 3117 3525 opinio
3164 3461 3423 3524 magnos

1925 3540 2214 3603 doctores
2243 3540 2473 3603 habeat
2500 3540 2885 3604 defensores
2903 3542 3199 3604 Doctores
3230 3542 3422 3604 etiam

1925 3640 2234 3702 Thomam
2262 3646 2624 3721 sequenteS,
2649 3657 2776 3702 non
2808 3648 3042 3720 negant
3070 3640 3226 3722 quin
3256 3640 3423 3702 Deus

1926 3756 2041 3820 per
2079 3756 2259 3799 suam
2299 3735 2654 3800 absolutam
2694 3738 3042 3819 potentiam
3082 3738 3284 3820 possit
3320 3738 3424 3800 de—

1927 3834 2056 3898 lere
2099 3835 2549 3897 characterem.

2003 3932 2273 4013 Insuper
2313 3930 2538 3995 Scotus
2575 3930 2829 3994 videtur
2867 3932 3049 4014 sequi
3089 3949 3421 3995 erroneam

1925 4030 2293 4113 opinionem
2325 4029 2697 4105 dicentium,
2731 4030 2900 4112 quod
2939 4030 3265 4093 character
3292 4048 3419 4094 non

1923 4130 2008 4194 sit
2045 4130 2170 4192 nisi
2214 4129 2436 4192 relatio
2469 4146 2483 4191 ε
2518 4128 2703 4209 cujus
2740 4130 3107 4212 oppositum
3143 4128 3275 4210 jam
3318 4148 3423 4212 pa·

317 4225 509 4300 reale,
541 4226 642 4289 vel
672 4225 878 4308 magis
913 4226 993 4290 ad
1031 4226 1296 4310 aliquid,
1330 4228 1395 4290 id
1434 4236 1532 4291 est
1569 4228 1816 4292 relatio-
1844 4236 1893 4298 D
1923 4228 2048 4291 tuit
2091 4246 2171 4291 ex
2220 4228 2280 4291 S.
2329 4228 2587 4303 Thoma,
2626 4227 2909 4304 Alberto,
2957 4228 3418 4305 Bonaventura,

317 4342 494 4399 nem,
525 4326 691 4389 sicut
719 4344 916 4410 supra
952 4327 1160 4390 tenuit
1195 4326 1274 4389 de
1313 4334 1708 4390 sacramento
1747 4327 1814 4390 in

318 4424 597 4504 generali
642 4443 657 4488 ε
704 4426 878 4508 quod
919 4424 1326 4509 reprobatum
1370 4433 1469 4489 est
1506 4432 1671 4489 ante.

401 4524 773 4606 Specialiter
809 4532 1024 4587 autem
1063 4525 1386 4588 invehitur
1425 4533 1644 4589 contra
1676 4544 1814 4589 san-

316 4630 498 4686 ctum
533 4625 888 4699 Doctorem,
921 4624 1192 4687 dicendo
1224 4641 1239 4687 τ
1274 4623 1388 4686 Hic
1417 4632 1565 4687 nota
1595 4631 1814 4687 contra

315 4722 644 4799 Thomam,
696 4722 870 4805 quod
916 4739 1045 4785 non
1092 4721 1176 4785 sit
1222 4739 1459 4805 ponere
1507 4722 1811 4785 virtutem

312 4822 598 4904 aliquam
653 4821 1205 4906 supernaturalem
1264 4821 1331 4883 in
1394 4828 1811 4897 sacramente,

315 4923 475 5005 quia
503 4922 609 4985 illa
635 4942 966 5006 nunquam
997 4928 1212 5004 posset
1239 4921 1582 5003 corrumpi,
1596 4921 1814 4984 eodem

315 5021 513 5084 modo
547 5039 672 5103 quo
709 5022 1140 5085 characterem
1181 5020 1362 5102 ponit
1403 5019 1816 5083 indelebilem

314 5138 484 5183 esse.
523 5155 602 5166 -—
632 5120 729 5183 Ad
777 5120 948 5203 quod
993 5118 1162 5193 dico,
1211 5118 1382 5181 istud
1433 5136 1558 5181 non
1609 5119 1810 5201 sequi.

315 5218 590 5281 Thomas
641 5237 921 5301 namque
979 5236 1107 5281 non
1156 5225 1343 5299 negat
1393 5217 1552 5299 quin
1600 5216 1815 5280 chara-

315 5324 464 5379 cter
487 5324 1000 5401 corrumperetur
1027 5317 1084 5379 si
1113 5315 1478 5397 subiectum
1507 5315 1650 5395 ejus
1683 5334 1816 5379 cor-

1921 4325 2256 4401 Ricbardo,
2290 4344 2365 4389 ac
2401 4327 2584 4390 Petro
2621 4327 2701 4391 de
2730 4327 3111 4403 Tarantasia,
3144 4328 3257 4410 qui
3297 4327 3423 4391 fuit

1923 4423 2211 4487 Pontifex
2270 4443 2580 4489 summus.
2642 4425 2868 4489 Probat
2922 4435 3137 4491 autem
3198 4428 3420 4493 Scotus

1925 4542 2114 4587 suum
2165 4524 2584 4607 propositum,
2630 4532 2694 4588 et
2738 4526 2895 4588 dicit
2941 4526 3244 4591 Thomam
3294 4528 3420 4591 sibi

1926 4624 2049 4706 ipsi
2097 4624 2509 4699 contrarium,
2544 4642 2620 4687 eo
2670 4626 2839 4707 quod
2887 4626 3057 4689 dicat
3102 4627 3419 4690 characte-

1924 4741 2062 4785 rem
2091 4741 2231 4785 esse
2270 4724 2547 4804 signum,
2582 4740 2707 4786 non
2746 4730 2960 4787 tamen
2998 4726 3421 4789 essentialiter

1924 4822 2319 4898 relationem,
2352 4830 2809 4905 quum-tamen
2854 4822 3109 4905 signum
3158 4825 3419 4887 exsistat

1924 4920 2146 4984 relatio
2179 4938 2193 4982 :
2227 4921 2399 5003 quod
2440 4939 2633 5003 supra
2676 4921 2955 4984 solutum
2998 4928 3098 4984 est
3139 4922 3205 4984 in
3247 4941 3416 5005 quae—
3456 4943 3559 4989 dist.
3572 4958 3599 4997 ι,
3612 4950 3709 5002 q.¹.

1925 5019 2129 5083 stione
2160 5021 2240 5082 de
2278 5026 2673 5082 sacramento
2704 5019 2769 5083 in
2806 5019 3111 5101 generali,
3143 5040 3224 5083 an
3251 5022 3416 5084 exsi-

1924 5123 2046 5180 stat
2075 5116 2319 5193 relati0,
2351 5137 2551 5201 quum
2582 5118 2666 5181 sit
2694 5117 2967 5201 signum.
2992 5154 3071 5165 —
3104 5117 3415 5202 Deinceps

1923 5216 2178 5279 videtur
2220 5216 2405 5280 Scoto
2452 5216 2879 5280 characterem
2922 5218 3133 5299 potius
3176 5236 3415 5301 ponen-

1923 5315 2078 5377 dum
2136 5332 2275 5377 esse
2325 5314 2394 5377 in
2438 5314 2763 5379 voluntate
2810 5334 3003 5399 quam
3060 5317 3411 5395 intellectu,
