<?xml version="1.0" encoding="UTF-8"?>
<!DOCTYPE html PUBLIC "-//W3C//DTD XHTML 1.0 Transitional//EN"
    "http://www.w3.org/TR/xhtml1/DTD/xhtml1-transitional.dtd">
<html xmlns="http://www.w3.org/1999/xhtml" xml:lang="en" lang="en">
 <head>
  <title>
</title>
<meta http-equiv="Content-Type" content="text/html;charset=utf-8" />
  <meta name='ocr-system' content='tesseract 3.04.00' />
  <meta name='ocr-capabilities' content='ocr_page ocr_carea ocr_par ocr_line ocrx_word'/>
</head>
<body>
  <div class='ocr_page' id='page_1' title='image "./doctorisecstati04unkngoog_0457.png"; bbox 0 0 4267 6250; ppageno 0'>
   <div class='ocr_carea' id='block_1_1' title="bbox 647 506 3111 583">
    <p class='ocr_par' dir='ltr' id='par_1_1' title="bbox 647 506 3111 583">
     <span class='ocr_line' id='line_1_1' title="bbox 647 506 3111 583; baseline 0.001 -28"><span class='ocrx_word' id='word_1_1' title='bbox 647 508 850 555; x_wconf 73' lang='lat' dir='ltr'><strong>unum</strong></span> <span class='ocrx_word' id='word_1_2' title='bbox 889 508 1268 567; x_wconf 73' lang='lat' dir='ltr'><strong>mrocmsIS,</strong></span> <span class='ocrx_word' id='word_1_3' title='bbox 1307 507 1500 555; x_wconf 78' lang='lat' dir='ltr'><strong>mnus</strong></span> <span class='ocrx_word' id='word_1_4' title='bbox 1541 508 1616 553; x_wconf 77' lang='lat' dir='ltr'><strong>m·</strong></span> <span class='ocrx_word' id='word_1_5' title='bbox 1655 506 2030 583; x_wconf 58' lang='lat' dir='ltr'><strong>consultu·</strong></span> <span class='ocrx_word' id='word_1_6' title='bbox 2045 506 2489 556; x_wconf 63' lang='lat' dir='ltr'><strong>mmmm!</strong></span> <span class='ocrx_word' id='word_1_7' title='bbox 2526 510 2737 557; x_wconf 63' lang='lat' dir='ltr'><strong>vm!</strong></span> <span class='ocrx_word' id='word_1_8' title='bbox 2776 510 3111 559; x_wconf 63' lang='lat' dir='ltr'><strong>turtulam·</strong></span> 
     </span>
    </p>
   </div>
   <div class='ocr_carea' id='block_1_2' title="bbox 3308 489 3429 555">
    <p class='ocr_par' dir='ltr' id='par_1_2' title="bbox 3308 489 3429 555">
     <span class='ocr_line' id='line_1_2' title="bbox 3308 489 3429 555; baseline 0 0"><span class='ocrx_word' id='word_1_9' title='bbox 3308 489 3429 555; x_wconf 71' lang='lat'><strong>439</strong></span> 
     </span>
    </p>
   </div>
   <div class='ocr_carea' id='block_1_3' title="bbox 318 679 3430 766">
    <p class='ocr_par' dir='ltr' id='par_1_3' title="bbox 318 679 3430 766">
     <span class='ocr_line' id='line_1_3' title="bbox 318 679 3430 766; baseline 0.001 -25"><span class='ocrx_word' id='word_1_10' title='bbox 318 696 631 761; x_wconf 70' lang='lat' dir='ltr'><strong>personae,</strong></span> <span class='ocrx_word' id='word_1_11' title='bbox 672 679 752 743; x_wconf 91' lang='lat' dir='ltr'><strong>ad</strong></span> <span class='ocrx_word' id='word_1_12' title='bbox 797 698 932 743; x_wconf 90' lang='lat' dir='ltr'><strong>rem</strong></span> <span class='ocrx_word' id='word_1_13' title='bbox 969 681 1397 763; x_wconf 75' lang='lat' dir='ltr'><strong>significatam</strong></span> <span class='ocrx_word' id='word_1_14' title='bbox 1434 698 1449 743; x_wconf 92' lang='lat'>:</span> <span class='ocrx_word' id='word_1_15' title='bbox 1483 700 1624 764; x_wconf 83' lang='lat' dir='ltr'><strong>quae</strong></span> <span class='ocrx_word' id='word_1_16' title='bbox 1675 698 1824 744; x_wconf 89' lang='lat' dir='ltr'><strong>con·</strong></span> <span class='ocrx_word' id='word_1_17' title='bbox 1850 680 1900 744; x_wconf 77' lang='lat' dir='ltr'>A</span> <span class='ocrx_word' id='word_1_18' title='bbox 1935 680 2324 753; x_wconf 88' lang='lat' dir='ltr'><strong>vocantium,</strong></span> <span class='ocrx_word' id='word_1_19' title='bbox 2360 682 2644 747; x_wconf 88' lang='lat' dir='ltr'><strong>studiosa</strong></span> <span class='ocrx_word' id='word_1_20' title='bbox 2691 684 3024 766; x_wconf 82' lang='lat' dir='ltr'><strong>inspectiO,</strong></span> <span class='ocrx_word' id='word_1_21' title='bbox 3070 690 3167 746; x_wconf 91' lang='lat' dir='ltr'><strong>est</strong></span> <span class='ocrx_word' id='word_1_22' title='bbox 3212 700 3430 765; x_wconf 91' lang='lat' dir='ltr'><strong>pecca-</strong></span> 
     </span>
    </p>
   </div>
   <div class='ocr_carea' id='block_1_4' title="bbox 311 776 1826 1845">
    <p class='ocr_par' dir='ltr' id='par_1_4' title="bbox 311 776 1826 1845">
     <span class='ocr_line' id='line_1_4' title="bbox 315 776 1826 862; baseline 0.001 -23"><span class='ocrx_word' id='word_1_23' title='bbox 315 776 607 841; x_wconf 78' lang='lat' dir='ltr'><strong>formitas</strong></span> <span class='ocrx_word' id='word_1_24' title='bbox 638 778 718 842; x_wconf 91' lang='lat' dir='ltr'><strong>ad</strong></span> <span class='ocrx_word' id='word_1_25' title='bbox 749 798 936 842; x_wconf 90' lang='lat' dir='ltr'><strong>unam</strong></span> <span class='ocrx_word' id='word_1_26' title='bbox 966 780 1266 843; x_wconf 89' lang='lat' dir='ltr'><strong>virtutem</strong></span> <span class='ocrx_word' id='word_1_27' title='bbox 1299 779 1664 862; x_wconf 86' lang='lat' dir='ltr'><strong>specialiter</strong></span> <span class='ocrx_word' id='word_1_28' title='bbox 1691 797 1826 861; x_wconf 89' lang='lat' dir='ltr'><strong>pcr-</strong></span> 
     </span>
     <span class='ocr_line' id='line_1_5' title="bbox 315 876 1822 961; baseline 0.001 -24"><span class='ocrx_word' id='word_1_29' title='bbox 315 876 500 947; x_wconf 83' lang='lat' dir='ltr'>tinet,</span> <span class='ocrx_word' id='word_1_30' title='bbox 540 885 704 959; x_wconf 82' lang='lat' dir='ltr'><strong>puta</strong></span> <span class='ocrx_word' id='word_1_31' title='bbox 754 878 835 941; x_wconf 92' lang='lat' dir='ltr'><strong>ad</strong></span> <span class='ocrx_word' id='word_1_32' title='bbox 885 879 1245 953; x_wconf 85' lang='lat' dir='ltr'><strong>veritatem,</strong></span> <span class='ocrx_word' id='word_1_33' title='bbox 1288 884 1478 961; x_wconf 89' lang='lat' dir='ltr'><strong>prout</strong></span> <span class='ocrx_word' id='word_1_34' title='bbox 1529 886 1626 940; x_wconf 92' lang='lat' dir='ltr'><strong>est</strong></span> <span class='ocrx_word' id='word_1_35' title='bbox 1677 896 1822 960; x_wconf 88' lang='lat' dir='ltr'><strong>pars</strong></span> 
     </span>
     <span class='ocr_line' id='line_1_6' title="bbox 312 973 1824 1059; baseline 0.001 -24"><span class='ocrx_word' id='word_1_36' title='bbox 312 973 598 1055; x_wconf 81' lang='lat' dir='ltr'><strong>justitiae.</strong></span> <span class='ocrx_word' id='word_1_37' title='bbox 615 976 1066 1040; x_wconf 83' lang='lat' dir='ltr'><strong>Verumtamen</strong></span> <span class='ocrx_word' id='word_1_38' title='bbox 1099 994 1226 1041; x_wconf 92' lang='lat' dir='ltr'><strong>non</strong></span> <span class='ocrx_word' id='word_1_39' title='bbox 1257 984 1354 1040; x_wconf 91' lang='lat' dir='ltr'><strong>est</strong></span> <span class='ocrx_word' id='word_1_40' title='bbox 1382 995 1635 1059; x_wconf 90' lang='lat' dir='ltr'><strong>semper</strong></span> <span class='ocrx_word' id='word_1_41' title='bbox 1665 994 1824 1039; x_wconf 92' lang='lat' dir='ltr'><strong>mor·</strong></span> 
     </span>
     <span class='ocr_line' id='line_1_7' title="bbox 314 1073 1820 1159; baseline 0.001 -23"><span class='ocrx_word' id='word_1_42' title='bbox 314 1073 439 1136; x_wconf 89' lang='lat' dir='ltr'><strong>tale</strong></span> <span class='ocrx_word' id='word_1_43' title='bbox 469 1074 1045 1156; x_wconf 83' lang='lat' dir='ltr'><strong>peccatum.Habet</strong></span> <span class='ocrx_word' id='word_1_44' title='bbox 1071 1076 1244 1138; x_wconf 89' lang='lat' dir='ltr'><strong>enim</strong></span> <span class='ocrx_word' id='word_1_45' title='bbox 1277 1075 1634 1159; x_wconf 81' lang='lat' dir='ltr'>hypocrisis</span> <span class='ocrx_word' id='word_1_46' title='bbox 1662 1094 1820 1137; x_wconf 88' lang='lat' dir='ltr'><strong>eam-</strong></span> 
     </span>
     <span class='ocr_line' id='line_1_8' title="bbox 315 1169 1816 1256; baseline 0.001 -22"><span class='ocrx_word' id='word_1_47' title='bbox 315 1172 463 1234; x_wconf 91' lang='lat' dir='ltr'><strong>dem</strong></span> <span class='ocrx_word' id='word_1_48' title='bbox 495 1174 808 1237; x_wconf 87' lang='lat' dir='ltr'><strong>rationem</strong></span> <span class='ocrx_word' id='word_1_49' title='bbox 842 1174 1110 1256; x_wconf 88' lang='lat' dir='ltr'><strong>peccati,</strong></span> <span class='ocrx_word' id='word_1_50' title='bbox 1143 1192 1337 1256; x_wconf 90' lang='lat' dir='ltr'><strong>quam</strong></span> <span class='ocrx_word' id='word_1_51' title='bbox 1369 1169 1816 1236; x_wconf 81' lang='lat' dir='ltr'><strong>mendacium:</strong></span> 
     </span>
     <span class='ocr_line' id='line_1_9' title="bbox 315 1271 1815 1354; baseline 0.001 -21"><span class='ocrx_word' id='word_1_52' title='bbox 315 1271 487 1352; x_wconf 89' lang='lat' dir='ltr'><strong>quod</strong></span> <span class='ocrx_word' id='word_1_53' title='bbox 532 1290 662 1334; x_wconf 90' lang='lat' dir='ltr'><strong>non</strong></span> <span class='ocrx_word' id='word_1_54' title='bbox 704 1279 804 1335; x_wconf 90' lang='lat' dir='ltr'><strong>est</strong></span> <span class='ocrx_word' id='word_1_55' title='bbox 849 1290 1104 1353; x_wconf 89' lang='lat' dir='ltr'><strong>semper</strong></span> <span class='ocrx_word' id='word_1_56' title='bbox 1149 1272 1414 1335; x_wconf 91' lang='lat' dir='ltr'><strong>mortale</strong></span> <span class='ocrx_word' id='word_1_57' title='bbox 1460 1278 1815 1354; x_wconf 89' lang='lat' dir='ltr'><strong>peccatum,</strong></span> 
     </span>
     <span class='ocr_line' id='line_1_10' title="bbox 313 1370 1816 1453; baseline 0 -22"><span class='ocrx_word' id='word_1_58' title='bbox 313 1370 422 1431; x_wconf 91' lang='lat' dir='ltr'><strong>sed</strong></span> <span class='ocrx_word' id='word_1_59' title='bbox 471 1371 732 1452; x_wconf 87' lang='lat' dir='ltr'><strong>quando</strong></span> <span class='ocrx_word' id='word_1_60' title='bbox 777 1377 875 1432; x_wconf 88' lang='lat' dir='ltr'><strong>est</strong></span> <span class='ocrx_word' id='word_1_61' title='bbox 920 1370 1375 1453; x_wconf 89' lang='lat' dir='ltr'><strong>perniciosum,</strong></span> <span class='ocrx_word' id='word_1_62' title='bbox 1427 1388 1694 1450; x_wconf 86' lang='lat' dir='ltr'><strong>vergens</strong></span> <span class='ocrx_word' id='word_1_63' title='bbox 1750 1370 1816 1432; x_wconf 90' lang='lat' dir='ltr'><strong>in</strong></span> 
     </span>
     <span class='ocr_line' id='line_1_11' title="bbox 313 1468 1814 1552; baseline -0.001 -22"><span class='ocrx_word' id='word_1_64' title='bbox 313 1468 588 1551; x_wconf 80' lang='lat' dir='ltr'><strong>proximi</strong></span> <span class='ocrx_word' id='word_1_65' title='bbox 639 1475 1121 1531; x_wconf 80' lang='lat' dir='ltr'><strong>nocumentum.</strong></span> <span class='ocrx_word' id='word_1_66' title='bbox 1175 1468 1277 1531; x_wconf 89' lang='lat' dir='ltr'><strong>Sic</strong></span> <span class='ocrx_word' id='word_1_67' title='bbox 1327 1475 1393 1530; x_wconf 91' lang='lat' dir='ltr'><strong>et</strong></span> <span class='ocrx_word' id='word_1_68' title='bbox 1439 1468 1814 1552; x_wconf 79' lang='lat' dir='ltr'><strong>hypocrisiS,</strong></span> 
     </span>
     <span class='ocr_line' id='line_1_12' title="bbox 311 1565 1815 1649; baseline 0 -21"><span class='ocrx_word' id='word_1_69' title='bbox 311 1568 565 1649; x_wconf 85' lang='lat' dir='ltr'><strong>quando</strong></span> <span class='ocrx_word' id='word_1_70' title='bbox 610 1573 712 1628; x_wconf 87' lang='lat' dir='ltr'><strong>est</strong></span> <span class='ocrx_word' id='word_1_71' title='bbox 753 1565 1134 1648; x_wconf 83' lang='lat' dir='ltr'><strong>perniciosa,</strong></span> <span class='ocrx_word' id='word_1_72' title='bbox 1167 1567 1549 1648; x_wconf 83' lang='lat' dir='ltr'><strong>proveniens</strong></span> <span class='ocrx_word' id='word_1_73' title='bbox 1596 1566 1662 1628; x_wconf 90' lang='lat' dir='ltr'><strong>in</strong></span> <span class='ocrx_word' id='word_1_74' title='bbox 1706 1584 1815 1628; x_wconf 91' lang='lat' dir='ltr'><strong>no-</strong></span> 
     </span>
     <span class='ocr_line' id='line_1_13' title="bbox 313 1664 1816 1748; baseline 0 -21"><span class='ocrx_word' id='word_1_75' title='bbox 313 1672 684 1727; x_wconf 89' lang='lat' dir='ltr'><strong>cumentum</strong></span> <span class='ocrx_word' id='word_1_76' title='bbox 720 1682 1009 1748; x_wconf 82' lang='lat' dir='ltr'><strong>personae</strong></span> <span class='ocrx_word' id='word_1_77' title='bbox 1047 1664 1331 1739; x_wconf 80' lang='lat' dir='ltr'><strong>alteriuS,</strong></span> <span class='ocrx_word' id='word_1_78' title='bbox 1365 1684 1554 1747; x_wconf 89' lang='lat' dir='ltr'><strong>quam</strong></span> <span class='ocrx_word' id='word_1_79' title='bbox 1598 1684 1712 1747; x_wconf 91' lang='lat' dir='ltr'><strong>per</strong></span> <span class='ocrx_word' id='word_1_80' title='bbox 1741 1665 1816 1727; x_wconf 81' lang='lat' dir='ltr'><strong>fi-</strong></span> 
     </span>
     <span class='ocr_line' id='line_1_14' title="bbox 313 1762 1812 1845; baseline -0.001 -20"><span class='ocrx_word' id='word_1_81' title='bbox 313 1771 476 1825; x_wconf 86' lang='lat' dir='ltr'><strong>ctam</strong></span> <span class='ocrx_word' id='word_1_82' title='bbox 527 1770 594 1825; x_wconf 90' lang='lat' dir='ltr'><strong>et</strong></span> <span class='ocrx_word' id='word_1_83' title='bbox 641 1762 949 1825; x_wconf 78' lang='lat' dir='ltr'><strong>creditam</strong></span> <span class='ocrx_word' id='word_1_84' title='bbox 999 1763 1396 1825; x_wconf 74' lang='lat' dir='ltr'><strong>sanctitatem</strong></span> <span class='ocrx_word' id='word_1_85' title='bbox 1449 1763 1656 1845; x_wconf 76' lang='lat' dir='ltr'><strong>privat</strong></span> <span class='ocrx_word' id='word_1_86' title='bbox 1700 1783 1812 1825; x_wconf 91' lang='lat' dir='ltr'><strong>seu</strong></span> 
     </span>
    </p>
   </div>
   <div class='ocr_carea' id='block_1_5' title="bbox 1923 780 3431 1845">
    <p class='ocr_par' dir='ltr' id='par_1_5' title="bbox 1923 780 3431 1845">
     <span class='ocr_line' id='line_1_15' title="bbox 1928 780 3426 863; baseline 0.003 -22"><span class='ocrx_word' id='word_1_87' title='bbox 1928 787 2090 853; x_wconf 88' lang='lat' dir='ltr'><strong>tum,</strong></span> <span class='ocrx_word' id='word_1_88' title='bbox 2125 780 2256 842; x_wconf 87' lang='lat' dir='ltr'><strong>imo</strong></span> <span class='ocrx_word' id='word_1_89' title='bbox 2294 788 2358 843; x_wconf 90' lang='lat' dir='ltr'><strong>et</strong></span> <span class='ocrx_word' id='word_1_90' title='bbox 2396 789 2731 863; x_wconf 89' lang='lat' dir='ltr'><strong>peccatum</strong></span> <span class='ocrx_word' id='word_1_91' title='bbox 2775 782 3095 845; x_wconf 90' lang='lat' dir='ltr'><strong>interdum</strong></span> <span class='ocrx_word' id='word_1_92' title='bbox 3142 780 3426 855; x_wconf 79' lang='lat' dir='ltr'><strong>mortale,</strong></span> 
     </span>
     <span class='ocr_line' id='line_1_16' title="bbox 1928 877 3431 944; baseline 0 -3"><span class='ocrx_word' id='word_1_93' title='bbox 1928 896 2006 941; x_wconf 88' lang='lat' dir='ltr'><strong>ex</strong></span> <span class='ocrx_word' id='word_1_94' title='bbox 2039 877 2411 943; x_wconf 78' lang='lat' dir='ltr'><strong>irrefrenata</strong></span> <span class='ocrx_word' id='word_1_95' title='bbox 2440 879 2707 943; x_wconf 87' lang='lat' dir='ltr'><strong>libidine</strong></span> <span class='ocrx_word' id='word_1_96' title='bbox 2739 888 2802 943; x_wconf 90' lang='lat' dir='ltr'><strong>et</strong></span> <span class='ocrx_word' id='word_1_97' title='bbox 2833 881 3241 944; x_wconf 88' lang='lat' dir='ltr'><strong>immoderata</strong></span> <span class='ocrx_word' id='word_1_98' title='bbox 3270 898 3431 943; x_wconf 88' lang='lat' dir='ltr'><strong>com·</strong></span> 
     </span>
     <span class='ocr_line' id='line_1_17' title="bbox 1927 976 3429 1060; baseline 0.003 -22"><span class='ocrx_word' id='word_1_99' title='bbox 1927 976 2245 1060; x_wconf 86' lang='lat' dir='ltr'><strong>placentia</strong></span> <span class='ocrx_word' id='word_1_100' title='bbox 2276 978 2335 1039; x_wconf 90' lang='lat' dir='ltr'><strong>in</strong></span> <span class='ocrx_word' id='word_1_101' title='bbox 2366 978 2607 1041; x_wconf 90' lang='lat' dir='ltr'><strong>eisdem</strong></span> <span class='ocrx_word' id='word_1_102' title='bbox 2628 997 2643 1041; x_wconf 76' lang='lat' dir='ltr'><em>z</em></span> <span class='ocrx_word' id='word_1_103' title='bbox 2664 979 2805 1041; x_wconf 90' lang='lat' dir='ltr'><strong>ideo</strong></span> <span class='ocrx_word' id='word_1_104' title='bbox 2830 979 3140 1052; x_wconf 67' lang='lat' dir='ltr'><strong>omnibm,</strong></span> <span class='ocrx_word' id='word_1_105' title='bbox 3156 978 3429 1042; x_wconf 89' lang='lat' dir='ltr'><strong>maxime</strong></span> 
     </span>
     <span class='ocr_line' id='line_1_18' title="bbox 1931 1074 3427 1159; baseline 0.001 -23"><span class='ocrx_word' id='word_1_106' title='bbox 1931 1074 2413 1157; x_wconf 80' lang='lat' dir='ltr'><strong>poenitentibuS‚</strong></span> <span class='ocrx_word' id='word_1_107' title='bbox 2446 1084 2597 1138; x_wconf 90' lang='lat' dir='ltr'><strong>sunt</strong></span> <span class='ocrx_word' id='word_1_108' title='bbox 2645 1076 2963 1159; x_wconf 79' lang='lat' dir='ltr'><strong>fugienda.</strong></span> <span class='ocrx_word' id='word_1_109' title='bbox 2998 1077 3292 1150; x_wconf 81' lang='lat' dir='ltr'><strong>Quaedam</strong></span> <span class='ocrx_word' id='word_1_110' title='bbox 3338 1085 3427 1137; x_wconf 89' lang='lat' dir='ltr'><strong>ta-</strong></span> 
     </span>
     <span class='ocr_line' id='line_1_19' title="bbox 1929 1174 3427 1256; baseline 0.001 -21"><span class='ocrx_word' id='word_1_111' title='bbox 1929 1192 2078 1235; x_wconf 88' lang='lat' dir='ltr'><strong>men</strong></span> <span class='ocrx_word' id='word_1_112' title='bbox 2109 1174 2473 1256; x_wconf 90' lang='lat' dir='ltr'><strong>spectacula</strong></span> <span class='ocrx_word' id='word_1_113' title='bbox 2510 1183 2661 1237; x_wconf 90' lang='lat' dir='ltr'><strong>sunt</strong></span> <span class='ocrx_word' id='word_1_114' title='bbox 2697 1176 2777 1238; x_wconf 92' lang='lat' dir='ltr'><strong>de</strong></span> <span class='ocrx_word' id='word_1_115' title='bbox 2807 1174 3001 1238; x_wconf 90' lang='lat' dir='ltr'><strong>rebus</strong></span> <span class='ocrx_word' id='word_1_116' title='bbox 3040 1174 3307 1238; x_wconf 90' lang='lat' dir='ltr'><strong>utilibus</strong></span> <span class='ocrx_word' id='word_1_117' title='bbox 3336 1181 3427 1237; x_wconf 91' lang='lat' dir='ltr'><strong>at-</strong></span> 
     </span>
     <span class='ocr_line' id='line_1_20' title="bbox 1929 1271 3427 1356; baseline 0.001 -24"><span class='ocrx_word' id='word_1_118' title='bbox 1929 1290 2053 1353; x_wconf 90' lang='lat' dir='ltr'><strong>que</strong></span> <span class='ocrx_word' id='word_1_119' title='bbox 2084 1272 2163 1333; x_wconf 89' lang='lat' dir='ltr'><strong>ad</strong></span> <span class='ocrx_word' id='word_1_120' title='bbox 2194 1271 2391 1335; x_wconf 88' lang='lat' dir='ltr'><strong>vitam</strong></span> <span class='ocrx_word' id='word_1_121' title='bbox 2419 1273 2872 1347; x_wconf 82' lang='lat' dir='ltr'><strong>accommodiS,</strong></span> <span class='ocrx_word' id='word_1_122' title='bbox 2906 1292 3047 1356; x_wconf 85' lang='lat' dir='ltr'><strong>quae</strong></span> <span class='ocrx_word' id='word_1_123' title='bbox 3074 1273 3279 1335; x_wconf 85' lang='lat' dir='ltr'><strong>nihilo</strong></span> <span class='ocrx_word' id='word_1_124' title='bbox 3309 1273 3427 1335; x_wconf 92' lang='lat' dir='ltr'><strong>mi-</strong></span> 
     </span>
     <span class='ocr_line' id='line_1_21' title="bbox 1927 1369 3429 1453; baseline 0.003 -22"><span class='ocrx_word' id='word_1_125' title='bbox 1927 1389 2048 1431; x_wconf 92' lang='lat' dir='ltr'><strong>nus</strong></span> <span class='ocrx_word' id='word_1_126' title='bbox 2076 1369 2363 1433; x_wconf 88' lang='lat' dir='ltr'><strong>animum</strong></span> <span class='ocrx_word' id='word_1_127' title='bbox 2393 1371 2766 1434; x_wconf 88' lang='lat' dir='ltr'><strong>distrahunt.</strong></span> <span class='ocrx_word' id='word_1_128' title='bbox 2784 1371 2937 1434; x_wconf 86' lang='lat' dir='ltr'><strong>Hinc</strong></span> <span class='ocrx_word' id='word_1_129' title='bbox 2968 1371 3261 1453; x_wconf 83' lang='lat' dir='ltr'><strong>quamvis</strong></span> <span class='ocrx_word' id='word_1_130' title='bbox 3290 1371 3429 1435; x_wconf 88' lang='lat' dir='ltr'><strong>sinc</strong></span> 
     </span>
     <span class='ocr_line' id='line_1_22' title="bbox 1926 1468 3427 1552; baseline 0.001 -22"><span class='ocrx_word' id='word_1_131' title='bbox 1926 1475 2189 1549; x_wconf 88' lang='lat' dir='ltr'><strong>peccato</strong></span> <span class='ocrx_word' id='word_1_132' title='bbox 2217 1468 2311 1531; x_wconf 91' lang='lat' dir='ltr'><strong>eis</strong></span> <span class='ocrx_word' id='word_1_133' title='bbox 2350 1470 2497 1551; x_wconf 90' lang='lat' dir='ltr'><strong>quis</strong></span> <span class='ocrx_word' id='word_1_134' title='bbox 2526 1470 2619 1531; x_wconf 88' lang='lat' dir='ltr'><strong>uti</strong></span> <span class='ocrx_word' id='word_1_135' title='bbox 2662 1470 2883 1552; x_wconf 87' lang='lat' dir='ltr'><strong>possit,</strong></span> <span class='ocrx_word' id='word_1_136' title='bbox 2918 1477 3163 1533; x_wconf 87' lang='lat' dir='ltr'><strong>servata</strong></span> <span class='ocrx_word' id='word_1_137' title='bbox 3192 1469 3427 1532; x_wconf 85' lang='lat' dir='ltr'><strong>discre-</strong></span> 
     </span>
     <span class='ocr_line' id='line_1_23' title="bbox 1923 1565 3426 1649; baseline 0.003 -22"><span class='ocrx_word' id='word_1_138' title='bbox 1923 1565 2097 1630; x_wconf 87' lang='lat' dir='ltr'><strong>tione</strong></span> <span class='ocrx_word' id='word_1_139' title='bbox 2150 1568 2503 1629; x_wconf 90' lang='lat' dir='ltr'><strong>secundum</strong></span> <span class='ocrx_word' id='word_1_140' title='bbox 2554 1568 2909 1631; x_wconf 87' lang='lat' dir='ltr'><strong>decentiam</strong></span> <span class='ocrx_word' id='word_1_141' title='bbox 2958 1588 3089 1631; x_wconf 78' lang='lat' dir='ltr'><strong>suae</strong></span> <span class='ocrx_word' id='word_1_142' title='bbox 3140 1585 3426 1649; x_wconf 81' lang='lat' dir='ltr'><strong>personae</strong></span> 
     </span>
     <span class='ocr_line' id='line_1_24' title="bbox 1923 1664 3425 1746; baseline 0.001 -21"><span class='ocrx_word' id='word_1_143' title='bbox 1923 1682 1998 1725; x_wconf 91' lang='lat' dir='ltr'><strong>ac</strong></span> <span class='ocrx_word' id='word_1_144' title='bbox 2038 1664 2282 1746; x_wconf 88' lang='lat' dir='ltr'><strong>proprii</strong></span> <span class='ocrx_word' id='word_1_145' title='bbox 2322 1672 2559 1743; x_wconf 82' lang='lat' dir='ltr'><strong>status3</strong></span> <span class='ocrx_word' id='word_1_146' title='bbox 2594 1665 3049 1746; x_wconf 88' lang='lat' dir='ltr'><strong>poenitentibus</strong></span> <span class='ocrx_word' id='word_1_147' title='bbox 3088 1673 3301 1727; x_wconf 84' lang='lat' dir='ltr'><strong>tamen</strong></span> <span class='ocrx_word' id='word_1_148' title='bbox 3333 1666 3425 1727; x_wconf 86' lang='lat' dir='ltr'><strong>vi-</strong></span> 
     </span>
     <span class='ocr_line' id='line_1_25' title="bbox 1924 1762 3425 1845; baseline 0.002 -22"><span class='ocrx_word' id='word_1_149' title='bbox 1924 1763 2114 1824; x_wconf 89' lang='lat' dir='ltr'><strong>tanda</strong></span> <span class='ocrx_word' id='word_1_150' title='bbox 2166 1770 2335 1836; x_wconf 91' lang='lat' dir='ltr'><strong>sunt,</strong></span> <span class='ocrx_word' id='word_1_151' title='bbox 2387 1763 2688 1845; x_wconf 86' lang='lat' dir='ltr'><strong>quoniam</strong></span> <span class='ocrx_word' id='word_1_152' title='bbox 2748 1782 2856 1826; x_wconf 92' lang='lat' dir='ltr'><strong>cor</strong></span> <span class='ocrx_word' id='word_1_153' title='bbox 2900 1763 3135 1826; x_wconf 89' lang='lat' dir='ltr'><strong>debent</strong></span> <span class='ocrx_word' id='word_1_154' title='bbox 3189 1762 3425 1827; x_wconf 90' lang='lat' dir='ltr'><strong>habere</strong></span> 
     </span>
    </p>
   </div>
   <div class='ocr_carea' id='block_1_6' title="bbox 313 1860 3424 1945">
    <p class='ocr_par' dir='ltr' id='par_1_6' title="bbox 313 1860 3424 1945">
     <span class='ocr_line' id='line_1_26' title="bbox 313 1860 3424 1945; baseline 0.001 -22"><span class='ocrx_word' id='word_1_155' title='bbox 313 1864 562 1945; x_wconf 83' lang='lat' dir='ltr'><strong>privare</strong></span> <span class='ocrx_word' id='word_1_156' title='bbox 605 1861 883 1925; x_wconf 88' lang='lat' dir='ltr'><strong>intendit</strong></span> <span class='ocrx_word' id='word_1_157' title='bbox 921 1880 988 1925; x_wconf 91' lang='lat' dir='ltr'><strong>re</strong></span> <span class='ocrx_word' id='word_1_158' title='bbox 1026 1880 1220 1943; x_wconf 88' lang='lat' dir='ltr'><strong>quam</strong></span> <span class='ocrx_word' id='word_1_159' title='bbox 1259 1860 1471 1935; x_wconf 89' lang='lat' dir='ltr'><strong>habet,</strong></span> <span class='ocrx_word' id='word_1_160' title='bbox 1507 1861 1812 1923; x_wconf 79' lang='lat' dir='ltr'><strong>meritove</strong></span> <span class='ocrx_word' id='word_1_161' title='bbox 1849 1860 1896 1923; x_wconf 93' lang='lat' dir='ltr'>B</span> <span class='ocrx_word' id='word_1_162' title='bbox 1925 1861 2335 1924; x_wconf 88' lang='lat' dir='ltr'><strong>recollectum</strong></span> <span class='ocrx_word' id='word_1_163' title='bbox 2378 1862 2456 1924; x_wconf 89' lang='lat' dir='ltr'><strong>ad</strong></span> <span class='ocrx_word' id='word_1_164' title='bbox 2496 1862 2697 1924; x_wconf 91' lang='lat' dir='ltr'><strong>Deum</strong></span> <span class='ocrx_word' id='word_1_165' title='bbox 2740 1869 2805 1924; x_wconf 91' lang='lat' dir='ltr'><strong>et</strong></span> <span class='ocrx_word' id='word_1_166' title='bbox 2846 1870 3327 1945; x_wconf 88' lang='lat' dir='ltr'><strong>compunctum,</strong></span> <span class='ocrx_word' id='word_1_167' title='bbox 3360 1871 3424 1926; x_wconf 86' lang='lat' dir='ltr'><strong>ct</strong></span> 
     </span>
    </p>
   </div>
   <div class='ocr_carea' id='block_1_7' title="bbox 312 1958 1819 3026">
    <p class='ocr_par' dir='ltr' id='par_1_7' title="bbox 312 1958 1819 3026">
     <span class='ocr_line' id='line_1_27' title="bbox 313 1958 1812 2039; baseline -0.001 -17"><span class='ocrx_word' id='word_1_168' title='bbox 313 1960 612 2039; x_wconf 82' lang='lat' dir='ltr'><strong>haberet3</strong></span> <span class='ocrx_word' id='word_1_169' title='bbox 656 1967 770 2021; x_wconf 92' lang='lat' dir='ltr'><strong>aut</strong></span> <span class='ocrx_word' id='word_1_170' title='bbox 817 1967 988 2022; x_wconf 90' lang='lat' dir='ltr'><strong>certe</strong></span> <span class='ocrx_word' id='word_1_171' title='bbox 1037 1959 1101 2021; x_wconf 92' lang='lat' dir='ltr'><strong>in</strong></span> <span class='ocrx_word' id='word_1_172' title='bbox 1152 1966 1608 2022; x_wconf 85' lang='lat' dir='ltr'><strong>nocumentum</strong></span> <span class='ocrx_word' id='word_1_173' title='bbox 1659 1958 1812 2021; x_wconf 81' lang='lat' dir='ltr'><strong>l&#39;idei</strong></span> 
     </span>
     <span class='ocr_line' id='line_1_28' title="bbox 314 2057 1819 2141; baseline -0.001 -21"><span class='ocrx_word' id='word_1_174' title='bbox 314 2066 502 2141; x_wconf 88' lang='lat' dir='ltr'><strong>atque</strong></span> <span class='ocrx_word' id='word_1_175' title='bbox 533 2057 1027 2132; x_wconf 79' lang='lat' dir='ltr'><strong>Ecclesiae,dum</strong></span> <span class='ocrx_word' id='word_1_176' title='bbox 1057 2066 1318 2141; x_wconf 91' lang='lat' dir='ltr'><strong>propter</strong></span> <span class='ocrx_word' id='word_1_177' title='bbox 1347 2057 1652 2120; x_wconf 76' lang='lat' dir='ltr'><strong>creditam</strong></span> <span class='ocrx_word' id='word_1_178' title='bbox 1683 2076 1819 2119; x_wconf 87' lang='lat' dir='ltr'><strong>san-</strong></span> 
     </span>
     <span class='ocr_line' id='line_1_29' title="bbox 315 2155 1814 2240; baseline -0.002 -20"><span class='ocrx_word' id='word_1_179' title='bbox 315 2158 600 2221; x_wconf 88' lang='lat' dir='ltr'><strong>ctitatem</strong></span> <span class='ocrx_word' id='word_1_180' title='bbox 640 2155 1008 2240; x_wconf 83' lang='lat' dir='ltr'><strong>hypocritae‚</strong></span> <span class='ocrx_word' id='word_1_181' title='bbox 1055 2156 1337 2219; x_wconf 87' lang='lat' dir='ltr'><strong>ereditur</strong></span> <span class='ocrx_word' id='word_1_182' title='bbox 1373 2156 1432 2219; x_wconf 90' lang='lat' dir='ltr'><strong>ei</strong></span> <span class='ocrx_word' id='word_1_183' title='bbox 1481 2163 1700 2219; x_wconf 88' lang='lat' dir='ltr'><strong>contra</strong></span> <span class='ocrx_word' id='word_1_184' title='bbox 1737 2155 1814 2218; x_wconf 81' lang='lat' dir='ltr'><strong>fi-</strong></span> 
     </span>
     <span class='ocr_line' id='line_1_30' title="bbox 312 2254 1814 2337; baseline -0.003 -18"><span class='ocrx_word' id='word_1_185' title='bbox 312 2257 458 2319; x_wconf 88' lang='lat' dir='ltr'><strong>dem</strong></span> <span class='ocrx_word' id='word_1_186' title='bbox 503 2263 570 2318; x_wconf 90' lang='lat' dir='ltr'><strong>et</strong></span> <span class='ocrx_word' id='word_1_187' title='bbox 611 2254 914 2317; x_wconf 80' lang='lat' dir='ltr'><strong>Ecclesiae</strong></span> <span class='ocrx_word' id='word_1_188' title='bbox 953 2254 1446 2337; x_wconf 83' lang='lat' dir='ltr'><strong>expeditionem.</strong></span> <span class='ocrx_word' id='word_1_189' title='bbox 1480 2254 1814 2336; x_wconf 89' lang='lat' dir='ltr'><strong>Quumque</strong></span> 
     </span>
     <span class='ocr_line' id='line_1_31' title="bbox 313 2352 1816 2437; baseline -0.003 -19"><span class='ocrx_word' id='word_1_190' title='bbox 313 2374 506 2437; x_wconf 85' lang='lat' dir='ltr'><strong>opera</strong></span> <span class='ocrx_word' id='word_1_191' title='bbox 537 2352 954 2436; x_wconf 80' lang='lat' dir='ltr'><strong>poenitentiae,</strong></span> <span class='ocrx_word' id='word_1_192' title='bbox 967 2353 1280 2415; x_wconf 84' lang='lat' dir='ltr'><strong>exteriora</strong></span> <span class='ocrx_word' id='word_1_193' title='bbox 1306 2352 1646 2435; x_wconf 69' lang='lat' dir='ltr'><strong>praecipue,</strong></span> <span class='ocrx_word' id='word_1_194' title='bbox 1671 2360 1816 2415; x_wconf 91' lang='lat' dir='ltr'><strong>nata</strong></span> 
     </span>
     <span class='ocr_line' id='line_1_32' title="bbox 315 2449 1814 2528; baseline -0.003 -12"><span class='ocrx_word' id='word_1_195' title='bbox 315 2454 442 2516; x_wconf 89' lang='lat' dir='ltr'><strong>sint</strong></span> <span class='ocrx_word' id='word_1_196' title='bbox 499 2451 904 2515; x_wconf 78' lang='lat' dir='ltr'><strong>sanctitatem</strong></span> <span class='ocrx_word' id='word_1_197' title='bbox 962 2450 1331 2528; x_wconf 83' lang='lat' dir='ltr'><strong>ostendere3</strong></span> <span class='ocrx_word' id='word_1_198' title='bbox 1380 2449 1667 2512; x_wconf 89' lang='lat' dir='ltr'><strong>abutitur</strong></span> <span class='ocrx_word' id='word_1_199' title='bbox 1721 2449 1814 2513; x_wconf 91' lang='lat' dir='ltr'><strong>eis</strong></span> 
     </span>
     <span class='ocr_line' id='line_1_33' title="bbox 315 2548 1814 2635; baseline -0.003 -21"><span class='ocrx_word' id='word_1_200' title='bbox 315 2551 696 2635; x_wconf 82' lang='lat' dir='ltr'><strong>hypocrisis,</strong></span> <span class='ocrx_word' id='word_1_201' title='bbox 719 2548 1064 2612; x_wconf 87' lang='lat' dir='ltr'><strong>excludens</strong></span> <span class='ocrx_word' id='word_1_202' title='bbox 1098 2548 1516 2611; x_wconf 82' lang='lat' dir='ltr'><strong>intentionem</strong></span> <span class='ocrx_word' id='word_1_203' title='bbox 1547 2567 1712 2611; x_wconf 83' lang='lat' dir='ltr'><strong>verae</strong></span> <span class='ocrx_word' id='word_1_204' title='bbox 1740 2567 1814 2610; x_wconf 89' lang='lat' dir='ltr'><strong>ac</strong></span> 
     </span>
     <span class='ocr_line' id='line_1_34' title="bbox 317 2646 1814 2732; baseline -0.001 -21"><span class='ocrx_word' id='word_1_205' title='bbox 317 2658 500 2713; x_wconf 85' lang='lat' dir='ltr'><strong>rectae</strong></span> <span class='ocrx_word' id='word_1_206' title='bbox 548 2646 958 2732; x_wconf 80' lang='lat' dir='ltr'><strong>poenitentiae.</strong></span> <span class='ocrx_word' id='word_1_207' title='bbox 993 2646 1224 2729; x_wconf 90' lang='lat' dir='ltr'><strong>Sicque</strong></span> <span class='ocrx_word' id='word_1_208' title='bbox 1265 2646 1570 2709; x_wconf 88' lang='lat' dir='ltr'><strong>directius</strong></span> <span class='ocrx_word' id='word_1_209' title='bbox 1614 2646 1814 2729; x_wconf 87' lang='lat' dir='ltr'><strong>impe·</strong></span> 
     </span>
     <span class='ocr_line' id='line_1_35' title="bbox 313 2744 1810 2830; baseline -0.001 -21"><span class='ocrx_word' id='word_1_210' title='bbox 313 2749 406 2809; x_wconf 91' lang='lat' dir='ltr'><strong>dit</strong></span> <span class='ocrx_word' id='word_1_211' title='bbox 438 2745 834 2830; x_wconf 81' lang='lat' dir='ltr'><strong>poenitcntiae</strong></span> <span class='ocrx_word' id='word_1_212' title='bbox 861 2744 1166 2807; x_wconf 75' lang='lat' dir='ltr'><strong>effectum</strong></span> <span class='ocrx_word' id='word_1_213' title='bbox 1199 2752 1262 2807; x_wconf 92' lang='lat' dir='ltr'><strong>et</strong></span> <span class='ocrx_word' id='word_1_214' title='bbox 1291 2745 1596 2818; x_wconf 76' lang='lat' dir='ltr'><strong>fructum,</strong></span> <span class='ocrx_word' id='word_1_215' title='bbox 1621 2764 1810 2827; x_wconf 90' lang='lat' dir='ltr'><strong>quam</strong></span> 
     </span>
     <span class='ocr_line' id='line_1_36' title="bbox 314 2842 1817 2925; baseline -0.003 -17"><span class='ocrx_word' id='word_1_216' title='bbox 314 2847 436 2908; x_wconf 90' lang='lat' dir='ltr'><strong>alia</strong></span> <span class='ocrx_word' id='word_1_217' title='bbox 466 2845 626 2908; x_wconf 89' lang='lat' dir='ltr'><strong>vitia</strong></span> <span class='ocrx_word' id='word_1_218' title='bbox 654 2843 848 2906; x_wconf 88' lang='lat' dir='ltr'><strong>etiam</strong></span> <span class='ocrx_word' id='word_1_219' title='bbox 877 2844 1200 2925; x_wconf 87' lang='lat' dir='ltr'><strong>graviora:</strong></span> <span class='ocrx_word' id='word_1_220' title='bbox 1221 2844 1364 2906; x_wconf 89' lang='lat' dir='ltr'><strong>ideo</strong></span> <span class='ocrx_word' id='word_1_221' title='bbox 1393 2842 1652 2925; x_wconf 90' lang='lat' dir='ltr'><strong>ponitur</strong></span> <span class='ocrx_word' id='word_1_222' title='bbox 1681 2862 1817 2925; x_wconf 91' lang='lat' dir='ltr'><strong>spe-</strong></span> 
     </span>
     <span class='ocr_line' id='line_1_37' title="bbox 317 2940 1808 3026; baseline -0.003 -19"><span class='ocrx_word' id='word_1_223' title='bbox 317 2944 476 3008; x_wconf 89' lang='lat' dir='ltr'><strong>ciale</strong></span> <span class='ocrx_word' id='word_1_224' title='bbox 510 2943 1043 3026; x_wconf 88' lang='lat' dir='ltr'><strong>impedimentum</strong></span> <span class='ocrx_word' id='word_1_225' title='bbox 1077 2942 1467 3024; x_wconf 82' lang='lat' dir='ltr'><strong>poenitentiae</strong></span> <span class='ocrx_word' id='word_1_226' title='bbox 1497 2940 1808 3003; x_wconf 87' lang='lat' dir='ltr'><strong>salutaris.</strong></span> 
     </span>
    </p>
   </div>
   <div class='ocr_carea' id='block_1_8' title="bbox 1921 1958 3426 3024">
    <p class='ocr_par' dir='ltr' id='par_1_8' title="bbox 1921 1958 3426 3024">
     <span class='ocr_line' id='line_1_38' title="bbox 1924 1958 3199 2042; baseline 0.002 -21"><span class='ocrx_word' id='word_1_227' title='bbox 1924 1958 2067 2033; x_wconf 92' lang='lat' dir='ltr'><strong>hoc,</strong></span> <span class='ocrx_word' id='word_1_228' title='bbox 2116 1959 2240 2021; x_wconf 88' lang='lat' dir='ltr'><strong>nisi</strong></span> <span class='ocrx_word' id='word_1_229' title='bbox 2285 1958 2471 2022; x_wconf 89' lang='lat' dir='ltr'><strong>aliter</strong></span> <span class='ocrx_word' id='word_1_230' title='bbox 2513 1960 2796 2042; x_wconf 88' lang='lat' dir='ltr'><strong>requirat</strong></span> <span class='ocrx_word' id='word_1_231' title='bbox 2835 1960 3199 2023; x_wconf 75' lang='lat' dir='ltr'><strong>necessitas,</strong></span> 
     </span>
     <span class='ocr_line' id='line_1_39' title="bbox 2004 2056 3425 2141; baseline 0.003 -22"><span class='ocrx_word' id='word_1_232' title='bbox 2004 2057 2291 2139; x_wconf 89' lang='lat' dir='ltr'><strong>Denique</strong></span> <span class='ocrx_word' id='word_1_233' title='bbox 2326 2056 2621 2121; x_wconf 80' lang='lat' dir='ltr'><strong>ol&#39;l&#39;icium</strong></span> <span class='ocrx_word' id='word_1_234' title='bbox 2656 2058 2923 2133; x_wconf 71' lang='lat' dir='ltr'><strong>militiae,</strong></span> <span class='ocrx_word' id='word_1_235' title='bbox 2956 2067 3020 2121; x_wconf 92' lang='lat' dir='ltr'><strong>et</strong></span> <span class='ocrx_word' id='word_1_236' title='bbox 3057 2059 3425 2141; x_wconf 84' lang='lat' dir='ltr'><strong>negotiatio-</strong></span> 
     </span>
     <span class='ocr_line' id='line_1_40' title="bbox 1923 2155 3424 2240; baseline 0.001 -23"><span class='ocrx_word' id='word_1_237' title='bbox 1923 2156 2044 2229; x_wconf 77' lang='lat' dir='ltr'><strong>niS,</strong></span> <span class='ocrx_word' id='word_1_238' title='bbox 2079 2163 2144 2218; x_wconf 89' lang='lat' dir='ltr'><strong>et</strong></span> <span class='ocrx_word' id='word_1_239' title='bbox 2173 2155 2686 2238; x_wconf 87' lang='lat' dir='ltr'><strong>publicanorum,</strong></span> <span class='ocrx_word' id='word_1_240' title='bbox 2710 2156 2821 2239; x_wconf 89' lang='lat' dir='ltr'><strong>qui</strong></span> <span class='ocrx_word' id='word_1_241' title='bbox 2850 2157 3184 2239; x_wconf 87' lang='lat' dir='ltr'><strong>vectigalia</strong></span> <span class='ocrx_word' id='word_1_242' title='bbox 3214 2157 3424 2240; x_wconf 90' lang='lat' dir='ltr'><strong>publi-</strong></span> 
     </span>
     <span class='ocr_line' id='line_1_41' title="bbox 1923 2254 3426 2338; baseline 0.002 -22"><span class='ocrx_word' id='word_1_243' title='bbox 1923 2272 1997 2316; x_wconf 88' lang='lat' dir='ltr'><strong>ca</strong></span> <span class='ocrx_word' id='word_1_244' title='bbox 2041 2255 2327 2335; x_wconf 86' lang='lat' dir='ltr'><strong>exigunt,</strong></span> <span class='ocrx_word' id='word_1_245' title='bbox 2362 2254 2439 2317; x_wconf 91' lang='lat' dir='ltr'><strong>de</strong></span> <span class='ocrx_word' id='word_1_246' title='bbox 2485 2255 2845 2338; x_wconf 91' lang='lat' dir='ltr'><strong>propinquo</strong></span> <span class='ocrx_word' id='word_1_247' title='bbox 2893 2255 3131 2318; x_wconf 89' lang='lat' dir='ltr'><strong>habent</strong></span> <span class='ocrx_word' id='word_1_248' title='bbox 3177 2274 3426 2319; x_wconf 83' lang='lat' dir='ltr'><strong>annexa</strong></span> 
     </span>
     <span class='ocr_line' id='line_1_42' title="bbox 1922 2351 3425 2437; baseline 0.001 -24"><span class='ocrx_word' id='word_1_249' title='bbox 1922 2351 2046 2414; x_wconf 91' lang='lat' dir='ltr'><strong>sibi</strong></span> <span class='ocrx_word' id='word_1_250' title='bbox 2086 2360 2369 2436; x_wconf 89' lang='lat' dir='ltr'><strong>peccata,</strong></span> <span class='ocrx_word' id='word_1_251' title='bbox 2404 2352 2697 2435; x_wconf 89' lang='lat' dir='ltr'><strong>quamvis</strong></span> <span class='ocrx_word' id='word_1_252' title='bbox 2740 2353 2877 2416; x_wconf 89' lang='lat' dir='ltr'><strong>sine</strong></span> <span class='ocrx_word' id='word_1_253' title='bbox 2921 2362 3182 2437; x_wconf 89' lang='lat' dir='ltr'><strong>peccato</strong></span> <span class='ocrx_word' id='word_1_254' title='bbox 3226 2373 3425 2436; x_wconf 89' lang='lat' dir='ltr'><strong>quan·</strong></span> 
     </span>
     <span class='ocr_line' id='line_1_43' title="bbox 1923 2450 3424 2534; baseline 0.001 -22"><span class='ocrx_word' id='word_1_255' title='bbox 1923 2450 2132 2532; x_wconf 89' lang='lat' dir='ltr'><strong>doque</strong></span> <span class='ocrx_word' id='word_1_256' title='bbox 2179 2450 2433 2513; x_wconf 90' lang='lat' dir='ltr'><strong>valeant</strong></span> <span class='ocrx_word' id='word_1_257' title='bbox 2478 2452 2780 2513; x_wconf 85' lang='lat' dir='ltr'><strong>exerceri.</strong></span> <span class='ocrx_word' id='word_1_258' title='bbox 2832 2451 3167 2534; x_wconf 89' lang='lat' dir='ltr'><strong>Quumque</strong></span> <span class='ocrx_word' id='word_1_259' title='bbox 3222 2452 3424 2534; x_wconf 87' lang='lat' dir='ltr'><strong>poeni-</strong></span> 
     </span>
     <span class='ocr_line' id='line_1_44' title="bbox 1921 2547 3423 2632; baseline 0.001 -23"><span class='ocrx_word' id='word_1_260' title='bbox 1921 2556 2060 2612; x_wconf 91' lang='lat' dir='ltr'><strong>tens</strong></span> <span class='ocrx_word' id='word_1_261' title='bbox 2089 2547 2451 2631; x_wconf 87' lang='lat' dir='ltr'><strong>specialiter</strong></span> <span class='ocrx_word' id='word_1_262' title='bbox 2478 2547 2705 2611; x_wconf 88' lang='lat' dir='ltr'><strong>debeat</strong></span> <span class='ocrx_word' id='word_1_263' title='bbox 2731 2549 3091 2613; x_wconf 88' lang='lat' dir='ltr'><strong>occasiones</strong></span> <span class='ocrx_word' id='word_1_264' title='bbox 3122 2549 3423 2632; x_wconf 88' lang='lat' dir='ltr'><strong>peccandi</strong></span> 
     </span>
     <span class='ocr_line' id='line_1_45' title="bbox 1923 2647 3421 2729; baseline 0.001 -20"><span class='ocrx_word' id='word_1_265' title='bbox 1923 2648 2146 2721; x_wconf 88' lang='lat' dir='ltr'><strong>vitare,</strong></span> <span class='ocrx_word' id='word_1_266' title='bbox 2180 2655 2244 2710; x_wconf 91' lang='lat' dir='ltr'><strong>et</strong></span> <span class='ocrx_word' id='word_1_267' title='bbox 2272 2647 2749 2729; x_wconf 89' lang='lat' dir='ltr'><strong>compunctioni</strong></span> <span class='ocrx_word' id='word_1_268' title='bbox 2790 2649 3066 2721; x_wconf 89' lang='lat' dir='ltr'><strong>studere,</strong></span> <span class='ocrx_word' id='word_1_269' title='bbox 3100 2664 3421 2711; x_wconf 88' lang='lat' dir='ltr'><strong>commen-</strong></span> 
     </span>
     <span class='ocr_line' id='line_1_46' title="bbox 1921 2745 3419 2825; baseline 0.001 -17"><span class='ocrx_word' id='word_1_270' title='bbox 1921 2745 2132 2808; x_wconf 87' lang='lat' dir='ltr'><strong>dabile</strong></span> <span class='ocrx_word' id='word_1_271' title='bbox 2175 2752 2273 2807; x_wconf 92' lang='lat' dir='ltr'><strong>est</strong></span> <span class='ocrx_word' id='word_1_272' title='bbox 2314 2746 2368 2807; x_wconf 90' lang='lat' dir='ltr'><strong>si</strong></span> <span class='ocrx_word' id='word_1_273' title='bbox 2416 2764 2490 2807; x_wconf 90' lang='lat' dir='ltr'><strong>ea</strong></span> <span class='ocrx_word' id='word_1_274' title='bbox 2532 2764 2605 2807; x_wconf 87' lang='lat' dir='ltr'><strong>ac</strong></span> <span class='ocrx_word' id='word_1_275' title='bbox 2650 2745 3011 2808; x_wconf 87' lang='lat' dir='ltr'><strong>consimilia</strong></span> <span class='ocrx_word' id='word_1_276' title='bbox 3058 2745 3250 2825; x_wconf 87' lang='lat' dir='ltr'><strong>vitet;</strong></span> <span class='ocrx_word' id='word_1_277' title='bbox 3292 2764 3419 2811; x_wconf 88' lang='lat' dir='ltr'><strong>non</strong></span> 
     </span>
     <span class='ocr_line' id='line_1_47' title="bbox 1921 2844 3424 2927; baseline 0.001 -22"><span class='ocrx_word' id='word_1_278' title='bbox 1921 2851 2132 2906; x_wconf 89' lang='lat' dir='ltr'><strong>tamen</strong></span> <span class='ocrx_word' id='word_1_279' title='bbox 2166 2851 2262 2906; x_wconf 91' lang='lat' dir='ltr'><strong>est</strong></span> <span class='ocrx_word' id='word_1_280' title='bbox 2302 2844 2380 2906; x_wconf 93' lang='lat' dir='ltr'><strong>de</strong></span> <span class='ocrx_word' id='word_1_281' title='bbox 2410 2844 2787 2906; x_wconf 82' lang='lat' dir='ltr'><strong>necessitate</strong></span> <span class='ocrx_word' id='word_1_282' title='bbox 2826 2844 3237 2926; x_wconf 80' lang='lat' dir='ltr'><strong>poenitentiae,</strong></span> <span class='ocrx_word' id='word_1_283' title='bbox 3272 2846 3424 2927; x_wconf 87' lang='lat' dir='ltr'><strong>quia</strong></span> 
     </span>
     <span class='ocr_line' id='line_1_48' title="bbox 1922 2941 3423 3024; baseline 0.001 -20"><span class='ocrx_word' id='word_1_284' title='bbox 1922 2942 2231 3024; x_wconf 89' lang='lat' dir='ltr'><strong>quamdiu</strong></span> <span class='ocrx_word' id='word_1_285' title='bbox 2276 2941 2468 3006; x_wconf 90' lang='lat' dir='ltr'><strong>homo</strong></span> <span class='ocrx_word' id='word_1_286' title='bbox 2515 2941 2677 3005; x_wconf 86' lang='lat' dir='ltr'><strong>vivit</strong></span> <span class='ocrx_word' id='word_1_287' title='bbox 2724 2942 2789 3003; x_wconf 91' lang='lat' dir='ltr'><strong>in</strong></span> <span class='ocrx_word' id='word_1_288' title='bbox 2838 2942 3071 3005; x_wconf 79' lang='lat' dir='ltr'><strong>saeculo</strong></span> <span class='ocrx_word' id='word_1_289' title='bbox 3119 2942 3260 3018; x_wconf 82' lang='lat' dir='ltr'><strong>istc,</strong></span> <span class='ocrx_word' id='word_1_290' title='bbox 3296 2960 3423 3007; x_wconf 89' lang='lat' dir='ltr'><strong>non</strong></span> 
     </span>
    </p>
   </div>
   <div class='ocr_carea' id='block_1_9' title="bbox 394 3039 3426 3121">
    <p class='ocr_par' dir='ltr' id='par_1_9' title="bbox 394 3039 3426 3121">
     <span class='ocr_line' id='line_1_49' title="bbox 394 3039 3426 3121; baseline -0.001 -15"><span class='ocrx_word' id='word_1_291' title='bbox 394 3042 706 3107; x_wconf 82' lang='lat' dir='ltr'><strong>Similiter</strong></span> <span class='ocrx_word' id='word_1_292' title='bbox 764 3042 970 3104; x_wconf 93' lang='lat' dir='ltr'><strong>ludus.</strong></span> <span class='ocrx_word' id='word_1_293' title='bbox 1023 3040 1237 3102; x_wconf 89' lang='lat' dir='ltr'><strong>Ludus</strong></span> <span class='ocrx_word' id='word_1_294' title='bbox 1290 3047 1502 3103; x_wconf 86' lang='lat' dir='ltr'><strong>tamen</strong></span> <span class='ocrx_word' id='word_1_295' title='bbox 1557 3047 1654 3102; x_wconf 92' lang='lat' dir='ltr'><strong>est</strong></span> <span class='ocrx_word' id='word_1_296' title='bbox 1704 3040 1813 3101; x_wconf 90' lang='lat' dir='ltr'><strong>tri·</strong></span> <span class='ocrx_word' id='word_1_297' title='bbox 1844 3042 1888 3107; x_wconf 90' lang='lat' dir='ltr'>C</span> <span class='ocrx_word' id='word_1_298' title='bbox 1923 3047 2129 3121; x_wconf 89' lang='lat' dir='ltr'><strong>potest</strong></span> <span class='ocrx_word' id='word_1_299' title='bbox 2179 3039 2509 3102; x_wconf 85' lang='lat' dir='ltr'><strong>universas</strong></span> <span class='ocrx_word' id='word_1_300' title='bbox 2558 3040 2863 3121; x_wconf 87' lang='lat' dir='ltr'><strong>peccandi</strong></span> <span class='ocrx_word' id='word_1_301' title='bbox 2908 3040 3109 3103; x_wconf 89' lang='lat' dir='ltr'><strong>vitare</strong></span> <span class='ocrx_word' id='word_1_302' title='bbox 3151 3040 3426 3103; x_wconf 89' lang='lat' dir='ltr'><strong>occasio-</strong></span> 
     </span>
    </p>
   </div>
   <div class='ocr_carea' id='block_1_10' title="bbox 313 3139 1816 4209">
    <p class='ocr_par' dir='ltr' id='par_1_10' title="bbox 313 3139 1816 4209">
     <span class='ocr_line' id='line_1_50' title="bbox 315 3139 1814 3226; baseline -0.003 -20"><span class='ocrx_word' id='word_1_303' title='bbox 315 3144 480 3226; x_wconf 88' lang='lat' dir='ltr'><strong>plex.</strong></span> <span class='ocrx_word' id='word_1_304' title='bbox 516 3141 784 3216; x_wconf 87' lang='lat' dir='ltr'><strong>Quidam</strong></span> <span class='ocrx_word' id='word_1_305' title='bbox 816 3140 1054 3204; x_wconf 88' lang='lat' dir='ltr'><strong>etenim</strong></span> <span class='ocrx_word' id='word_1_306' title='bbox 1088 3140 1220 3202; x_wconf 92' lang='lat' dir='ltr'><strong>ludi</strong></span> <span class='ocrx_word' id='word_1_307' title='bbox 1261 3159 1337 3201; x_wconf 88' lang='lat' dir='ltr'><strong>ex</strong></span> <span class='ocrx_word' id='word_1_308' title='bbox 1369 3159 1436 3202; x_wconf 91' lang='lat' dir='ltr'><strong>se</strong></span> <span class='ocrx_word' id='word_1_309' title='bbox 1477 3139 1814 3222; x_wconf 89' lang='lat' dir='ltr'><strong>turpitudi-</strong></span> 
     </span>
     <span class='ocr_line' id='line_1_51' title="bbox 315 3237 1814 3320; baseline -0.003 -16"><span class='ocrx_word' id='word_1_310' title='bbox 315 3262 460 3304; x_wconf 91' lang='lat' dir='ltr'><strong>nem</strong></span> <span class='ocrx_word' id='word_1_311' title='bbox 512 3240 753 3303; x_wconf 87' lang='lat' dir='ltr'><strong>habent</strong></span> <span class='ocrx_word' id='word_1_312' title='bbox 803 3257 818 3301; x_wconf 91' lang='lat'><strong>:</strong></span> <span class='ocrx_word' id='word_1_313' title='bbox 870 3240 1014 3302; x_wconf 91' lang='lat' dir='ltr'><strong>ideo</strong></span> <span class='ocrx_word' id='word_1_314' title='bbox 1064 3257 1320 3320; x_wconf 88' lang='lat' dir='ltr'><strong>semper</strong></span> <span class='ocrx_word' id='word_1_315' title='bbox 1365 3246 1427 3300; x_wconf 88' lang='lat' dir='ltr'><strong>et</strong></span> <span class='ocrx_word' id='word_1_316' title='bbox 1469 3237 1550 3300; x_wconf 91' lang='lat' dir='ltr'><strong>ab</strong></span> <span class='ocrx_word' id='word_1_317' title='bbox 1607 3238 1814 3300; x_wconf 91' lang='lat' dir='ltr'><strong>omni-</strong></span> 
     </span>
     <span class='ocr_line' id='line_1_52' title="bbox 313 3336 1810 3423; baseline -0.002 -20"><span class='ocrx_word' id='word_1_318' title='bbox 313 3341 454 3414; x_wconf 91' lang='lat' dir='ltr'><strong>bus,</strong></span> <span class='ocrx_word' id='word_1_319' title='bbox 479 3337 834 3423; x_wconf 73' lang='lat' dir='ltr'><strong>praesertim</strong></span> <span class='ocrx_word' id='word_1_320' title='bbox 867 3357 904 3400; x_wconf 92' lang='lat' dir='ltr'><strong>a</strong></span> <span class='ocrx_word' id='word_1_321' title='bbox 933 3336 1394 3420; x_wconf 86' lang='lat' dir='ltr'><strong>poenitentibus</strong></span> <span class='ocrx_word' id='word_1_322' title='bbox 1422 3355 1495 3399; x_wconf 90' lang='lat' dir='ltr'><strong>ac</strong></span> <span class='ocrx_word' id='word_1_323' title='bbox 1526 3344 1810 3420; x_wconf 88' lang='lat' dir='ltr'><strong>tempore</strong></span> 
     </span>
     <span class='ocr_line' id='line_1_53' title="bbox 315 3434 1812 3518; baseline -0.003 -17"><span class='ocrx_word' id='word_1_324' title='bbox 315 3439 523 3501; x_wconf 85' lang='lat' dir='ltr'><strong>luctus</strong></span> <span class='ocrx_word' id='word_1_325' title='bbox 573 3455 648 3500; x_wconf 92' lang='lat' dir='ltr'><strong>ac</strong></span> <span class='ocrx_word' id='word_1_326' title='bbox 697 3435 1110 3518; x_wconf 79' lang='lat' dir='ltr'><strong>poenitentiae,</strong></span> <span class='ocrx_word' id='word_1_327' title='bbox 1157 3441 1308 3496; x_wconf 92' lang='lat' dir='ltr'><strong>sunt</strong></span> <span class='ocrx_word' id='word_1_328' title='bbox 1351 3434 1614 3508; x_wconf 89' lang='lat' dir='ltr'><strong>vitandi,</strong></span> <span class='ocrx_word' id='word_1_329' title='bbox 1660 3453 1812 3517; x_wconf 91' lang='lat' dir='ltr'><strong>quo-</strong></span> 
     </span>
     <span class='ocr_line' id='line_1_54' title="bbox 316 3532 1810 3618; baseline -0.003 -18"><span class='ocrx_word' id='word_1_330' title='bbox 316 3539 486 3600; x_wconf 88' lang='lat' dir='ltr'><strong>niam</strong></span> <span class='ocrx_word' id='word_1_331' title='bbox 535 3535 920 3618; x_wconf 86' lang='lat' dir='ltr'><strong>poenitentes</strong></span> <span class='ocrx_word' id='word_1_332' title='bbox 963 3552 1078 3616; x_wconf 90' lang='lat' dir='ltr'><strong>per</strong></span> <span class='ocrx_word' id='word_1_333' title='bbox 1115 3532 1344 3596; x_wconf 84' lang='lat' dir='ltr'><strong>fletum</strong></span> <span class='ocrx_word' id='word_1_334' title='bbox 1391 3551 1506 3596; x_wconf 88' lang='lat' dir='ltr'><strong>sua</strong></span> <span class='ocrx_word' id='word_1_335' title='bbox 1553 3541 1810 3614; x_wconf 87' lang='lat' dir='ltr'><strong>peccata</strong></span> 
     </span>
     <span class='ocr_line' id='line_1_55' title="bbox 315 3629 1809 3713; baseline -0.004 -16"><span class='ocrx_word' id='word_1_336' title='bbox 315 3635 549 3698; x_wconf 90' lang='lat' dir='ltr'><strong>debent</strong></span> <span class='ocrx_word' id='word_1_337' title='bbox 597 3632 934 3713; x_wconf 85' lang='lat' dir='ltr'><strong>corrigere.</strong></span> <span class='ocrx_word' id='word_1_338' title='bbox 982 3631 1162 3693; x_wconf 87' lang='lat' dir='ltr'><strong>Tales</strong></span> <span class='ocrx_word' id='word_1_339' title='bbox 1205 3637 1356 3692; x_wconf 91' lang='lat' dir='ltr'><strong>sunt</strong></span> <span class='ocrx_word' id='word_1_340' title='bbox 1402 3629 1535 3691; x_wconf 91' lang='lat' dir='ltr'><strong>ludi</strong></span> <span class='ocrx_word' id='word_1_341' title='bbox 1583 3630 1695 3712; x_wconf 90' lang='lat' dir='ltr'><strong>qui</strong></span> <span class='ocrx_word' id='word_1_342' title='bbox 1745 3629 1809 3691; x_wconf 91' lang='lat' dir='ltr'><strong>in</strong></span> 
     </span>
     <span class='ocr_line' id='line_1_56' title="bbox 315 3729 1815 3812; baseline -0.004 -17"><span class='ocrx_word' id='word_1_343' title='bbox 315 3733 576 3796; x_wconf 87' lang='lat' dir='ltr'><strong>theatris</strong></span> <span class='ocrx_word' id='word_1_344' title='bbox 607 3730 978 3812; x_wconf 85' lang='lat' dir='ltr'><strong>agebantur,</strong></span> <span class='ocrx_word' id='word_1_345' title='bbox 1010 3729 1088 3792; x_wconf 89' lang='lat' dir='ltr'><strong>ad</strong></span> <span class='ocrx_word' id='word_1_346' title='bbox 1119 3729 1438 3791; x_wconf 88' lang='lat' dir='ltr'><strong>luxuriam</strong></span> <span class='ocrx_word' id='word_1_347' title='bbox 1475 3745 1815 3810; x_wconf 85' lang='lat' dir='ltr'><strong>provocan-</strong></span> 
     </span>
     <span class='ocr_line' id='line_1_57' title="bbox 313 3826 1813 3909; baseline -0.003 -17"><span class='ocrx_word' id='word_1_348' title='bbox 313 3841 424 3894; x_wconf 91' lang='lat' dir='ltr'><strong>tes.</strong></span> <span class='ocrx_word' id='word_1_349' title='bbox 477 3831 603 3894; x_wconf 87' lang='lat' dir='ltr'><strong>Alii</strong></span> <span class='ocrx_word' id='word_1_350' title='bbox 655 3837 806 3892; x_wconf 87' lang='lat' dir='ltr'><strong>sunt</strong></span> <span class='ocrx_word' id='word_1_351' title='bbox 864 3827 996 3890; x_wconf 91' lang='lat' dir='ltr'><strong>ludi</strong></span> <span class='ocrx_word' id='word_1_352' title='bbox 1057 3827 1520 3909; x_wconf 86' lang='lat' dir='ltr'><strong>turpitudinem</strong></span> <span class='ocrx_word' id='word_1_353' title='bbox 1570 3826 1813 3888; x_wconf 88' lang='lat' dir='ltr'><strong>nullam</strong></span> 
     </span>
     <span class='ocr_line' id='line_1_58' title="bbox 316 3923 1816 4009; baseline -0.004 -17"><span class='ocrx_word' id='word_1_354' title='bbox 316 3931 739 4001; x_wconf 81' lang='lat' dir='ltr'><strong>includenteS‚</strong></span> <span class='ocrx_word' id='word_1_355' title='bbox 771 3944 933 4009; x_wconf 87' lang='lat' dir='ltr'><strong>quos</strong></span> <span class='ocrx_word' id='word_1_356' title='bbox 968 3925 1388 4007; x_wconf 88' lang='lat' dir='ltr'><strong>Philosophus</strong></span> <span class='ocrx_word' id='word_1_357' title='bbox 1427 3923 1712 3986; x_wconf 87' lang='lat' dir='ltr'><strong>nominat</strong></span> <span class='ocrx_word' id='word_1_358' title='bbox 1744 3923 1816 3986; x_wconf 89' lang='lat' dir='ltr'><strong>li-</strong></span> 
     </span>
     <span class='ocr_line' id='line_1_59' title="bbox 313 4023 1814 4106; baseline -0.004 -15"><span class='ocrx_word' id='word_1_359' title='bbox 313 4027 558 4091; x_wconf 90' lang='lat' dir='ltr'><strong>berales</strong></span> <span class='ocrx_word' id='word_1_360' title='bbox 593 4043 608 4088; x_wconf 91' lang='lat'><strong>:</strong></span> <span class='ocrx_word' id='word_1_361' title='bbox 641 4027 814 4088; x_wconf 89' lang='lat' dir='ltr'><strong>circa</strong></span> <span class='ocrx_word' id='word_1_362' title='bbox 851 4041 1010 4106; x_wconf 91' lang='lat' dir='ltr'><strong>quos</strong></span> <span class='ocrx_word' id='word_1_363' title='bbox 1049 4029 1339 4086; x_wconf 83' lang='lat' dir='ltr'><strong>versatur</strong></span> <span class='ocrx_word' id='word_1_364' title='bbox 1367 4023 1570 4085; x_wconf 86' lang='lat' dir='ltr'><strong>virtus</strong></span> <span class='ocrx_word' id='word_1_365' title='bbox 1613 4040 1814 4085; x_wconf 87' lang='lat' dir='ltr'><strong>mora-</strong></span> 
     </span>
     <span class='ocr_line' id='line_1_60' title="bbox 315 4121 1814 4209; baseline -0.003 -20"><span class='ocrx_word' id='word_1_366' title='bbox 315 4127 390 4189; x_wconf 87' lang='lat' dir='ltr'><strong>lis</strong></span> <span class='ocrx_word' id='word_1_367' title='bbox 437 4145 583 4209; x_wconf 82' lang='lat' dir='ltr'><strong>quae</strong></span> <span class='ocrx_word' id='word_1_368' title='bbox 631 4122 984 4204; x_wconf 86' lang='lat' dir='ltr'><strong>eutrapelia</strong></span> <span class='ocrx_word' id='word_1_369' title='bbox 1025 4129 1304 4184; x_wconf 88' lang='lat' dir='ltr'><strong>vocatur.</strong></span> <span class='ocrx_word' id='word_1_370' title='bbox 1351 4121 1510 4184; x_wconf 91' lang='lat' dir='ltr'><strong>Sunt</strong></span> <span class='ocrx_word' id='word_1_371' title='bbox 1560 4138 1814 4203; x_wconf 88' lang='lat' dir='ltr'><strong>quoque</strong></span> 
     </span>
    </p>
   </div>
   <div class='ocr_carea' id='block_1_11' title="bbox 1921 3137 3425 3415">
    <p class='ocr_par' dir='ltr' id='par_1_11' title="bbox 1921 3137 3425 3415">
     <span class='ocr_line' id='line_1_61' title="bbox 1921 3137 3424 3221; baseline 0.002 -22"><span class='ocrx_word' id='word_1_372' title='bbox 1921 3157 2054 3200; x_wconf 82' lang='lat' dir='ltr'><strong>neS.</strong></span> <span class='ocrx_word' id='word_1_373' title='bbox 2106 3138 2254 3200; x_wconf 90' lang='lat' dir='ltr'><strong>Ideo</strong></span> <span class='ocrx_word' id='word_1_374' title='bbox 2296 3137 2539 3200; x_wconf 75' lang='lat' dir='ltr'><strong>sufficit</strong></span> <span class='ocrx_word' id='word_1_375' title='bbox 2580 3137 2646 3200; x_wconf 92' lang='lat' dir='ltr'><strong>in</strong></span> <span class='ocrx_word' id='word_1_376' title='bbox 2691 3137 2829 3200; x_wconf 90' lang='lat' dir='ltr'><strong>istis</strong></span> <span class='ocrx_word' id='word_1_377' title='bbox 2877 3137 3116 3201; x_wconf 78' lang='lat' dir='ltr'><strong>officiis</strong></span> <span class='ocrx_word' id='word_1_378' title='bbox 3165 3146 3235 3200; x_wconf 91' lang='lat' dir='ltr'><strong>ut</strong></span> <span class='ocrx_word' id='word_1_379' title='bbox 3279 3157 3424 3221; x_wconf 90' lang='lat' dir='ltr'><strong>pec-</strong></span> 
     </span>
     <span class='ocr_line' id='line_1_62' title="bbox 1922 3235 3425 3319; baseline 0.002 -22"><span class='ocrx_word' id='word_1_380' title='bbox 1922 3243 2060 3297; x_wconf 89' lang='lat' dir='ltr'><strong>cata</strong></span> <span class='ocrx_word' id='word_1_381' title='bbox 2087 3235 2422 3316; x_wconf 85' lang='lat' dir='ltr'><strong>diligenter</strong></span> <span class='ocrx_word' id='word_1_382' title='bbox 2451 3235 2807 3308; x_wconf 59' lang='lat' dir='ltr'><strong>devitetita</strong></span> <span class='ocrx_word' id='word_1_383' title='bbox 2836 3236 3003 3319; x_wconf 91' lang='lat' dir='ltr'><strong>quod</strong></span> <span class='ocrx_word' id='word_1_384' title='bbox 3037 3236 3219 3300; x_wconf 91' lang='lat' dir='ltr'><strong>miles</strong></span> <span class='ocrx_word' id='word_1_385' title='bbox 3243 3236 3425 3317; x_wconf 84' lang='lat' dir='ltr'><strong>juxta</strong></span> 
     </span>
     <span class='ocr_line' id='line_1_63' title="bbox 1921 3333 3419 3415; baseline 0.001 -19"><span class='ocrx_word' id='word_1_386' title='bbox 1921 3333 2413 3396; x_wconf 88' lang='lat' dir='ltr'><strong>sacratissimam</strong></span> <span class='ocrx_word' id='word_1_387' title='bbox 2440 3333 2697 3395; x_wconf 75' lang='lat' dir='ltr'><strong>Ioannis</strong></span> <span class='ocrx_word' id='word_1_388' title='bbox 2728 3334 3021 3415; x_wconf 83' lang='lat' dir='ltr'><strong>Baptistae</strong></span> <span class='ocrx_word' id='word_1_389' title='bbox 3053 3335 3419 3411; x_wconf 89' lang='lat' dir='ltr'><strong>doctrinam,</strong></span> 
     </span>
    </p>
   </div>
   <div class='ocr_carea' id='block_1_12' title="bbox 1921 3431 3713 3513">
    <p class='ocr_par' dir='ltr' id='par_1_12' title="bbox 1921 3431 3713 3513">
     <span class='ocr_line' id='line_1_64' title="bbox 1921 3431 3713 3513; baseline 0.002 -19"><span class='ocrx_word' id='word_1_390' title='bbox 1921 3431 2173 3494; x_wconf 88' lang='lat' dir='ltr'><strong>nullum</strong></span> <span class='ocrx_word' id='word_1_391' title='bbox 2232 3431 2573 3504; x_wconf 87' lang='lat' dir='ltr'><strong>concutiat,</strong></span> <span class='ocrx_word' id='word_1_392' title='bbox 2633 3437 2698 3494; x_wconf 89' lang='lat' dir='ltr'><strong>et</strong></span> <span class='ocrx_word' id='word_1_393' title='bbox 2753 3431 3090 3513; x_wconf 89' lang='lat' dir='ltr'><strong>stipendiis</strong></span> <span class='ocrx_word' id='word_1_394' title='bbox 3149 3433 3284 3496; x_wconf 90' lang='lat' dir='ltr'><strong>suis</strong></span> <span class='ocrx_word' id='word_1_395' title='bbox 3340 3433 3423 3495; x_wconf 88' lang='lat' dir='ltr'><strong>sit</strong></span> <span class='ocrx_word' id='word_1_396' title='bbox 3449 3451 3713 3508; x_wconf 48' lang='lat' dir='ltr'><strong>Lucanas.</strong></span> 
     </span>
    </p>
   </div>
   <div class='ocr_carea' id='block_1_13' title="bbox 1921 3528 3425 4192">
    <p class='ocr_par' dir='ltr' id='par_1_13' title="bbox 1921 3528 3425 4192">
     <span class='ocr_line' id='line_1_65' title="bbox 1922 3528 3423 3609; baseline 0.001 -17"><span class='ocrx_word' id='word_1_397' title='bbox 1922 3537 2300 3608; x_wconf 90' lang='lat' dir='ltr'><strong>contentus;</strong></span> <span class='ocrx_word' id='word_1_398' title='bbox 2350 3546 2558 3609; x_wconf 90' lang='lat' dir='ltr'><strong>neque</strong></span> <span class='ocrx_word' id='word_1_399' title='bbox 2605 3528 2683 3590; x_wconf 89' lang='lat' dir='ltr'><strong>ad</strong></span> <span class='ocrx_word' id='word_1_400' title='bbox 2732 3529 3221 3592; x_wconf 87' lang='lat' dir='ltr'><strong>ostentationem</strong></span> <span class='ocrx_word' id='word_1_401' title='bbox 3280 3529 3423 3593; x_wconf 79' lang='lat' dir='ltr'><strong>offi-</strong></span> 
     </span>
     <span class='ocr_line' id='line_1_66' title="bbox 1921 3625 3421 3699; baseline 0.001 -9"><span class='ocrx_word' id='word_1_402' title='bbox 1921 3629 2094 3690; x_wconf 90' lang='lat' dir='ltr'><strong>cium</strong></span> <span class='ocrx_word' id='word_1_403' title='bbox 2139 3634 2430 3689; x_wconf 88' lang='lat' dir='ltr'><strong>exerceat</strong></span> <span class='ocrx_word' id='word_1_404' title='bbox 2474 3625 2767 3699; x_wconf 89' lang='lat' dir='ltr'><strong>militare,</strong></span> <span class='ocrx_word' id='word_1_405' title='bbox 2803 3627 2912 3688; x_wconf 91' lang='lat' dir='ltr'><strong>sed</strong></span> <span class='ocrx_word' id='word_1_406' title='bbox 2957 3628 3036 3690; x_wconf 86' lang='lat' dir='ltr'><strong>ad</strong></span> <span class='ocrx_word' id='word_1_407' title='bbox 3080 3627 3421 3691; x_wconf 88' lang='lat' dir='ltr'><strong>utilitatem</strong></span> 
     </span>
     <span class='ocr_line' id='line_1_67' title="bbox 1923 3722 3422 3806; baseline 0 -18"><span class='ocrx_word' id='word_1_408' title='bbox 1923 3726 2222 3788; x_wconf 80' lang='lat' dir='ltr'><strong>Ecclesiae</strong></span> <span class='ocrx_word' id='word_1_409' title='bbox 2258 3743 2331 3786; x_wconf 89' lang='lat' dir='ltr'><strong>ac</strong></span> <span class='ocrx_word' id='word_1_410' title='bbox 2375 3724 2464 3786; x_wconf 88' lang='lat' dir='ltr'><strong>rei</strong></span> <span class='ocrx_word' id='word_1_411' title='bbox 2506 3722 2801 3806; x_wconf 82' lang='lat' dir='ltr'><strong>publicae,</strong></span> <span class='ocrx_word' id='word_1_412' title='bbox 2835 3732 2900 3787; x_wconf 89' lang='lat' dir='ltr'><strong>et</strong></span> <span class='ocrx_word' id='word_1_413' title='bbox 2927 3726 3005 3787; x_wconf 91' lang='lat' dir='ltr'><strong>ad</strong></span> <span class='ocrx_word' id='word_1_414' title='bbox 3046 3725 3422 3788; x_wconf 86' lang='lat' dir='ltr'><strong>exercitium</strong></span> 
     </span>
     <span class='ocr_line' id='line_1_68' title="bbox 1923 3823 3425 3905; baseline 0.001 -20"><span class='ocrx_word' id='word_1_415' title='bbox 1923 3823 2555 3904; x_wconf 86' lang='lat' dir='ltr'><strong>virium.Negotiator</strong></span> <span class='ocrx_word' id='word_1_416' title='bbox 2582 3841 2837 3905; x_wconf 88' lang='lat' dir='ltr'><strong>quoque</strong></span> <span class='ocrx_word' id='word_1_417' title='bbox 2867 3840 2993 3885; x_wconf 90' lang='lat' dir='ltr'><strong>non</strong></span> <span class='ocrx_word' id='word_1_418' title='bbox 3026 3824 3253 3886; x_wconf 90' lang='lat' dir='ltr'><strong>habeat</strong></span> <span class='ocrx_word' id='word_1_419' title='bbox 3284 3842 3425 3888; x_wconf 88' lang='lat' dir='ltr'><strong>con-</strong></span> 
     </span>
     <span class='ocr_line' id='line_1_69' title="bbox 1924 3921 3424 4003; baseline 0.002 -19"><span class='ocrx_word' id='word_1_420' title='bbox 1924 3922 2230 3985; x_wconf 91' lang='lat' dir='ltr'><strong>ditionem</strong></span> <span class='ocrx_word' id='word_1_421' title='bbox 2275 3922 2338 3983; x_wconf 91' lang='lat' dir='ltr'><strong>in</strong></span> <span class='ocrx_word' id='word_1_422' title='bbox 2380 3939 2469 3994; x_wconf 89' lang='lat' dir='ltr'><strong>se,</strong></span> <span class='ocrx_word' id='word_1_423' title='bbox 2502 3940 2645 4003; x_wconf 83' lang='lat' dir='ltr'><strong>quae</strong></span> <span class='ocrx_word' id='word_1_424' title='bbox 2684 3921 2897 4003; x_wconf 91' lang='lat' dir='ltr'><strong>ipsum</strong></span> <span class='ocrx_word' id='word_1_425' title='bbox 2936 3922 3017 3984; x_wconf 91' lang='lat' dir='ltr'><strong>ab</strong></span> <span class='ocrx_word' id='word_1_426' title='bbox 3053 3921 3275 3986; x_wconf 81' lang='lat' dir='ltr'><strong>ol&#39;l&#39;icio</strong></span> <span class='ocrx_word' id='word_1_427' title='bbox 3312 3923 3424 3987; x_wconf 92' lang='lat' dir='ltr'><strong>illo</strong></span> 
     </span>
     <span class='ocr_line' id='line_1_70' title="bbox 1925 4018 3420 4102; baseline 0.003 -22"><span class='ocrx_word' id='word_1_428' title='bbox 1925 4020 2277 4102; x_wconf 86' lang='lat' dir='ltr'><strong>prohibeat,</strong></span> <span class='ocrx_word' id='word_1_429' title='bbox 2312 4028 2382 4081; x_wconf 91' lang='lat' dir='ltr'><strong>ut</strong></span> <span class='ocrx_word' id='word_1_430' title='bbox 2412 4018 2687 4100; x_wconf 80' lang='lat' dir='ltr'><strong>religiosi</strong></span> <span class='ocrx_word' id='word_1_431' title='bbox 2721 4027 2785 4082; x_wconf 91' lang='lat' dir='ltr'><strong>et</strong></span> <span class='ocrx_word' id='word_1_432' title='bbox 2814 4019 3061 4099; x_wconf 83' lang='lat' dir='ltr'><strong>clerici3</strong></span> <span class='ocrx_word' id='word_1_433' title='bbox 3094 4028 3157 4082; x_wconf 90' lang='lat' dir='ltr'><strong>et</strong></span> <span class='ocrx_word' id='word_1_434' title='bbox 3194 4020 3420 4084; x_wconf 91' lang='lat' dir='ltr'><strong>diebus</strong></span> 
     </span>
     <span class='ocr_line' id='line_1_71' title="bbox 1925 4117 3421 4192; baseline 0.003 -13"><span class='ocrx_word' id='word_1_435' title='bbox 1925 4117 2171 4180; x_wconf 83' lang='lat' dir='ltr'><strong>festivis</strong></span> <span class='ocrx_word' id='word_1_436' title='bbox 2206 4118 2623 4180; x_wconf 88' lang='lat' dir='ltr'><strong>mercationes</strong></span> <span class='ocrx_word' id='word_1_437' title='bbox 2656 4136 2779 4181; x_wconf 91' lang='lat' dir='ltr'><strong>non</strong></span> <span class='ocrx_word' id='word_1_438' title='bbox 2815 4117 3025 4192; x_wconf 79' lang='lat' dir='ltr'><strong>faciat,</strong></span> <span class='ocrx_word' id='word_1_439' title='bbox 3060 4137 3179 4182; x_wconf 90' lang='lat' dir='ltr'><strong>nec</strong></span> <span class='ocrx_word' id='word_1_440' title='bbox 3212 4118 3421 4184; x_wconf 79' lang='lat' dir='ltr'><strong>offici-</strong></span> 
     </span>
    </p>
   </div>
   <div class='ocr_carea' id='block_1_14' title="bbox 315 4215 3420 4300">
    <p class='ocr_par' dir='ltr' id='par_1_14' title="bbox 315 4215 3420 4300">
     <span class='ocr_line' id='line_1_72' title="bbox 315 4215 3420 4300; baseline -0.002 -12"><span class='ocrx_word' id='word_1_441' title='bbox 315 4225 445 4287; x_wconf 92' lang='lat' dir='ltr'><strong>ludi</strong></span> <span class='ocrx_word' id='word_1_442' title='bbox 494 4243 574 4287; x_wconf 86' lang='lat' dir='ltr'><strong>ex</strong></span> <span class='ocrx_word' id='word_1_443' title='bbox 623 4221 978 4285; x_wconf 83' lang='lat' dir='ltr'><strong>devotionis</strong></span> <span class='ocrx_word' id='word_1_444' title='bbox 1024 4218 1414 4282; x_wconf 87' lang='lat' dir='ltr'><strong>abundantia</strong></span> <span class='ocrx_word' id='word_1_445' title='bbox 1473 4219 1816 4300; x_wconf 87' lang='lat' dir='ltr'><strong>proceden-</strong></span> <span class='ocrx_word' id='word_1_446' title='bbox 1844 4216 1895 4278; x_wconf 93' lang='lat' dir='ltr'>D</span> <span class='ocrx_word' id='word_1_447' title='bbox 1926 4234 2034 4277; x_wconf 91' lang='lat' dir='ltr'><strong>um</strong></span> <span class='ocrx_word' id='word_1_448' title='bbox 2076 4215 2233 4278; x_wconf 93' lang='lat' dir='ltr'><strong>illud</strong></span> <span class='ocrx_word' id='word_1_449' title='bbox 2274 4224 2643 4278; x_wconf 87' lang='lat' dir='ltr'><strong>exerceatur</strong></span> <span class='ocrx_word' id='word_1_450' title='bbox 2680 4224 2967 4298; x_wconf 90' lang='lat' dir='ltr'><strong>tempore</strong></span> <span class='ocrx_word' id='word_1_451' title='bbox 3007 4235 3135 4300; x_wconf 90' lang='lat' dir='ltr'><strong>quo</strong></span> <span class='ocrx_word' id='word_1_452' title='bbox 3179 4218 3420 4282; x_wconf 90' lang='lat' dir='ltr'><strong>caristi-</strong></span> 
     </span>
    </p>
   </div>
   <div class='ocr_carea' id='block_1_15' title="bbox 279 4315 1813 4389">
    <p class='ocr_par' dir='ltr' id='par_1_15' title="bbox 279 4315 1813 4389">
     <span class='ocr_line' id='line_1_73' title="bbox 279 4315 1813 4389; baseline -0.005 -4"><span class='ocrx_word' id='word_1_453' title='bbox 279 4331 406 4386; x_wconf 76' lang='lat' dir='ltr'><strong>.tes</strong></span> <span class='ocrx_word' id='word_1_454' title='bbox 441 4339 458 4384; x_wconf 70' lang='grc' dir='ltr'><strong><em>ε</em></strong></span> <span class='ocrx_word' id='word_1_455' title='bbox 493 4320 664 4383; x_wconf 91' lang='lat' dir='ltr'><strong>unde</strong></span> <span class='ocrx_word' id='word_1_456' title='bbox 711 4318 909 4381; x_wconf 88' lang='lat' dir='ltr'><strong>David</strong></span> <span class='ocrx_word' id='word_1_457' title='bbox 955 4315 1278 4389; x_wconf 89' lang='lat' dir='ltr'><strong>disseruit,</strong></span> <span class='ocrx_word' id='word_1_458' title='bbox 1314 4315 1555 4378; x_wconf 89' lang='lat' dir='ltr'><strong>Ludam</strong></span> <span class='ocrx_word' id='word_1_459' title='bbox 1601 4334 1813 4379; x_wconf 87' lang='lat' dir='ltr'><strong>coram</strong></span> 
     </span>
    </p>
   </div>
   <div class='ocr_carea' id='block_1_16' title="bbox 312 4413 1816 5378">
    <p class='ocr_par' dir='ltr' id='par_1_16' title="bbox 312 4413 1816 5378">
     <span class='ocr_line' id='line_1_74' title="bbox 315 4413 1816 4492; baseline -0.005 -10"><span class='ocrx_word' id='word_1_460' title='bbox 315 4419 607 4492; x_wconf 86' lang='lat' dir='ltr'><strong>Domino,</strong></span> <span class='ocrx_word' id='word_1_461' title='bbox 640 4423 706 4480; x_wconf 89' lang='lat' dir='ltr'><strong>et</strong></span> <span class='ocrx_word' id='word_1_462' title='bbox 733 4434 844 4479; x_wconf 87' lang='lat' dir='ltr'><strong>ero</strong></span> <span class='ocrx_word' id='word_1_463' title='bbox 871 4414 1135 4478; x_wconf 90' lang='lat' dir='ltr'><strong>humilis</strong></span> <span class='ocrx_word' id='word_1_464' title='bbox 1170 4414 1233 4476; x_wconf 92' lang='lat' dir='ltr'><strong>in</strong></span> <span class='ocrx_word' id='word_1_465' title='bbox 1265 4413 1468 4475; x_wconf 91' lang='lat' dir='ltr'><strong>oculis</strong></span> <span class='ocrx_word' id='word_1_466' title='bbox 1503 4413 1682 4476; x_wconf 90' lang='lat' dir='ltr'><strong>meis.</strong></span> <span class='ocrx_word' id='word_1_467' title='bbox 1707 4414 1816 4476; x_wconf 77' lang='lat' dir='ltr'><strong>&#39;l&#39;a-</strong></span> 
     </span>
     <span class='ocr_line' id='line_1_75' title="bbox 318 4509 1814 4580; baseline -0.005 1"><span class='ocrx_word' id='word_1_468' title='bbox 318 4519 404 4580; x_wconf 88' lang='lat' dir='ltr'><strong>les</strong></span> <span class='ocrx_word' id='word_1_469' title='bbox 436 4517 569 4580; x_wconf 91' lang='lat' dir='ltr'><strong>ludi</strong></span> <span class='ocrx_word' id='word_1_470' title='bbox 602 4522 755 4578; x_wconf 88' lang='lat' dir='ltr'><strong>sunt</strong></span> <span class='ocrx_word' id='word_1_471' title='bbox 791 4513 1086 4576; x_wconf 86' lang='lat' dir='ltr'><strong>laudandi</strong></span> <span class='ocrx_word' id='word_1_472' title='bbox 1128 4531 1200 4575; x_wconf 91' lang='lat' dir='ltr'><strong>ac</strong></span> <span class='ocrx_word' id='word_1_473' title='bbox 1229 4509 1591 4575; x_wconf 82' lang='lat' dir='ltr'><strong>aemulandi.</strong></span> <span class='ocrx_word' id='word_1_474' title='bbox 1625 4511 1814 4574; x_wconf 91' lang='lat' dir='ltr'><strong>Porro</strong></span> 
     </span>
     <span class='ocr_line' id='line_1_76' title="bbox 315 4610 1810 4693; baseline -0.004 -15"><span class='ocrx_word' id='word_1_475' title='bbox 315 4617 378 4678; x_wconf 90' lang='lat' dir='ltr'><strong>in</strong></span> <span class='ocrx_word' id='word_1_476' title='bbox 421 4616 589 4678; x_wconf 90' lang='lat' dir='ltr'><strong>ludis</strong></span> <span class='ocrx_word' id='word_1_477' title='bbox 629 4613 758 4675; x_wconf 90' lang='lat' dir='ltr'><strong>illis</strong></span> <span class='ocrx_word' id='word_1_478' title='bbox 803 4610 1030 4674; x_wconf 88' lang='lat' dir='ltr'><strong>mediis</strong></span> <span class='ocrx_word' id='word_1_479' title='bbox 1069 4617 1276 4693; x_wconf 89' lang='lat' dir='ltr'><strong>potest</strong></span> <span class='ocrx_word' id='word_1_480' title='bbox 1315 4628 1454 4672; x_wconf 88' lang='lat' dir='ltr'><strong>esse</strong></span> <span class='ocrx_word' id='word_1_481' title='bbox 1491 4628 1810 4682; x_wconf 88' lang='lat' dir='ltr'><strong>excessus,</strong></span> 
     </span>
     <span class='ocr_line' id='line_1_77' title="bbox 315 4707 1812 4796; baseline -0.005 -19"><span class='ocrx_word' id='word_1_482' title='bbox 315 4715 366 4777; x_wconf 91' lang='lat' dir='ltr'><strong>si</strong></span> <span class='ocrx_word' id='word_1_483' title='bbox 397 4713 676 4796; x_wconf 84' lang='lat' dir='ltr'><strong>gravitas</strong></span> <span class='ocrx_word' id='word_1_484' title='bbox 704 4719 768 4774; x_wconf 91' lang='lat' dir='ltr'><strong>et</strong></span> <span class='ocrx_word' id='word_1_485' title='bbox 805 4709 1092 4773; x_wconf 88' lang='lat' dir='ltr'><strong>custodia</strong></span> <span class='ocrx_word' id='word_1_486' title='bbox 1126 4709 1335 4772; x_wconf 90' lang='lat' dir='ltr'><strong>cordis</strong></span> <span class='ocrx_word' id='word_1_487' title='bbox 1373 4707 1645 4771; x_wconf 90' lang='lat' dir='ltr'><strong>nimium</strong></span> <span class='ocrx_word' id='word_1_488' title='bbox 1687 4708 1812 4770; x_wconf 89' lang='lat' dir='ltr'><strong>dis-</strong></span> 
     </span>
     <span class='ocr_line' id='line_1_78' title="bbox 315 4807 1808 4890; baseline -0.005 -14"><span class='ocrx_word' id='word_1_489' title='bbox 315 4813 664 4884; x_wconf 85' lang='lat' dir='ltr'><strong>solvantur,</strong></span> <span class='ocrx_word' id='word_1_490' title='bbox 719 4807 1048 4890; x_wconf 83' lang='lat' dir='ltr'><strong>magisque</strong></span> <span class='ocrx_word' id='word_1_491' title='bbox 1094 4807 1321 4868; x_wconf 88' lang='lat' dir='ltr'><strong>decent</strong></span> <span class='ocrx_word' id='word_1_492' title='bbox 1367 4825 1567 4868; x_wconf 89' lang='lat' dir='ltr'><strong>unum</strong></span> <span class='ocrx_word' id='word_1_493' title='bbox 1617 4824 1808 4888; x_wconf 87' lang='lat' dir='ltr'><strong>quam</strong></span> 
     </span>
     <span class='ocr_line' id='line_1_79' title="bbox 312 4904 1812 4988; baseline -0.005 -14"><span class='ocrx_word' id='word_1_494' title='bbox 312 4912 530 4975; x_wconf 89' lang='lat' dir='ltr'><strong>alium.</strong></span> <span class='ocrx_word' id='word_1_495' title='bbox 583 4908 760 4971; x_wconf 90' lang='lat' dir='ltr'><strong>Unde</strong></span> <span class='ocrx_word' id='word_1_496' title='bbox 807 4914 870 4970; x_wconf 93' lang='lat' dir='ltr'><strong>et</strong></span> <span class='ocrx_word' id='word_1_497' title='bbox 919 4905 1302 4988; x_wconf 88' lang='lat' dir='ltr'><strong>poenitentes</strong></span> <span class='ocrx_word' id='word_1_498' title='bbox 1348 4904 1698 4967; x_wconf 89' lang='lat' dir='ltr'><strong>districtius</strong></span> <span class='ocrx_word' id='word_1_499' title='bbox 1749 4912 1812 4968; x_wconf 89' lang='lat' dir='ltr'><strong>ct</strong></span> 
     </span>
     <span class='ocr_line' id='line_1_80' title="bbox 313 5001 1808 5085; baseline -0.005 -14"><span class='ocrx_word' id='word_1_500' title='bbox 313 5007 650 5072; x_wconf 90' lang='lat' dir='ltr'><strong>discretius</strong></span> <span class='ocrx_word' id='word_1_501' title='bbox 690 5004 926 5068; x_wconf 85' lang='lat' dir='ltr'><strong>habere</strong></span> <span class='ocrx_word' id='word_1_502' title='bbox 965 5022 1033 5066; x_wconf 90' lang='lat' dir='ltr'><strong>se</strong></span> <span class='ocrx_word' id='word_1_503' title='bbox 1071 5001 1307 5064; x_wconf 88' lang='lat' dir='ltr'><strong>debent</strong></span> <span class='ocrx_word' id='word_1_504' title='bbox 1347 5001 1410 5063; x_wconf 91' lang='lat' dir='ltr'><strong>in</strong></span> <span class='ocrx_word' id='word_1_505' title='bbox 1452 5001 1578 5064; x_wconf 91' lang='lat' dir='ltr'><strong>illis</strong></span> <span class='ocrx_word' id='word_1_506' title='bbox 1618 5022 1808 5085; x_wconf 90' lang='lat' dir='ltr'><strong>quam</strong></span> 
     </span>
     <span class='ocr_line' id='line_1_81' title="bbox 312 5100 1811 5188; baseline -0.003 -20"><span class='ocrx_word' id='word_1_507' title='bbox 312 5106 752 5188; x_wconf 88' lang='lat' dir='ltr'><strong>alii,quoniam</strong></span> <span class='ocrx_word' id='word_1_508' title='bbox 785 5102 1162 5187; x_wconf 88' lang='lat' dir='ltr'><strong>poenitentia</strong></span> <span class='ocrx_word' id='word_1_509' title='bbox 1191 5100 1412 5163; x_wconf 77' lang='lat' dir='ltr'><strong>fletum</strong></span> <span class='ocrx_word' id='word_1_510' title='bbox 1442 5101 1811 5181; x_wconf 86' lang='lat' dir='ltr'><strong>requirit.—</strong></span> 
     </span>
     <span class='ocr_line' id='line_1_82' title="bbox 313 5198 1810 5287; baseline -0.005 -19"><span class='ocrx_word' id='word_1_511' title='bbox 313 5207 582 5287; x_wconf 85' lang='lat' dir='ltr'><strong>lnsuper</strong></span> <span class='ocrx_word' id='word_1_512' title='bbox 615 5200 1126 5285; x_wconf 88' lang='lat' dir='ltr'><strong>spectaculorum</strong></span> <span class='ocrx_word' id='word_1_513' title='bbox 1158 5218 1300 5282; x_wconf 82' lang='lat' dir='ltr'><strong>quae</strong></span> <span class='ocrx_word' id='word_1_514' title='bbox 1339 5205 1488 5260; x_wconf 88' lang='lat' dir='ltr'><strong>sunt</strong></span> <span class='ocrx_word' id='word_1_515' title='bbox 1525 5198 1810 5280; x_wconf 89' lang='lat' dir='ltr'><strong>turpium</strong></span> 
     </span>
     <span class='ocr_line' id='line_1_83' title="bbox 315 5295 1811 5378; baseline -0.005 -12"><span class='ocrx_word' id='word_1_516' title='bbox 315 5301 654 5376; x_wconf 89' lang='lat' dir='ltr'><strong>rerum,ad</strong></span> <span class='ocrx_word' id='word_1_517' title='bbox 685 5298 1018 5361; x_wconf 90' lang='lat' dir='ltr'><strong>libidinem</strong></span> <span class='ocrx_word' id='word_1_518' title='bbox 1051 5316 1124 5360; x_wconf 92' lang='lat' dir='ltr'><strong>ac</strong></span> <span class='ocrx_word' id='word_1_519' title='bbox 1155 5295 1638 5359; x_wconf 86' lang='lat' dir='ltr'><strong>dissolutionem</strong></span> <span class='ocrx_word' id='word_1_520' title='bbox 1671 5313 1811 5378; x_wconf 90' lang='lat' dir='ltr'><strong>pro-</strong></span> 
     </span>
    </p>
   </div>
   <div class='ocr_carea' id='block_1_17' title="bbox 1917 4314 3460 5360">
    <p class='ocr_par' dir='ltr' id='par_1_17' title="bbox 1917 4314 3460 5360">
     <span class='ocr_line' id='line_1_84' title="bbox 1923 4314 3415 4398; baseline 0.003 -23"><span class='ocrx_word' id='word_1_521' title='bbox 1923 4332 2025 4375; x_wconf 89' lang='lat' dir='ltr'><strong>am</strong></span> <span class='ocrx_word' id='word_1_522' title='bbox 2060 4314 2259 4396; x_wconf 88' lang='lat' dir='ltr'><strong>possit</strong></span> <span class='ocrx_word' id='word_1_523' title='bbox 2292 4315 2611 4377; x_wconf 89' lang='lat' dir='ltr'><strong>inducere.</strong></span> <span class='ocrx_word' id='word_1_524' title='bbox 2648 4314 2921 4377; x_wconf 88' lang='lat' dir='ltr'><strong>Fraudes</strong></span> <span class='ocrx_word' id='word_1_525' title='bbox 2953 4332 3229 4398; x_wconf 90' lang='lat' dir='ltr'><strong>quoque,</strong></span> <span class='ocrx_word' id='word_1_526' title='bbox 3262 4317 3415 4392; x_wconf 89' lang='lat' dir='ltr'><strong>doli,</strong></span> 
     </span>
     <span class='ocr_line' id='line_1_85' title="bbox 1926 4412 3421 4479; baseline 0.003 -5"><span class='ocrx_word' id='word_1_527' title='bbox 1926 4412 2257 4474; x_wconf 86' lang='lat' dir='ltr'><strong>mendacia</strong></span> <span class='ocrx_word' id='word_1_528' title='bbox 2287 4420 2350 4474; x_wconf 90' lang='lat' dir='ltr'><strong>et</strong></span> <span class='ocrx_word' id='word_1_529' title='bbox 2389 4412 2749 4475; x_wconf 89' lang='lat' dir='ltr'><strong>consimilia</strong></span> <span class='ocrx_word' id='word_1_530' title='bbox 2782 4413 2945 4476; x_wconf 87' lang='lat' dir='ltr'><strong>mala</strong></span> <span class='ocrx_word' id='word_1_531' title='bbox 2974 4413 3273 4477; x_wconf 90' lang='lat' dir='ltr'><strong>vitentur.</strong></span> <span class='ocrx_word' id='word_1_532' title='bbox 3306 4417 3421 4479; x_wconf 89' lang='lat' dir='ltr'><strong>Pu-</strong></span> 
     </span>
     <span class='ocr_line' id='line_1_86' title="bbox 1924 4509 3419 4592; baseline 0.002 -19"><span class='ocrx_word' id='word_1_533' title='bbox 1924 4509 2157 4573; x_wconf 87' lang='lat' dir='ltr'><strong>blicani</strong></span> <span class='ocrx_word' id='word_1_534' title='bbox 2191 4509 2381 4572; x_wconf 88' lang='lat' dir='ltr'><strong>etiam</strong></span> <span class='ocrx_word' id='word_1_535' title='bbox 2414 4529 2540 4573; x_wconf 90' lang='lat' dir='ltr'><strong>non</strong></span> <span class='ocrx_word' id='word_1_536' title='bbox 2573 4511 2696 4572; x_wconf 90' lang='lat' dir='ltr'><strong>nisi</strong></span> <span class='ocrx_word' id='word_1_537' title='bbox 2731 4511 3014 4592; x_wconf 89' lang='lat' dir='ltr'><strong>legitima</strong></span> <span class='ocrx_word' id='word_1_538' title='bbox 3046 4513 3419 4577; x_wconf 82' lang='lat' dir='ltr'><strong>auctoritate</strong></span> 
     </span>
     <span class='ocr_line' id='line_1_87' title="bbox 1922 4608 3460 4692; baseline -0.001 -22"><span class='ocrx_word' id='word_1_539' title='bbox 1922 4608 2618 4692; x_wconf 85' lang='lat' dir='ltr'><strong>principiS,vectigalia,</strong></span> <span class='ocrx_word' id='word_1_540' title='bbox 2644 4609 2891 4672; x_wconf 88' lang='lat' dir='ltr'><strong>telonea</strong></span> <span class='ocrx_word' id='word_1_541' title='bbox 2918 4629 3027 4672; x_wconf 93' lang='lat' dir='ltr'><strong>seu</strong></span> <span class='ocrx_word' id='word_1_542' title='bbox 3058 4611 3293 4674; x_wconf 87' lang='lat' dir='ltr'><strong>tributa</strong></span> <span class='ocrx_word' id='word_1_543' title='bbox 3324 4631 3419 4674; x_wconf 89' lang='lat' dir='ltr'><strong>re·</strong></span> <span class='ocrx_word' id='word_1_544' title='bbox 3446 4655 3460 4668; x_wconf 93' lang='lat'>.</span> 
     </span>
     <span class='ocr_line' id='line_1_88' title="bbox 1923 4707 3414 4788; baseline 0 -18"><span class='ocrx_word' id='word_1_545' title='bbox 1923 4707 2166 4788; x_wconf 87' lang='lat' dir='ltr'><strong>cipiant</strong></span> <span class='ocrx_word' id='word_1_546' title='bbox 2206 4707 2547 4781; x_wconf 86' lang='lat' dir='ltr'><strong>moderata,</strong></span> <span class='ocrx_word' id='word_1_547' title='bbox 2580 4714 2644 4768; x_wconf 91' lang='lat' dir='ltr'><strong>et</strong></span> <span class='ocrx_word' id='word_1_548' title='bbox 2681 4725 2872 4769; x_wconf 88' lang='lat' dir='ltr'><strong>causa</strong></span> <span class='ocrx_word' id='word_1_549' title='bbox 2916 4707 3206 4770; x_wconf 89' lang='lat' dir='ltr'><strong>utilitatis</strong></span> <span class='ocrx_word' id='word_1_550' title='bbox 3244 4727 3414 4772; x_wconf 91' lang='lat' dir='ltr'><strong>com-</strong></span> 
     </span>
     <span class='ocr_line' id='line_1_89' title="bbox 1923 4803 3415 4887; baseline 0.003 -19"><span class='ocrx_word' id='word_1_551' title='bbox 1923 4805 2159 4879; x_wconf 90' lang='lat' dir='ltr'><strong>munis,</strong></span> <span class='ocrx_word' id='word_1_552' title='bbox 2205 4813 2275 4866; x_wconf 92' lang='lat' dir='ltr'><strong>ut</strong></span> <span class='ocrx_word' id='word_1_553' title='bbox 2325 4822 2441 4887; x_wconf 89' lang='lat' dir='ltr'><strong>pro</strong></span> <span class='ocrx_word' id='word_1_554' title='bbox 2492 4813 2674 4868; x_wconf 78' lang='lat' dir='ltr'><strong>terrae</strong></span> <span class='ocrx_word' id='word_1_555' title='bbox 2716 4803 3105 4868; x_wconf 75' lang='lat' dir='ltr'><strong>defensione.</strong></span> <span class='ocrx_word' id='word_1_556' title='bbox 3151 4842 3232 4852; x_wconf 95' lang='lat'>—</span> <span class='ocrx_word' id='word_1_557' title='bbox 3272 4807 3415 4872; x_wconf 81' lang='lat' dir='ltr'><strong>naec</strong></span> 
     </span>
     <span class='ocr_line' id='line_1_90' title="bbox 1920 4901 3413 4979; baseline 0.001 -12"><span class='ocrx_word' id='word_1_558' title='bbox 1920 4905 2209 4967; x_wconf 86' lang='lat' dir='ltr'><strong>Thomas.</strong></span> <span class='ocrx_word' id='word_1_559' title='bbox 2246 4901 2361 4976; x_wconf 87' lang='lat' dir='ltr'><strong>Qui</strong></span> <span class='ocrx_word' id='word_1_560' title='bbox 2394 4911 2457 4964; x_wconf 90' lang='lat' dir='ltr'><strong>et</strong></span> <span class='ocrx_word' id='word_1_561' title='bbox 2487 4902 2653 4963; x_wconf 89' lang='lat' dir='ltr'><strong>circa</strong></span> <span class='ocrx_word' id='word_1_562' title='bbox 2686 4901 2960 4964; x_wconf 89' lang='lat' dir='ltr'><strong>litteram</strong></span> <span class='ocrx_word' id='word_1_563' title='bbox 2990 4904 3078 4964; x_wconf 89' lang='lat' dir='ltr'><strong>ait</strong></span> <span class='ocrx_word' id='word_1_564' title='bbox 3111 4922 3126 4966; x_wconf 92' lang='lat'>:</span> <span class='ocrx_word' id='word_1_565' title='bbox 3159 4905 3273 4979; x_wconf 88' lang='lat' dir='ltr'><strong>Qui</strong></span> <span class='ocrx_word' id='word_1_566' title='bbox 3307 4906 3413 4969; x_wconf 87' lang='lat' dir='ltr'><strong>ba-</strong></span> 
     </span>
     <span class='ocr_line' id='line_1_91' title="bbox 1921 4999 3415 5081; baseline 0.001 -17"><span class='ocrx_word' id='word_1_567' title='bbox 1921 5003 2029 5064; x_wconf 91' lang='lat' dir='ltr'><strong>bet</strong></span> <span class='ocrx_word' id='word_1_568' title='bbox 2065 4999 2313 5081; x_wconf 88' lang='lat' dir='ltr'><strong>copiam</strong></span> <span class='ocrx_word' id='word_1_569' title='bbox 2350 4999 2715 5072; x_wconf 79' lang='lat' dir='ltr'><strong>sacerdotiS‚</strong></span> <span class='ocrx_word' id='word_1_570' title='bbox 2749 5017 2868 5061; x_wconf 90' lang='lat' dir='ltr'><strong>nec</strong></span> <span class='ocrx_word' id='word_1_571' title='bbox 2908 5003 3283 5066; x_wconf 87' lang='lat' dir='ltr'><strong>necessitate</strong></span> <span class='ocrx_word' id='word_1_572' title='bbox 3313 5025 3415 5066; x_wconf 89' lang='lat' dir='ltr'><strong>ur-</strong></span> 
     </span>
     <span class='ocr_line' id='line_1_92' title="bbox 1919 5097 3415 5182; baseline 0.001 -20"><span class='ocrx_word' id='word_1_573' title='bbox 1919 5108 2103 5182; x_wconf 87' lang='lat' dir='ltr'><strong>getur</strong></span> <span class='ocrx_word' id='word_1_574' title='bbox 2131 5098 2209 5160; x_wconf 87' lang='lat' dir='ltr'><strong>ad</strong></span> <span class='ocrx_word' id='word_1_575' title='bbox 2240 5097 2867 5170; x_wconf 87' lang='lat' dir='ltr'><strong>communicandum,</strong></span> <span class='ocrx_word' id='word_1_576' title='bbox 2901 5098 3067 5159; x_wconf 90' lang='lat' dir='ltr'><strong>sicut</strong></span> <span class='ocrx_word' id='word_1_577' title='bbox 3106 5109 3415 5180; x_wconf 88' lang='lat' dir='ltr'><strong>urgentur</strong></span> 
     </span>
     <span class='ocr_line' id='line_1_93' title="bbox 1918 5193 3411 5278; baseline -0.001 -15"><span class='ocrx_word' id='word_1_578' title='bbox 1918 5197 2276 5263; x_wconf 85' lang='lat' dir='ltr'><strong>sacerdotes</strong></span> <span class='ocrx_word' id='word_1_579' title='bbox 2317 5193 2733 5278; x_wconf 77' lang='lat' dir='ltr'><strong>parochialeS,</strong></span> <span class='ocrx_word' id='word_1_580' title='bbox 2764 5212 2891 5257; x_wconf 89' lang='lat' dir='ltr'><strong>non</strong></span> <span class='ocrx_word' id='word_1_581' title='bbox 2929 5195 3119 5260; x_wconf 86' lang='lat' dir='ltr'><strong>debet</strong></span> <span class='ocrx_word' id='word_1_582' title='bbox 3153 5199 3411 5262; x_wconf 87' lang='lat' dir='ltr'><strong>accede-</strong></span> 
     </span>
     <span class='ocr_line' id='line_1_94' title="bbox 1917 5292 3407 5360; baseline 0.001 -1"><span class='ocrx_word' id='word_1_583' title='bbox 1917 5317 1986 5359; x_wconf 90' lang='lat' dir='ltr'><strong>re</strong></span> <span class='ocrx_word' id='word_1_584' title='bbox 2037 5296 2114 5359; x_wconf 88' lang='lat' dir='ltr'><strong>ad</strong></span> <span class='ocrx_word' id='word_1_585' title='bbox 2158 5292 2678 5358; x_wconf 86' lang='lat' dir='ltr'><strong>communionem</strong></span> <span class='ocrx_word' id='word_1_586' title='bbox 2727 5300 2871 5356; x_wconf 87' lang='lat' dir='ltr'><strong>ante</strong></span> <span class='ocrx_word' id='word_1_587' title='bbox 2920 5293 3407 5360; x_wconf 79' lang='lat' dir='ltr'><strong>consessionem.</strong></span> 
     </span>
    </p>
   </div>
  </div>
 </body>
</html>
