4267 6250
1285 496 2577 545 mwsmmAan—msrxvn
3350 476 3471 543 441

369 674 548 741 enim
593 676 816 758 potest
851 674 1172 755 confiteri,
1209 674 1342 738 nisi
1383 672 1788 739 suscitatus:
1819 674 1978 757 quia
2013 691 2054 738 a
2087 676 2375 753 mortuo,
2408 673 2593 739 velut
2626 674 2743 757 qui
2780 691 2915 739 non
2954 673 3078 753 est,
3112 671 3287 755 perit
3318 688 3477 736 con·
3510 692 3769 745 suana.

369 791 592 857 fessio.
643 792 889 855 Nullus
939 808 1096 872 ergo
1141 791 1514 871 confitetur,
1551 790 1682 855 nisi
1729 790 2179 855 resuscitatus.
2220 791 2433 855 Nemo
2476 794 2699 856 autem
2748 792 3127 869 suscitatur,
3178 789 3307 853 nisi
3356 788 3471 869 qui
3500 758 3568 800 ²⁶·

367 928 408 973 a
441 910 712 991 peccato
761 908 1094 972 solvitur.
1125 908 1284 989 quia
1323 909 1668 989 peccatum
1713 924 1896 972 mors
1939 908 2180 971 animae
2226 909 2348 988 est,
2393 926 2543 989 quae
2588 910 2665 971 ut
2708 910 2809 973 est
2844 908 2983 970 vita
3028 906 3343 987 corporis,
3382 905 3477 967 ita

368 1026 512 1107 ejus
547 1026 688 1089 vita
733 1026 917 1089 Dens
961 1026 1086 1089 est.
1116 1058 1208 1070 —
1243 1024 1370 1086 His
1415 1023 1694 1105 aliisque
1744 1024 2046 1106 pluribus
2089 1024 2591 1089 auctoritatibus
2634 1024 2971 1107 probatur,
3016 1024 3167 1086 ante
3210 1020 3475 1085 confes-

365 1143 622 1207 sionem
661 1142 768 1207 vel
805 1141 1324 1205 satisfactionem
1369 1140 1512 1204 sola
1563 1142 2068 1223 compunctione
2113 1144 2457 1223 peccatum
2502 1141 2773 1205 dimitti.
2814 1141 3009 1215 Quod
3046 1140 3163 1221 qui
3206 1138 3471 1219 negant,

367 1276 478 1322 eas
529 1258 974 1322 determinare
1027 1256 1378 1337 laborant;
1435 1272 1690 1320 necnon
1751 1257 1822 1319 in
1875 1255 2080 1337 hujus
2135 1257 2477 1321 sentcntiae
2532 1257 3023 1339 depressionem
3074 1256 3143 1318 et
3194 1254 3277 1316 ad
3332 1268 3473 1316 suae

367 1373 702 1455 opinionis
729 1373 1162 1437 assertionem
1190 1374 1536 1435 auctorum
1563 1372 1943 1435 testimonia
1969 1372 2314 1436 inducunt.
2338 1372 2453 1435 Ait
2480 1373 2659 1436 enim
2686 1372 3015 1435 Dominus
3040 1390 3158 1453 per
3186 1369 3469 1433 Isaiam:

363 1490 486 1553 Dic
521 1492 598 1552 tu
629 1489 1016 1571 iniquitates
1041 1490 1216 1569 tuaS,
1245 1490 1322 1551 ut
1349 1484 1753 1569 justificefls.
1789 1488 1958 1551 Item
1991 1488 2435 1553 Ambrosius·
2464 1489 2615 1553 Non
2652 1490 2871 1571 potest
2896 1488 3247 1570 quisquam
3277 1486 3477 1566 justi·
3502 1500 3551 1544 1
3528 1503 3771 1607 ,Αιέὴιὲ

365 1606 544 1671 ficari
581 1624 624 1669 a
659 1607 954 1687 peccato,
983 1606 1116 1669 nisi
1153 1606 1494 1687 peccatum
1540 1605 1760 1686 ipsum
1799 1606 1992 1669 antea
2027 1604 2229 1668 fuerit
2264 1603 2627 1668 confessus.
2662 1604 2847 1668 Idem
2886 1603 3097 1667 dicit:
3128 1601 3471 1666 Confessio
3500 1625 3697 1669 pm..
3720 1638 3768 1669 ι.

365 1740 406 1786 a
437 1724 654 1786 morte
691 1723 985 1785 animam
1017 1720 1278 1801 liberat,
1311 1720 1640 1785 confessio
1675 1720 2054 1803 paradisum
2083 1721 2317 1803 aperit,
2350 1719 2675 1785 confessio
2704 1737 2893 1802 spem
2928 1719 3163 1783 salutis
3190 1718 3469 1782 tribuit:
3508 1696 3591 1798 ‘n'-
3610 1752 3767 1797 pm„

365 1839 522 1921 quia
557 1856 696 1902 non
739 1840 1028 1902 meretur
1055 1832 1406 1918 Justificari
1443 1836 1560 1918 qui
1609 1836 1679 1900 in
1715 1837 1854 1899 vita
1893 1854 2016 1901 sua
2053 1854 2187 1901 non
2224 1837 2369 1900 vult
2412 1838 2757 1919 peccatum
2794 1836 3113 1900 confiteri.
3144 1834 3271 1899 Illa
3312 1851 3471 1898 con·
3500 1820 3605 1863 ⁶⁵⁸²·
3616 1832 3646 1869 ¹·
3658 1819 3769 1861 “³’'

367 1955 568 2019 fessio
607 1971 732 2017 nos
767 1953 1003 2017 liberat
1037 1971 1188 2035 quae
1219 1949 1294 2015 fit
1331 1970 1486 2016 cum
1522 1952 1930 2034 poenitentia.
1963 1953 2361 2017 Poenitentia
2396 1970 2550 2016 vero
2580 1954 2681 2017 est
2716 1952 2907 2017 dolor
2942 1952 3158 2016 cordis
3194 1954 3259 2015 et
3294 1968 3475 2014 ama-

363 2071 584 2135 ritudo
631 2070 874 2133 animae
917 2086 1038 2151 pro
1085 2069 1280 2133 malis
1315 2086 1466 2151 quae
1511 2069 1794 2151 quisque
1843 2069 2203 2133 commisit.
2244 2069 2413 2133 Item
2448 2069 2737 2133 Joannes
2777 2088 2793 2130 ε
2832 2069 2983 2133 Νοιι
3026 2070 3247 2151 potest
3289 2068 3473 2149 quis-
3500 2086 3609 2131 nffl.
3634 2099 3674 2129 e.
3698 2087 3767 2129 ιι.

363 2204 566 2270 quam
612 2186 894 2268 gratiam
943 2186 1067 2249 Dei
1113 2187 1430 2269 accipere,
1463 2186 1593 2249 nisi
1641 2187 1961 2269 purgatus
2004 2185 2206 2250 fuerit
2240 2185 2325 2249 ab
2368 2186 2552 2249 omni
2598 2186 2863 2268 peccato
2908 2203 3026 2267 per
3069 2186 3471 2267 poenitentiae

365 2303 853 2368 confessionem
889 2304 956 2367 et
989 2320 1108 2384 per
1133 2302 1573 2384 Baptismum.
1609 2302 1776 2365 Item
1805 2300 2271 2382 Augustinus.
2302 2301 2497 2383 Agite
2524 2302 2976 2383 poenitentiam
3014 2300 3231 2383 qualis
3256 2300 3475 2381 agitur
3501 2322 3611 2377 Aug.
3618 2318 3770 2363 Semo

363 2421 434 2482 ιιι
479 2418 798 2483 Ecclesia.
837 2418 1050 2482 Nemo
1089 2418 1266 2480 dicat
1311 2416 1463 2495 sibi,
1503 2416 1774 2481 Occulte
1820 2433 1968 2498 ago,
2010 2418 2171 2498 quia
2214 2417 2392 2499 apud
2426 2417 2643 2481 Deum
2688 2434 2849 2499 ago3
2890 2417 3077 2479 novit
3110 2416 3315 2494 DeuS,
3354 2415 3471 2497 qui
3502 2386 3645 2435 Μ’
3650 2413 3662 2426 “

363 2536 530 2599 mihi
567 2534 876 2616 ignoscit,
907 2535 1068 2615 quia
1103 2534 1172 2595 in
1209 2533 1403 2597 corde
1431 2550 1578 2613 ago.
1609 2534 1784 2614 Ergo
1822 2533 1967 2597 sine
2012 2550 2211 2596 causa
2245 2533 2497 2597 dictum
2528 2534 2675 2596 est:
2710 2533 2871 2606 Quae
2907 2531 3239 2597 solveritis
3273 2548 3475 2612 super
3528 2552 3635 2660 :v-
3638 2552 3729 2595 ιιι.

363 2652 632 2728 terram,
677 2650 896 2713 soluta
941 2652 1136 2713 erunt
1173 2649 1241 2712 et
1284 2649 1351 2711 in
1389 2648 1596 2712 coelis.
1645 2649 1821 2729 Ergo
1869 2650 2013 2713 sine
2063 2665 2261 2712 causa
2308 2648 2523 2713 claves
2570 2650 2741 2712 datae
2792 2648 2999 2711 sunt?
3044 2631 3553 2710 Frustramus”
3570 2630 3614 2665 '¹'
3584 2618 3702 2659 '¹⁸'

363 2782 520 2848 ergo
557 2765 834 2830 verbum
871 2764 1138 2829 Christi.
1179 2764 1308 2829 Job
1343 2764 1560 2827 dicit:
1601 2764 1673 2829 Si
1719 2764 1952 2829 erubui
1990 2766 2061 2828 in
2095 2766 2449 2847 conspectu
2496 2764 2725 2847 populi
2762 2766 3029 2846 peccata
3074 2780 3222 2827 mea
3266 2762 3469 2825 confi·
3494 2778 3683 2821 auom·
3686 2777 3767 2824 ³³.

363 2883 508 2945 teri.
543 2883 716 2946 Item
748 2878 1189 2944 Ambrosius:
1223 2880 1520 2944 venialis
1555 2882 1658 2944 est
1691 2880 1886 2963 culpa
1921 2898 2120 2963 quam
2157 2880 2457 2961 sequitur
2490 2880 2817 2943 confessio
2853 2880 3264 2944 delictorum.
3294 2878 3464 2941 Item
3536 2892 3681 2936 Ambr.
3711 2890 3767 2933 «ι.

3498 2954 3693 2999 Par-dis.

360 2996 778 3077 Augustinus
813 3014 1016 3079 super
1058 2996 1250 3059 illum
1288 2996 1532 3076 locum,
1573 2996 1722 3061 Non
1759 2995 2104 3060 absorbeat
2139 3014 2247 3060 me
2286 2996 2715 3077 profundum,
2758 3013 2969 3078 neque
3004 2996 3235 3077 urgeat
3268 3011 3467 3077 super
3494 3021 3563 3062 τι.

361 3133 470 3180 me
507 3114 750 3195 puteus
788 3131 864 3176 os
903 3129 1153 3176 suum.
1185 3111 1436 3175 Puteus
1478 3112 1575 3176 est
1612 3110 2030 3193 profunditas
2071 3111 2463 3193 iniquitatiS‚
2506 3113 2577 3175 ιιι
2612 3129 2815 3194 quam
2857 3112 2915 3176 si
2960 3110 3292 3190 cecideriS,
3332 3127 3465 3174 non
3500 3080 3601 3188 ,ξι
3626 3092 3705 3122 ¹³

363 3231 622 3295 claudet
667 3247 868 3311 super
911 3231 1026 3358 te·
1021 3245 1098 3291 os
1148 3244 1370 3305 suum,
1403 3229 1461 3290 si
1499 3231 1572 3291 tu
1615 3244 1746 3289 non
1799 3227 2052 3291 claudis
2102 3244 2179 3292 os
2220 3231 2436 3291 tuum.
2482 3228 2805 3293 Confitere
2852 3245 3007 3310 ergo
3052 3229 3119 3292 et
3140 3227 3325 3358 'dicz
3366 3227 3465 3290 De
3494 3209 3563 3376 ἐξ
3548 3207 3766 3318 ²¹2ng

362 3464 566 3527 fundo
609 3462 1030 3526 contemnit.
1071 3478 1110 3523 a
1146 3477 1280 3542 quo
1327 3461 1614 3538 mortuo,
1653 3460 1838 3524 velut
1877 3459 1992 3541 qui
2035 3478 2168 3524 non
2212 3461 2323 3540 sit,
2362 3461 2535 3541 perit
2568 3459 2919 3523 confessio.
2958 3459 3185 3523 Item.
3224 3459 3467 3522 Nullus
3494 3459 3629 3501 Pm-
3648 3468 3747 3498 ”¹¹¹

360 3579 596 3645 debitae
642 3577 968 3658 gravioris
1021 3593 1232 3658 poenae
1287 3575 1526 3657 accipit
1571 3575 1858 3654 veniam,
1907 3575 2038 3639 nisi
2088 3576 2661 3656 qualemcumque,
2714 3576 2835 3638 etsi
2892 3574 3084 3655 longe
3140 3575 3465 3638 minorem
3496 3526 3659 3638 ει’-Α·ιε
3685 3583 3759 3626 d·

359 3713 558 3776 quam
598 3693 856 3771 debeat,
896 3692 1170 3756 solverit
1205 3709 1519 3774 poenam:
1554 3692 1648 3754 ita
1683 3691 1862 3754 enim
1901 3691 2276 3772 impertitur
2311 3709 2349 3754 a
2386 3693 2526 3755 Deo
2566 3691 2833 3771 largitas
2870 3647 3743 3770 misericordiae,ut‘.³.⁰'1⁸{'.⁰⁸⁰⁸

359 3828 488 3874 ιιοιι
539 3809 952 3890 relinquatur
996 3807 1259 3888 Justitia
1305 3807 1694 3890 disciplinae.
1737 3807 1906 3870 Item
1951 3807 2403 3887 Hieronymus
2443 3825 2458 3867 :
2506 3806 2636 3880 Qui
2682 3808 2982 3888 peccator
3028 3807 3151 3887 est,
3198 3807 3466 3888 plangat
3509 3826 3763 3871 nimi-210

360 3928 597 3992 delicta
637 3925 906 4008 propria
941 3925 1048 3988 vel
1088 3924 1344 4006 populi,
1387 3925 1452 3987 et
1491 3923 1896 4005 ingrediatur
1941 3922 2308 4003 ecclesiam,
2349 3923 2429 3986 de
2471 3939 2602 4004 qua
2641 3924 2909 4004 propter
2950 3924 3217 4004 peccata
3254 3923 3466 3987 fuerat
3493 3891 3577 3942 ὼ·
3599 3894 3663 3934 ¹³·

363 4059 687 4124 egressu8‚
721 4042 786 4105 et
824 4041 1111 4104 dormiat
1147 4040 1216 4102 in
1254 4055 1466 4120 saccO,
1501 4040 1576 4101 ut
1611 4037 1977 4119 praeteritas
2013 4038 2283 4102 delicias
2318 4055 2434 4120 per
2464 4055 2630 4120 quas
2656 4038 2873 4102 Deum
2904 4039 3285 4119 offenderat,
3309 4041 3463 4104 vitae

362 4159 744 4222 austeritate
782 4159 1184 4239 compenset.
1215 4190 1307 4202 —
1342 4155 1468 4218 His
1505 4155 1784 4236 aliisque
1815 4153 2317 4218 auctoritatibus
2352 4156 2655 4219 nituntur
2689 4174 3001 4238 asserere,
3031 4157 3175 4221 sine
3212 4156 3465 4221 confes-

363 4274 549 4339 sione
594 4275 780 4339 vocis
825 4275 892 4337 et
935 4273 1158 4354 aliqua
1201 4272 1531 4336 solutione
1578 4288 1811 4353 poenae,
1852 4271 2187 4335 neminem
2234 4288 2274 4338 a
2319 4275 2583 4353 peccato
2630 4273 2956 4337 mundari.

1019 4505 1097 4569 B.
1147 4509 1282 4570 Cui
1323 4507 1706 4570 sententia»
1744 4507 1994 4580 potius
2038 4507 2639 4570 consentiendum
2682 4509 2801 4571 stt.

491 4721 668 4796 Quid
706 4737 862 4801 ergo
901 4737 1102 4803 super
1137 4720 1244 4783 his
1281 4718 1722 4798 sentiendum,
1763 4717 1926 4800 quid
1961 4717 2319 4782 tenendum
2340 4717 2372 4780 ἱ)
2423 4718 2593 4782 Sane
2639 4719 2768 4782 dici
2811 4721 3053 4801 potest,
3098 4723 3277 4803 quod
3322 4723 3463 4787 sine

356 4837 770 4902 confessione
807 4837 944 4901 oris
981 4838 1047 4900 et
1076 4835 1408 4900 solutione
1447 4853 1656 4916 poenae
1699 4835 2066 4916 exterioriS‚
2099 4837 2367 4917 peccata
2407 4834 2708 4900 delentur
2745 4854 2864 4917 per
2900 4838 3361 4903 contritionem
3398 4841 3465 4904 et

355 4955 804 5018 humilitatem
843 4953 1080 5017 cordis.
1115 4955 1216 5016 Ex
1252 4970 1386 5035 quo
1424 4953 1602 5016 enim
1639 4953 1949 5034 proponit
1985 4955 2204 5016 mente
2234 4955 2627 5034 compuncta
2662 4971 2733 5017 se
2769 4954 3251 5036 confessurum,
3282 4956 3464 5020 Deus

355 5070 632 5134 dimittit
663 5089 679 5131 t
713 5071 871 5151 quia
899 5069 992 5134 ibi
1031 5070 1130 5133 est
1159 5069 1484 5133 confessio
1523 5068 1762 5148 cordiS,
1797 5069 1918 5133 etsi
1956 5085 2090 5132 non
2127 5070 2285 5148 oris,
2318 5087 2435 5150 per
2466 5087 2667 5151 quam
2696 5069 2919 5134 anima
2954 5071 3231 5136 interius
3268 5089 3462 5136 mun-

358 5185 550 5249 datur
584 5204 625 5249 a
653 5185 914 5249 macula
940 5187 1007 5249 et
1037 5186 1422 5266 contagione
1451 5184 1701 5267 peccati
1739 5185 2102 5265 commissi,
2136 5188 2203 5249 et
2228 5185 2521 5250 debitum
2555 5187 2815 5250 aeternae
2846 5188 3079 5250 mortis
3106 5187 3457 5252 relaxatur.

357 5299 478 5365 Illa
513 5318 668 5383 ergo
697 5319 846 5382 quae
883 5301 1190 5384 superius
1225 5301 1400 5364 dicta
1436 5303 1593 5364 sunt
1627 5301 1708 5365 de
1747 5301 2157 5368 confessione
2186 5305 2251 5366 et
2286 5303 2693 5384 poenitentia,
2728 5301 2830 5366 vel
2868 5302 2952 5366 ad
2978 5303 3461 5368 confessionem
