4267 6250
753 488 877 555 406

1415 506 1482 553 m
1518 505 1741 553 Lunum
1781 506 1845 552 lv
1883 504 2368 551 summm.
2408 522 2490 533 —
2528 504 2683 552 ms'r.
2726 504 2849 569 xv3
2892 504 3119 561 QUAEST.
3156 506 3220 551 tv

756 678 810 741 si
844 678 1131 742 invenire
1172 685 1446 761 nequeat
1474 677 1660 759 cujus
1701 677 1805 752 sit,
1838 676 2128 739 restituat
2158 675 2251 737 illi
2282 674 2335 739 A
2362 675 2521 738 titur
2566 683 2757 758 atque
2805 676 3121 738 innititur.
3170 710 3253 721 —
3298 674 3443 738 Haec
3486 673 3863 737 Richardus.

755 778 859 840 cui
905 776 1223 840 incumbit
1261 795 1413 839 cura
1455 776 1547 839 rei
1590 774 1884 859 publicae.

833 876 1056 939 Adhuc
1105 874 1432 958 quaeritur,
1483 881 1700 936 utrum
1755 875 1946 937 homo
1999 880 2256 935 tenetur

753 974 1088 1037 restituere
1135 992 1210 1036 ea
1251 992 1394 1056 quae
1437 973 1717 1035 lucratus
1766 979 1862 1034 est
1908 989 2025 1055 per
2071 971 2255 1033 ludos

755 1070 1130 1154 prohibitos,
1183 1070 1450 1133 Videtur
1504 1070 1676 1153 quod
1735 1087 1885 1143 non,
1947 1068 2253 1151 quoniam

755 1169 1194 1233 meretricium
1243 1168 1446 1249 magis
1494 1167 1892 1251 prohibitum
1948 1185 2020 1229 ac
2069 1166 2254 1228 vitio-

756 1287 900 1331 sum
944 1267 1235 1330 consistit
1281 1286 1474 1349 quam
1522 1265 1892 1347 hujusmodi
1941 1265 2111 1344 ludi3
2145 1265 2253 1327 sed

759 1366 1062 1428 meretrix
1112 1382 1240 1428 non
1289 1372 1541 1427 tenetur
1589 1364 1923 1427 restituere
1975 1363 2254 1445 pretium

759 1464 1045 1547 corporis
1075 1464 1176 1525 sui
1210 1480 1224 1525 ε
1259 1480 1410 1544 ergo
1447 1481 1567 1525 nec
1607 1463 1780 1526 lusor
1809 1462 2116 1525 lucratam
2148 1480 2256 1543 pe-

757 1564 1034 1625 cuniam.
1068 1562 1225 1625 Item
1266 1562 1436 1644 quod
1477 1568 1864 1624 torneatores
1904 1560 1973 1622 in
2015 1568 2258 1623 tornea-

759 1662 994 1724 mentis
1027 1662 1376 1735 lucrantur,
1411 1660 1744 1723 restituere
1774 1677 1900 1721 non
1931 1665 2253 1731 tenentur,

757 1759 1114 1822 secundum
1165 1758 1352 1840 leges.
1391 1758 1462 1820 ln
1516 1758 1904 1819 contrarium
1953 1764 2071 1831 est,
2103 1757 2257 1839 quia

2443 775 2632 838 Porro
2664 774 2903 857 scripta
2938 774 3181 837 Alberti
3222 774 3301 837 de
3339 773 3760 845 restitutione,
3794 772 3867 833 in

2364 871 2732 955 praehabitis
2781 871 2996 935 verbis
3048 872 3305 935 Thomae
3352 870 3533 953 quasi
3586 870 3871 933 totaliter

2365 970 2789 1034 continentur.
2840 970 3072 1052 Aliqua
3116 978 3330 1033 tamen
3380 976 3647 1051 possunt
3689 968 3863 1030 addi.

2362 1067 2698 1132 Restitutio
2742 1068 3008 1151 (inquit)
3056 1068 3219 1131 bene
3277 1067 3606 1142 definitur,
3657 1085 3867 1149 quum

2365 1167 2602 1229 dicitur
2634 1185 2649 1229 :
2683 1167 3021 1230 Restitutio
3058 1174 3156 1229 est
3196 1166 3288 1230 rei
3330 1165 3555 1229 ablatae
3592 1165 3870 1227 redditio

2366 1265 2468 1328 vel
2518 1265 3043 1347 recompensatio.
3081 1264 3381 1328 Ablatum
3430 1282 3707 1347 namque
3753 1272 3873 1325 aut

2366 1363 2724 1426 restituitur
2753 1364 2923 1426 idem
2953 1381 3243 1437 numero,
3278 1371 3342 1426 et
3367 1371 3521 1425 tunc
3545 1362 3873 1441 redditur3

2366 1469 2475 1523 aut
2505 1462 2570 1524 in
2600 1461 3027 1544 aequivalenti,
3048 1470 3111 1523 et
3139 1469 3292 1524 tunc
3324 1466 3867 1541 recompensatur.

2367 1560 2691 1640 Contingit
2732 1577 2884 1641 ergo
2926 1559 3269 1642 dupliciter
3312 1558 3595 1621 reddere.
3630 1557 3872 1630 Primo,

2366 1657 2710 1719 secundum
2738 1656 2932 1719 ablati
2963 1656 3244 1719 valorem
3268 1664 3366 1719 :et
3394 1656 3481 1717 ita
3510 1656 3674 1719 fama
3699 1654 3879 1717 abla-

2366 1760 2431 1817 ta
2468 1763 2660 1837 atque
2688 1754 3021 1835 virginitas
3060 1754 3314 1830 violata,
3346 1753 3594 1817 restitui
3629 1772 3875 1836 neque-

756 1857 837 1920 ab
879 1857 1004 1920 alio
1041 1856 1243 1939 repeti
1289 1873 1415 1919 non
1462 1862 1670 1938 potest
1711 1855 1882 1938 quod
1928 1854 2038 1917 ille
2077 1854 2256 1918 resti·
2290 1856 2339 1919 B
2371 1860 2504 1915 unt.
2552 1853 2865 1927 Secunde,
2916 1871 3112 1935 penes
3168 1852 3669 1935 acceptationem
3722 1851 3875 1933 ejus

755 1964 935 2019 tuere
977 1974 1106 2020 non
1149 1963 1432 2034 tenetur3
1465 1955 1576 2018 sed
1620 1955 1994 2017 secundum·
2023 1953 2254 2016 consti-

757 2056 1072 2118 tutionem
1109 2053 1386 2118 Graecam
1425 2069 1638 2137 ‘usque
1675 2054 1753 2115 ad
1792 2053 2259 2136 quinquaginta

757 2171 956 2217 annos
988 2152 1188 2235 repeti
1221 2159 1430 2234 potest
1458 2152 1628 2234 quod
1661 2152 1726 2213 in
1759 2151 1909 2214 ludo
1939 2151 2256 2213 amittitur

757 2252 1060 2315 alearum.
1109 2286 1191 2297 —-
1232 2250 1608 2323 Dicendum,
1653 2250 1823 2331 quod
1871 2248 2071 2331 aliqui
2121 2248 2257 2311 ludi

757 2354 911 2413 'sunt
938 2350 1026 2410 ita
1054 2347 1382 2432 prohibiti,
1417 2348 1587 2431 quod
1629 2365 1754 2411 non
1784 2346 2048 2428 jubetur
2081 2346 2259 2409 resti-

755 2448 852 2510 tui
893 2447 957 2509 id
1001 2447 1171 2530 quod
1216 2446 1501 2509 lucratur
1541 2446 1734 2508 homo
1777 2446 2130 2508 secundum
2173 2445 2259 2507 le-

755 2564 903 2629 gem
944 2545 1240 2609 ludorum
1283 2545 1562 2619 illorum,
1598 2552 1669 2605 ut
1700 2550 2157 2617 torneamenta,
2192 2543 2257 2605 in

757 2643 992 2726 quibus
1023 2642 1194 2726 quod
1233 2643 1378 2725 quis
1420 2642 1723 2716 lucratur,
1756 2641 2091 2704 restituere
2132 2658 2259 2704 non

753 2748 1031 2815 tenetur,
1073 2741 1366 2823 quamvis
1415 2747 1638 2822 peccet
1686 2738 2039 2802 mortaliter
2086 2757 2261 2801 exer-

757 2839 959 2902 cendo
1000 2838 1223 2900 ludum
1254 2837 1333 2900 ab
1365 2838 1649 2900 Ecclesia
1673 2844 1805 2898 tam
1843 2836 2259 2899 vehementer

759 2934 1179 3019 prohibitum,
1205 2936 1293 2997 ita
1321 2942 1394 2998 ut
1422 2942 1676 2997 careant
1702 2933 2134 2997 ecclesiastica
2164 2952 2257 2997 se-

2371 1950 2473 2013 cui
2506 1950 2788 2013 ablatum
2820 1958 2917 2014 est
2943 1950 3186 2033 aliquid
3220 1968 3233 2013 :
3268 1970 3411 2033 quae
3446 1950 3763 2014 restitutio
3790 1950 3877 2012 rit

2364 2050 2547 2131 juxta
2586 2049 2923 2112 arbitrium
2954 2050 3239 2112 virorum
3282 2049 3621 2123 bonorum,
3652 2057 3718 2112 et
3746 2050 3876 2111 hoc

2367 2148 2447 2211 fit
2494 2147 3023 2231 quotiescumque
3070 2148 3321 2211 debitor
3358 2147 3514 2211 facit
3553 2148 3874 2230 quidquid

2370 2253 2577 2329 potest
2603 2246 2683 2309 ad
2714 2246 3236 2309 satisfaciendum
3278 2247 3457 2325 laeso3
3490 2252 3554 2309 et
3590 2246 3725 2309 sive
3765 2246 3873 2309 lae-

2368 2364 2477 2407 sus
2520 2353 2675 2407 tunc
2718 2345 3019 2419 remittat,
3052 2345 3189 2408 sive
3227 2363 3377 2419 non,
3412 2344 3616 2408 nihilo
3653 2344 3875 2407 minus

2368 2450 2711 2507 excusatur
2737 2443 2848 2526 qui
2879 2442 3157 2517 abstulit,
3173 2460 3388 2506 eoram
3419 2443 3565 2506 Deo.
3583 2442 3873 2525 Denique

2369 2542 2587 2604 clerici
2618 2548 2682 2604 et
2712 2541 2971 2624 quidam
3002 2541 3663 2622 religiosi,suadentes
3694 2541 3873 2624 prin-

2368 2639 2623 2722 cipibus
2669 2640 2875 2703 licitas
2922 2659 3063 2704 esse
3107 2641 3415 2723 quasdam
3464 2641 3872 2723 acceptiones

2368 2758 2511 2821 quae
2540 2756 2761 2801 revera
2790 2739 3045 2819 injustae
3081 2746 3253 2813 sunt,
3284 2740 3364 2802 ad
3400 2740 3871 2803 restitutionem

2367 2844 2714 2899 tenentur:
2749 2837 3289 2918 quemadmodum
3331 2838 3525 2901 etiam
3574 2838 3871 2901 consilia-

2367 2933 2447 2996 rii
2481 2933 2682 3016 pravi,
2714 2935 2827 3016 qui
2858 2934 3057 2998 instar
3085 2936 3485 3018 Achitophel,
3505 2936 3872 3018 excogitant

760 3034 1018 3117 pultura
1065 3033 1260 3095 occisi
1319 3033 1386 3095 in
1437 3032 1567 3095 illo.
1621 3032 1744 3095 Alii
1793 3040 1943 3094 sunt
1991 3033 2125 3095 ludi
2174 3033 2259 3095 ita
2294 3036 2337 3099 C
2368 3032 2576 3095 varios
2608 3032 2826 3096 modos
2864 3034 3283 3115 extorquendi
3324 3041 3388 3096 et
3422 3033 3753 3097 auferendi
3782 3033 3867 3096 ab

760 3131 1092 3215 prohibiti,
1143 3131 1312 3213 quod
1361 3130 1732 3213 praecipitur
1779 3130 2027 3193 restitui
2087 3131 2257 3213 quod

760 3231 952 3294 homo
997 3229 1280 3291 lucratur
1319 3247 1466 3292 cum
1506 3229 1620 3303 eiS,
1655 3236 1726 3290 ut
1757 3228 1944 3292 ludus
1975 3229 2257 3291 alearum

759 3336 823 3392 et
861 3326 1246 3391 taxillorum.
1286 3327 1422 3390 Non
1465 3334 1676 3389 tamen
1723 3326 2118 3408 prohibitum
2163 3335 2259 3390 est

758 3426 979 3489 ludere
1017 3443 1144 3488 non
1187 3444 1263 3488 ex
1303 3424 1652 3507 cupiditate
1681 3432 1746 3487 et
1774 3442 1892 3507 pro
1930 3425 2259 3488 communi

757 3523 1072 3588 convivio.
1106 3524 1324 3606 ltaque
1363 3523 1724 3586 eommunis
1758 3530 1946 3605 atque
1977 3523 2261 3586 sccurior

753 3623 861 3687 via
889 3629 1006 3696 est,
1038 3622 1205 3704 quod
1237 3639 1314 3684 eo
1345 3621 1485 3703 ipso
1514 3639 1642 3704 quo
1673 3621 1862 3683 ludus
1891 3621 2259 3684 taxillorum

756 3720 1118 3804 prohibitus
1147 3727 1264 3794 est,
1298 3720 1490 3782 homo
1529 3719 1670 3801 ipso
1705 3719 1850 3800 jure
1880 3726 2134 3782 tenetur
2164 3738 2259 3782 re-

756 3818 1021 3882 stituere
1051 3817 1220 3900 quod
1266 3817 1378 3880 tali
1421 3817 1573 3880 ludo
1612 3817 1894 3880 lucratus
1933 3825 2074 3879 est:
2112 3819 2262 3898 quia

757 3934 886 3980 non
953 3924 1199 3978 tantum
1265 3914 1642 3998 prohibetur
1699 3915 1808 3978 ille
1876 3915 2086 3990 ludus,
2150 3917 2259 3979 sed

759 4015 952 4078 etiam
996 4013 1336 4097 acquisitio
1387 4013 1549 4076 lucri
1598 4033 1714 4096 per
1759 4013 1952 4076 talem
2009 4014 2255 4077 ludum.

760 4113 940 4178 Ratio
968 4114 1232 4176 demum
1273 4112 1444 4194 quod
1476 4112 1646 4192 leges
1677 4111 1889 4193 potius
1919 4111 2263 4194 prohibent

2368 3129 2533 3204 aliia,
2566 3129 2852 3193 volentes
2897 3131 3149 3213 placere
3197 3131 3414 3213 impiis
3462 3129 3868 3213 principibus

2367 3245 2441 3289 ac
2489 3227 2816 3310 tyrannis3
2866 3228 3181 3292 emissarii
3228 3245 3485 3311 quoque
3530 3227 3642 3310 qui
3688 3247 3871 3292 exse-

2370 3332 2656 3406 quuntur
2694 3325 2865 3407 quod
2906 3325 3161 3388 illorum
3202 3325 3471 3389 consilio
3508 3333 3744 3388 norunt
3772 3325 3869 3388 in-

2367 3422 2541 3503 juste
2582 3441 2723 3485 esse
2764 3423 3093 3486 dictatum.

2452 3520 2691 3584 Deinde
2739 3522 2969 3603 quaerit
3014 3521 3120 3583 hic
3168 3522 3407 3595 doctor,
3438 3522 3594 3604 quid
3640 3521 3871 3584 debeat

2372 3619 2639 3682 restitui.
2666 3620 2865 3693 Quam
2894 3620 3310 3702 quaestionem
3342 3620 3499 3682 dicit
3526 3639 3667 3684 esse
3696 3619 3873 3684 diffi-

2370 3717 2582 3792 cilem,
2617 3718 2911 3799 ponendo
2942 3735 3125 3781 casus
3155 3719 3235 3782 dc
3267 3718 3642 3782 diffamante
3670 3727 3735 3782 et
3771 3738 3869 3782 se-

2370 3815 2546 3877 mina
2575 3814 2984 3890 suffodiente,
3018 3834 3130 3879 seu
3162 3817 3443 3899 aliquem
3477 3817 3869 3899 impediente

2369 3933 2406 3976 a
2452 3915 2902 3977 consecutione
2948 3915 3223 3996 alicujus
3271 3915 3623 3998 spiritualis
3670 3935 3870 3980 saecu-

2369 4010 2599 4074 larisve
2642 4011 2813 4076 boni.
2861 4013 2955 4075 Ad
3005 4032 3145 4095 quae
3194 4013 3535 4096 respondet
3578 4014 3746 4076 sicut
3788 4033 3869 4077 ex

2370 4109 2608 4173 Thoma
2638 4128 3016 4193 responsum
3056 4118 3175 4184 est,
3207 4118 3269 4174 et
3307 4111 3501 4186 addit,
3534 4113 3701 4194 quod
3732 4129 3869 4174 om-

762 4212 988 4274 ludum
1037 4210 1320 4273 alearum
1374 4228 1566 4291 quam
1613 4216 2070 4284 torneamenta,
2113 4217 2209 4273 est
2242 4227 2256 4272 :
2291 4215 2340 4277 D
2371 4227 2452 4270 ne
2500 4207 2660 4269 illud
2708 4207 2990 4270 ablatum
3039 4215 3137 4270 est
3184 4209 3650 4272 restituendum
3696 4211 3869 4292 quod

765 4310 915 4393 quia
946 4310 1010 4371 in
1042 4309 1192 4371 ludo
1233 4309 1657 4372 torneamenti
1687 4316 1837 4370 sunt
1875 4309 2062 4371 multi
2094 4309 2261 4372 labo-

761 4427 864 4471 res
914 4407 1024 4490 qui
1085 4413 1407 4469 macerant
1464 4424 1722 4469 carnem
1768 4413 1831 4468 et
1877 4425 1914 4468 a
1963 4406 2259 4489 turpibus

760 4507 1114 4580 retrahunt,
1133 4512 1198 4568 et
1223 4512 1586 4568 torneantes
1625 4512 1924 4568 exercent
1954 4523 2044 4580 se,
2065 4524 2139 4568 ac
2166 4525 2261 4568 ar-

758 4611 891 4668 tem
917 4601 1166 4666 militiae
1193 4600 1450 4663 discunt
1479 4618 1596 4682 pro
1625 4600 1998 4665 defensione
2027 4602 2119 4665 rei
2147 4622 2261 4685 pu-

757 4702 942 4766 blicae
961 4719 978 4781 ;
1012 4701 1123 4764 sed
1155 4698 1432 4783 propter*
1451 4697 1688 4761 abusus
1733 4700 2258 4781 supervenientes

753 4810 820 4864 et
849 4799 1255 4863 crudelitates
1286 4806 1350 4861 et
1377 4797 1688 4862 vanitates
1719 4817 2018 4873 annean,
2042 4800 2257 4862 Eccle-

752 4899 848 4963 sia
878 4899 1104 4962 ludum
1134 4896 1320 4960 illum
1353 4896 1640 4960 districte
1669 4896 2257 4980 rationabiliterque

753 4995 1103 5080 prohibuit.
1139 4996 1353 5058 Ludus
1393 5003 1606 5058 autem
1643 4996 2010 5059 taxillorum
2049 4997 2253 5059 otium

753 5095 977 5167 nutrit,
1029 5102 1094 5158 et
1141 5094 1420 5176 plurima
1469 5094 1636 5156 mala
1682 5093 1875 5158 habet
1930 5094 2251 5175 adjuncta,

756 5211 875 5256 nec
917 5192 1160 5275 aliquid
1205 5192 1362 5255 utile
1405 5191 1495 5254 ibi
1535 5191 1904 5267 addiscitur,
1945 5199 2011 5256 et
2047 5199 2253 5255 totum

757 5290 1134 5353 exercitium
1194 5289 1328 5352 ludi
1390 5289 1564 5352 illius
1626 5290 1893 5355 fortunae
1954 5291 2250 5354 commit·

2372 4324 2520 4368 cum
2552 4305 2768 4368 dolore
2797 4306 3134 4381 amittitur,
3151 4314 3217 4369 et
3246 4325 3395 4369 cum
3424 4306 3867 4382 delectatione,

2370 4402 2645 4468 utilitate
2673 4412 2784 4467 aut
2821 4405 3151 4468 honestate
3192 4406 3575 4487 possidetur,
3608 4425 3873 4489 praeser-

2368 4502 2485 4564 tim
2518 4501 2704 4583 cujus
2732 4502 2967 4567 ablatio
2993 4511 3105 4566 aut
3139 4503 3476 4568 minoratio
3515 4504 3593 4566 ad
3623 4503 3873 4588 vitupe-

2370 4600 2539 4662 rium
2598 4600 2875 4682 pertinet
2922 4602 3024 4664 vel
3083 4602 3160 4665 ad
3220 4602 3549 4664 damnum.
3601 4601 3871 4666 Auferre

2369 4716 2521 4762 vero
2560 4699 2795 4761 famam
2831 4700 2894 4762 in
2934 4700 3035 4762 his
3075 4720 3216 4783 quae
3256 4708 3547 4783 spectant
3584 4702 3663 4764 ad
3694 4702 3871 4765 vani-

2367 4804 2587 4871 tatem,
2607 4815 2734 4861 non
2766 4805 3064 4861 censetur
3094 4807 3452 4880 peccatum,
3473 4818 3593 4862 nec
3622 4801 3870 4864 satissa-

2369 4895 2647 4959 ctionem
2676 4897 2965 4979 requirit.
3000 4897 3070 4960 In
3100 4897 3352 4972 ceteriS,
3386 4898 3553 4960 sicut
3566 4899 3647 4960 ’in
3680 4899 3871 4962 dictis

2369 4994 2429 5056 S.
2473 4994 2729 5057 Thomae
2779 4995 3112 5058 inductum
3155 5005 3269 5059 est.

2448 5093 2695 5175 Scripta
2734 5111 2885 5158 vero
2915 5094 3171 5158 Thomae
3218 5094 3297 5158 de
3333 5095 3680 5177 Argentina
3718 5114 3869 5159 eon-

2365 5199 2593 5255 sonant
2637 5211 2751 5274 per
2796 5192 3015 5256 omnia
3060 5192 3469 5275 praeinductis
3518 5212 3597 5258 ex
3645 5203 3867 5258 sancto

2359 5290 2625 5354 Doctore
2654 5298 2718 5354 et
2753 5291 3067 5355 Richardo
3104 5291 3182 5354 de
3222 5291 3620 5374 Mediavilla3
3652 5301 3717 5356 et
3752 5294 3863 5356 ad-

3912 2952 3954 2994 ΙΙ
3972 2953 4229 3009 Reqaw,

3898 3018 4053 3059 πεί-23
4070 3034 4084 3070 ;
4106 3030 4229 3067 ιτιι.

3899 3080 4011 3121 1-3.

3898 4131 4041 4182 pm?
4050 4129 4213 4177 ffers.
