4267 6250
1085 492 1364 540 muron
1403 489 1870 540 msrmcnouuu
1907 491 2070 538 mnu
2109 492 2175 538 tv
2214 490 2679 538 snm-sunamiti
3356 471 3425 536 11

335 663 491 728 Quod
515 679 624 720 nec
653 660 944 722 unitatem
971 661 1155 737 ipsius
1181 660 1352 728 tollit,
1374 660 1514 737 quia
1539 663 1649 720 sub
1675 664 1831 720 utra·
1855 659 1908 724 Α
1937 660 2049 718 rito
2089 660 2501 728 consecrantis,
2530 663 2633 720 sed
2675 661 2736 720 in
2769 663 2945 721 verbo
2984 661 3234 720 efficitur
3272 662 3436 720 Crea-

333 769 438 826 que
463 751 656 825 specie
685 756 878 810 totum
907 753 1180 812 sumitur.
1212 753 1410 825 Neque
1435 769 1571 810 vero
1601 754 1671 810 de
1699 750 1831 808 aliis

333 841 668 900 substantiis
715 859 897 916 quam
946 842 1114 916 panis
1151 845 1209 900 et
1249 842 1368 899 vini
1415 842 1622 900 confici
1661 841 1832 900 debet

330 935 427 988 aut
451 935 658 1005 potest.
681 932 787 990 Cui
813 935 1014 990 tamen
1042 931 1178 989 vino
1205 948 1360 1004 aqua
1393 931 1698 990 miscenda
1723 935 1827 996 est,

328 1023 400 1079 ad
427 1022 712 1080 unionem
743 1021 944 1095 populi
973 1039 1107 1081 cum
1139 1022 1328 1095 capite
1356 1021 1586 1078 Christo
1613 1021 1833 1096 signiti-

329 1113 597 1169 candam.
635 1113 708 1168 Et
743 1110 984 1184 quidem
1029 1111 1330 1185 discipulis
1370 1111 1630 1169 Christus
1675 1127 1831 1168 mor·

329 1203 438 1260 tale
481 1205 542 1258 et
587 1201 862 1275 passibile
908 1202 1106 1259 adhuc
1151 1219 1361 1274 corpus
1406 1202 1684 1269 tradidit;
1725 1217 1831 1258 nos

330 1294 520 1347 autem
559 1292 679 1349 tale
716 1291 888 1365 quale
925 1293 1102 1348 modo
1140 1294 1246 1356 est,
1286 1291 1625 1366 accipimus.
1665 1293 1830 1358 Quod

329 1395 434 1436 nec
469 1379 790 1437 intinctum
831 1380 892 1436 in
929 1379 1301 1454 sanguinem,
1333 1383 1436 1438 sed
1473 1379 1696 1438 siccum
1735 1398 1834 1454 po-

333 1469 464 1541 pulo
501 1469 660 1526 tradi
702 1471 890 1526 debet.

330 1583 602 1635 Mirificus
634 1599 822 1637 sermo
851 1599 1056 1648 panem
1087 1587 1342 1638 demutat
1368 1587 1424 1636 in
1454 1589 1633 1646 anus,

385 1656 610 1707 Audeat
641 1659 706 1708 ut
732 1655 940 1708 Christi
971 1671 1194 1710 sumere
1216 1672 1422 1724 corpus
1453 1657 1640 1710 homo.

785 1855 1210 1919 DISTINCTIO
1252 1855 1378 1918 XII.

351 1991 412 2054 Si
455 1999 672 2054 autem
719 1991 1030 2073 quaeritur
1069 1991 1148 2054 de
1187 1989 1648 2064 accidentibus,
1690 1995 1808 2052 etc.

455 2187 826 2243 CCIDENTIA
875 2185 1042 2259 panis
1088 2189 1145 2245 et
1185 2186 1306 2245 vini
1353 2187 1412 2244 in
1457 2188 1832 2244 Sacramento

473 2279 604 2349 post
627 2275 1128 2333 consecrationem
1157 2276 1542 2340 remanentia,
1555 2293 1674 2333 non
1699 2278 1836 2333 sunt

331 2365 389 2422 in
426 2383 668 2438 corpore
699 2365 928 2432 Christi,
961 2367 1118 2438 quod
1152 2365 1422 2424 videlicet
1455 2366 1676 2424 eisdem
1717 2382 1833 2423 non

333 2459 416 2512 est
453 2457 764 2522 affectum3
807 2471 914 2513 nec
949 2459 1087 2512 sunt
1129 2455 1188 2512 in
1237 2473 1386 2530 pane
1427 2459 1487 2513 et
1519 2454 1674 2520 vino,
1705 2473 1836 2529 quae

332 2551 470 2603 tunc
509 2562 620 2603 nec
660 2548 910 2608 exstant,
951 2547 1055 2603 sed
1097 2548 1255 2603 stant
1293 2545 1418 2603 sine
1459 2545 1736 2619 subjecto,
1768 2562 1834 2602 ea

333 2635 588 2709 potentia
625 2637 994 2701 sustentante
1030 2634 1254 2701 divina3
1293 2637 1602 2693 remanent
1638 2638 1834 2692 autem

333 2728 405 2783 ad
441 2724 707 2798 mysterii
745 2725 930 2782 ritum
969 2727 1027 2782 et
1055 2723 1191 2782 fidei
1229 2723 1574 2797 suffragium
1614 2741 1681 2781 ac
1719 2723 1838 2780 oris

333 2819 590 2888 gustum.
639 2815 720 2872 De
767 2813 1048 2872 fractione
1097 2817 1294 2872 autem
1342 2812 1526 2887 (salsis
1571 2812 1838 2871 refutatis

333 2904 733 2978 opinionibus)
774 2903 1110 2967 dicendum,
1142 2905 1300 2977 quod
1337 2920 1472 2960 vera
1507 2906 1596 2961 est
1633 2902 1836 2960 fractio

1936 751 2096 818 toris,
2140 753 2308 826 cujus
2354 751 2538 810 virtus
2582 754 2692 810 sub
2732 755 3071 827 tegumento
3114 750 3434 810 visibilium

1937 857 2158 908 rerum,
2190 841 2441 900 salutem
2490 843 2767 902 secretius
2816 835 3106 917 operatur.
3157 844 3229 900 At
3268 842 3439 916 juxta

1935 931 2193 1005 Magistri
2222 931 2590 998 sententiam,
2604 932 2911 990 haereticus
2930 933 3003 989 ab
3023 931 3277 990 Ecclesia
3296 948 3441 1006 prae-

1937 1021 2094 1079 cisus
2128 1023 2419 1087 sacerdos,
2451 1023 2733 1081 conticere
2776 1038 2893 1080 non
2936 1025 3139 1095 potest,
3170 1039 3239 1080 eo
3281 1025 3439 1096 quod

1939 1112 2157 1170 oblatio
2194 1112 2295 1170 illa
2332 1113 2396 1170 sst
2424 1130 2494 1171 ex
2534 1129 2782 1187 persona
2809 1112 3095 1180 Ecclesiae,
3126 1129 3160 1169 a
3187 1129 3304 1185 qua
3342 1113 3441 1170 ille

1941 1202 2162 1259 divisus
2190 1206 2293 1268 est,
2324 1205 2435 1260 etc.
2467 1203 2803 1260 Secundum
2834 1202 2979 1259 alios
3018 1205 3214 1260 autem
3246 1217 3443 1260 conse-

1940 1309 2104 1349 crare
2143 1295 2330 1364 potest
2364 1291 2689 1358 haereticus,
2718 1291 2869 1349 sicut
2901 1295 2958 1350 et
2989 1307 3191 1348 errans
3226 1290 3288 1349 in
3326 1292 3441 1350 flde

1939 1383 2120 1456 (quod
2165 1381 2443 1440 ultimum
2489 1385 2545 1440 et
2587 1381 2707 1454 ipse
2746 1381 3018 1456 Magister
3054 1381 3360 1455 concedit),
3390 1381 3439 1438 si

1940 1476 2027 1530 est
2053 1475 2343 1537 sacerdoS‚
2374 1475 2599 1530 servata
2636 1471 2844 1538 forma,
2876 1475 2933 1529 et
2961 1471 3269 1529 intendens
3297 1471 3443 1531 face·

1939 1579 2002 1620 re
2030 1564 2189 1634 quod
2218 1565 2275 1619 et
2301 1561 2401 1618 alii
2430 1560 2653 1619 faciunt
2680 1579 2782 1618 seu
2810 1561 3067 1618 Ecclesia
3105 1559 3259 1618 facit.
3294 1561 3443 1618 Dicit

1939 1651 2116 1709 etiam
2163 1650 2451 1725 Magister,
2502 1668 2537 1707 a
2583 1651 2770 1708 brutis
2822 1649 3181 1707 animalibus
3234 1667 3443 1723 corpus

1940 1738 2152 1796 Christi
2190 1756 2309 1796 non
2348 1739 2523 1806 sumi,
2554 1740 2731 1797 etiam
2762 1739 2811 1796 si
2840 1755 3073 1796 sumere
3102 1738 3441 1806 videantur3

1866 1822 1914 1885 B
1941 1831 2044 1888 sed
2074 1846 2182 1887 nec
2208 1830 2317 1886 hoc
2344 1830 2419 1886 ab
2449 1829 2579 1886 aliis
2603 1833 2849 1888 tenetur.
2870 1828 3216 1887 Haereticum
3245 1831 3443 1886 autem

1942 1919 2082 1976 facit
2120 1936 2297 1993 prava
2334 1918 2578 1977 intentio
2615 1919 2673 1976 in
2716 1917 3099 1992 intelligentia
3127 1918 3446 1992 Scriptura·

1941 2027 2106 2078 rum;
2138 2013 2197 2067 et
2231 2009 2553 2068 incurritur
2594 2009 2831 2066 haeresis
2876 2026 2944 2066 ex
2991 2009 3183 2066 verbis
3228 2009 3446 2066 inordi-

1943 2102 2076 2157 nate
2122 2099 2382 2172 prolatis.
2424 2099 2570 2156 Hinc
2618 2099 2927 2156 haereticus
2970 2101 3075 2164 est,
3115 2099 3441 2156 secundum

1942 2189 2356 2263 Augustinum,
2389 2189 2489 2262 qui
2527 2189 2778 2264 alicujus
2814 2188 3155 2263 temporalis
3182 2205 3445 2246 commo·

1943 2280 2003 2336 di
2041 2283 2100 2336 et
2135 2280 2399 2336 maxime
2435 2279 2634 2353 gloriae
2672 2278 3147 2352 principatusque
3184 2278 3274 2336 sui
3313 2296 3443 2353 gra-

1941 2368 2042 2433 tia,
2082 2367 2258 2426 falsas
2302 2385 2372 2426 ac
2417 2385 2595 2426 novas
2640 2367 2944 2441 opiniones
2992 2367 3181 2443 gignit
3214 2369 3304 2427 vel
3350 2385 3444 2426 se-

1944 2458 2161 2532 quitur.

1945 2574 2352 2628 Schismaticos
2386 2575 2601 2641 placuit
2634 2589 2743 2628 non
2784 2589 3119 2627 consecrare
3146 2575 3441 2638 Magistro,

2007 2647 2254 2713 Haeresis
2284 2651 2341 2698 et
2368 2649 2565 2714 captos
2591 2662 2735 2713 quos
2766 2646 2911 2698 male
2938 2645 3119 2700 suada
3146 2650 3315 2698 tenet.

2383 2844 2812 2907 DISTINCTIO
2855 2845 3007 2908 XIV.

334 2994 392 3050 in
435 2995 562 3067 ipso
606 2995 1004 3059 sacramento,
1045 3009 1162 3050 non
1211 2993 1450 3068 quidem
1497 2992 1560 3050 in
1597 3008 1836 3067 corpore
1867 2984 1912 3048 C
1945 2981 2090 3045 Post
2122 2980 2257 3044 haec
2291 2980 2369 3043 de
2402 2978 2779 3044 Poenitentia
2814 2978 3131 3060 agendum
3168 2987 3286 3053 est,
3320 2987 3439 3043 ete.

333 3083 560 3149 Christi,
594 3083 751 3156 quod
781 3082 1140 3156 impassibile
1170 3086 1274 3147 est,
1305 3084 1406 3141 sed
1435 3082 1494 3139 in
1525 3082 1838 3141 accidenti-

337 3175 440 3231 bus
459 3173 938 3231 remanentibus:
961 3174 1038 3231 ad
1063 3172 1516 3247 significandum
1541 3173 1834 3231 diversum

335 3267 551 3321 statum
582 3262 846 3336 corporis
868 3262 1052 3336 ipsius
1081 3262 1216 3327 veri,
1249 3262 1471 3319 scilicet
1499 3262 1561 3319 in
1591 3265 1834 3327 mundo,

337 3353 396 3409 in
442 3352 712 3426 sepulcro
749 3355 807 3409 et
847 3351 906 3407 in
955 3352 1128 3418 coelo;
1167 3354 1340 3424 atque
1387 3353 1461 3408 ad
1507 3352 1839 3425 significan-

339 3445 482 3500 dum
521 3441 785 3515 corporis
831 3440 1014 3514 ipsius
1054 3440 1286 3515 mystici
1333 3444 1541 3514 partem
1583 3458 1834 3515 quarum

336 3533 532 3606 aliqua
576 3532 636 3589 in
683 3530 1046 3589 beatitudine
1084 3547 1220 3587 cum
1260 3547 1326 3587 eo
1368 3534 1588 3605 regnat,
1621 3531 1738 3588 alia
1775 3532 1834 3587 in

337 3623 560 3679 mundo
590 3620 871 3686 ambulat,
903 3619 1022 3677 alia
1058 3623 1256 3677 autem
1291 3620 1352 3676 in
1381 3619 1647 3694 sepulcro
1676 3620 1836 3692 quie-

333 3712 455 3769 scit.
487 3712 587 3767 Est
613 3713 812 3767 alitem
841 3713 998 3767 totus
1023 3709 1286 3767 Christus
1327 3708 1386 3766 in
1423 3709 1672 3781 singulis
1711 3726 1838 3782 par-

335 3800 487 3858 tibus
523 3798 844 3863 fractionis,
877 3799 1358 3872 quotiescumque
1398 3798 1599 3856 fractio
1637 3799 1738 3857 fiat
1764 3815 1835 3856 ex

334 3891 538 3947 eodem
567 3889 974 3947 fundamento.
1005 3888 1264 3961 Denique
1305 3889 1414 3945 hoc
1452 3889 1608 3961 quod
1646 3887 1838 3961 quoti-

335 3978 426 4035 die
455 3976 598 4034 facit
621 3979 910 4043 sacerdos,
941 3980 999 4033 et
1024 3976 1376 4033 sacrificium
1417 3980 1477 4034 et
1509 3977 1836 4034 immolatio

335 4068 566 4141 proprie
606 4066 722 4123 dici
764 4070 971 4139 potest.
1004 4066 1101 4121 Est
1135 4065 1294 4122 enim
1341 4065 1580 4140 signum
1619 4084 1838 4123 memo-

2070 3177 2495 3243 ΟΕΝῙΤΕΝΤΙΑ,
2528 3178 2601 3236 de
2642 3193 2759 3249 qua
2798 3192 2957 3234 nunc
2997 3178 3293 3251 agendum
3336 3180 3441 3243 est,

2097 3267 2422 3323 necessaria
2466 3270 2553 3323 est
2598 3266 2935 3324 hominibus
2991 3284 3095 3339 per
3138 3270 3441 3340 peccatum

1947 3372 1980 3411 a
2011 3356 2125 3412 Deo
2156 3354 2325 3429 longe
2353 3355 2654 3429 separatis
2685 3356 2783 3411 Est
2810 3355 2968 3412 enim
2998 3358 3257 3413 secunda
3282 3358 3447 3413 tabu-

1947 3444 2005 3503 la
2049 3448 2178 3517 post
2223 3444 2616 3518 naufragium,
2656 3445 2809 3502 sicut
2852 3445 3185 3518 Baptismus
3230 3446 3439 3519 prima.

1947 3535 2094 3592 Nam
2135 3536 2266 3606 post
2292 3534 2657 3606 Baptismum
2699 3534 2864 3606 lapsi,
2896 3552 3000 3608 per
3034 3535 3440 3593 Poenitentiam

1945 3622 2204 3694 reparari
2246 3624 2504 3695 possunt.
2539 3626 2609 3679 At
2637 3622 2971 3694 Baptismus
2999 3626 3085 3679 est
3110 3639 3444 3681 sacramen-

1944 3714 2070 3768 tum
2116 3714 2366 3776 tantum,
2400 3711 2747 3769 Poenitentia
2786 3716 2982 3769 autem
3028 3717 3114 3770 est
3150 3717 3206 3770 et
3239 3712 3441 3778 virtus,

1945 3800 2166 3857 scilicet
2203 3818 2272 3857 ea
2309 3817 2441 3873 quae
2467 3805 2554 3857 cst
2590 3800 2852 3858 interius.
2884 3804 2929 3857 Α
2969 3802 3309 3874 poenitentia
3347 3818 3446 3859 au-

1943 3894 2064 3948 tem
2103 3894 2161 3948 et
2197 3890 2459 3947 Christus
2501 3893 2558 3948 et
2588 3892 2836 3948 Joannes
2873 3908 3199 3965 praecursor
3240 3892 3441 3966 ipsius.

1947 3980 2421 4053 praedicationem
2466 3980 2851 4052 inceperunt:
2890 3996 3021 4052 quae
3067 3998 3102 4037 a
3148 3981 3443 4053 puniendo

1946 4070 2119 4135 dicta,
2152 4087 2187 4125 a
2224 4070 2433 4126 timore
2480 4069 2763 4126 initiatur.
2804 4070 2903 4125 Est
2939 4069 3120 4142 igitur
3155 4070 3441 4143 poeniten-

337 4157 476 4214 riale
511 4160 574 4215 ct
609 4155 800 4230 figura
839 4155 1263 4214 immolationis
1305 4173 1409 4228 pro
1449 4154 1620 4212 nobis
1653 4157 1835 4213 semel
1864 4153 1914 4214 D
1943 4159 2041 4225 tia,
2100 4158 2393 4231 praeterita
2446 4157 2605 4215 mala
2660 4160 2952 4233 plangere,
3000 4162 3057 4216 et
3111 4160 3443 4233 plangenda

338 4246 518 4304 facte,
567 4246 715 4302 Hinc
758 4248 817 4302 et
863 4244 1122 4319 quotidie
1168 4244 1425 4302 sumitur
1470 4244 1530 4301 in
1578 4244 1836 4301 caritatis

337 4339 721 4411 augmentum
759 4338 818 4392 et
854 4333 1212 4391 medicinam
1252 4338 1643 4407 peccatorum.

335 4452 600 4517 Subiecto
630 4452 780 4517 quod
813 4451 1002 4502 inesse
1032 4451 1193 4511 solet,
1227 4464 1288 4501 sc
1317 4455 1609 4515 permanet
1637 4449 1780 4515 ipso,

395 4524 778 4590 Subiectoque
808 4523 974 4575 datas
1001 4522 1192 4587 gliscit
1218 4522 1422 4573 habere
1451 4522 1620 4573 vices.

765 4720 1192 4784 DISTINCTIO
1232 4721 1385 4785 XIII.

655 4854 832 4918 Solet
871 4854 1064 4917 etiam
1109 4855 1332 4937 quaeri,
1373 4862 1494 4918 etc.

440 5052 762 5109 ACERDOS
791 5050 1052 5124 quilibet,
1084 5050 1262 5108 etiam
1300 5068 1510 5125 pravus
1549 5051 1608 5107 in
1648 5052 1828 5108 mori-

463 5143 591 5207 bus,
621 5142 684 5199 in
723 5140 947 5199 unitate
974 5138 1244 5197 Ecclesia!
1280 5140 1581 5207 exsistens,
1611 5142 1830 5199 Eucha-

335 5231 504 5289 ristiae
545 5233 990 5289 sacramentum
1032 5230 1315 5288 conticere
1357 5234 1559 5304 potest,
1601 5230 1828 5288 malitia

337 5338 438 5379 sua
461 5321 755 5397 personali
797 5336 916 5377 non
945 5321 1228 5379 obstante.
1257 5320 1384 5379 Non
1413 5319 1571 5378 enim
1608 5320 1670 5377 in
1710 5337 1827 5379 me·

1943 4247 2155 4305 iterum
2198 4263 2317 4303 non
2348 4247 2711 4305 committere
2744 4264 2758 4304 τ
2790 4250 2946 4321 quod
2976 4265 3111 4305 cum
3151 4247 3442 4329 similibus

1942 4336 2348 4409 accipiendum
2380 4340 2466 4393 est
2494 4336 2554 4392 in
2586 4336 2879 4410 proposito
2909 4337 3255 4411 plangentis.
3277 4338 3443 4396 Unde

1939 4443 2252 4485 erroneum
2296 4429 2382 4483 est
2419 4427 2575 4499 quod
2617 4426 2860 4499 quidam
2906 4426 3198 4492 dixerunt,
3241 4444 3440 4484 veram

1941 4515 2345 4590 poenitentiam
2388 4532 2504 4572 non
2535 4514 2729 4581 fuisse,
2762 4516 2863 4573 ubi
2903 4517 3275 4590 plangentem
3312 4534 3445 4573 con·

1933 4604 2108 4677 tingit
2146 4605 2358 4663 iterum
2408 4620 2664 4679 peccare.
2704 4605 3123 4663 Verumtamen
3170 4624 3273 4678 per
3312 4623 3443 4680 pec-

1935 4698 2132 4751 catum
2173 4712 2423 4768 sequens
2462 4693 2802 4767 poenitentia
2840 4694 3001 4768 prior
3036 4698 3094 4752 et
3135 4694 3251 4752 alia
3287 4696 3442 4753 bona

1936 4783 2366 4841 mortificantur
2378 4802 2393 4851 ;
2424 4786 2682 4842 attamen
2723 4784 2771 4841 si
2805 4788 3073 4857 peccator
3102 4784 3314 4842 iterum
3352 4801 3442 4841 re·

1933 4875 2136 4946 surgat
2162 4890 2265 4945 per
2294 4873 2906 4946 poenitentiam,opera
2934 4874 2993 4930 in
3019 4874 3255 4931 caritate
3284 4874 3437 4934 facta

1933 4961 2299 5027 reviviscunt,
2342 4962 2609 5035 quamvis
2654 4979 2770 5019 non
2811 4979 2879 5020 ea
2917 4979 3047 5037 quoe
3094 4962 3152 5020 in
3198 4969 3431 5037 peccato

1933 5051 2084 5109 facta
2114 5070 2128 5108 ι
2160 5068 2465 5124 nunquam
2503 5051 2663 5108 enim
2701 5052 2829 5109 viva
2872 5051 3125 5111 suerunt.
3155 5054 3263 5110 Per
3301 5072 3432 5127 quae

1933 5144 1990 5199 et
2024 5158 2205 5198 sanus
2244 5140 2495 5199 habetur
2530 5140 2855 5198 intellectus
2892 5142 3018 5216 ejus
3056 5145 3212 5214 quod
3242 5145 3433 5217 Augu·

1931 5231 2120 5288 stinus
2160 5229 2317 5295 dicit,
2360 5230 2595 5287 inanem
2639 5247 2765 5287 esse
2812 5230 3212 5303 poenitentiam
3249 5249 3429 5304 quam

1932 5336 2181 5393 sequens
2210 5320 2381 5393 culpa
2408 5319 2778 5395 coinquinat;
2805 5320 3074 5378 similiter
3099 5323 3157 5377 et
3184 5320 3245 5377 id
3273 5324 3431 5395 quod
