4267 6250
863 479 988 548 228
1799 503 1976 551 unm
2017 503 2078 552 tv
2120 501 2605 551 samm-runnu.
2646 521 2728 534 —
2766 502 2923 550 msr.
2966 501 3031 550 11

1885 857 2718 971 DISTINCTIO
2805 857 2959 968 IX

1693 1167 1773 1230 A.
1839 1171 1940 1231 De
1997 1170 2276 1232 duobus
2323 1169 2565 1232 modis
2620 1171 3144 1233 manducandi.

581 1420 846 1477 nugas-m-
1103 1390 1160 1454 Τ
1207 1389 1380 1454 sicut
1424 1387 1573 1453 duae
1624 1389 1779 1452 sunt
1827 1406 1933 1452 res
1977 1387 2161 1452 illius
2215 1387 2628 1466 sacramenti,
2673 1387 2765 1450 ita
2810 1387 3011 1452 etiam
3052 1386 3182 1452 duo
3244 1387 3427 1452 modi
3480 1389 3929 1453 manducandi
3966 1409 3985 1452 :

574 1482 846 1596 ζζᾷῗὲἧ,
877 1391 1095 1685 Ε
1131 1523 1306 1570 unus
1334 1503 1846 1583 sacramentalis,
1869 1504 2121 1568 scilicet
2150 1521 2281 1586 quo
2318 1503 2476 1567 boni
2513 1504 2581 1568 et
2608 1501 2767 1566 mali
2804 1503 3042 1586 edunt;
3080 1503 3246 1567 alter
3272 1504 3658 1585 spiritualiS,
3686 1521 3821 1586 quo
3850 1503 3990 1568 soli

571 1633 848 1690 Ans-Semo
1131 1622 1289 1686 boni
1328 1620 1746 1684 manducant.
1786 1619 1976 1684 Unde
2014 1619 2477 1713 Augustinus:
2512 1617 2687 1692 Quid
2724 1621 2825 1682 est
2850 1618 3187 1684 Christum
3224 1619 3619 1684 manducare
3638 1621 3671 1683 *ἓ
3698 1621 3850 1685 Non
3882 1621 3993 1686 est

575 1697 783 1750 ”³³⁷⁵
869 1741 996 1805 hoc
1033 1739 1252 1803 solum
1294 1739 1364 1803 in
1407 1737 1813 1801 sacramento
1862 1752 2101 1817 corpus
2148 1734 2293 1815 ejus
2338 1735 2656 1816 accipere,
2696 1735 2892 1798 multi
2932 1735 3110 1799 enim
3148 1735 3415 1816 indigne
3451 1737 3828 1819 accipiunt3
3866 1736 3995 1801 sed

869 1855 939 1918 in
979 1854 1126 1936 ipso
1161 1870 1426 1918 manere
1472 1853 1537 1915 et
1586 1850 1826 1916 habere
1871 1852 2095 1932 ipsum
2133 1849 2202 1912 in
2240 1867 2311 1914 se
2348 1851 2748 1914 manentem.
2781 1849 3225 1932 spiritualiter
3256 1851 3433 1915 enim
3470 1852 3827 1916 manducat
3862 1851 3990 1933 qui

571 1989 845 2045 rmsent.
869 1971 938 2034 in
967 1971 1218 2034 unitate
1254 1969 1499 2033 Christi
1527 1969 1594 2032 et
1626 1966 1961 2048 Ecclesiae,
1993 1983 2195 2049 quam
2232 1967 2715 2030 sacramentum
2742 1966 3090 2048 significat,
3122 1969 3365 2031 manet.
3382 1967 3555 2032 Nam
3582 1969 3699 2050 qui
3726 1968 3993 2032 discor-

571 2057 723 2099 ⁶'³⁴¹‘
870 2088 982 2150 dat
1022 2104 1062 2149 a
1097 2086 1382 2164 Christe,
1422 2102 1544 2149 nec
1579 2101 1840 2148 carnem
1878 2083 2123 2147 Christi
2166 2082 2540 2162 manducat,
2580 2100 2700 2146 nec
2736 2083 3124 2163 sanguinem
3178 2083 3323 2164 eJus
3373 2083 3563 2165 bibit,
3603 2085 3728 2148 etsi
3776 2085 3989 2148 tantae

869 2203 963 2266 rei
1019 2201 1501 2264 sacramentum
1549 2201 1633 2262 ad
1672 2197 2000 2279 judicium
2043 2198 2173 2262 sibi
2213 2198 2509 2280 quotidie
2564 2198 2866 2280 accipiat.
2920 2199 3345 2280 Spiritualem
3400 2200 3987 2265 manducationem

589 2338 842 2396 liu-ganto-
869 2317 1284 2399 Augustinus
1329 2315 1742 2396 distinguens
1791 2332 1831 2377 a
1873 2313 2355 2393 sacramentali,
2405 2314 2500 2377 ait
2542 2334 2561 2376 z
2610 2315 2698 2377 Ut
2744 2314 2909 2396 quid
2953 2331 3145 2396 paras
3190 2316 3486 2380 ventrem
3536 2317 3601 2379 et
3650 2316 3921 2381 dentem
3956 2316 3991 2378 2

569 2416 700 2518 3:¹2„
713 2405 838 2508 ‘¹¹2⁰‘
869 2431 1097 2510 Crede,
1137 2431 1204 2496 et
1255 2430 1688 2494 manducasti.
1730 2429 2006 2494 Credere
2051 2429 2229 2493 enim
2280 2430 2348 2492 in
2400 2447 2579 2510 eum,
2617 2429 2745 2492 hoc
2794 2431 2893 2494 est
2940 2429 3280 2494 comedere
3316 2448 3556 2513 panem
3609 2433 3675 2495 et
3714 2431 3989 2495 vinum.

585 2572 695 2616 ma.
713 2575 840 2616 ιιωι,
868 2547 998 2621 Qui
1053 2546 1257 2612 credit
1313 2547 1382 2609 in
1439 2563 1616 2627 eum,
1656 2545 2010 2609 manducat
2062 2561 2239 2609 eum.
2283 2545 2449 2609 Item
2484 2563 2500 2606 ε
2534 2544 2881 2618 Quomodo
2929 2545 3425 2610 manducandus
3470 2547 3571 2611 est
3620 2546 3933 2612 Christus
3956 2547 3993 2610 ἵ

569 2636 835 2748 ’332ἦζῗζ.,
869 2663 1217 2737 Quomodo
1264 2663 1405 2745 ipse
1454 2662 1664 2726 dicit:
1706 2662 1836 2736 Qui
1893 2661 2248 2726 manducat
2296 2678 2559 2725 carnem
2607 2678 2823 2725 meam
2871 2663 2938 2726 et
2971 2661 3139 2726 bibit
3186 2662 3574 2744 sanguinem
3624 2681 3878 2745 meum,
3916 2665 3991 2726 in

570 2761 640 2803 ⁵⁷·
867 2797 975 2846 me
1021 2782 1243 2845 manet
1290 2780 1353 2844 et
1401 2797 1522 2862 ego
1561 2781 1630 2842 in
1667 2797 1768 2844 eo.
1810 2780 1881 2844 Si
1929 2779 1998 2842 in
2049 2796 2157 2843 me
2196 2780 2419 2842 manet
2466 2781 2532 2842 et
2567 2795 2687 2860 ego
2727 2779 2797 2840 in
2833 2794 2936 2860 eo,
2982 2779 3139 2843 tunc
3165 2779 3376 2862 bibit3
3416 2781 3532 2862 qui
3578 2798 3730 2845 vero
3769 2781 3841 2844 in
3872 2799 3991 2846 me

867 2914 1001 2961 non
1037 2896 1281 2976 manet,
1311 2914 1432 2960 nec
1468 2912 1591 2978 ego
1629 2896 1698 2959 in
1734 2893 1875 2976 illo,
1903 2896 2027 2960 etsi
2063 2895 2304 2976 accipit
2338 2896 2845 2975 sacramentum,
2876 2895 3158 2977 acquirit
3192 2912 3506 2978 magnum
3546 2898 3989 2962 tormentum.

571 3035 836 3082 nocuum.
865 3013 1036 3078 Item
1077 3031 1094 3074 τ
1133 3013 1316 3077 Nulli
1352 3011 1820 3092 ambigendum
1858 3013 1981 3090 est,
2013 3011 2172 3074 tunc
2208 3027 2612 3093 quemquam
2648 3011 2942 3093 corporis
2979 3013 3045 3075 et
3080 3011 3423 3093 sanguinis
3458 3013 3729 3077 Domini
3764 3015 3991 3096 parti—

567 3101 840 3154 di⁸“¹¹’⁰'³⁶’
866 3132 1081 3212 cipem
1111 3123 1274 3209 fleri,
1301 3129 1564 3211 quando
1595 3128 1841 3193 Christi
1869 3127 2241 3192 membrum
2272 3126 2584 3210 efficitur3
2617 3145 2737 3191 nec
2773 3128 3046 3193 alienari
3072 3128 3157 3193 ab
3184 3129 3367 3193 illius
3402 3129 3593 3212 panis
3622 3130 3991 3213 calicisque

867 3246 1223 3327 consortio,
1257 3246 1515 3309 etiamsi
1555 3246 1906 3327 antequam
1944 3241 2134 3307 illum
2174 3260 2413 3325 panem
2452 3244 2603 3308 edat
2649 3245 2714 3308 et
2760 3242 3029 3308 calicem
3066 3244 3271 3324 bibat,
3314 3245 3399 3310 de
3440 3246 3567 3311 hoc
3612 3246 3859 3312 saeculo
3914 3247 3991 3311 in

867 3362 1118 3427 unitate
1157 3361 1450 3444 corporis
1485 3360 1730 3424 Christi
1784 3360 2183 3424 constitutus
2230 3359 2537 3423 abscedat
2568 3378 2584 3421 ε
2618 3359 2776 3442 quia
2822 3358 3004 3424 illius
3040 3362 3433 3425 sacramenti
3478 3360 3795 3426 beneficio
3842 3380 3991 3427 non

867 3478 1187 3561 privatur,
1227 3478 1488 3561 quando
1536 3477 1647 3542 ille
1684 3474 1922 3541 habere
1960 3477 2085 3541 hoc
2131 3475 2310 3558 quod
2349 3473 2514 3539 illud
2551 3477 3035 3541 sacramentum
3073 3477 3312 3559 signat,
3347 3479 3701 3543 invenitur.
3734 3480 3815 3543 In
3862 3480 3989 3545 illo

871 3594 1050 3658 enim
1078 3596 1487 3658 sacramento
1516 3611 1755 3676 corpus
1793 3594 1858 3656 et
1893 3592 2283 3674 sanguinem
2320 3608 2519 3655 suum
2555 3591 2749 3655 nobis
2785 3594 3296 3673 commendavit,
3337 3594 3518 3676 quod
3552 3596 3620 3659 et
3656 3594 3813 3659 fecit
3856 3614 3994 3661 nos

573 3729 842 3785 Pro-asma
871 3710 1054 3793 ipsos
1093 3730 1110 3772 ε
1152 3727 1306 3773 nam
1343 3712 1408 3775 et
1443 3726 1567 3773 nos
1607 3725 1846 3792 corpus
1893 3708 2106 3790 ipsius
2143 3708 2299 3771 facti
2345 3725 2600 3773 sumus.
2651 3708 2821 3773 Item
2854 3729 2871 3771 ε
2904 3709 3036 3784 Qui
3072 3709 3404 3775 discordat
3440 3727 3479 3773 a
3514 3710 3803 3793 Christo,
3844 3729 3991 3777 non

569 3807 613 3839 ‘²'
631 3798 725 3839 ³⁴¹·
869 3827 1222 3891 manducat
1267 3843 1529 3891 carnem
1578 3825 1724 3906 ejus
1766 3843 1888 3889 nec
1923 3824 2314 3907 sanguinem
2361 3824 2550 3905 bibit,
2598 3825 2723 3889 etsi
2759 3826 2957 3891 tantae
3006 3827 3100 3889 rei
3147 3828 3630 3891 sacramentum
3676 3827 3762 3890 ad
3792 3827 3991 3909 judi-

870 3943 1050 4009 cium
1097 3943 1224 4009 sibi
1270 3940 1566 4024 quotidie
1612 3939 1871 4023 accipit.

1297 4164 1375 4229 B.
1418 4168 1520 4229 De
1563 4178 1831 4228 errore
1867 4168 2365 4243 quorumdam
2400 4168 2527 4244 qui
2573 4166 2849 4241 dieunt,
2891 4181 2939 4230 a
2992 4168 3203 4231 bonis
3246 4168 3543 4232 tantum

1987 4294 2258 4355 corpus
2308 4282 2581 4345 Christi
2620 4283 2842 4345 sumi.

1002 4484 1162 4552 Haec
1209 4483 1407 4551 verba
1453 4486 1519 4549 et
1569 4484 1700 4548 alia
1744 4483 2154 4566 hujusmodi,
2211 4484 2327 4549 ubi
2367 4486 2451 4550 de
2496 4485 2824 4569 spirituali
2878 4486 3383 4551 manducatione
3428 4488 3669 4570 agitur,
3700 4488 3985 4569 quidam

869 4604 1106 4671 obtuso
1141 4603 1334 4667 corde
1372 4601 1681 4683 legentes,
1716 4600 1956 4665 erroris
1993 4601 2271 4682 caligine
2308 4601 2591 4666 involuti
2631 4605 2787 4667 sunt
2822 4603 3007 4683 adeo,
3042 4605 3119 4667 ut
3154 4604 3698 4686 praesumpserint
3730 4605 3982 4688 dicere,

869 4739 1108 4805 corpus
1136 4722 1201 4785 et
1229 4717 1617 4800 sanguinem
1654 4717 1899 4781 Christi
1936 4734 1977 4780 a
2003 4716 2197 4781 bonis
2236 4718 2493 4781 tantum
2532 4719 2733 4800 sumi,
2765 4721 2831 4783 et
2864 4736 2999 4783 non
3036 4736 3076 4783 a
3110 4720 3328 4785 malis.
3368 4720 3499 4787 Sed
3530 4718 3988 4787 indubitanter

867 4839 1221 4903 tenendum
1250 4836 1373 4917 est,
1406 4851 1446 4898 a
1480 4834 1673 4899 bonis
1699 4835 1876 4899 sumi
1914 4851 2046 4898 non
2076 4834 2274 4898 modo
2322 4836 2900 4918 sacramentaliter,
2932 4836 3049 4902 sed
3086 4839 3152 4901 et
3186 4836 3652 4921 spiritualiter3
3692 4853 3733 4899 a
3778 4838 3986 4903 malis

869 4973 1024 5020 vero
1078 4955 1336 5019 tantum
1385 4952 1963 5032 sacramentaliter,
2005 4950 2073 5015 id
2133 4952 2235 5015 est
2283 4950 2408 5015 sub
2462 4954 2893 5033 sacramento,
2953 4954 3204 5018 scilicet
3258 4953 3384 5017 sub
3429 4954 3646 5035 specie
3694 4952 3977 5037 visibili,

869 5085 1131 5133 carnem
1167 5068 1410 5133 Christi
1447 5070 1528 5133 de
1565 5069 1838 5152 Virgine
1873 5069 2235 5150 sumptam,
2269 5070 2333 5132 et
2369 5070 2760 5151 sanguinem
2802 5087 2920 5151 pro
2963 5068 3155 5133 nobis
3194 5070 3417 5134 fusum
3454 5070 3655 5150 sumi,
3689 5071 3809 5135 sed
3838 5088 3981 5136 non

595 5196 840 5252 Raab-⁸0-
865 5185 1239 5267 mysticam,
1270 5202 1420 5267 quae
1456 5186 1714 5249 tantum
1750 5184 2077 5249 bonorum
2113 5184 2237 5248 est.
2270 5182 2463 5257 Quod
2498 5184 2784 5248 subditis
2810 5183 3125 5266 probatur
3157 5186 3579 5249 testimoniis·
3611 5184 3979 5269 Gregorius

573 5260 840 5377 {⁶52⁸ssss
869 5302 962 5365 ait
1001 5321 1016 5363 t
1057 5300 1178 5365 Est
1215 5300 1485 5382 quidem
1523 5300 1592 5364 in
1628 5300 2080 5383 peccatoribus
2116 5301 2182 5363 et
2217 5300 2484 5383 indigne
2534 5299 2949 5365 sumentibus
2994 5318 3149 5364 vera
3192 5300 3437 5366 Christi
3482 5316 3632 5365 caro
3670 5304 3738 5366 et
3772 5318 3977 5369 verus
