<?xml version="1.0" encoding="UTF-8"?>
<!DOCTYPE html PUBLIC "-//W3C//DTD XHTML 1.0 Transitional//EN"
    "http://www.w3.org/TR/xhtml1/DTD/xhtml1-transitional.dtd">
<html xmlns="http://www.w3.org/1999/xhtml" xml:lang="en" lang="en">
 <head>
  <title>
</title>
<meta http-equiv="Content-Type" content="text/html;charset=utf-8" />
  <meta name='ocr-system' content='tesseract 3.04.00' />
  <meta name='ocr-capabilities' content='ocr_page ocr_carea ocr_par ocr_line ocrx_word'/>
</head>
<body>
  <div class='ocr_page' id='page_1' title='image "./doctorisecstati04unkngoog_0446.png"; bbox 0 0 4267 6250; ppageno 0'>
   <div class='ocr_carea' id='block_1_1' title="bbox 786 472 908 538">
    <p class='ocr_par' dir='ltr' id='par_1_1' title="bbox 786 472 908 538">
     <span class='ocr_line' id='line_1_1' title="bbox 786 472 908 538; baseline 0.008 -1"><span class='ocrx_word' id='word_1_1' title='bbox 786 472 908 538; x_wconf 77' lang='lat'><strong>428</strong></span> 
     </span>
    </p>
   </div>
   <div class='ocr_carea' id='block_1_2' title="bbox 1444 464 3233 559">
    <p class='ocr_par' dir='ltr' id='par_1_2' title="bbox 1444 464 3233 559">
     <span class='ocr_line' id='line_1_2' title="bbox 1444 464 3233 559; baseline 0.001 -16"><span class='ocrx_word' id='word_1_2' title='bbox 1444 495 1511 543; x_wconf 74' lang='lat' dir='ltr'><strong>m</strong></span> <span class='ocrx_word' id='word_1_3' title='bbox 1551 496 1774 543; x_wconf 71' lang='lat' dir='ltr'><strong>nmium</strong></span> <span class='ocrx_word' id='word_1_4' title='bbox 1813 496 1876 543; x_wconf 79' lang='lat' dir='ltr'>w</span> <span class='ocrx_word' id='word_1_5' title='bbox 1915 494 2399 543; x_wconf 67' lang='lat' dir='ltr'><strong>smmunml.</strong></span> <span class='ocrx_word' id='word_1_6' title='bbox 2440 514 2521 526; x_wconf 88' lang='lat'><strong>—</strong></span> <span class='ocrx_word' id='word_1_7' title='bbox 2560 496 2716 543; x_wconf 75' lang='lat' dir='ltr'><strong>msr.</strong></span> <span class='ocrx_word' id='word_1_8' title='bbox 2758 496 2904 559; x_wconf 84' lang='lat' dir='ltr'><strong>xv13</strong></span> <span class='ocrx_word' id='word_1_9' title='bbox 2946 496 3171 554; x_wconf 69' lang='lat' dir='ltr'><strong>QUAES&#39;r.</strong></span> <span class='ocrx_word' id='word_1_10' title='bbox 3196 464 3233 544; x_wconf 30' lang='lat'><strong>⁴1</strong></span> 
     </span>
    </p>
   </div>
   <div class='ocr_carea' id='block_1_3' title="bbox 867 663 3887 749">
    <p class='ocr_par' dir='ltr' id='par_1_3' title="bbox 867 663 3887 749">
     <span class='ocr_line' id='line_1_3' title="bbox 867 663 3887 749; baseline 0 -21"><span class='ocrx_word' id='word_1_11' title='bbox 867 666 1106 729; x_wconf 78' lang='lat' dir='ltr'>Deinde</span> <span class='ocrx_word' id='word_1_12' title='bbox 1153 673 1408 730; x_wconf 89' lang='lat' dir='ltr'><strong>sanctus</strong></span> <span class='ocrx_word' id='word_1_13' title='bbox 1455 668 1686 729; x_wconf 89' lang='lat' dir='ltr'><strong>Doctor</strong></span> <span class='ocrx_word' id='word_1_14' title='bbox 1731 665 2066 749; x_wconf 83' lang='lat' dir='ltr'><strong>subjungit</strong></span> <span class='ocrx_word' id='word_1_15' title='bbox 2106 684 2121 729; x_wconf 91' lang='lat'><strong>:</strong></span> <span class='ocrx_word' id='word_1_16' title='bbox 2166 665 2283 729; x_wconf 89' lang='lat' dir='ltr'><strong>Ve-</strong></span> <span class='ocrx_word' id='word_1_17' title='bbox 2310 663 2363 728; x_wconf 83' lang='lat' dir='ltr'>A</span> <span class='ocrx_word' id='word_1_18' title='bbox 2392 672 2538 729; x_wconf 89' lang='lat' dir='ltr'><strong>ante</strong></span> <span class='ocrx_word' id='word_1_19' title='bbox 2566 666 2999 749; x_wconf 84' lang='lat' dir='ltr'><strong>Baptismum3</strong></span> <span class='ocrx_word' id='word_1_20' title='bbox 3040 675 3153 729; x_wconf 90' lang='lat' dir='ltr'><strong>aut</strong></span> <span class='ocrx_word' id='word_1_21' title='bbox 3178 674 3276 731; x_wconf 89' lang='lat' dir='ltr'><strong>est</strong></span> <span class='ocrx_word' id='word_1_22' title='bbox 3302 674 3481 730; x_wconf 84' lang='lat' dir='ltr'><strong>extra</strong></span> <span class='ocrx_word' id='word_1_23' title='bbox 3516 685 3659 730; x_wconf 89' lang='lat' dir='ltr'><strong>eam</strong></span> <span class='ocrx_word' id='word_1_24' title='bbox 3698 665 3887 729; x_wconf 90' lang='lat' dir='ltr'><strong>meri-</strong></span> 
     </span>
    </p>
   </div>
   <div class='ocr_carea' id='block_1_4' title="bbox 782 763 2283 1834">
    <p class='ocr_par' dir='ltr' id='par_1_4' title="bbox 782 763 2283 1834">
     <span class='ocr_line' id='line_1_4' title="bbox 788 763 2281 848; baseline -0.001 -22"><span class='ocrx_word' id='word_1_25' title='bbox 788 764 955 827; x_wconf 89' lang='lat' dir='ltr'><strong>niale</strong></span> <span class='ocrx_word' id='word_1_26' title='bbox 1013 773 1344 848; x_wconf 89' lang='lat' dir='ltr'><strong>peceatum</strong></span> <span class='ocrx_word' id='word_1_27' title='bbox 1404 784 1482 827; x_wconf 92' lang='lat' dir='ltr'><strong>ex</strong></span> <span class='ocrx_word' id='word_1_28' title='bbox 1539 773 1754 827; x_wconf 88' lang='lat' dir='ltr'><strong>nostro</strong></span> <span class='ocrx_word' id='word_1_29' title='bbox 1805 772 1949 827; x_wconf 89' lang='lat' dir='ltr'><strong>actu</strong></span> <span class='ocrx_word' id='word_1_30' title='bbox 2009 763 2281 827; x_wconf 90' lang='lat' dir='ltr'><strong>incurri-</strong></span> 
     </span>
     <span class='ocr_line' id='line_1_5' title="bbox 790 863 2283 946; baseline -0.001 -20"><span class='ocrx_word' id='word_1_31' title='bbox 790 882 950 937; x_wconf 78' lang='lat' dir='ltr'><strong>muS‚</strong></span> <span class='ocrx_word' id='word_1_32' title='bbox 971 872 1037 927; x_wconf 92' lang='lat' dir='ltr'><strong>et</strong></span> <span class='ocrx_word' id='word_1_33' title='bbox 1065 863 1122 926; x_wconf 89' lang='lat' dir='ltr'><strong>ei</strong></span> <span class='ocrx_word' id='word_1_34' title='bbox 1155 863 1479 927; x_wconf 90' lang='lat' dir='ltr'><strong>sensibilis</strong></span> <span class='ocrx_word' id='word_1_35' title='bbox 1511 882 1698 946; x_wconf 90' lang='lat' dir='ltr'><strong>poena</strong></span> <span class='ocrx_word' id='word_1_36' title='bbox 1728 863 2015 927; x_wconf 90' lang='lat' dir='ltr'><strong>debetur.</strong></span> <span class='ocrx_word' id='word_1_37' title='bbox 2038 863 2283 926; x_wconf 85' lang='lat' dir='ltr'><strong>Idcirco</strong></span> 
     </span>
     <span class='ocr_line' id='line_1_6' title="bbox 785 954 2283 1045; baseline -0.001 -20"><span class='ocrx_word' id='word_1_38' title='bbox 785 963 864 1025; x_wconf 91' lang='lat' dir='ltr'><strong>ad</strong></span> <span class='ocrx_word' id='word_1_39' title='bbox 887 954 1043 1043; x_wconf 67' lang='lat' dir='ltr'><strong>&#39;ejus</strong></span> <span class='ocrx_word' id='word_1_40' title='bbox 1087 962 1527 1025; x_wconf 78' lang='lat' dir='ltr'><strong>dimissionem</strong></span> <span class='ocrx_word' id='word_1_41' title='bbox 1572 962 1948 1045; x_wconf 89' lang='lat' dir='ltr'><strong>poenitentia</strong></span> <span class='ocrx_word' id='word_1_42' title='bbox 1983 970 2283 1044; x_wconf 80' lang='lat' dir='ltr'><strong>operatur</strong></span> 
     </span>
     <span class='ocr_line' id='line_1_7' title="bbox 786 1060 2283 1144; baseline -0.001 -21"><span class='ocrx_word' id='word_1_43' title='bbox 786 1069 1096 1144; x_wconf 90' lang='lat' dir='ltr'><strong>quantum</strong></span> <span class='ocrx_word' id='word_1_44' title='bbox 1125 1061 1205 1123; x_wconf 91' lang='lat' dir='ltr'><strong>ad</strong></span> <span class='ocrx_word' id='word_1_45' title='bbox 1237 1068 1362 1124; x_wconf 90' lang='lat' dir='ltr'><strong>tres</strong></span> <span class='ocrx_word' id='word_1_46' title='bbox 1394 1068 1604 1143; x_wconf 89' lang='lat' dir='ltr'><strong>partes</strong></span> <span class='ocrx_word' id='word_1_47' title='bbox 1634 1060 2112 1133; x_wconf 79' lang='lat' dir='ltr'><strong>suaS,videlicet</strong></span> <span class='ocrx_word' id='word_1_48' title='bbox 2135 1078 2283 1143; x_wconf 90' lang='lat' dir='ltr'><strong>quo-</strong></span> 
     </span>
     <span class='ocr_line' id='line_1_8' title="bbox 783 1158 2283 1234; baseline -0.001 -12"><span class='ocrx_word' id='word_1_49' title='bbox 783 1160 861 1222; x_wconf 88' lang='lat' dir='ltr'><strong>ad</strong></span> <span class='ocrx_word' id='word_1_50' title='bbox 911 1160 1382 1234; x_wconf 82' lang='lat' dir='ltr'><strong>contritionem,</strong></span> <span class='ocrx_word' id='word_1_51' title='bbox 1423 1159 1888 1222; x_wconf 75' lang='lat' dir='ltr'><strong>consessionem</strong></span> <span class='ocrx_word' id='word_1_52' title='bbox 1938 1166 2002 1222; x_wconf 87' lang='lat' dir='ltr'><strong>et</strong></span> <span class='ocrx_word' id='word_1_53' title='bbox 2042 1158 2283 1221; x_wconf 81' lang='lat' dir='ltr'><strong>satisfa-</strong></span> 
     </span>
     <span class='ocr_line' id='line_1_9' title="bbox 787 1257 2282 1340; baseline -0.001 -18"><span class='ocrx_word' id='word_1_54' title='bbox 787 1258 1062 1322; x_wconf 79' lang='lat' dir='ltr'><strong>ctionem</strong></span> <span class='ocrx_word' id='word_1_55' title='bbox 1084 1276 1101 1338; x_wconf 92' lang='lat'>;</span> <span class='ocrx_word' id='word_1_56' title='bbox 1152 1264 1216 1320; x_wconf 91' lang='lat' dir='ltr'><strong>et</strong></span> <span class='ocrx_word' id='word_1_57' title='bbox 1263 1275 1391 1322; x_wconf 90' lang='lat' dir='ltr'><strong>non</strong></span> <span class='ocrx_word' id='word_1_58' title='bbox 1442 1257 1650 1322; x_wconf 89' lang='lat' dir='ltr'><strong>solum</strong></span> <span class='ocrx_word' id='word_1_59' title='bbox 1709 1258 2060 1321; x_wconf 91' lang='lat' dir='ltr'><strong>secundum</strong></span> <span class='ocrx_word' id='word_1_60' title='bbox 2109 1258 2282 1340; x_wconf 89' lang='lat' dir='ltr'><strong>quod</strong></span> 
     </span>
     <span class='ocr_line' id='line_1_10' title="bbox 785 1355 2283 1440; baseline 0 -21"><span class='ocrx_word' id='word_1_61' title='bbox 785 1356 1164 1440; x_wconf 87' lang='lat' dir='ltr'><strong>poenitentia</strong></span> <span class='ocrx_word' id='word_1_62' title='bbox 1207 1363 1304 1419; x_wconf 90' lang='lat' dir='ltr'><strong>est</strong></span> <span class='ocrx_word' id='word_1_63' title='bbox 1341 1356 1568 1431; x_wconf 80' lang='lat' dir='ltr'><strong>virtuS,</strong></span> <span class='ocrx_word' id='word_1_64' title='bbox 1600 1356 1712 1420; x_wconf 91' lang='lat' dir='ltr'><strong>sed</strong></span> <span class='ocrx_word' id='word_1_65' title='bbox 1751 1355 1940 1419; x_wconf 90' lang='lat' dir='ltr'><strong>etiam</strong></span> <span class='ocrx_word' id='word_1_66' title='bbox 1983 1356 2046 1418; x_wconf 89' lang='lat' dir='ltr'><strong>in</strong></span> <span class='ocrx_word' id='word_1_67' title='bbox 2087 1375 2283 1439; x_wconf 89' lang='lat' dir='ltr'><strong>quan-</strong></span> 
     </span>
     <span class='ocr_line' id='line_1_11' title="bbox 783 1453 2281 1528; baseline 0.001 -12"><span class='ocrx_word' id='word_1_68' title='bbox 783 1462 922 1517; x_wconf 90' lang='lat' dir='ltr'><strong>tum</strong></span> <span class='ocrx_word' id='word_1_69' title='bbox 964 1462 1061 1518; x_wconf 90' lang='lat' dir='ltr'><strong>est</strong></span> <span class='ocrx_word' id='word_1_70' title='bbox 1088 1462 1576 1518; x_wconf 90' lang='lat' dir='ltr'><strong>sacramentum.</strong></span> <span class='ocrx_word' id='word_1_71' title='bbox 1609 1489 1692 1501; x_wconf 92' lang='lat'><strong>—</strong></span> <span class='ocrx_word' id='word_1_72' title='bbox 1718 1453 2032 1528; x_wconf 85' lang='lat' dir='ltr'><strong>Quaeritur</strong></span> <span class='ocrx_word' id='word_1_73' title='bbox 2066 1460 2281 1517; x_wconf 89' lang='lat' dir='ltr'><strong>autem</strong></span> 
     </span>
     <span class='ocr_line' id='line_1_12' title="bbox 783 1552 2279 1637; baseline 0 -22"><span class='ocrx_word' id='word_1_74' title='bbox 783 1553 952 1617; x_wconf 88' lang='lat' dir='ltr'><strong>circa</strong></span> <span class='ocrx_word' id='word_1_75' title='bbox 1001 1554 1143 1629; x_wconf 91' lang='lat' dir='ltr'><strong>hoc,</strong></span> <span class='ocrx_word' id='word_1_76' title='bbox 1183 1574 1266 1617; x_wconf 91' lang='lat' dir='ltr'><strong>an</strong></span> <span class='ocrx_word' id='word_1_77' title='bbox 1311 1554 1388 1617; x_wconf 92' lang='lat' dir='ltr'><strong>ad</strong></span> <span class='ocrx_word' id='word_1_78' title='bbox 1441 1552 1882 1637; x_wconf 87' lang='lat' dir='ltr'><strong>poenitentiam</strong></span> <span class='ocrx_word' id='word_1_79' title='bbox 1928 1552 2279 1615; x_wconf 88' lang='lat' dir='ltr'><strong>venialium</strong></span> 
     </span>
     <span class='ocr_line' id='line_1_13' title="bbox 783 1651 2280 1735; baseline -0.002 -19"><span class='ocrx_word' id='word_1_80' title='bbox 783 1658 1135 1716; x_wconf 78' lang='lat' dir='ltr'><strong>teneamur.</strong></span> <span class='ocrx_word' id='word_1_81' title='bbox 1179 1653 1554 1727; x_wconf 86' lang='lat' dir='ltr'><strong>Dicendum,</strong></span> <span class='ocrx_word' id='word_1_82' title='bbox 1589 1652 1758 1735; x_wconf 90' lang='lat' dir='ltr'><strong>quod</strong></span> <span class='ocrx_word' id='word_1_83' title='bbox 1807 1651 1959 1713; x_wconf 90' lang='lat' dir='ltr'><strong>dum</strong></span> <span class='ocrx_word' id='word_1_84' title='bbox 2009 1652 2154 1734; x_wconf 90' lang='lat' dir='ltr'><strong>quis</strong></span> <span class='ocrx_word' id='word_1_85' title='bbox 2200 1652 2280 1714; x_wconf 91' lang='lat' dir='ltr'><strong>ad</strong></span> 
     </span>
     <span class='ocr_line' id='line_1_14' title="bbox 782 1750 2281 1834; baseline 0 -21"><span class='ocrx_word' id='word_1_86' title='bbox 782 1750 1024 1834; x_wconf 89' lang='lat' dir='ltr'><strong>aliquid</strong></span> <span class='ocrx_word' id='word_1_87' title='bbox 1074 1750 1276 1814; x_wconf 89' lang='lat' dir='ltr'><strong>teneri</strong></span> <span class='ocrx_word' id='word_1_88' title='bbox 1331 1750 1657 1824; x_wconf 89' lang='lat' dir='ltr'><strong>asseritur,</strong></span> <span class='ocrx_word' id='word_1_89' title='bbox 1711 1750 2054 1813; x_wconf 77' lang='lat' dir='ltr'><strong>necessitas</strong></span> <span class='ocrx_word' id='word_1_90' title='bbox 2112 1769 2281 1832; x_wconf 79' lang='lat' dir='ltr'><strong>quae-</strong></span> 
     </span>
    </p>
   </div>
   <div class='ocr_carea' id='block_1_5' title="bbox 2389 766 3892 1832">
    <p class='ocr_par' dir='ltr' id='par_1_5' title="bbox 2389 766 3890 1144">
     <span class='ocr_line' id='line_1_15' title="bbox 2389 766 3889 849; baseline 0.001 -23"><span class='ocrx_word' id='word_1_91' title='bbox 2389 771 2476 837; x_wconf 94' lang='lat' dir='ltr'><strong>to,</strong></span> <span class='ocrx_word' id='word_1_92' title='bbox 2510 766 2620 828; x_wconf 89' lang='lat' dir='ltr'><strong>sed</strong></span> <span class='ocrx_word' id='word_1_93' title='bbox 2659 783 2788 829; x_wconf 89' lang='lat' dir='ltr'><strong>non</strong></span> <span class='ocrx_word' id='word_1_94' title='bbox 2827 784 3117 841; x_wconf 90' lang='lat' dir='ltr'><strong>numero,</strong></span> <span class='ocrx_word' id='word_1_95' title='bbox 3148 774 3213 829; x_wconf 91' lang='lat' dir='ltr'><strong>et</strong></span> <span class='ocrx_word' id='word_1_96' title='bbox 3252 767 3340 829; x_wconf 85' lang='lat' dir='ltr'><strong>ita</strong></span> <span class='ocrx_word' id='word_1_97' title='bbox 3374 772 3473 829; x_wconf 88' lang='lat' dir='ltr'><strong>est</strong></span> <span class='ocrx_word' id='word_1_98' title='bbox 3508 766 3889 849; x_wconf 86' lang='lat' dir='ltr'><strong>poenitentia</strong></span> 
     </span>
     <span class='ocr_line' id='line_1_16' title="bbox 2391 863 3888 945; baseline 0.002 -20"><span class='ocrx_word' id='word_1_99' title='bbox 2391 863 2470 926; x_wconf 90' lang='lat' dir='ltr'><strong>de</strong></span> <span class='ocrx_word' id='word_1_100' title='bbox 2500 864 2787 945; x_wconf 83' lang='lat' dir='ltr'><strong>mortali3</strong></span> <span class='ocrx_word' id='word_1_101' title='bbox 2817 872 2927 927; x_wconf 89' lang='lat' dir='ltr'><strong>aut</strong></span> <span class='ocrx_word' id='word_1_102' title='bbox 2954 873 3052 928; x_wconf 90' lang='lat' dir='ltr'><strong>est</strong></span> <span class='ocrx_word' id='word_1_103' title='bbox 3081 866 3245 927; x_wconf 89' lang='lat' dir='ltr'><strong>intra</strong></span> <span class='ocrx_word' id='word_1_104' title='bbox 3274 864 3625 927; x_wconf 87' lang='lat' dir='ltr'><strong>Ecclesiam</strong></span> <span class='ocrx_word' id='word_1_105' title='bbox 3658 864 3888 928; x_wconf 78' lang='lat' dir='ltr'><strong>merito</strong></span> 
     </span>
     <span class='ocr_line' id='line_1_17' title="bbox 2391 963 3890 1046; baseline 0 -21"><span class='ocrx_word' id='word_1_106' title='bbox 2391 969 2456 1025; x_wconf 88' lang='lat' dir='ltr'><strong>et</strong></span> <span class='ocrx_word' id='word_1_107' title='bbox 2503 980 2792 1036; x_wconf 90' lang='lat' dir='ltr'><strong>numero,</strong></span> <span class='ocrx_word' id='word_1_108' title='bbox 2840 963 3063 1046; x_wconf 90' lang='lat' dir='ltr'><strong>sicque</strong></span> <span class='ocrx_word' id='word_1_109' title='bbox 3110 970 3208 1026; x_wconf 89' lang='lat' dir='ltr'><strong>est</strong></span> <span class='ocrx_word' id='word_1_110' title='bbox 3252 963 3628 1045; x_wconf 84' lang='lat' dir='ltr'><strong>poenitentia</strong></span> <span class='ocrx_word' id='word_1_111' title='bbox 3674 963 3890 1027; x_wconf 88' lang='lat' dir='ltr'><strong>venia-</strong></span> 
     </span>
     <span class='ocr_line' id='line_1_18' title="bbox 2392 1060 3482 1144; baseline 0.001 -22"><span class='ocrx_word' id='word_1_112' title='bbox 2392 1060 2570 1123; x_wconf 89' lang='lat' dir='ltr'><strong>lium.</strong></span> <span class='ocrx_word' id='word_1_113' title='bbox 2604 1060 2749 1125; x_wconf 82' lang='lat' dir='ltr'><strong>Haec</strong></span> <span class='ocrx_word' id='word_1_114' title='bbox 2790 1061 3061 1125; x_wconf 83' lang='lat' dir='ltr'><strong>Thomas</strong></span> <span class='ocrx_word' id='word_1_115' title='bbox 3104 1062 3171 1125; x_wconf 90' lang='lat' dir='ltr'><strong>in</strong></span> <span class='ocrx_word' id='word_1_116' title='bbox 3214 1062 3482 1144; x_wconf 90' lang='lat' dir='ltr'><strong>Scripto.</strong></span> 
     </span>
    </p>

    <p class='ocr_par' dir='ltr' id='par_1_6' title="bbox 2390 1160 3892 1832">
     <span class='ocr_line' id='line_1_19' title="bbox 2469 1160 3889 1242; baseline 0.001 -20"><span class='ocrx_word' id='word_1_117' title='bbox 2469 1160 2775 1223; x_wconf 78' lang='lat' dir='ltr'><strong>Praeterea</strong></span> <span class='ocrx_word' id='word_1_118' title='bbox 2805 1160 3060 1224; x_wconf 87' lang='lat' dir='ltr'><strong>Petrus:</strong></span> <span class='ocrx_word' id='word_1_119' title='bbox 3086 1162 3155 1223; x_wconf 93' lang='lat' dir='ltr'><strong>In</strong></span> <span class='ocrx_word' id='word_1_120' title='bbox 3186 1160 3327 1223; x_wconf 88' lang='lat' dir='ltr'><strong>aliis</strong></span> <span class='ocrx_word' id='word_1_121' title='bbox 3355 1160 3501 1242; x_wconf 88' lang='lat' dir='ltr'><strong>(ait)</strong></span> <span class='ocrx_word' id='word_1_122' title='bbox 3528 1178 3889 1224; x_wconf 86' lang='lat' dir='ltr'><strong>sacramen-</strong></span> 
     </span>
     <span class='ocr_line' id='line_1_20' title="bbox 2391 1258 3891 1342; baseline 0.002 -22"><span class='ocrx_word' id='word_1_123' title='bbox 2391 1258 2475 1321; x_wconf 87' lang='lat' dir='ltr'><strong>tis</strong></span> <span class='ocrx_word' id='word_1_124' title='bbox 2518 1266 2615 1321; x_wconf 90' lang='lat' dir='ltr'><strong>est</strong></span> <span class='ocrx_word' id='word_1_125' title='bbox 2654 1259 2867 1342; x_wconf 87' lang='lat' dir='ltr'><strong>aliqua</strong></span> <span class='ocrx_word' id='word_1_126' title='bbox 2916 1260 3181 1323; x_wconf 88' lang='lat' dir='ltr'><strong>materia</strong></span> <span class='ocrx_word' id='word_1_127' title='bbox 3220 1259 3515 1334; x_wconf 83' lang='lat' dir='ltr'><strong>exterior,</strong></span> <span class='ocrx_word' id='word_1_128' title='bbox 3556 1267 3629 1322; x_wconf 91' lang='lat' dir='ltr'><strong>ut</strong></span> <span class='ocrx_word' id='word_1_129' title='bbox 3666 1258 3737 1321; x_wconf 92' lang='lat' dir='ltr'><strong>in</strong></span> <span class='ocrx_word' id='word_1_130' title='bbox 3776 1260 3891 1323; x_wconf 87' lang='lat' dir='ltr'><strong>Ba·</strong></span> 
     </span>
     <span class='ocr_line' id='line_1_21' title="bbox 2392 1355 3891 1439; baseline 0.002 -21"><span class='ocrx_word' id='word_1_131' title='bbox 2392 1355 2631 1439; x_wconf 88' lang='lat' dir='ltr'><strong>ptismo</strong></span> <span class='ocrx_word' id='word_1_132' title='bbox 2676 1375 2875 1439; x_wconf 86' lang='lat' dir='ltr'><strong>aqua3</strong></span> <span class='ocrx_word' id='word_1_133' title='bbox 2925 1357 2991 1421; x_wconf 91' lang='lat' dir='ltr'><strong>in</strong></span> <span class='ocrx_word' id='word_1_134' title='bbox 3048 1358 3170 1422; x_wconf 90' lang='lat' dir='ltr'><strong>hoc</strong></span> <span class='ocrx_word' id='word_1_135' title='bbox 3219 1366 3435 1421; x_wconf 88' lang='lat' dir='ltr'><strong>autem</strong></span> <span class='ocrx_word' id='word_1_136' title='bbox 3490 1366 3891 1421; x_wconf 86' lang='lat' dir='ltr'><strong>sacramento</strong></span> 
     </span>
     <span class='ocr_line' id='line_1_22' title="bbox 2392 1454 3892 1531; baseline 0.001 -15"><span class='ocrx_word' id='word_1_137' title='bbox 2392 1454 2659 1517; x_wconf 89' lang='lat' dir='ltr'><strong>materia</strong></span> <span class='ocrx_word' id='word_1_138' title='bbox 2684 1463 2783 1517; x_wconf 90' lang='lat' dir='ltr'><strong>est</strong></span> <span class='ocrx_word' id='word_1_139' title='bbox 2809 1462 2988 1519; x_wconf 90' lang='lat' dir='ltr'><strong>actus</strong></span> <span class='ocrx_word' id='word_1_140' title='bbox 3017 1455 3319 1531; x_wconf 90' lang='lat' dir='ltr'><strong>hominis,</strong></span> <span class='ocrx_word' id='word_1_141' title='bbox 3338 1455 3586 1519; x_wconf 89' lang='lat' dir='ltr'><strong>scilicet</strong></span> <span class='ocrx_word' id='word_1_142' title='bbox 3610 1456 3892 1519; x_wconf 84' lang='lat' dir='ltr'><strong>exterior</strong></span> 
     </span>
     <span class='ocr_line' id='line_1_23' title="bbox 2391 1542 3891 1636; baseline 0.001 -21"><span class='ocrx_word' id='word_1_143' title='bbox 2391 1552 2727 1617; x_wconf 75' lang='lat' dir='ltr'><strong>confessio.</strong></span> <span class='ocrx_word' id='word_1_144' title='bbox 2769 1553 2971 1618; x_wconf 91' lang='lat' dir='ltr'><strong>Homo</strong></span> <span class='ocrx_word' id='word_1_145' title='bbox 3012 1561 3228 1618; x_wconf 87' lang='lat' dir='ltr'><strong>autem</strong></span> <span class='ocrx_word' id='word_1_146' title='bbox 3274 1572 3353 1617; x_wconf 88' lang='lat' dir='ltr'><strong>ex</strong></span> <span class='ocrx_word' id='word_1_147' title='bbox 3403 1542 3690 1636; x_wconf 87' lang='lat' dir='ltr'><strong>partibus</strong></span> <span class='ocrx_word' id='word_1_148' title='bbox 3736 1554 3891 1617; x_wconf 88' lang='lat' dir='ltr'><strong>dua-</strong></span> 
     </span>
     <span class='ocr_line' id='line_1_24' title="bbox 2390 1651 3888 1735; baseline 0.001 -21"><span class='ocrx_word' id='word_1_149' title='bbox 2390 1651 2511 1714; x_wconf 87' lang='lat' dir='ltr'><strong>bus</strong></span> <span class='ocrx_word' id='word_1_150' title='bbox 2542 1652 2851 1726; x_wconf 85' lang='lat' dir='ltr'><strong>consistit,</strong></span> <span class='ocrx_word' id='word_1_151' title='bbox 2885 1672 3158 1735; x_wconf 89' lang='lat' dir='ltr'><strong>quarum</strong></span> <span class='ocrx_word' id='word_1_152' title='bbox 3190 1672 3339 1727; x_wconf 86' lang='lat' dir='ltr'><strong>una,</strong></span> <span class='ocrx_word' id='word_1_153' title='bbox 3372 1652 3621 1716; x_wconf 89' lang='lat' dir='ltr'><strong>scilicet</strong></span> <span class='ocrx_word' id='word_1_154' title='bbox 3646 1652 3888 1727; x_wconf 88' lang='lat' dir='ltr'><strong>anima,</strong></span> 
     </span>
     <span class='ocr_line' id='line_1_25' title="bbox 2391 1750 3891 1832; baseline 0.003 -21"><span class='ocrx_word' id='word_1_155' title='bbox 2391 1758 2605 1813; x_wconf 91' lang='lat' dir='ltr'><strong>movet</strong></span> <span class='ocrx_word' id='word_1_156' title='bbox 2633 1768 2865 1832; x_wconf 88' lang='lat' dir='ltr'><strong>corpus</strong></span> <span class='ocrx_word' id='word_1_157' title='bbox 2898 1770 2912 1815; x_wconf 90' lang='lat'>:</span> <span class='ocrx_word' id='word_1_158' title='bbox 2946 1751 3185 1815; x_wconf 89' lang='lat' dir='ltr'><strong>idcirco</strong></span> <span class='ocrx_word' id='word_1_159' title='bbox 3214 1751 3281 1814; x_wconf 93' lang='lat' dir='ltr'><strong>in</strong></span> <span class='ocrx_word' id='word_1_160' title='bbox 3309 1750 3560 1814; x_wconf 89' lang='lat' dir='ltr'><strong>actibus</strong></span> <span class='ocrx_word' id='word_1_161' title='bbox 3588 1751 3891 1815; x_wconf 87' lang='lat' dir='ltr'><strong>humanis</strong></span> 
     </span>
    </p>
   </div>
   <div class='ocr_carea' id='block_1_6' title="bbox 782 1846 3892 1932">
    <p class='ocr_par' dir='ltr' id='par_1_7' title="bbox 782 1846 3892 1932">
     <span class='ocr_line' id='line_1_26' title="bbox 782 1846 3892 1932; baseline 0 -20"><span class='ocrx_word' id='word_1_162' title='bbox 782 1850 928 1912; x_wconf 91' lang='lat' dir='ltr'><strong>dam</strong></span> <span class='ocrx_word' id='word_1_163' title='bbox 958 1851 1038 1913; x_wconf 86' lang='lat' dir='ltr'><strong>ad</strong></span> <span class='ocrx_word' id='word_1_164' title='bbox 1070 1850 1228 1912; x_wconf 90' lang='lat' dir='ltr'><strong>illud</strong></span> <span class='ocrx_word' id='word_1_165' title='bbox 1259 1857 1531 1913; x_wconf 91' lang='lat' dir='ltr'><strong>notatur.</strong></span> <span class='ocrx_word' id='word_1_166' title='bbox 1555 1848 1908 1913; x_wconf 86' lang='lat' dir='ltr'><strong>Necessitas</strong></span> <span class='ocrx_word' id='word_1_167' title='bbox 1938 1856 2153 1911; x_wconf 90' lang='lat' dir='ltr'><strong>autem</strong></span> <span class='ocrx_word' id='word_1_168' title='bbox 2182 1856 2279 1911; x_wconf 91' lang='lat' dir='ltr'><strong>est</strong></span> <span class='ocrx_word' id='word_1_169' title='bbox 2313 1846 2363 1912; x_wconf 91' lang='lat' dir='ltr'>B</span> <span class='ocrx_word' id='word_1_170' title='bbox 2391 1854 2489 1911; x_wconf 88' lang='lat' dir='ltr'><strong>est</strong></span> <span class='ocrx_word' id='word_1_171' title='bbox 2532 1849 2764 1930; x_wconf 82' lang='lat' dir='ltr'><strong>gradus</strong></span> <span class='ocrx_word' id='word_1_172' title='bbox 2812 1848 3127 1932; x_wconf 88' lang='lat' dir='ltr'><strong>incipiens</strong></span> <span class='ocrx_word' id='word_1_173' title='bbox 3172 1850 3253 1913; x_wconf 87' lang='lat' dir='ltr'><strong>ab</strong></span> <span class='ocrx_word' id='word_1_174' title='bbox 3304 1848 3892 1932; x_wconf 83' lang='lat' dir='ltr'><strong>imperfectioribus</strong></span> 
     </span>
    </p>
   </div>
   <div class='ocr_carea' id='block_1_7' title="bbox 777 1946 2280 2999">
    <p class='ocr_par' dir='ltr' id='par_1_8' title="bbox 777 1946 2280 2999">
     <span class='ocr_line' id='line_1_27' title="bbox 782 1946 2280 2029; baseline -0.001 -19"><span class='ocrx_word' id='word_1_175' title='bbox 782 1947 1038 2029; x_wconf 84' lang='lat' dir='ltr'><strong>duplex.</strong></span> <span class='ocrx_word' id='word_1_176' title='bbox 1073 1948 1206 2011; x_wconf 85' lang='lat' dir='ltr'><strong>Una</strong></span> <span class='ocrx_word' id='word_1_177' title='bbox 1246 1947 1556 2020; x_wconf 90' lang='lat' dir='ltr'><strong>absoluta,</strong></span> <span class='ocrx_word' id='word_1_178' title='bbox 1589 1966 1716 2029; x_wconf 88' lang='lat' dir='ltr'><strong>qua</strong></span> <span class='ocrx_word' id='word_1_179' title='bbox 1751 1954 2043 2009; x_wconf 87' lang='lat' dir='ltr'><strong>tenemur</strong></span> <span class='ocrx_word' id='word_1_180' title='bbox 2083 1946 2162 2009; x_wconf 90' lang='lat' dir='ltr'><strong>ad</strong></span> <span class='ocrx_word' id='word_1_181' title='bbox 2204 1966 2280 2009; x_wconf 91' lang='lat' dir='ltr'><strong>ea</strong></span> 
     </span>
     <span class='ocr_line' id='line_1_28' title="bbox 782 2045 2280 2128; baseline -0.001 -20"><span class='ocrx_word' id='word_1_182' title='bbox 782 2046 922 2109; x_wconf 91' lang='lat' dir='ltr'><strong>sine</strong></span> <span class='ocrx_word' id='word_1_183' title='bbox 963 2046 1198 2128; x_wconf 90' lang='lat' dir='ltr'><strong>quibus</strong></span> <span class='ocrx_word' id='word_1_184' title='bbox 1237 2046 1468 2108; x_wconf 89' lang='lat' dir='ltr'><strong>salvari</strong></span> <span class='ocrx_word' id='word_1_185' title='bbox 1505 2063 1634 2109; x_wconf 92' lang='lat' dir='ltr'><strong>non</strong></span> <span class='ocrx_word' id='word_1_186' title='bbox 1675 2063 2014 2127; x_wconf 91' lang='lat' dir='ltr'><strong>possumus</strong></span> <span class='ocrx_word' id='word_1_187' title='bbox 2051 2064 2066 2109; x_wconf 90' lang='lat'><strong>:</strong></span> <span class='ocrx_word' id='word_1_188' title='bbox 2098 2052 2163 2107; x_wconf 89' lang='lat' dir='ltr'><strong>et</strong></span> <span class='ocrx_word' id='word_1_189' title='bbox 2194 2045 2280 2107; x_wconf 87' lang='lat' dir='ltr'><strong>ita</strong></span> 
     </span>
     <span class='ocr_line' id='line_1_29' title="bbox 781 2143 2275 2226; baseline 0.002 -21"><span class='ocrx_word' id='word_1_190' title='bbox 781 2162 910 2207; x_wconf 90' lang='lat' dir='ltr'><strong>non</strong></span> <span class='ocrx_word' id='word_1_191' title='bbox 950 2152 1244 2206; x_wconf 90' lang='lat' dir='ltr'><strong>tenemur</strong></span> <span class='ocrx_word' id='word_1_192' title='bbox 1290 2144 1368 2206; x_wconf 90' lang='lat' dir='ltr'><strong>ad</strong></span> <span class='ocrx_word' id='word_1_193' title='bbox 1416 2144 1858 2226; x_wconf 89' lang='lat' dir='ltr'><strong>poenitentiam</strong></span> <span class='ocrx_word' id='word_1_194' title='bbox 1900 2143 1978 2206; x_wconf 91' lang='lat' dir='ltr'><strong>de</strong></span> <span class='ocrx_word' id='word_1_195' title='bbox 2017 2143 2275 2217; x_wconf 89' lang='lat' dir='ltr'><strong>veniali,</strong></span> 
     </span>
     <span class='ocr_line' id='line_1_30' title="bbox 782 2242 2278 2325; baseline 0.001 -22"><span class='ocrx_word' id='word_1_196' title='bbox 782 2242 1087 2325; x_wconf 91' lang='lat' dir='ltr'><strong>quoniam</strong></span> <span class='ocrx_word' id='word_1_197' title='bbox 1131 2261 1272 2306; x_wconf 86' lang='lat' dir='ltr'><strong>eam</strong></span> <span class='ocrx_word' id='word_1_198' title='bbox 1323 2242 1674 2306; x_wconf 88' lang='lat' dir='ltr'><strong>omittendo</strong></span> <span class='ocrx_word' id='word_1_199' title='bbox 1718 2260 1845 2305; x_wconf 91' lang='lat' dir='ltr'><strong>non</strong></span> <span class='ocrx_word' id='word_1_200' title='bbox 1889 2242 2278 2304; x_wconf 86' lang='lat' dir='ltr'><strong>incurrimus</strong></span> 
     </span>
     <span class='ocr_line' id='line_1_31' title="bbox 783 2340 2279 2423; baseline 0.001 -20"><span class='ocrx_word' id='word_1_201' title='bbox 783 2349 1074 2416; x_wconf 88' lang='lat' dir='ltr'><strong>mortem,</strong></span> <span class='ocrx_word' id='word_1_202' title='bbox 1108 2341 1230 2403; x_wconf 90' lang='lat' dir='ltr'><strong>nisi</strong></span> <span class='ocrx_word' id='word_1_203' title='bbox 1275 2340 1537 2404; x_wconf 79' lang='lat' dir='ltr'><strong>forsitan</strong></span> <span class='ocrx_word' id='word_1_204' title='bbox 1581 2359 1658 2403; x_wconf 89' lang='lat' dir='ltr'><strong>ex</strong></span> <span class='ocrx_word' id='word_1_205' title='bbox 1701 2347 2072 2423; x_wconf 88' lang='lat' dir='ltr'><strong>contemptu</strong></span> <span class='ocrx_word' id='word_1_206' title='bbox 2113 2340 2279 2404; x_wconf 87' lang='lat' dir='ltr'><strong>hanc</strong></span> 
     </span>
     <span class='ocr_line' id='line_1_32' title="bbox 780 2438 2276 2521; baseline -0.001 -18"><span class='ocrx_word' id='word_1_207' title='bbox 780 2439 1168 2503; x_wconf 66' lang='lat' dir='ltr'><strong>omittamus</strong></span> <span class='ocrx_word' id='word_1_208' title='bbox 1203 2439 1342 2502; x_wconf 87' lang='lat' dir='ltr'><strong>Alia</strong></span> <span class='ocrx_word' id='word_1_209' title='bbox 1371 2447 1468 2502; x_wconf 87' lang='lat' dir='ltr'><strong>est</strong></span> <span class='ocrx_word' id='word_1_210' title='bbox 1495 2439 1840 2503; x_wconf 88' lang='lat' dir='ltr'><strong>necessitas</strong></span> <span class='ocrx_word' id='word_1_211' title='bbox 1869 2458 1946 2501; x_wconf 85' lang='lat' dir='ltr'><strong>ex</strong></span> <span class='ocrx_word' id='word_1_212' title='bbox 1984 2438 2276 2521; x_wconf 88' lang='lat' dir='ltr'><strong>supposi-</strong></span> 
     </span>
     <span class='ocr_line' id='line_1_33' title="bbox 779 2537 2275 2621; baseline -0.001 -20"><span class='ocrx_word' id='word_1_213' title='bbox 779 2539 954 2603; x_wconf 91' lang='lat' dir='ltr'><strong>tione</strong></span> <span class='ocrx_word' id='word_1_214' title='bbox 984 2538 1257 2621; x_wconf 87' lang='lat' dir='ltr'><strong>alicujus</strong></span> <span class='ocrx_word' id='word_1_215' title='bbox 1287 2537 1440 2601; x_wconf 89' lang='lat' dir='ltr'><strong>finis</strong></span> <span class='ocrx_word' id='word_1_216' title='bbox 1475 2555 1489 2600; x_wconf 90' lang='lat'>:</span> <span class='ocrx_word' id='word_1_217' title='bbox 1525 2538 1693 2601; x_wconf 92' lang='lat' dir='ltr'><strong>sicut</strong></span> <span class='ocrx_word' id='word_1_218' title='bbox 1719 2538 1994 2600; x_wconf 90' lang='lat' dir='ltr'><strong>dicimus</strong></span> <span class='ocrx_word' id='word_1_219' title='bbox 2031 2537 2275 2620; x_wconf 90' lang='lat' dir='ltr'><strong>aliquid</strong></span> 
     </span>
     <span class='ocr_line' id='line_1_34' title="bbox 779 2637 2274 2719; baseline -0.001 -18"><span class='ocrx_word' id='word_1_220' title='bbox 779 2638 1234 2713; x_wconf 89' lang='lat' dir='ltr'><strong>necessarium,</strong></span> <span class='ocrx_word' id='word_1_221' title='bbox 1267 2637 1406 2701; x_wconf 89' lang='lat' dir='ltr'><strong>sine</strong></span> <span class='ocrx_word' id='word_1_222' title='bbox 1435 2656 1564 2719; x_wconf 93' lang='lat' dir='ltr'><strong>quo</strong></span> <span class='ocrx_word' id='word_1_223' title='bbox 1593 2656 1720 2701; x_wconf 89' lang='lat' dir='ltr'><strong>non</strong></span> <span class='ocrx_word' id='word_1_224' title='bbox 1751 2654 2096 2719; x_wconf 90' lang='lat' dir='ltr'><strong>possumus</strong></span> <span class='ocrx_word' id='word_1_225' title='bbox 2127 2654 2274 2700; x_wconf 85' lang='lat' dir='ltr'><strong>con·</strong></span> 
     </span>
     <span class='ocr_line' id='line_1_35' title="bbox 777 2735 2277 2819; baseline -0.001 -20"><span class='ocrx_word' id='word_1_226' title='bbox 777 2735 963 2819; x_wconf 91' lang='lat' dir='ltr'><strong>sequi</strong></span> <span class='ocrx_word' id='word_1_227' title='bbox 991 2735 1191 2799; x_wconf 81' lang='lat' dir='ltr'><strong>finem</strong></span> <span class='ocrx_word' id='word_1_228' title='bbox 1233 2736 1570 2799; x_wconf 89' lang='lat' dir='ltr'><strong>intentum.</strong></span> <span class='ocrx_word' id='word_1_229' title='bbox 1607 2735 1838 2818; x_wconf 90' lang='lat' dir='ltr'><strong>Sicque</strong></span> <span class='ocrx_word' id='word_1_230' title='bbox 1877 2754 2141 2799; x_wconf 89' lang='lat' dir='ltr'><strong>necesse</strong></span> <span class='ocrx_word' id='word_1_231' title='bbox 2180 2743 2277 2799; x_wconf 90' lang='lat' dir='ltr'><strong>est</strong></span> 
     </span>
     <span class='ocr_line' id='line_1_36' title="bbox 779 2834 2279 2917; baseline -0.002 -19"><span class='ocrx_word' id='word_1_232' title='bbox 779 2836 1023 2898; x_wconf 90' lang='lat' dir='ltr'><strong>homini</strong></span> <span class='ocrx_word' id='word_1_233' title='bbox 1055 2835 1133 2898; x_wconf 91' lang='lat' dir='ltr'><strong>de</strong></span> <span class='ocrx_word' id='word_1_234' title='bbox 1165 2835 1523 2899; x_wconf 91' lang='lat' dir='ltr'><strong>venialibus</strong></span> <span class='ocrx_word' id='word_1_235' title='bbox 1555 2834 1884 2917; x_wconf 86' lang='lat' dir='ltr'><strong>poenitere,</strong></span> <span class='ocrx_word' id='word_1_236' title='bbox 1918 2835 1971 2897; x_wconf 91' lang='lat' dir='ltr'><strong>si</strong></span> <span class='ocrx_word' id='word_1_237' title='bbox 2003 2834 2279 2897; x_wconf 90' lang='lat' dir='ltr'><strong>debeant</strong></span> 
     </span>
     <span class='ocr_line' id='line_1_37' title="bbox 779 2934 2277 2999; baseline -0.001 -1"><span class='ocrx_word' id='word_1_238' title='bbox 779 2934 839 2999; x_wconf 89' lang='lat' dir='ltr'><strong>ei</strong></span> <span class='ocrx_word' id='word_1_239' title='bbox 889 2935 954 2997; x_wconf 95' lang='lat' dir='ltr'><strong>in</strong></span> <span class='ocrx_word' id='word_1_240' title='bbox 1005 2935 1123 2997; x_wconf 87' lang='lat' dir='ltr'><strong>hac</strong></span> <span class='ocrx_word' id='word_1_241' title='bbox 1173 2934 1303 2996; x_wconf 88' lang='lat' dir='ltr'><strong>vita</strong></span> <span class='ocrx_word' id='word_1_242' title='bbox 1349 2934 1604 2996; x_wconf 89' lang='lat' dir='ltr'><strong>dimitti.</strong></span> <span class='ocrx_word' id='word_1_243' title='bbox 1648 2935 1778 2997; x_wconf 87' lang='lat' dir='ltr'><strong>Hoc</strong></span> <span class='ocrx_word' id='word_1_244' title='bbox 1823 2941 2040 2997; x_wconf 91' lang='lat' dir='ltr'><strong>tamen</strong></span> <span class='ocrx_word' id='word_1_245' title='bbox 2088 2935 2277 2997; x_wconf 90' lang='lat' dir='ltr'><strong>modo</strong></span> 
     </span>
    </p>
   </div>
   <div class='ocr_carea' id='block_1_8' title="bbox 2387 1946 3895 3007">
    <p class='ocr_par' dir='ltr' id='par_1_9' title="bbox 2387 1946 3895 3007">
     <span class='ocr_line' id='line_1_38' title="bbox 2390 1946 3893 2032; baseline 0.001 -23"><span class='ocrx_word' id='word_1_246' title='bbox 2390 1947 2468 2009; x_wconf 89' lang='lat' dir='ltr'><strong>ad</strong></span> <span class='ocrx_word' id='word_1_247' title='bbox 2516 1946 2914 2029; x_wconf 81' lang='lat' dir='ltr'><strong>perfectiora.</strong></span> <span class='ocrx_word' id='word_1_248' title='bbox 2957 1948 3293 2032; x_wconf 86' lang='lat' dir='ltr'><strong>Quumque</strong></span> <span class='ocrx_word' id='word_1_249' title='bbox 3342 1947 3585 2011; x_wconf 90' lang='lat' dir='ltr'><strong>malum</strong></span> <span class='ocrx_word' id='word_1_250' title='bbox 3626 1948 3809 2011; x_wconf 90' lang='lat' dir='ltr'><strong>cadat</strong></span> <span class='ocrx_word' id='word_1_251' title='bbox 3850 1967 3893 2011; x_wconf 90' lang='lat' dir='ltr'><strong>a</strong></span> 
     </span>
     <span class='ocr_line' id='line_1_39' title="bbox 2389 2044 3895 2129; baseline 0.001 -21"><span class='ocrx_word' id='word_1_252' title='bbox 2389 2044 2803 2128; x_wconf 82' lang='lat' dir='ltr'><strong>perfectione,</strong></span> <span class='ocrx_word' id='word_1_253' title='bbox 2818 2054 2883 2109; x_wconf 90' lang='lat' dir='ltr'><strong>et</strong></span> <span class='ocrx_word' id='word_1_254' title='bbox 2910 2047 3153 2110; x_wconf 91' lang='lat' dir='ltr'><strong>bonum</strong></span> <span class='ocrx_word' id='word_1_255' title='bbox 3183 2047 3643 2129; x_wconf 75' lang='lat' dir='ltr'><strong>porrectionem</strong></span> <span class='ocrx_word' id='word_1_256' title='bbox 3670 2066 3895 2129; x_wconf 86' lang='lat' dir='ltr'><strong>quam-</strong></span> 
     </span>
     <span class='ocr_line' id='line_1_40' title="bbox 2390 2144 3891 2228; baseline 0.001 -21"><span class='ocrx_word' id='word_1_257' title='bbox 2390 2145 2533 2207; x_wconf 92' lang='lat' dir='ltr'><strong>dam</strong></span> <span class='ocrx_word' id='word_1_258' title='bbox 2567 2145 2880 2227; x_wconf 85' lang='lat' dir='ltr'><strong>requirat3</strong></span> <span class='ocrx_word' id='word_1_259' title='bbox 2914 2146 3076 2219; x_wconf 91' lang='lat' dir='ltr'><strong>ideo,</strong></span> <span class='ocrx_word' id='word_1_260' title='bbox 3101 2144 3393 2228; x_wconf 89' lang='lat' dir='ltr'><strong>quamvis</strong></span> <span class='ocrx_word' id='word_1_261' title='bbox 3426 2146 3665 2208; x_wconf 89' lang='lat' dir='ltr'><strong>malum</strong></span> <span class='ocrx_word' id='word_1_262' title='bbox 3696 2145 3779 2208; x_wconf 90' lang='lat' dir='ltr'><strong>sit</strong></span> <span class='ocrx_word' id='word_1_263' title='bbox 3804 2164 3891 2209; x_wconf 91' lang='lat' dir='ltr'><strong>ex</strong></span> 
     </span>
     <span class='ocr_line' id='line_1_41' title="bbox 2390 2242 3891 2325; baseline 0.002 -21"><span class='ocrx_word' id='word_1_264' title='bbox 2390 2242 2756 2325; x_wconf 87' lang='lat' dir='ltr'><strong>particulari</strong></span> <span class='ocrx_word' id='word_1_265' title='bbox 2806 2244 3061 2307; x_wconf 77' lang='lat' dir='ltr'><strong>defectu</strong></span> <span class='ocrx_word' id='word_1_266' title='bbox 3110 2245 3177 2307; x_wconf 92' lang='lat' dir='ltr'><strong>in</strong></span> <span class='ocrx_word' id='word_1_267' title='bbox 3221 2252 3365 2307; x_wconf 89' lang='lat' dir='ltr'><strong>actu</strong></span> <span class='ocrx_word' id='word_1_268' title='bbox 3414 2260 3565 2319; x_wconf 90' lang='lat' dir='ltr'><strong>uno,</strong></span> <span class='ocrx_word' id='word_1_269' title='bbox 3604 2251 3891 2307; x_wconf 85' lang='lat' dir='ltr'><strong>attamen</strong></span> 
     </span>
     <span class='ocr_line' id='line_1_42' title="bbox 2388 2340 3894 2425; baseline 0.001 -21"><span class='ocrx_word' id='word_1_270' title='bbox 2388 2340 2629 2405; x_wconf 91' lang='lat' dir='ltr'><strong>bonum</strong></span> <span class='ocrx_word' id='word_1_271' title='bbox 2670 2342 2727 2405; x_wconf 90' lang='lat' dir='ltr'><strong>ei</strong></span> <span class='ocrx_word' id='word_1_272' title='bbox 2768 2343 3134 2425; x_wconf 89' lang='lat' dir='ltr'><strong>oppositum</strong></span> <span class='ocrx_word' id='word_1_273' title='bbox 3178 2342 3538 2425; x_wconf 88' lang='lat' dir='ltr'><strong>completur</strong></span> <span class='ocrx_word' id='word_1_274' title='bbox 3570 2361 3649 2407; x_wconf 88' lang='lat' dir='ltr'><strong>ex</strong></span> <span class='ocrx_word' id='word_1_275' title='bbox 3690 2342 3894 2424; x_wconf 89' lang='lat' dir='ltr'><strong>pluri-</strong></span> 
     </span>
     <span class='ocr_line' id='line_1_43' title="bbox 2388 2440 3890 2524; baseline 0.001 -21"><span class='ocrx_word' id='word_1_276' title='bbox 2388 2440 2509 2503; x_wconf 93' lang='lat' dir='ltr'><strong>bus</strong></span> <span class='ocrx_word' id='word_1_277' title='bbox 2548 2441 2816 2504; x_wconf 88' lang='lat' dir='ltr'><strong>actibus.</strong></span> <span class='ocrx_word' id='word_1_278' title='bbox 2851 2441 3011 2504; x_wconf 87' lang='lat' dir='ltr'><strong>Hinc</strong></span> <span class='ocrx_word' id='word_1_279' title='bbox 3052 2441 3131 2504; x_wconf 91' lang='lat' dir='ltr'><strong>ad</strong></span> <span class='ocrx_word' id='word_1_280' title='bbox 3173 2441 3529 2524; x_wconf 85' lang='lat' dir='ltr'><strong>perfectum</strong></span> <span class='ocrx_word' id='word_1_281' title='bbox 3572 2460 3711 2504; x_wconf 90' lang='lat' dir='ltr'><strong>esse</strong></span> <span class='ocrx_word' id='word_1_282' title='bbox 3753 2441 3890 2505; x_wconf 79' lang='lat' dir='ltr'><strong>1&gt;oe-</strong></span> 
     </span>
     <span class='ocr_line' id='line_1_44' title="bbox 2389 2539 3893 2622; baseline 0.001 -20"><span class='ocrx_word' id='word_1_283' title='bbox 2389 2540 2675 2603; x_wconf 78' lang='lat' dir='ltr'><strong>nitentiae</strong></span> <span class='ocrx_word' id='word_1_284' title='bbox 2734 2540 3111 2603; x_wconf 88' lang='lat' dir='ltr'><strong>sacramenti</strong></span> <span class='ocrx_word' id='word_1_285' title='bbox 3173 2540 3589 2622; x_wconf 86' lang='lat' dir='ltr'><strong>requiruntur</strong></span> <span class='ocrx_word' id='word_1_286' title='bbox 3646 2539 3893 2622; x_wconf 88' lang='lat' dir='ltr'><strong>pariter</strong></span> 
     </span>
     <span class='ocr_line' id='line_1_45' title="bbox 2389 2638 3893 2721; baseline 0.001 -20"><span class='ocrx_word' id='word_1_287' title='bbox 2389 2639 2510 2701; x_wconf 88' lang='lat' dir='ltr'><strong>tria</strong></span> <span class='ocrx_word' id='word_1_288' title='bbox 2568 2638 2871 2720; x_wconf 83' lang='lat' dir='ltr'><strong>praedicta</strong></span> <span class='ocrx_word' id='word_1_289' title='bbox 2920 2657 2935 2702; x_wconf 91' lang='lat'>:</span> <span class='ocrx_word' id='word_1_290' title='bbox 2988 2646 3051 2701; x_wconf 91' lang='lat' dir='ltr'><strong>et</strong></span> <span class='ocrx_word' id='word_1_291' title='bbox 3107 2639 3250 2713; x_wconf 90' lang='lat' dir='ltr'><strong>hoc,</strong></span> <span class='ocrx_word' id='word_1_292' title='bbox 3302 2638 3658 2702; x_wconf 88' lang='lat' dir='ltr'><strong>secundum</strong></span> <span class='ocrx_word' id='word_1_293' title='bbox 3714 2639 3893 2721; x_wconf 88' lang='lat' dir='ltr'><strong>quod</strong></span> 
     </span>
     <span class='ocr_line' id='line_1_46' title="bbox 2388 2736 3894 2820; baseline 0 -20"><span class='ocrx_word' id='word_1_294' title='bbox 2388 2744 2539 2800; x_wconf 89' lang='lat' dir='ltr'><strong>sunt</strong></span> <span class='ocrx_word' id='word_1_295' title='bbox 2586 2737 2651 2799; x_wconf 91' lang='lat' dir='ltr'><strong>in</strong></span> <span class='ocrx_word' id='word_1_296' title='bbox 2696 2756 2763 2800; x_wconf 91' lang='lat' dir='ltr'><strong>re</strong></span> <span class='ocrx_word' id='word_1_297' title='bbox 2811 2744 2921 2800; x_wconf 93' lang='lat' dir='ltr'><strong>aut</strong></span> <span class='ocrx_word' id='word_1_298' title='bbox 2966 2736 3033 2799; x_wconf 89' lang='lat' dir='ltr'><strong>in</strong></span> <span class='ocrx_word' id='word_1_299' title='bbox 3076 2736 3444 2820; x_wconf 84' lang='lat' dir='ltr'><strong>proposit03</strong></span> <span class='ocrx_word' id='word_1_300' title='bbox 3494 2743 3561 2800; x_wconf 86' lang='lat' dir='ltr'><strong>et</strong></span> <span class='ocrx_word' id='word_1_301' title='bbox 3604 2737 3685 2801; x_wconf 86' lang='lat' dir='ltr'><strong>de</strong></span> <span class='ocrx_word' id='word_1_302' title='bbox 3734 2755 3894 2800; x_wconf 86' lang='lat' dir='ltr'><strong>uno-</strong></span> 
     </span>
     <span class='ocr_line' id='line_1_47' title="bbox 2387 2834 3889 2919; baseline 0.002 -23"><span class='ocrx_word' id='word_1_303' title='bbox 2387 2854 2643 2919; x_wconf 88' lang='lat' dir='ltr'><strong>quoque</strong></span> <span class='ocrx_word' id='word_1_304' title='bbox 2674 2853 2894 2898; x_wconf 89' lang='lat' dir='ltr'><strong>eorum</strong></span> <span class='ocrx_word' id='word_1_305' title='bbox 2925 2835 3309 2918; x_wconf 79' lang='lat' dir='ltr'><strong>praedicatur</strong></span> <span class='ocrx_word' id='word_1_306' title='bbox 3336 2834 3713 2918; x_wconf 86' lang='lat' dir='ltr'><strong>poenitentia</strong></span> <span class='ocrx_word' id='word_1_307' title='bbox 3741 2854 3889 2918; x_wconf 86' lang='lat' dir='ltr'><strong>pro·</strong></span> 
     </span>
     <span class='ocr_line' id='line_1_48' title="bbox 2387 2933 3891 3007; baseline 0.001 -12"><span class='ocrx_word' id='word_1_308' title='bbox 2387 2941 2459 2995; x_wconf 87' lang='lat' dir='ltr'><strong>ut</strong></span> <span class='ocrx_word' id='word_1_309' title='bbox 2488 2941 2584 2997; x_wconf 89' lang='lat' dir='ltr'><strong>est</strong></span> <span class='ocrx_word' id='word_1_310' title='bbox 2611 2933 2837 3007; x_wconf 79' lang='lat' dir='ltr'><strong>virtuS,</strong></span> <span class='ocrx_word' id='word_1_311' title='bbox 2862 2951 2988 2996; x_wconf 89' lang='lat' dir='ltr'><strong>non</strong></span> <span class='ocrx_word' id='word_1_312' title='bbox 3020 2941 3092 2996; x_wconf 92' lang='lat' dir='ltr'><strong>ut</strong></span> <span class='ocrx_word' id='word_1_313' title='bbox 3118 2941 3609 2997; x_wconf 89' lang='lat' dir='ltr'><strong>sacramentum.</strong></span> <span class='ocrx_word' id='word_1_314' title='bbox 3632 2968 3715 2981; x_wconf 89' lang='lat'><strong>—</strong></span> <span class='ocrx_word' id='word_1_315' title='bbox 3743 2935 3891 2997; x_wconf 78' lang='lat' dir='ltr'><strong>Am-</strong></span> 
     </span>
    </p>
   </div>
   <div class='ocr_carea' id='block_1_9' title="bbox 778 3028 3888 3116">
    <p class='ocr_par' dir='ltr' id='par_1_10' title="bbox 778 3028 3888 3116">
     <span class='ocr_line' id='line_1_49' title="bbox 778 3028 3888 3116; baseline 0 -21"><span class='ocrx_word' id='word_1_316' title='bbox 778 3051 907 3096; x_wconf 90' lang='lat' dir='ltr'><strong>non</strong></span> <span class='ocrx_word' id='word_1_317' title='bbox 939 3028 1176 3096; x_wconf 87' lang='lat' dir='ltr'><strong>dicitur</strong></span> <span class='ocrx_word' id='word_1_318' title='bbox 1204 3032 1348 3116; x_wconf 89' lang='lat' dir='ltr'><strong>quis</strong></span> <span class='ocrx_word' id='word_1_319' title='bbox 1378 3031 1636 3114; x_wconf 88' lang='lat' dir='ltr'><strong>proprie</strong></span> <span class='ocrx_word' id='word_1_320' title='bbox 1667 3032 1868 3095; x_wconf 90' lang='lat' dir='ltr'><strong>teneri</strong></span> <span class='ocrx_word' id='word_1_321' title='bbox 1899 3032 1977 3095; x_wconf 90' lang='lat' dir='ltr'><strong>ad</strong></span> <span class='ocrx_word' id='word_1_322' title='bbox 2006 3032 2272 3115; x_wconf 90' lang='lat' dir='ltr'><strong>aliquid,</strong></span> <span class='ocrx_word' id='word_1_323' title='bbox 2312 3031 2358 3097; x_wconf 88' lang='lat' dir='ltr'>C</span> <span class='ocrx_word' id='word_1_324' title='bbox 2388 3032 2579 3114; x_wconf 78' lang='lat' dir='ltr'><strong>pliuS,</strong></span> <span class='ocrx_word' id='word_1_325' title='bbox 2612 3032 2691 3094; x_wconf 90' lang='lat' dir='ltr'><strong>de</strong></span> <span class='ocrx_word' id='word_1_326' title='bbox 2720 3030 3081 3094; x_wconf 88' lang='lat' dir='ltr'><strong>venialibus</strong></span> <span class='ocrx_word' id='word_1_327' title='bbox 3116 3049 3244 3095; x_wconf 91' lang='lat' dir='ltr'><strong>non</strong></span> <span class='ocrx_word' id='word_1_328' title='bbox 3274 3040 3373 3095; x_wconf 91' lang='grc' dir='ltr'><strong>θεῖ</strong></span> <span class='ocrx_word' id='word_1_329' title='bbox 3399 3033 3479 3095; x_wconf 89' lang='lat' dir='ltr'><strong>de</strong></span> <span class='ocrx_word' id='word_1_330' title='bbox 3508 3032 3888 3095; x_wconf 83' lang='lat' dir='ltr'><strong>necessitate</strong></span> 
     </span>
    </p>
   </div>
   <div class='ocr_carea' id='block_1_10' title="bbox 775 3131 2278 3904">
    <p class='ocr_par' dir='ltr' id='par_1_11' title="bbox 779 3131 2271 3214">
     <span class='ocr_line' id='line_1_50' title="bbox 779 3131 2271 3214; baseline -0.001 -18"><span class='ocrx_word' id='word_1_331' title='bbox 779 3133 891 3196; x_wconf 92' lang='lat' dir='ltr'><strong>sed</strong></span> <span class='ocrx_word' id='word_1_332' title='bbox 921 3132 1314 3214; x_wconf 83' lang='lat' dir='ltr'><strong>large,atque</strong></span> <span class='ocrx_word' id='word_1_333' title='bbox 1344 3131 1693 3195; x_wconf 90' lang='lat' dir='ltr'><strong>secundum</strong></span> <span class='ocrx_word' id='word_1_334' title='bbox 1724 3131 1893 3213; x_wconf 88' lang='lat' dir='ltr'><strong>quid.</strong></span> <span class='ocrx_word' id='word_1_335' title='bbox 1910 3131 2052 3194; x_wconf 81' lang='lat' dir='ltr'><strong>Haec</strong></span> <span class='ocrx_word' id='word_1_336' title='bbox 2083 3131 2271 3195; x_wconf 89' lang='lat' dir='ltr'><strong>idem.</strong></span> 
     </span>
    </p>

    <p class='ocr_par' dir='ltr' id='par_1_12' title="bbox 775 3229 2278 3904">
     <span class='ocr_line' id='line_1_51' title="bbox 859 3229 2277 3312; baseline 0.001 -20"><span class='ocrx_word' id='word_1_337' title='bbox 859 3230 1101 3305; x_wconf 86' lang='lat' dir='ltr'><strong>Quibus</strong></span> <span class='ocrx_word' id='word_1_338' title='bbox 1138 3230 1330 3293; x_wconf 89' lang='lat' dir='ltr'><strong>etiam</strong></span> <span class='ocrx_word' id='word_1_339' title='bbox 1370 3229 1565 3311; x_wconf 87' lang='lat' dir='ltr'><strong>objici</strong></span> <span class='ocrx_word' id='word_1_340' title='bbox 1608 3237 1841 3312; x_wconf 89' lang='lat' dir='ltr'><strong>posset,</strong></span> <span class='ocrx_word' id='word_1_341' title='bbox 1875 3230 2045 3312; x_wconf 88' lang='lat' dir='ltr'><strong>quod</strong></span> <span class='ocrx_word' id='word_1_342' title='bbox 2084 3229 2277 3293; x_wconf 91' lang='lat' dir='ltr'><strong>homo</strong></span> 
     </span>
     <span class='ocr_line' id='line_1_52' title="bbox 780 3327 2275 3413; baseline -0.001 -20"><span class='ocrx_word' id='word_1_343' title='bbox 780 3337 994 3413; x_wconf 89' lang='lat' dir='ltr'><strong>posset</strong></span> <span class='ocrx_word' id='word_1_344' title='bbox 1033 3347 1203 3392; x_wconf 90' lang='lat' dir='ltr'><strong>nunc</strong></span> <span class='ocrx_word' id='word_1_345' title='bbox 1242 3337 1370 3392; x_wconf 85' lang='lat' dir='ltr'><strong>tam</strong></span> <span class='ocrx_word' id='word_1_346' title='bbox 1415 3329 1663 3392; x_wconf 88' lang='lat' dir='ltr'><strong>intense</strong></span> <span class='ocrx_word' id='word_1_347' title='bbox 1703 3329 1781 3392; x_wconf 93' lang='lat' dir='ltr'><strong>de</strong></span> <span class='ocrx_word' id='word_1_348' title='bbox 1820 3327 2098 3411; x_wconf 89' lang='lat' dir='ltr'><strong>peccatis</strong></span> <span class='ocrx_word' id='word_1_349' title='bbox 2142 3329 2275 3391; x_wconf 88' lang='lat' dir='ltr'><strong>suis</strong></span> 
     </span>
     <span class='ocr_line' id='line_1_53' title="bbox 779 3426 2278 3510; baseline -0.002 -19"><span class='ocrx_word' id='word_1_350' title='bbox 779 3427 1158 3492; x_wconf 86' lang='lat' dir='ltr'><strong>mortalibus</strong></span> <span class='ocrx_word' id='word_1_351' title='bbox 1199 3428 1530 3510; x_wconf 89' lang='lat' dir='ltr'><strong>poenitere,</strong></span> <span class='ocrx_word' id='word_1_352' title='bbox 1564 3435 1824 3509; x_wconf 90' lang='lat' dir='ltr'><strong>tamque</strong></span> <span class='ocrx_word' id='word_1_353' title='bbox 1863 3426 2187 3490; x_wconf 81' lang='lat' dir='ltr'><strong>ferventer</strong></span> <span class='ocrx_word' id='word_1_354' title='bbox 2212 3435 2278 3490; x_wconf 92' lang='lat' dir='ltr'><strong>et</strong></span> 
     </span>
     <span class='ocr_line' id='line_1_54' title="bbox 777 3525 2274 3611; baseline -0.001 -21"><span class='ocrx_word' id='word_1_355' title='bbox 777 3546 939 3611; x_wconf 88' lang='lat' dir='ltr'><strong>pure</strong></span> <span class='ocrx_word' id='word_1_356' title='bbox 976 3545 1050 3589; x_wconf 91' lang='lat' dir='ltr'><strong>ac</strong></span> <span class='ocrx_word' id='word_1_357' title='bbox 1096 3526 1462 3609; x_wconf 80' lang='lat' dir='ltr'><strong>frequenter</strong></span> <span class='ocrx_word' id='word_1_358' title='bbox 1503 3526 1582 3589; x_wconf 92' lang='lat' dir='ltr'><strong>ad</strong></span> <span class='ocrx_word' id='word_1_359' title='bbox 1624 3527 1826 3589; x_wconf 91' lang='lat' dir='ltr'><strong>Deum</strong></span> <span class='ocrx_word' id='word_1_360' title='bbox 1868 3525 2068 3601; x_wconf 79' lang='lat' dir='ltr'><strong>affici,</strong></span> <span class='ocrx_word' id='word_1_361' title='bbox 2103 3526 2274 3608; x_wconf 91' lang='lat' dir='ltr'><strong>quod</strong></span> 
     </span>
     <span class='ocr_line' id='line_1_55' title="bbox 776 3623 2271 3698; baseline -0.002 -9"><span class='ocrx_word' id='word_1_362' title='bbox 776 3626 993 3690; x_wconf 91' lang='lat' dir='ltr'><strong>omnia</strong></span> <span class='ocrx_word' id='word_1_363' title='bbox 1056 3624 1332 3688; x_wconf 89' lang='lat' dir='ltr'><strong>venialia</strong></span> <span class='ocrx_word' id='word_1_364' title='bbox 1400 3643 1513 3687; x_wconf 90' lang='lat' dir='ltr'><strong>sua</strong></span> <span class='ocrx_word' id='word_1_365' title='bbox 1581 3624 1706 3687; x_wconf 91' lang='lat' dir='ltr'><strong>sibi</strong></span> <span class='ocrx_word' id='word_1_366' title='bbox 1773 3623 2271 3698; x_wconf 88' lang='lat' dir='ltr'><strong>dimitterentur,</strong></span> 
     </span>
     <span class='ocr_line' id='line_1_56' title="bbox 776 3723 2269 3808; baseline -0.001 -22"><span class='ocrx_word' id='word_1_367' title='bbox 776 3723 1072 3808; x_wconf 89' lang='lat' dir='ltr'><strong>quamvis</strong></span> <span class='ocrx_word' id='word_1_368' title='bbox 1130 3724 1209 3787; x_wconf 93' lang='lat' dir='ltr'><strong>de</strong></span> <span class='ocrx_word' id='word_1_369' title='bbox 1266 3723 1360 3786; x_wconf 90' lang='lat' dir='ltr'><strong>eis</strong></span> <span class='ocrx_word' id='word_1_370' title='bbox 1417 3723 1509 3785; x_wconf 91' lang='lat' dir='ltr'><strong>nil</strong></span> <span class='ocrx_word' id='word_1_371' title='bbox 1567 3723 1900 3786; x_wconf 88' lang='lat' dir='ltr'><strong>actualiter</strong></span> <span class='ocrx_word' id='word_1_372' title='bbox 1949 3723 2269 3804; x_wconf 82' lang='lat' dir='ltr'><strong>cogitaret.</strong></span> 
     </span>
     <span class='ocr_line' id='line_1_57' title="bbox 775 3820 2277 3904; baseline -0.001 -19"><span class='ocrx_word' id='word_1_373' title='bbox 775 3823 952 3898; x_wconf 89' lang='lat' dir='ltr'><strong>Quod</strong></span> <span class='ocrx_word' id='word_1_374' title='bbox 1002 3831 1066 3885; x_wconf 92' lang='lat' dir='ltr'><strong>et</strong></span> <span class='ocrx_word' id='word_1_375' title='bbox 1114 3820 1322 3895; x_wconf 89' lang='lat' dir='ltr'><strong>fieret,</strong></span> <span class='ocrx_word' id='word_1_376' title='bbox 1363 3821 1420 3884; x_wconf 92' lang='lat' dir='ltr'><strong>si</strong></span> <span class='ocrx_word' id='word_1_377' title='bbox 1471 3839 1587 3904; x_wconf 92' lang='lat' dir='ltr'><strong>pro</strong></span> <span class='ocrx_word' id='word_1_378' title='bbox 1637 3821 1886 3885; x_wconf 88' lang='lat' dir='ltr'><strong>Christo</strong></span> <span class='ocrx_word' id='word_1_379' title='bbox 1931 3821 2277 3884; x_wconf 87' lang='lat' dir='ltr'><strong>sustineret</strong></span> 
     </span>
    </p>
   </div>
   <div class='ocr_carea' id='block_1_11' title="bbox 2384 3129 3894 3903">
    <p class='ocr_par' dir='ltr' id='par_1_13' title="bbox 2384 3129 3894 3903">
     <span class='ocr_line' id='line_1_58' title="bbox 2387 3129 3894 3214; baseline 0 -19"><span class='ocrx_word' id='word_1_380' title='bbox 2387 3130 2763 3214; x_wconf 88' lang='lat' dir='ltr'><strong>poenitentia</strong></span> <span class='ocrx_word' id='word_1_381' title='bbox 2793 3129 3102 3205; x_wconf 88' lang='lat' dir='ltr'><strong>facienda,</strong></span> <span class='ocrx_word' id='word_1_382' title='bbox 3125 3131 3250 3194; x_wconf 88' lang='lat' dir='ltr'><strong>nisi</strong></span> <span class='ocrx_word' id='word_1_383' title='bbox 3282 3150 3397 3214; x_wconf 92' lang='lat' dir='ltr'><strong>per</strong></span> <span class='ocrx_word' id='word_1_384' title='bbox 3421 3131 3739 3194; x_wconf 81' lang='lat' dir='ltr'><strong>accidenS.</strong></span> <span class='ocrx_word' id='word_1_385' title='bbox 3763 3132 3894 3195; x_wconf 88' lang='lat' dir='ltr'><strong>Pri·</strong></span> 
     </span>
     <span class='ocr_line' id='line_1_59' title="bbox 2387 3228 3889 3312; baseline 0.003 -22"><span class='ocrx_word' id='word_1_386' title='bbox 2387 3247 2513 3304; x_wconf 91' lang='lat' dir='ltr'><strong>mo,</strong></span> <span class='ocrx_word' id='word_1_387' title='bbox 2546 3229 2791 3292; x_wconf 86' lang='lat' dir='ltr'><strong>ratione</strong></span> <span class='ocrx_word' id='word_1_388' title='bbox 2832 3228 3034 3303; x_wconf 91' lang='lat' dir='ltr'><strong>dubii,</strong></span> <span class='ocrx_word' id='word_1_389' title='bbox 3068 3236 3141 3291; x_wconf 92' lang='lat' dir='ltr'><strong>ut</strong></span> <span class='ocrx_word' id='word_1_390' title='bbox 3171 3229 3424 3312; x_wconf 91' lang='lat' dir='ltr'><strong>quando</strong></span> <span class='ocrx_word' id='word_1_391' title='bbox 3458 3235 3764 3312; x_wconf 86' lang='lat' dir='ltr'><strong>putantur</strong></span> <span class='ocrx_word' id='word_1_392' title='bbox 3790 3250 3889 3294; x_wconf 87' lang='lat' dir='ltr'><strong>es-</strong></span> 
     </span>
     <span class='ocr_line' id='line_1_60' title="bbox 2386 3326 3891 3404; baseline 0 -13"><span class='ocrx_word' id='word_1_393' title='bbox 2386 3347 2454 3391; x_wconf 89' lang='lat' dir='ltr'><strong>se</strong></span> <span class='ocrx_word' id='word_1_394' title='bbox 2502 3327 2811 3390; x_wconf 86' lang='lat' dir='ltr'><strong>mertalia.</strong></span> <span class='ocrx_word' id='word_1_395' title='bbox 2866 3326 3177 3402; x_wconf 87' lang='lat' dir='ltr'><strong>Secundo,</strong></span> <span class='ocrx_word' id='word_1_396' title='bbox 3231 3327 3475 3391; x_wconf 87' lang='lat' dir='ltr'><strong>ratione</strong></span> <span class='ocrx_word' id='word_1_397' title='bbox 3522 3328 3761 3404; x_wconf 87' lang='lat' dir='ltr'><strong>statuti,</strong></span> <span class='ocrx_word' id='word_1_398' title='bbox 3814 3337 3891 3392; x_wconf 86' lang='lat' dir='ltr'><strong>ut</strong></span> 
     </span>
     <span class='ocr_line' id='line_1_61' title="bbox 2385 3425 3888 3508; baseline 0.001 -20"><span class='ocrx_word' id='word_1_399' title='bbox 2385 3427 2537 3488; x_wconf 92' lang='lat' dir='ltr'><strong>dum</strong></span> <span class='ocrx_word' id='word_1_400' title='bbox 2584 3426 2637 3488; x_wconf 93' lang='lat' dir='ltr'><strong>is</strong></span> <span class='ocrx_word' id='word_1_401' title='bbox 2682 3425 2793 3508; x_wconf 89' lang='lat' dir='ltr'><strong>qui</strong></span> <span class='ocrx_word' id='word_1_402' title='bbox 2835 3432 3087 3488; x_wconf 91' lang='lat' dir='ltr'><strong>tenetur</strong></span> <span class='ocrx_word' id='word_1_403' title='bbox 3130 3426 3197 3488; x_wconf 94' lang='lat' dir='ltr'><strong>in</strong></span> <span class='ocrx_word' id='word_1_404' title='bbox 3240 3443 3407 3488; x_wconf 89' lang='lat' dir='ltr'><strong>anno</strong></span> <span class='ocrx_word' id='word_1_405' title='bbox 3446 3425 3643 3489; x_wconf 89' lang='lat' dir='ltr'><strong>semel</strong></span> <span class='ocrx_word' id='word_1_406' title='bbox 3682 3426 3888 3490; x_wconf 77' lang='lat' dir='ltr'><strong>confi·</strong></span> 
     </span>
     <span class='ocr_line' id='line_1_62' title="bbox 2385 3524 3889 3604; baseline 0.003 -17"><span class='ocrx_word' id='word_1_407' title='bbox 2385 3526 2527 3600; x_wconf 89' lang='lat' dir='ltr'><strong>teri,</strong></span> <span class='ocrx_word' id='word_1_408' title='bbox 2563 3543 2691 3589; x_wconf 90' lang='lat' dir='ltr'><strong>non</strong></span> <span class='ocrx_word' id='word_1_409' title='bbox 2736 3525 2862 3588; x_wconf 90' lang='lat' dir='ltr'><strong>nisi</strong></span> <span class='ocrx_word' id='word_1_410' title='bbox 2905 3524 3181 3589; x_wconf 87' lang='lat' dir='ltr'><strong>venialia</strong></span> <span class='ocrx_word' id='word_1_411' title='bbox 3225 3524 3451 3604; x_wconf 84' lang='lat' dir='ltr'><strong>habet3</strong></span> <span class='ocrx_word' id='word_1_412' title='bbox 3497 3525 3599 3587; x_wconf 87' lang='lat' dir='ltr'><strong>vel</strong></span> <span class='ocrx_word' id='word_1_413' title='bbox 3641 3526 3889 3591; x_wconf 85' lang='lat' dir='ltr'><strong>ratione</strong></span> 
     </span>
     <span class='ocr_line' id='line_1_63' title="bbox 2387 3623 3889 3707; baseline 0.002 -21"><span class='ocrx_word' id='word_1_414' title='bbox 2387 3623 2681 3707; x_wconf 89' lang='lat' dir='ltr'><strong>periculi,</strong></span> <span class='ocrx_word' id='word_1_415' title='bbox 2717 3631 2788 3686; x_wconf 89' lang='lat' dir='ltr'><strong>ut</strong></span> <span class='ocrx_word' id='word_1_416' title='bbox 2825 3623 3083 3706; x_wconf 88' lang='lat' dir='ltr'><strong>quando</strong></span> <span class='ocrx_word' id='word_1_417' title='bbox 3121 3623 3392 3686; x_wconf 80' lang='lat' dir='ltr'><strong>venialis</strong></span> <span class='ocrx_word' id='word_1_418' title='bbox 3429 3623 3763 3688; x_wconf 89' lang='lat' dir='ltr'><strong>delectatio</strong></span> <span class='ocrx_word' id='word_1_419' title='bbox 3801 3625 3889 3689; x_wconf 90' lang='lat' dir='ltr'><strong>ad</strong></span> 
     </span>
     <span class='ocr_line' id='line_1_64' title="bbox 2385 3721 3889 3804; baseline 0.002 -19"><span class='ocrx_word' id='word_1_420' title='bbox 2385 3722 2506 3785; x_wconf 86' lang='lat' dir='ltr'><strong>hoc</strong></span> <span class='ocrx_word' id='word_1_421' title='bbox 2536 3722 2844 3804; x_wconf 86' lang='lat' dir='ltr'><strong>perducta</strong></span> <span class='ocrx_word' id='word_1_422' title='bbox 2872 3728 2988 3794; x_wconf 90' lang='lat' dir='ltr'><strong>est,</strong></span> <span class='ocrx_word' id='word_1_423' title='bbox 3022 3722 3193 3804; x_wconf 88' lang='lat' dir='ltr'><strong>quod</strong></span> <span class='ocrx_word' id='word_1_424' title='bbox 3222 3721 3348 3784; x_wconf 90' lang='lat' dir='ltr'><strong>nisi</strong></span> <span class='ocrx_word' id='word_1_425' title='bbox 3378 3723 3571 3786; x_wconf 87' lang='lat' dir='ltr'><strong>homo</strong></span> <span class='ocrx_word' id='word_1_426' title='bbox 3600 3741 3667 3785; x_wconf 85' lang='lat' dir='ltr'><strong>se</strong></span> <span class='ocrx_word' id='word_1_427' title='bbox 3695 3722 3777 3786; x_wconf 88' lang='lat' dir='ltr'><strong>ab</strong></span> <span class='ocrx_word' id='word_1_428' title='bbox 3806 3742 3889 3788; x_wconf 83' lang='lat' dir='ltr'><strong>ea</strong></span> 
     </span>
     <span class='ocr_line' id='line_1_65' title="bbox 2384 3820 3879 3903; baseline 0.001 -19"><span class='ocrx_word' id='word_1_429' title='bbox 2384 3829 2647 3896; x_wconf 84' lang='lat' dir='ltr'><strong>avertat,</strong></span> <span class='ocrx_word' id='word_1_430' title='bbox 2682 3821 2991 3903; x_wconf 87' lang='lat' dir='ltr'><strong>pertrahit</strong></span> <span class='ocrx_word' id='word_1_431' title='bbox 3024 3821 3103 3883; x_wconf 90' lang='lat' dir='ltr'><strong>ad</strong></span> <span class='ocrx_word' id='word_1_432' title='bbox 3143 3821 3427 3885; x_wconf 83' lang='lat' dir='ltr'><strong>mortale.</strong></span> <span class='ocrx_word' id='word_1_433' title='bbox 3458 3820 3605 3885; x_wconf 83' lang='lat' dir='ltr'><strong>Haec</strong></span> <span class='ocrx_word' id='word_1_434' title='bbox 3636 3821 3879 3886; x_wconf 89' lang='lat' dir='ltr'><strong>Petrus.</strong></span> 
     </span>
    </p>
   </div>
   <div class='ocr_carea' id='block_1_12' title="bbox 2304 3919 4215 4395">
    <p class='ocr_par' dir='ltr' id='par_1_14' title="bbox 2304 3919 4215 4395">
     <span class='ocr_line' id='line_1_66' title="bbox 2384 3919 4215 4004; baseline 0.004 -21"><span class='ocrx_word' id='word_1_435' title='bbox 2384 3957 2465 3967; x_wconf 93' lang='lat'>—</span> <span class='ocrx_word' id='word_1_436' title='bbox 2503 3920 2855 3984; x_wconf 90' lang='lat' dir='ltr'><strong>Concordat</strong></span> <span class='ocrx_word' id='word_1_437' title='bbox 2889 3919 3448 3995; x_wconf 79' lang='lat' dir='ltr'><strong>AntisiodorensiS,</strong></span> <span class='ocrx_word' id='word_1_438' title='bbox 3480 3920 3647 3983; x_wconf 91' lang='lat' dir='ltr'><strong>sicut</strong></span> <span class='ocrx_word' id='word_1_439' title='bbox 3686 3941 3885 4004; x_wconf 88' lang='lat' dir='ltr'><strong>supra</strong></span> <span class='ocrx_word' id='word_1_440' title='bbox 3950 3943 4086 3992; x_wconf 60' lang='lat' dir='ltr'><strong>aasz,</strong></span> <span class='ocrx_word' id='word_1_441' title='bbox 4118 3961 4215 3998; x_wconf 71' lang='lat' dir='ltr'><strong>m,</strong></span> 
     </span>
     <span class='ocr_line' id='line_1_67' title="bbox 2386 4017 4053 4102; baseline -0.001 -21"><span class='ocrx_word' id='word_1_442' title='bbox 2386 4018 2617 4102; x_wconf 88' lang='lat' dir='ltr'><strong>partim</strong></span> <span class='ocrx_word' id='word_1_443' title='bbox 2661 4017 2993 4080; x_wconf 87' lang='lat' dir='ltr'><strong>inductum</strong></span> <span class='ocrx_word' id='word_1_444' title='bbox 3037 4026 3154 4080; x_wconf 91' lang='lat' dir='ltr'><strong>est.</strong></span> <span class='ocrx_word' id='word_1_445' title='bbox 3913 4022 3972 4065; x_wconf 80' lang='lat'><strong>‘¹-</strong></span> <span class='ocrx_word' id='word_1_446' title='bbox 4004 4017 4053 4055; x_wconf 89' lang='lat'><strong>¹·</strong></span> 
     </span>
     <span class='ocr_line' id='line_1_68' title="bbox 2462 4115 3887 4198; baseline 0 -18"><span class='ocrx_word' id='word_1_447' title='bbox 2462 4117 2905 4181; x_wconf 82' lang='lat' dir='ltr'><strong>Bonaventura</strong></span> <span class='ocrx_word' id='word_1_448' title='bbox 2960 4133 3216 4198; x_wconf 89' lang='lat' dir='ltr'><strong>quoque</strong></span> <span class='ocrx_word' id='word_1_449' title='bbox 3268 4133 3281 4178; x_wconf 93' lang='lat'><strong>:</strong></span> <span class='ocrx_word' id='word_1_450' title='bbox 3333 4115 3731 4192; x_wconf 89' lang='lat' dir='ltr'><strong>Poenitentia,</strong></span> <span class='ocrx_word' id='word_1_451' title='bbox 3782 4118 3887 4180; x_wconf 91' lang='lat' dir='ltr'><strong>in-</strong></span> 
     </span>
     <span class='ocr_line' id='line_1_69' title="bbox 2304 4213 3889 4299; baseline 0.002 -21"><span class='ocrx_word' id='word_1_452' title='bbox 2304 4221 2355 4284; x_wconf 91' lang='lat' dir='ltr'>D</span> <span class='ocrx_word' id='word_1_453' title='bbox 2384 4217 2545 4299; x_wconf 89' lang='lat' dir='ltr'><strong>quit,</strong></span> <span class='ocrx_word' id='word_1_454' title='bbox 2578 4213 2924 4298; x_wconf 89' lang='lat' dir='ltr'><strong>dupliciter</strong></span> <span class='ocrx_word' id='word_1_455' title='bbox 2952 4214 3248 4288; x_wconf 90' lang='lat' dir='ltr'><strong>sumitur,</strong></span> <span class='ocrx_word' id='word_1_456' title='bbox 3280 4214 3581 4279; x_wconf 85' lang='lat' dir='ltr'><strong>videlicet</strong></span> <span class='ocrx_word' id='word_1_457' title='bbox 3609 4234 3725 4298; x_wconf 86' lang='lat' dir='ltr'><strong>pro</strong></span> <span class='ocrx_word' id='word_1_458' title='bbox 3754 4235 3889 4298; x_wconf 87' lang='lat' dir='ltr'><strong>poe·</strong></span> 
     </span>
     <span class='ocr_line' id='line_1_70' title="bbox 2383 4312 3890 4395; baseline 0.002 -19"><span class='ocrx_word' id='word_1_459' title='bbox 2383 4313 2655 4378; x_wconf 90' lang='lat' dir='ltr'><strong>nitentia</strong></span> <span class='ocrx_word' id='word_1_460' title='bbox 2696 4312 2954 4386; x_wconf 86' lang='lat' dir='ltr'><strong>virtute,</strong></span> <span class='ocrx_word' id='word_1_461' title='bbox 2986 4320 3051 4375; x_wconf 91' lang='lat' dir='ltr'><strong>et</strong></span> <span class='ocrx_word' id='word_1_462' title='bbox 3093 4331 3210 4395; x_wconf 89' lang='lat' dir='ltr'><strong>pro</strong></span> <span class='ocrx_word' id='word_1_463' title='bbox 3257 4313 3634 4395; x_wconf 88' lang='lat' dir='ltr'><strong>poenitentia</strong></span> <span class='ocrx_word' id='word_1_464' title='bbox 3680 4334 3890 4379; x_wconf 87' lang='lat' dir='ltr'><strong>sacra-</strong></span> 
     </span>
    </p>
   </div>
   <div class='ocr_carea' id='block_1_13' title="bbox 772 3918 2275 4395">
    <p class='ocr_par' dir='ltr' id='par_1_15' title="bbox 772 3918 2275 4297">
     <span class='ocr_line' id='line_1_71' title="bbox 776 3918 2275 4005; baseline -0.001 -21"><span class='ocrx_word' id='word_1_465' title='bbox 776 3920 1170 4005; x_wconf 87' lang='lat' dir='ltr'><strong>martyrium.</strong></span> <span class='ocrx_word' id='word_1_466' title='bbox 1193 3920 1446 3983; x_wconf 90' lang='lat' dir='ltr'><strong>Certum</strong></span> <span class='ocrx_word' id='word_1_467' title='bbox 1478 3927 1575 3982; x_wconf 88' lang='lat' dir='ltr'><strong>est</strong></span> <span class='ocrx_word' id='word_1_468' title='bbox 1603 3938 1876 4002; x_wconf 88' lang='lat' dir='ltr'><strong>quoque,</strong></span> <span class='ocrx_word' id='word_1_469' title='bbox 1896 3921 2065 4002; x_wconf 90' lang='lat' dir='ltr'><strong>quod</strong></span> <span class='ocrx_word' id='word_1_470' title='bbox 2096 3918 2275 3982; x_wconf 85' lang='lat' dir='ltr'><strong>nullo</strong></span> 
     </span>
     <span class='ocr_line' id='line_1_72' title="bbox 772 4017 2274 4082; baseline -0.002 0"><span class='ocrx_word' id='word_1_471' title='bbox 772 4021 1002 4082; x_wconf 88' lang='lat' dir='ltr'><strong>horum</strong></span> <span class='ocrx_word' id='word_1_472' title='bbox 1055 4019 1382 4082; x_wconf 92' lang='lat' dir='ltr'><strong>modorum</strong></span> <span class='ocrx_word' id='word_1_473' title='bbox 1430 4026 1755 4081; x_wconf 88' lang='lat' dir='ltr'><strong>teneamur</strong></span> <span class='ocrx_word' id='word_1_474' title='bbox 1799 4018 1876 4080; x_wconf 91' lang='lat' dir='ltr'><strong>de</strong></span> <span class='ocrx_word' id='word_1_475' title='bbox 1921 4017 2274 4080; x_wconf 89' lang='lat' dir='ltr'><strong>venialibus</strong></span> 
     </span>
     <span class='ocr_line' id='line_1_73' title="bbox 774 4115 2273 4201; baseline -0.003 -19"><span class='ocrx_word' id='word_1_476' title='bbox 774 4118 1087 4201; x_wconf 75' lang='lat' dir='ltr'><strong>poenitere</strong></span> <span class='ocrx_word' id='word_1_477' title='bbox 1127 4117 1423 4180; x_wconf 88' lang='lat' dir='ltr'><strong>distincte</strong></span> <span class='ocrx_word' id='word_1_478' title='bbox 1460 4135 1535 4179; x_wconf 91' lang='lat' dir='ltr'><strong>ac</strong></span> <span class='ocrx_word' id='word_1_479' title='bbox 1574 4115 1900 4198; x_wconf 82' lang='lat' dir='ltr'><strong>sigillatim</strong></span> <span class='ocrx_word' id='word_1_480' title='bbox 1937 4133 1951 4178; x_wconf 90' lang='lat'><strong>:</strong></span> <span class='ocrx_word' id='word_1_481' title='bbox 1985 4116 2116 4178; x_wconf 92' lang='lat' dir='ltr'><strong>imo</strong></span> <span class='ocrx_word' id='word_1_482' title='bbox 2152 4116 2273 4179; x_wconf 89' lang='lat' dir='ltr'><strong>hoc</strong></span> 
     </span>
     <span class='ocr_line' id='line_1_74' title="bbox 773 4214 1487 4297; baseline -0.004 -18"><span class='ocrx_word' id='word_1_483' title='bbox 773 4217 1028 4279; x_wconf 88' lang='lat' dir='ltr'><strong>videtur</strong></span> <span class='ocrx_word' id='word_1_484' title='bbox 1069 4214 1487 4297; x_wconf 88' lang='lat' dir='ltr'><strong>impossibile.</strong></span> 
     </span>
    </p>

    <p class='ocr_par' dir='ltr' id='par_1_16' title="bbox 854 4313 2273 4395">
     <span class='ocr_line' id='line_1_75' title="bbox 854 4313 2273 4395; baseline -0.001 -18"><span class='ocrx_word' id='word_1_485' title='bbox 854 4314 934 4377; x_wconf 88' lang='lat' dir='ltr'><strong>At</strong></span> <span class='ocrx_word' id='word_1_486' title='bbox 960 4331 1112 4377; x_wconf 89' lang='lat' dir='ltr'><strong>vero</strong></span> <span class='ocrx_word' id='word_1_487' title='bbox 1142 4313 1209 4375; x_wconf 90' lang='lat' dir='ltr'><strong>hi</strong></span> <span class='ocrx_word' id='word_1_488' title='bbox 1238 4320 1368 4376; x_wconf 89' lang='lat' dir='ltr'><strong>tres</strong></span> <span class='ocrx_word' id='word_1_489' title='bbox 1399 4313 1571 4376; x_wconf 92' lang='lat' dir='ltr'><strong>modi</strong></span> <span class='ocrx_word' id='word_1_490' title='bbox 1603 4313 2017 4395; x_wconf 83' lang='lat' dir='ltr'><strong>poenitentiae,</strong></span> <span class='ocrx_word' id='word_1_491' title='bbox 2051 4332 2273 4377; x_wconf 89' lang='lat' dir='ltr'><strong>secun-</strong></span> 
     </span>
    </p>
   </div>
   <div class='ocr_carea' id='block_1_14' title="bbox 770 4411 2276 5285">
    <p class='ocr_par' dir='ltr' id='par_1_17' title="bbox 770 4411 2276 5285">
     <span class='ocr_line' id='line_1_76' title="bbox 773 4411 2276 4493; baseline -0.001 -18"><span class='ocrx_word' id='word_1_492' title='bbox 773 4414 926 4476; x_wconf 90' lang='lat' dir='ltr'><strong>dum</strong></span> <span class='ocrx_word' id='word_1_493' title='bbox 958 4413 1294 4474; x_wconf 84' lang='lat' dir='ltr'><strong>Doctorem</strong></span> <span class='ocrx_word' id='word_1_494' title='bbox 1325 4418 1638 4486; x_wconf 88' lang='lat' dir='ltr'><strong>sanctum,</strong></span> <span class='ocrx_word' id='word_1_495' title='bbox 1672 4411 2155 4493; x_wconf 85' lang='lat' dir='ltr'><strong>distinguuntur</strong></span> <span class='ocrx_word' id='word_1_496' title='bbox 2184 4431 2276 4474; x_wconf 92' lang='lat' dir='ltr'><strong>se·</strong></span> 
     </span>
     <span class='ocr_line' id='line_1_77' title="bbox 773 4509 2274 4592; baseline -0.002 -17"><span class='ocrx_word' id='word_1_497' title='bbox 773 4511 1049 4575; x_wconf 88' lang='lat' dir='ltr'><strong>cundum</strong></span> <span class='ocrx_word' id='word_1_498' title='bbox 1080 4509 1364 4573; x_wconf 86' lang='lat' dir='ltr'><strong>diversos</strong></span> <span class='ocrx_word' id='word_1_499' title='bbox 1396 4510 1608 4572; x_wconf 91' lang='lat' dir='ltr'><strong>modos</strong></span> <span class='ocrx_word' id='word_1_500' title='bbox 1639 4509 1870 4592; x_wconf 88' lang='lat' dir='ltr'><strong>quibus</strong></span> <span class='ocrx_word' id='word_1_501' title='bbox 1898 4509 2274 4592; x_wconf 87' lang='lat' dir='ltr'><strong>poenitentia</strong></span> 
     </span>
     <span class='ocr_line' id='line_1_78' title="bbox 772 4607 2273 4692; baseline 0 -20"><span class='ocrx_word' id='word_1_502' title='bbox 772 4610 1020 4692; x_wconf 83' lang='lat' dir='ltr'><strong>agitur:</strong></span> <span class='ocrx_word' id='word_1_503' title='bbox 1055 4607 1293 4671; x_wconf 86' lang='lat' dir='ltr'><strong>idcirco</strong></span> <span class='ocrx_word' id='word_1_504' title='bbox 1323 4616 1470 4670; x_wconf 91' lang='lat' dir='ltr'><strong>sunt</strong></span> <span class='ocrx_word' id='word_1_505' title='bbox 1497 4615 1625 4671; x_wconf 89' lang='lat' dir='ltr'><strong>tres</strong></span> <span class='ocrx_word' id='word_1_506' title='bbox 1657 4615 1868 4690; x_wconf 89' lang='lat' dir='ltr'><strong>partes</strong></span> <span class='ocrx_word' id='word_1_507' title='bbox 1899 4607 2273 4691; x_wconf 79' lang='lat' dir='ltr'><strong>subJ&#39;ectivae</strong></span> 
     </span>
     <span class='ocr_line' id='line_1_79' title="bbox 774 4706 2273 4792; baseline -0.001 -21"><span class='ocrx_word' id='word_1_508' title='bbox 774 4707 1166 4792; x_wconf 80' lang='lat' dir='ltr'><strong>poenitentiae</strong></span> <span class='ocrx_word' id='word_1_509' title='bbox 1207 4725 1350 4790; x_wconf 84' lang='lat' dir='ltr'><strong>quae</strong></span> <span class='ocrx_word' id='word_1_510' title='bbox 1394 4713 1490 4769; x_wconf 90' lang='lat' dir='ltr'><strong>est</strong></span> <span class='ocrx_word' id='word_1_511' title='bbox 1532 4706 1756 4780; x_wconf 87' lang='lat' dir='ltr'><strong>virtus,</strong></span> <span class='ocrx_word' id='word_1_512' title='bbox 1789 4725 1916 4771; x_wconf 90' lang='lat' dir='ltr'><strong>non</strong></span> <span class='ocrx_word' id='word_1_513' title='bbox 1960 4707 2273 4789; x_wconf 86' lang='lat' dir='ltr'><strong>poeniten·</strong></span> 
     </span>
     <span class='ocr_line' id='line_1_80' title="bbox 770 4805 2273 4890; baseline 0 -20"><span class='ocrx_word' id='word_1_514' title='bbox 770 4808 876 4871; x_wconf 82' lang='lat' dir='ltr'><strong>tiae</strong></span> <span class='ocrx_word' id='word_1_515' title='bbox 917 4826 1060 4890; x_wconf 81' lang='lat' dir='ltr'><strong>quae</strong></span> <span class='ocrx_word' id='word_1_516' title='bbox 1103 4813 1200 4870; x_wconf 90' lang='lat' dir='ltr'><strong>est</strong></span> <span class='ocrx_word' id='word_1_517' title='bbox 1241 4812 1709 4868; x_wconf 89' lang='lat' dir='ltr'><strong>sacramentum</strong></span> <span class='ocrx_word' id='word_1_518' title='bbox 1745 4823 1759 4868; x_wconf 92' lang='lat'><strong>:</strong></span> <span class='ocrx_word' id='word_1_519' title='bbox 1793 4805 2096 4888; x_wconf 90' lang='lat' dir='ltr'><strong>quoniam</strong></span> <span class='ocrx_word' id='word_1_520' title='bbox 2142 4825 2273 4888; x_wconf 87' lang='lat' dir='ltr'><strong>poe-</strong></span> 
     </span>
     <span class='ocr_line' id='line_1_81' title="bbox 771 4903 2273 4987; baseline 0 -19"><span class='ocrx_word' id='word_1_521' title='bbox 771 4905 1040 4969; x_wconf 89' lang='lat' dir='ltr'><strong>nitentia</strong></span> <span class='ocrx_word' id='word_1_522' title='bbox 1081 4911 1226 4968; x_wconf 87' lang='lat' dir='ltr'><strong>ante</strong></span> <span class='ocrx_word' id='word_1_523' title='bbox 1265 4903 1662 4985; x_wconf 87' lang='lat' dir='ltr'><strong>Baptismum</strong></span> <span class='ocrx_word' id='word_1_524' title='bbox 1705 4921 1831 4967; x_wconf 95' lang='lat' dir='ltr'><strong>non</strong></span> <span class='ocrx_word' id='word_1_525' title='bbox 1878 4904 2156 4987; x_wconf 89' lang='lat' dir='ltr'><strong>pertinet</strong></span> <span class='ocrx_word' id='word_1_526' title='bbox 2194 4906 2273 4968; x_wconf 90' lang='lat' dir='ltr'><strong>ad</strong></span> 
     </span>
     <span class='ocr_line' id='line_1_82' title="bbox 771 5001 2273 5084; baseline -0.001 -17"><span class='ocrx_word' id='word_1_527' title='bbox 771 5011 1260 5067; x_wconf 87' lang='lat' dir='ltr'><strong>sacramentum.</strong></span> <span class='ocrx_word' id='word_1_528' title='bbox 1313 5001 1736 5083; x_wconf 90' lang='lat' dir='ltr'><strong>Accipiuntur</strong></span> <span class='ocrx_word' id='word_1_529' title='bbox 1783 5021 1933 5084; x_wconf 81' lang='lat' dir='ltr'><strong>ergo</strong></span> <span class='ocrx_word' id='word_1_530' title='bbox 1983 5003 2049 5066; x_wconf 90' lang='lat' dir='ltr'><strong>hi</strong></span> <span class='ocrx_word' id='word_1_531' title='bbox 2103 5003 2273 5067; x_wconf 92' lang='lat' dir='ltr'><strong>modi</strong></span> 
     </span>
     <span class='ocr_line' id='line_1_83' title="bbox 771 5101 2270 5183; baseline -0.001 -16"><span class='ocrx_word' id='word_1_532' title='bbox 771 5102 1128 5167; x_wconf 88' lang='lat' dir='ltr'><strong>secundum</strong></span> <span class='ocrx_word' id='word_1_533' title='bbox 1176 5109 1411 5164; x_wconf 90' lang='lat' dir='ltr'><strong>statum</strong></span> <span class='ocrx_word' id='word_1_534' title='bbox 1465 5101 1834 5183; x_wconf 88' lang='lat' dir='ltr'><strong>poenitentis</strong></span> <span class='ocrx_word' id='word_1_535' title='bbox 1884 5104 2210 5166; x_wconf 87' lang='lat' dir='ltr'><strong>diversum</strong></span> <span class='ocrx_word' id='word_1_536' title='bbox 2256 5121 2270 5166; x_wconf 92' lang='lat'><strong>:</strong></span> 
     </span>
     <span class='ocr_line' id='line_1_84' title="bbox 774 5199 2274 5285; baseline 0 -21"><span class='ocrx_word' id='word_1_537' title='bbox 774 5201 926 5285; x_wconf 90' lang='lat' dir='ltr'><strong>quia</strong></span> <span class='ocrx_word' id='word_1_538' title='bbox 963 5208 1075 5263; x_wconf 91' lang='lat' dir='ltr'><strong>aut</strong></span> <span class='ocrx_word' id='word_1_539' title='bbox 1101 5206 1197 5262; x_wconf 87' lang='lat' dir='ltr'><strong>est</strong></span> <span class='ocrx_word' id='word_1_540' title='bbox 1227 5207 1403 5262; x_wconf 89' lang='lat' dir='ltr'><strong>extra</strong></span> <span class='ocrx_word' id='word_1_541' title='bbox 1433 5199 1784 5263; x_wconf 89' lang='lat' dir='ltr'><strong>Ecclesiam</strong></span> <span class='ocrx_word' id='word_1_542' title='bbox 1819 5201 2010 5264; x_wconf 89' lang='lat' dir='ltr'><strong>etiam</strong></span> <span class='ocrx_word' id='word_1_543' title='bbox 2051 5221 2274 5265; x_wconf 89' lang='lat' dir='ltr'><strong>nume-</strong></span> 
     </span>
    </p>
   </div>
   <div class='ocr_carea' id='block_1_15' title="bbox 2382 4410 3893 5283">
    <p class='ocr_par' dir='ltr' id='par_1_18' title="bbox 2382 4410 3893 5283">
     <span class='ocr_line' id='line_1_85' title="bbox 2385 4410 3884 4494; baseline 0.002 -19"><span class='ocrx_word' id='word_1_544' title='bbox 2385 4420 2619 4475; x_wconf 90' lang='lat' dir='ltr'><strong>mento.</strong></span> <span class='ocrx_word' id='word_1_545' title='bbox 2646 4410 2711 4474; x_wconf 92' lang='lat' dir='ltr'><strong>Si</strong></span> <span class='ocrx_word' id='word_1_546' title='bbox 2744 4410 3081 4494; x_wconf 89' lang='lat' dir='ltr'><strong>loquamur</strong></span> <span class='ocrx_word' id='word_1_547' title='bbox 3110 4410 3187 4474; x_wconf 91' lang='lat' dir='ltr'><strong>de</strong></span> <span class='ocrx_word' id='word_1_548' title='bbox 3218 4412 3597 4494; x_wconf 88' lang='lat' dir='ltr'><strong>poenitentia</strong></span> <span class='ocrx_word' id='word_1_549' title='bbox 3624 4414 3884 4489; x_wconf 87' lang='lat' dir='ltr'><strong>virtute,</strong></span> 
     </span>
     <span class='ocr_line' id='line_1_86' title="bbox 2384 4508 3885 4584; baseline 0.001 -10"><span class='ocrx_word' id='word_1_550' title='bbox 2384 4512 2476 4574; x_wconf 92' lang='lat' dir='ltr'><strong>sic</strong></span> <span class='ocrx_word' id='word_1_551' title='bbox 2523 4508 2839 4584; x_wconf 90' lang='lat' dir='ltr'><strong>contritio,</strong></span> <span class='ocrx_word' id='word_1_552' title='bbox 2882 4508 3201 4573; x_wconf 77' lang='lat' dir='ltr'><strong>confessio</strong></span> <span class='ocrx_word' id='word_1_553' title='bbox 3248 4518 3313 4573; x_wconf 90' lang='lat' dir='ltr'><strong>et</strong></span> <span class='ocrx_word' id='word_1_554' title='bbox 3358 4511 3706 4576; x_wconf 79' lang='lat' dir='ltr'><strong>satisfactio</strong></span> <span class='ocrx_word' id='word_1_555' title='bbox 3752 4531 3885 4576; x_wconf 92' lang='lat' dir='ltr'><strong>non</strong></span> 
     </span>
     <span class='ocr_line' id='line_1_87' title="bbox 2384 4608 3887 4694; baseline 0.001 -22"><span class='ocrx_word' id='word_1_556' title='bbox 2384 4618 2535 4673; x_wconf 92' lang='lat' dir='ltr'><strong>sunt</strong></span> <span class='ocrx_word' id='word_1_557' title='bbox 2564 4617 2775 4692; x_wconf 87' lang='lat' dir='ltr'><strong>partes</strong></span> <span class='ocrx_word' id='word_1_558' title='bbox 2812 4609 3205 4691; x_wconf 82' lang='lat' dir='ltr'><strong>poenitentiae</strong></span> <span class='ocrx_word' id='word_1_559' title='bbox 3234 4608 3597 4692; x_wconf 76' lang='lat' dir='ltr'><strong>integraleS,</strong></span> <span class='ocrx_word' id='word_1_560' title='bbox 3630 4611 3739 4674; x_wconf 89' lang='lat' dir='ltr'><strong>sed</strong></span> <span class='ocrx_word' id='word_1_561' title='bbox 3772 4631 3887 4694; x_wconf 91' lang='lat' dir='ltr'><strong>po-</strong></span> 
     </span>
     <span class='ocr_line' id='line_1_88' title="bbox 2383 4706 3890 4781; baseline 0.003 -11"><span class='ocrx_word' id='word_1_562' title='bbox 2383 4707 2711 4771; x_wconf 85' lang='lat' dir='ltr'><strong>testativae.</strong></span> <span class='ocrx_word' id='word_1_563' title='bbox 2773 4707 3321 4781; x_wconf 86' lang='lat' dir='ltr'><strong>Quemadmodum</strong></span> <span class='ocrx_word' id='word_1_564' title='bbox 3378 4706 3551 4772; x_wconf 87' lang='lat' dir='ltr'><strong>enim</strong></span> <span class='ocrx_word' id='word_1_565' title='bbox 3614 4709 3697 4772; x_wconf 91' lang='lat' dir='ltr'><strong>ab</strong></span> <span class='ocrx_word' id='word_1_566' title='bbox 3756 4729 3890 4775; x_wconf 89' lang='lat' dir='ltr'><strong>una</strong></span> 
     </span>
     <span class='ocr_line' id='line_1_89' title="bbox 2383 4807 3889 4890; baseline 0.002 -19"><span class='ocrx_word' id='word_1_567' title='bbox 2383 4807 2656 4871; x_wconf 87' lang='lat' dir='ltr'><strong>essentia</strong></span> <span class='ocrx_word' id='word_1_568' title='bbox 2706 4807 3121 4888; x_wconf 83' lang='lat' dir='ltr'><strong>egrediuntur</strong></span> <span class='ocrx_word' id='word_1_569' title='bbox 3168 4807 3384 4889; x_wconf 89' lang='lat' dir='ltr'><strong>plures</strong></span> <span class='ocrx_word' id='word_1_570' title='bbox 3432 4809 3753 4890; x_wconf 80' lang='lat' dir='ltr'><strong>potentiae,</strong></span> <span class='ocrx_word' id='word_1_571' title='bbox 3796 4809 3889 4874; x_wconf 85' lang='lat' dir='ltr'><strong>ita</strong></span> 
     </span>
     <span class='ocr_line' id='line_1_90' title="bbox 2382 4904 3889 4991; baseline 0.003 -23"><span class='ocrx_word' id='word_1_572' title='bbox 2382 4905 2463 4969; x_wconf 90' lang='lat' dir='ltr'><strong>ab</strong></span> <span class='ocrx_word' id='word_1_573' title='bbox 2494 4923 2623 4968; x_wconf 92' lang='lat' dir='ltr'><strong>uno</strong></span> <span class='ocrx_word' id='word_1_574' title='bbox 2650 4904 2872 4968; x_wconf 90' lang='lat' dir='ltr'><strong>habitu</strong></span> <span class='ocrx_word' id='word_1_575' title='bbox 2905 4904 3121 4987; x_wconf 89' lang='lat' dir='ltr'><strong>plures</strong></span> <span class='ocrx_word' id='word_1_576' title='bbox 3148 4914 3346 4969; x_wconf 71' lang='lat' dir='ltr'><strong>actus</strong></span> <span class='ocrx_word' id='word_1_577' title='bbox 3362 4906 3576 4968; x_wconf 91' lang='lat' dir='ltr'><strong>Virtus</strong></span> <span class='ocrx_word' id='word_1_578' title='bbox 3604 4927 3889 4991; x_wconf 88' lang='lat' dir='ltr'><strong>namque</strong></span> 
     </span>
     <span class='ocr_line' id='line_1_91' title="bbox 2384 5003 3889 5088; baseline 0.002 -21"><span class='ocrx_word' id='word_1_579' title='bbox 2384 5004 2777 5088; x_wconf 82' lang='lat' dir='ltr'><strong>poenitentiae</strong></span> <span class='ocrx_word' id='word_1_580' title='bbox 2824 5003 3073 5066; x_wconf 88' lang='lat' dir='ltr'><strong>ordinat</strong></span> <span class='ocrx_word' id='word_1_581' title='bbox 3114 5003 3466 5079; x_wconf 90' lang='lat' dir='ltr'><strong>hominem,</strong></span> <span class='ocrx_word' id='word_1_582' title='bbox 3508 5013 3580 5068; x_wconf 92' lang='lat' dir='ltr'><strong>ut</strong></span> <span class='ocrx_word' id='word_1_583' title='bbox 3614 5007 3889 5088; x_wconf 86' lang='lat' dir='ltr'><strong>punien-</strong></span> 
     </span>
     <span class='ocr_line' id='line_1_92' title="bbox 2384 5101 3890 5178; baseline 0.001 -10"><span class='ocrx_word' id='word_1_584' title='bbox 2384 5104 2465 5168; x_wconf 93' lang='lat' dir='ltr'><strong>do</strong></span> <span class='ocrx_word' id='word_1_585' title='bbox 2514 5121 2603 5178; x_wconf 91' lang='lat' dir='ltr'><strong>se,</strong></span> <span class='ocrx_word' id='word_1_586' title='bbox 2655 5101 2847 5165; x_wconf 88' lang='lat' dir='ltr'><strong>faciat</strong></span> <span class='ocrx_word' id='word_1_587' title='bbox 2903 5102 3243 5165; x_wconf 89' lang='lat' dir='ltr'><strong>emendam</strong></span> <span class='ocrx_word' id='word_1_588' title='bbox 3290 5103 3643 5166; x_wconf 87' lang='lat' dir='ltr'><strong>secundum</strong></span> <span class='ocrx_word' id='word_1_589' title='bbox 3692 5122 3890 5169; x_wconf 91' lang='lat' dir='ltr'><strong>omne</strong></span> 
     </span>
     <span class='ocr_line' id='line_1_93' title="bbox 2385 5199 3893 5283; baseline 0.002 -19"><span class='ocrx_word' id='word_1_590' title='bbox 2385 5201 2618 5264; x_wconf 85' lang='lat' dir='ltr'><strong>forum.</strong></span> <span class='ocrx_word' id='word_1_591' title='bbox 2650 5201 2799 5263; x_wconf 90' lang='lat' dir='ltr'><strong>Ideo</strong></span> <span class='ocrx_word' id='word_1_592' title='bbox 2840 5199 3115 5283; x_wconf 88' lang='lat' dir='ltr'><strong>quilibet</strong></span> <span class='ocrx_word' id='word_1_593' title='bbox 3153 5206 3413 5263; x_wconf 87' lang='lat' dir='ltr'><strong>actuum</strong></span> <span class='ocrx_word' id='word_1_594' title='bbox 3457 5201 3685 5264; x_wconf 86' lang='lat' dir='ltr'><strong>horum</strong></span> <span class='ocrx_word' id='word_1_595' title='bbox 3730 5205 3893 5267; x_wconf 85' lang='lat' dir='ltr'><strong>reci-</strong></span> 
     </span>
    </p>
   </div>
   <div class='ocr_carea' id='block_1_16' title="bbox 777 5298 3889 5385">
    <p class='ocr_par' dir='ltr' id='par_1_19' title="bbox 777 5298 3889 5385">
     <span class='ocr_line' id='line_1_94' title="bbox 777 5298 3889 5385; baseline 0 -22"><span class='ocrx_word' id='word_1_596' title='bbox 777 5318 868 5374; x_wconf 90' lang='lat' dir='ltr'><strong>ro,</strong></span> <span class='ocrx_word' id='word_1_597' title='bbox 910 5306 975 5362; x_wconf 90' lang='lat' dir='ltr'><strong>et</strong></span> <span class='ocrx_word' id='word_1_598' title='bbox 1016 5300 1108 5362; x_wconf 91' lang='lat' dir='ltr'><strong>sic</strong></span> <span class='ocrx_word' id='word_1_599' title='bbox 1151 5306 1248 5362; x_wconf 89' lang='lat' dir='ltr'><strong>est</strong></span> <span class='ocrx_word' id='word_1_600' title='bbox 1295 5298 1504 5382; x_wconf 91' lang='lat' dir='ltr'><strong>prima</strong></span> <span class='ocrx_word' id='word_1_601' title='bbox 1552 5299 1947 5382; x_wconf 88' lang='lat' dir='ltr'><strong>poenitentia,</strong></span> <span class='ocrx_word' id='word_1_602' title='bbox 1990 5319 2133 5383; x_wconf 78' lang='lat' dir='ltr'><strong>quae</strong></span> <span class='ocrx_word' id='word_1_603' title='bbox 2180 5309 2277 5365; x_wconf 91' lang='lat' dir='ltr'><strong>est</strong></span> <span class='ocrx_word' id='word_1_604' title='bbox 2390 5301 2487 5384; x_wconf 88' lang='lat' dir='ltr'><strong>pit</strong></span> <span class='ocrx_word' id='word_1_605' title='bbox 2513 5299 3095 5363; x_wconf 90' lang='lat' dir='ltr'><strong>denominationem</strong></span> <span class='ocrx_word' id='word_1_606' title='bbox 3130 5299 3210 5362; x_wconf 89' lang='lat' dir='ltr'><strong>ab</strong></span> <span class='ocrx_word' id='word_1_607' title='bbox 3241 5299 3461 5362; x_wconf 87' lang='lat' dir='ltr'><strong>habitu</strong></span> <span class='ocrx_word' id='word_1_608' title='bbox 3496 5299 3627 5376; x_wconf 87' lang='lat' dir='ltr'><strong>illo,</strong></span> <span class='ocrx_word' id='word_1_609' title='bbox 3652 5308 3722 5364; x_wconf 89' lang='lat' dir='ltr'><strong>ut</strong></span> <span class='ocrx_word' id='word_1_610' title='bbox 3750 5321 3889 5385; x_wconf 86' lang='lat' dir='ltr'><strong>poe-</strong></span> 
     </span>
    </p>
   </div>
  </div>
 </body>
</html>
