4267 6250
565 2332 732 2378 Joaan.
747 2347 821 2387 ιιι,

554 2399 622 2440 2⁴.

1250 769 1746 844 -QUAESTIO
1804 770 1927 834 III

992 1043 1125 1106 Unc
1174 1042 1481 1125 quaeritur
1527 1043 1606 1105 de
1655 1045 1915 1108 materia
1967 1045 2353 1116 sacramenti

1017 1140 1225 1215 istius,
1270 1143 1402 1208 An
1449 1142 1760 1209 scilicet
1805 1144 1892 1210 in
1943 1145 2113 1210 solo
2159 1159 2347 1226 pane

847 1240 1180 1307 triticeo
1208 1240 1676 1307 conficiatur
1704 1256 1989 1322 corpus
2018 1243 2346 1323 Christi,

852 1340 933 1404 et
971 1337 1298 1418 sanguis
1333 1338 1508 1420 ejus
1544 1340 1630 1406 in
1665 1341 1858 1406 vino
1895 1341 2096 1407 vitis
2125 1341 2347 1407 dum-

848 1437 1097 1505 taxat.

817 1555 819 1557 ’
927 1536 1016 1598 Ιιῐ·Ξ
1038 1555 1165 1618 qua
1202 1536 1551 1618 quaestione
1588 1536 1968 1618 quaestiones
2008 1536 2346 1619 quamplu-

847 1634 1028 1698 rimae
1059 1634 1651 1717 includuntur,quae
1680 1636 1781 1716 (ut
1811 1635 2080 1717 patebit)
2107 1635 2175 1696 in
2206 1653 2347 1717 pro·

846 1751 1030 1795 cessu
1071 1740 1430 1814 tangentur.

1509 471 1575 518 m
1613 471 1837 518 Lmnuu
1877 471 1938 517 1v
1979 469 2463 518 smmum.
2503 489 2585 502 -
2626 472 2779 520 msr.
2820 474 2927 539 113
2968 474 3195 532 QUAEST.
3236 477 3307 525 111

2377 642 2429 706 Α
2461 651 2676 708 mento
2734 646 2855 710 hoc
2902 648 3266 730 separatim,
3315 647 3559 731 duplici
3606 649 3958 714 exsistente

2459 743 2740 806 materia.
2771 745 2913 808 Alia
2940 745 3329 827 significatio
3356 748 3736 811 sacramenti
3765 748 3959 811 istius

2456 849 2554 904 est
2582 842 2752 905 salus
2782 851 2845 906 et
2872 845 3075 925 gratia
3104 846 3387 928 corporis
3417 853 3481 909 et
3508 847 3759 920 anima),
3790 864 3959 928 quas

2456 939 2706 1002 inducit
2737 958 2752 1003 t
2786 951 3185 1006 sacramenta
3220 945 3397 1008 enim
3440 943 3739 1008 efficiunt
3779 944 3957 1027 quod

2456 1037 2805 1120 designant.
2835 1040 3018 1104 Panis
3060 1049 3273 1106 autem
3317 1043 3844 1107 confortationem
3892 1050 3961 1106 et

2456 1137 2724 1200 salutem
2769 1139 3053 1221 corporis
3096 1149 3527 1223 repraesentat,
3556 1142 3812 1223 sanguis
3856 1161 3958 1203 sa·

2456 1235 2657 1298 lutem
2697 1237 3404 1322 corroborationemque
3445 1239 3695 1304 animae..

2537 1335 2599 1398 Si
2640 1343 2854 1398 autem
2892 1336 2991 1398 his
3030 1336 3392 1418 objiciatur,
3425 1338 3579 1420 quia
3614 1339 3665 1401 si
3708 1339 3793 1401 ita
3830 1347 3956 1412 est,

2457 1433 3025 1497 communicandus
3082 1442 3178 1498 est
3234 1436 3511 1518 populus
3560 1437 3775 1520 specie
3828 1437 3959 1499 sub

2456 1537 2743 1613 utraque.
2777 1568 2859 1578 —-
2886 1533 3221 1596 Videretur
3248 1553 3503 1617 quoque
3532 1536 3701 1617 quod
3734 1535 3797 1597 in
3826 1543 3959 1598 ter-

2456 1629 2543 1692 ris
2574 1629 2685 1692 ubi
2714 1630 2985 1695 habetur
3020 1633 3305 1696 triticum
3343 1642 3409 1696 et
3443 1652 3573 1697 non
3602 1635 3851 1708 vinum,
3886 1634 3961 1696 li-

2454 1737 2626 1792 ceret
2654 1729 2961 1793 celebrari
3000 1732 3122 1794 sub
3160 1732 3375 1815 specie
3412 1734 3597 1816 panis
3635 1735 3774 1796 sine
3810 1753 3959 1798 san-

944 1831 1022 1894 Et
1074 1831 1363 1914 arguitur
1419 1832 1650 1914 primo,
1713 1832 1881 1914 quod
1945 1850 2072 1895 non
2133 1831 2343 1895 solum
2380 1825 2427 1888 B
2454 1827 2668 1909 guinis
2716 1830 3227 1909 consecratione3
3257 1839 3448 1914 atque
3496 1832 3561 1894 in
3604 1831 3791 1895 terris
3839 1833 3955 1894 ubi

845 1927 1029 2011 panis
1060 1929 1349 1991 triticeus
1379 1929 1462 1991 sit
1500 1930 1765 1992 materia
1804 1929 2183 1992 sacramenti
2213 1946 2345 1992 cor·

844 2026 1019 2109 poris
1078 2026 1308 2090 Christi
1369 2044 1382 2089 :
1441 2027 1593 2109 quia
1647 2035 1720 2089 ut
1783 2027 1967 2090 multi
2031 2027 2344 2091 notabiles

848 2125 1072 2187 dicunt
1119 2125 1431 2201 doctores,
1483 2125 1548 2187 in
1599 2144 1762 2207 pane
1811 2126 2054 2208 spelteo
2107 2125 2342 2187 confici

847 2229 1072 2305 potest.
1095 2222 1506 2296 —Secundo,
1530 2223 1833 2304 quoniam
1864 2223 2151 2286 Christus
2182 2241 2345 2289 com·

848 2327 1030 2403 parat
1075 2339 1144 2383 se
1189 2337 1386 2402 grano
1432 2319 1762 2394 frumenti,
1806 2321 1926 2383 sub
1974 2339 2102 2403 quo
2148 2321 2342 2383 etiam

849 2419 1258 2482 continentur
1307 2419 1510 2501 spelta
1557 2427 1620 2481 et
1668 2418 1766 2482 far
1809 2436 1823 2480 ε
1867 2437 2017 2500 ergo
2065 2419 2129 2482 in
2190 2419 2339 2494 illis,

847 2537 1011 2600 pane
1049 2518 1198 2581 inde
1237 2517 1549 2593 confecto,
1583 2517 1816 2600 poterit
1852 2518 2230 2581 consecrari.
2266 2553 2344 2563 -

846 2617 1080 2692 Tertio,
1107 2617 1258 2699 quia
1288 2617 1342 2679 si
1374 2617 1438 2679 in
1469 2617 1605 2679 solo
1635 2635 1797 2699 pane
1828 2617 2077 2680 triticeo
2107 2616 2344 2680 confici

846 2722 1074 2797 potest,
1108 2714 1360 2777 videtur
1409 2715 1476 2776 in
1523 2733 1688 2797 pane
1738 2714 1938 2778 mixto
1986 2714 2343 2777 consecrari

847 2831 974 2876 non
1007 2830 1211 2895 posse.
1233 2812 1355 2876 Sed
1387 2830 1527 2875 raro
1556 2813 1884 2875 invenitur
1910 2812 2197 2875 triticum
2236 2833 2347 2895 pu·

845 2930 1010 2973 rum.
1043 2946 1124 2958 —
1150 2911 1403 2985 Quarto,
1436 2911 1501 2974 in
1544 2911 1719 2973 omni
1755 2930 1921 2993 aqua
1950 2930 2100 2975 vera
2140 2918 2349 2994 potest

2455 1933 2552 1988 est
2592 1926 2839 2002 vinum,
2886 1927 3024 1990 sine
3068 1927 3467 1993 confectione
3512 1930 3577 1992 in
3622 1949 3803 2013 pane.

2535 2024 2613 2086 Et
2640 2026 3178 2108 respondendum,
3212 2029 3381 2110 quod
3414 2028 3653 2111 populo
3690 2047 3816 2092 non
3849 2030 3960 2093 da-

2452 2130 2557 2184 tur
2586 2123 2856 2204 sanguis,
2872 2125 2947 2186 ad
2978 2124 3310 2188 vitandum
3343 2125 3681 2189 effusionis
3712 2127 3964 2209 pericu-

2453 2220 2601 2282 lum.
2618 2220 2913 2284 Attamen
2938 2223 3289 2286 secundum
3314 2224 3671 2307 aliquorum
3700 2243 3959 2300 morem,

2454 2318 2767 2381 ministris
2822 2320 3038 2382 altaris
3087 2321 3271 2384 datur
3318 2322 3597 2404 sanguiS,
3649 2324 3961 2405 quoniam

2453 2416 2531 2479 de
2576 2434 2795 2479 eorum
2843 2418 3089 2480 cautela
3132 2420 3543 2501 praesumitur
3583 2421 3753 2504 quod
3800 2423 3964 2485 vita-

2453 2514 2617 2578 bunt
2658 2515 3019 2597 periculum
3070 2517 3269 2598 magis
3318 2536 3511 2600 quam
3562 2519 3725 2582 laici.
3769 2521 3963 2584 Deni-

2455 2631 2579 2696 que
2611 2613 2677 2676 in
2716 2614 2917 2677 veteri
2950 2615 3087 2697 lege
3122 2614 3486 2693 offerentes,
3520 2618 3599 2681 de
3638 2618 3963 2682 libamini-

2454 2710 2575 2774 bus
2606 2711 2695 2772 nil
2736 2711 3076 2787 habebant,
3110 2714 3219 2776 sed
3250 2714 3367 2776 soli
3398 2716 3755 2779 sacerdotes
3790 2735 3805 2778 ε
3840 2736 3963 2799 per
3994 2737 4234 2786 teas-me.

2455 2808 2761 2872 libamina
2788 2818 3001 2873 autem
3034 2812 3563 2893 praefigurabatur
3590 2816 3961 2878 communio

2455 2908 2818 2989 sanguinis3
2850 2909 2959 2972 sed
2990 2910 3069 2972 de
3107 2910 3445 2974 sacrificiis
3485 2919 3729 2994 partem
3764 2913 3961 2977 habe·
3986 2935 4234 2978 statu-ie.

847 3009 1154 3092 baptizari
1191 3027 1204 3070 ε
1238 3026 1390 3090 ergo
1421 3009 1488 3071 in
1519 3009 1694 3072 omni
1725 3027 1878 3073 vero
1917 3028 2080 3092 pane
2115 3009 2347 3092 poterit
2383 3007 2427 3071 C
2457 3005 2629 3080 bant,
2683 3025 2798 3089 per
2845 3027 2986 3090 quae
3042 3008 3527 3090 significabatur
3582 3013 3960 3076 communio

847 3108 1180 3173 celebrari.
1217 3144 1294 3156 ——-
1323 3107 1576 3183 Quinto,
1612 3106 1828 3172 multae
1867 3114 2016 3171 sunt
2057 3116 2239 3173 terrae
2279 3109 2345 3171 in

849 3207 1084 3291 quibus
1134 3224 1262 3270 non
1309 3206 1538 3269 crescit
1585 3206 1829 3281 vinum,
1873 3213 1936 3269 et
1982 3207 2090 3270 vix
2141 3214 2347 3289 potest

849 3306 1079 3369 adduci
1115 3323 1128 3367 ε
1163 3322 1313 3386 ergo
1356 3321 1485 3367 non
1531 3304 1831 3367 convenit
1868 3304 1960 3367 ibi
2003 3305 2228 3368 vinum
2267 3306 2346 3368 ad

850 3404 1392 3466 consecrationem
1451 3402 1778 3484 sanguinis
1829 3403 2092 3486 requiri,
2145 3423 2346 3487 quum

848 3501 1107 3564 materia
1137 3501 1328 3582 hujus
1361 3502 1733 3563 sacramenti
1764 3500 1992 3565 debeat
2019 3520 2161 3564 esse
2192 3519 2351 3565 com-

853 3598 1069 3662 munis
1098 3606 1288 3680 atque
1318 3598 1386 3660 in
1415 3606 1717 3681 promptu
1746 3599 2189 3681 adipiscibiliS.
2226 3600 2350 3663 Cir·

849 3717 924 3761 ca
970 3697 1091 3762 boc
1139 3697 1465 3779 quaeritur‚
1517 3716 1597 3759 an
1647 3697 1714 3760 in
1763 3704 1943 3761 aceto
1988 3703 2054 3760 et
2101 3705 2346 3779 agresta

849 3794 1248 3860 conficiatur.

931 3993 1111 4057 Circa
1141 3993 1274 4057 haec
1307 3992 1590 4076 loquitur
1617 3993 1886 4056 Thomas
1921 4010 1934 4055 ε
1966 3993 2223 4057 Materia
2252 4014 2347 4057 sa·

851 4092 1162 4157 crementi
1225 4098 1586 4173 competere
1644 4090 1834 4154 debet
1890 4092 2345 4172 significationi

2456 3105 2739 3187 corporis
2787 3105 3039 3169 Christi.
3087 3144 3167 3153 —
3207 3106 3301 3171 Ad
3349 3108 3523 3171 aliud
3570 3111 3961 3193 responden-

2455 3202 2633 3277 dum,
2667 3205 2836 3287 quod
2868 3205 3163 3287 quamvis
3202 3208 3593 3270 consecratio
3626 3209 3961 3290 sanguinis

2456 3320 2583 3365 non
2634 3302 2987 3385 dependeat
3032 3324 3069 3367 a
3118 3306 3592 3369 consecratione
3642 3310 3957 3390 corporiS,

2457 3408 2528 3461 ut
2574 3401 2834 3483 quidam
2892 3402 3211 3477 dixerunt,
3261 3410 3475 3467 tamen
3527 3421 3654 3469 non
3710 3406 3959 3469 habens

2458 3508 2792 3583 utramque
2835 3501 3188 3575 materiam,
3222 3503 3433 3585 potius
3476 3503 3737 3568 deberet
3772 3524 3809 3567 a
3850 3524 3959 3569 ce-

2457 3598 2805 3662 lebratione
2848 3600 3174 3676 desiste-e,
3207 3621 3399 3683 quam
3444 3610 3661 3666 contra
3708 3622 3957 3668 morem

2456 3697 2754 3761 Ecclesiae
2796 3698 2863 3761 in
2906 3718 3033 3761 una
3073 3700 3207 3763 sola
3246 3700 3586 3764 conficere.

2536 3796 2840 3859 Praeterea
2886 3797 2939 3859 si
2991 3806 3329 3879 quaeratur,
3362 3816 3478 3861 cur
3520 3800 3705 3883 panis
3752 3808 3817 3864 et
3862 3802 3961 3865 vi-

2456 3912 2611 3957 num
2662 3893 2791 3957 sint
2834 3895 3027 3976 hujus
3076 3898 3456 3960 sacramenti
3504 3899 3807 3977 materia3
3858 3902 3959 3964 di·

2457 3992 2755 4067 cendum,
2788 3993 2957 4076 quod
2992 3993 3368 4077 principalis
3408 4013 3597 4059 causa
3636 3996 3961 4062 institutio

2456 4098 2552 4152 est
2598 4090 2831 4154 divina.
2886 4091 3082 4172 Cujus
3129 4092 3547 4157 institutionis
3594 4101 3693 4158 est
3740 4097 3963 4159 multi-

851 4188 1231 4254 sacramenti
1271 4207 1344 4251 ac
1383 4188 1560 4267 usui3
1593 4195 1656 4250 et
1686 4195 1954 4271 utroque
1997 4189 2183 4253 modo
2216 4188 2347 4251 exi·
2376 4193 2427 4255 D
2458 4188 2605 4270 plex
2662 4189 2839 4251 ratio.
2891 4190 3122 4263 Primo,
3174 4208 3249 4253 ex
3311 4199 3487 4273 parte
3546 4212 3698 4255 usus
3752 4213 3963 4259 saera-

849 4290 1020 4370 gitur
1063 4287 1301 4370 duplex
1352 4286 1614 4348 materia
1658 4285 1723 4348 in
1764 4287 1885 4349 hoc
1927 4294 2341 4351 sacramento.

851 4386 1011 4449 Usus
1042 4386 1214 4449 enim
1247 4384 1441 4465 hujus
1471 4384 1848 4446 sacramenti
1881 4392 1976 4446 est
2005 4386 2347 4447 manduca-

849 4484 940 4546 tio
997 4502 1109 4545 seu
1166 4481 1454 4557 refectio,
1513 4501 1654 4565 quae
1711 4482 1929 4545 cibum
1992 4490 2346 4566 potumque

850 4582 1120 4665 requirit
1171 4599 1185 4644 :
1237 4581 1666 4664 ideo-duplex
1717 4581 1906 4645 debet
1952 4601 2091 4645 esse
2146 4601 2347 4645 sacra-

849 4681 1047 4745 menti
1099 4680 1283 4743 istius
1323 4680 1607 4754 materia,
1650 4699 1778 4743 una
1817 4700 1956 4763 quae
1996 4682 2062 4743 in
2105 4699 2341 4755 escam,

845 4782 970 4845 alia
1012 4799 1153 4864 quae
1196 4779 1262 4841 in
1311 4786 1532 4861 potum
1578 4779 1909 4861 accipitur.
1948 4780 2345 4861 Significatio

848 4898 1104 4965 quoque
1141 4879 1334 4960 hujus
1373 4876 1752 4941 sacramenti
1787 4884 1883 4940 est
1920 4878 2175 4960 duplex.
2211 4881 2345 4943 Una

847 5001 974 5064 qua
1033 4985 1441 5062 repraesentat
1495 4978 1859 5059 passionem
1906 4978 2136 5041 Christi
2187 4998 2344 5062 prae-

846 5080 1122 5153 temam,
1156 5078 1221 5140 in
1268 5096 1392 5160 qua
1428 5076 1687 5158 sanguis
1725 5096 1762 5139 a
1800 5093 2064 5159 corpore
2102 5078 2346 5141 exstitit

848 5185 1174 5260 separatus
1210 5194 1224 5239 :
1259 5176 1402 5239 ideo
1440 5175 1694 5257 signum
1738 5175 2044 5258 corporiS,
2083 5175 2340 5258 signum

847 5293 1102 5361 quoque
1132 5274 1481 5358 sanguiniS‚
1502 5272 1834 5339 offerenda
1862 5281 2012 5338 sunt
2041 5274 2106 5337 in
2138 5294 2340 5339 sacra-

2458 4288 2657 4349 menti
2692 4304 2705 4349 :
2740 4288 3044 4369 quoniam
3082 4289 3265 4370 panis
3301 4298 3365 4353 et
3404 4291 3627 4353 vinum
3668 4309 3960 4356 commu-

2457 4386 2603 4448 nius
2634 4387 2700 4448 in
2732 4386 2949 4449 cibum
2982 4393 3048 4449 et
3076 4395 3296 4470 potum
3329 4390 3723 4470 proveniunt,
3738 4392 3961 4475 sicque

2457 4505 2572 4567 per
2612 4486 2795 4565 eain
2838 4485 3236 4568 spiritualem
3280 4487 3691 4553 refectionem
3738 4510 3963 4555 manu-

2455 4584 2753 4647 ducimur
2801 4585 2999 4666 magis
3047 4592 3212 4667 apte.
3266 4586 3579 4661 Secunde,
3623 4608 3701 4652 ex
3748 4608 3959 4653 sacra-

2456 4683 2655 4746 menti
2698 4682 2937 4745 effectu
2973 4684 3173 4765 :quia
3220 4692 3293 4746 ut
3338 4684 3562 4766 primae
3606 4686 3685 4749 ad
3736 4688 3956 4751 Corin-

2452 4782 2619 4845 thios
2649 4781 2975 4846 undecimo
3001 4784 3090 4845 ait
3117 4783 3343 4857 Glossa,
3359 4784 3538 4866 panis
3570 4804 3699 4867 prae
3727 4790 3956 4852 ceteris

2453 4882 2615 4945 cibis
2658 4888 2969 4944 sustentat
3010 4900 3261 4964 corpuS,
3292 4890 3357 4945 et
3397 4884 3621 4946 vinum
3666 4885 3953 4951 laetificat
3978 4905 4220 4955 Paeanis.

2452 4998 2579 5043 cor.
2614 4980 2705 5042 lta
2744 4988 2808 5042 et
2844 4980 2965 5043 hoc
3002 4989 3467 5044 sacramentum
3506 4982 3705 5065 magis
3746 4984 3951 5047 laetifi-

2453 5087 2553 5141 cat
2592 5087 2656 5141 et
2700 5085 3010 5141 sustentat
3050 5079 3309 5141 caritate
3352 5080 3719 5155 inebriatos,
3752 5103 3947 5165 quam

2450 5177 2575 5239 alia
2605 5184 3016 5240 sacramenta.
3052 5177 3283 5251 Tertio,
3315 5195 3391 5239 ex
3425 5178 3550 5240 ritu
3581 5180 3951 5245 celebratio·

2452 5276 2553 5339 nis
2606 5294 2619 5338 ε
2666 5276 2970 5358 quoniam
3017 5275 3144 5339 duo
3197 5275 3317 5339 ista
3363 5283 3713 5341 tractantur
3764 5300 3947 5343 mun-
