4267 6250
579 4822 743 4867 Joann.
759 4839 815 4869 ιιι

569 4888 636 4928 24.

860 477 984 544 300

1515 499 1580 546 m
1619 499 1842 548 Lmnmt
1884 499 1946 546 {V
1987 497 2471 546 summanum
2510 516 2592 528 —
2630 499 2785 546 msr.
2826 499 2932 564 1¹3
2974 500 3200 557 QuAEsr.
3242 501 3313 548 111

863 668 1100 750 speltae.
1164 669 1451 735 Christus
1519 679 1733 735 autem
1802 670 2231 734 consecrando
2292 669 2358 732 in
2388 667 2441 732 A
2470 677 2843 752 sequeretur
2878 671 3244 747 necessitaS,
3278 674 3386 736 sed
3424 673 3635 736 solum
3672 672 3973 755 congrui-

861 768 1076 848 specie
1124 769 1342 844 tritici,
1388 771 1564 833 dedit
1597 771 1914 833 .virtutem
1962 770 2180 851 generi
2228 769 2361 832 fru-

860 867 1060 929 menti
1101 868 1166 930 in
1207 869 1380 930 omni
1421 869 1636 951 specie
1672 869 1831 950 eius.
1868 869 2011 932 Haec
2037 867 2354 931 Albertus.

938 965 1243 1038 Quocirca
1271 967 1492 1029 scribit
1520 967 2002 1049 Argentinensis
2036 984 2050 1028 ε
2085 966 2359 1030 Consue-

855 1064 1144 1127 tudinem
1196 1065 1607 1128 eonsecrandi
1655 1065 1720 1128 in
1770 1084 1934 1148 pane
1981 1065 2233 1128 triticeo
2280 1065 2359 1127 ab

855 1163 1172 1244 Apostolis
1203 1164 1480 1245 sumpsit
1514 1164 1819 1238 Ecclesia,
1854 1172 2044 1246 atque
2073 1163 2358 1246 Apostoli

854 1280 891 1323 a
921 1260 1170 1324 Christo
1201 1263 1264 1324 in
1297 1263 1500 1326 Coena.
1518 1264 1674 1326 Nam
1705 1262 1991 1326 Christus
2021 1270 2175 1324 tunc
2206 1281 2360 1326 usus

855 1367 954 1422 est
993 1378 1156 1443 pane
1197 1361 1466 1436 triticeo,
1499 1369 1563 1424 et
1605 1361 1746 1443 ejus
1787 1361 1975 1435 actio,
2009 1368 2223 1423 nostra
2264 1367 2361 1422 est

858 1457 1211 1522 instructio.
1247 1495 1327 1505 —
1369 1459 1491 1522 Sed
1537 1459 1733 1542 objici
1783 1467 2012 1543 potest,
2055 1459 2359 1542 quoniam

859 1575 1125 1638 granum
1159 1559 1378 1640 speltae
1416 1558 1806 1621 denudatum
1847 1578 1884 1621 a
1921 1559 2122 1640 palea,
2156 1565 2253 1621 est
2280 1559 2361 1620 si-

859 1656 1014 1719 mile
1052 1656 1246 1719 tritici
1283 1675 1480 1738 grano
1520 1674 1536 1719 ε
1579 1675 1731 1738 ergo
1774 1658 1854 1720 de
1891 1675 2088 1738 grano
2140 1656 2359 1739 speltae

860 1772 1201 1837 possumus
1254 1773 1643 1818 consecrare.
1692 1755 1785 1817 Ad
1840 1756 1961 1818 hoc
2013 1755 2215 1836 aliqui
2266 1754 2359 1817 di-

2468 776 2561 831 tas
2623 770 2840 832 utendi
2900 789 3064 853 pane
3118 771 3371 835 triticeo
3418 771 3484 834 in
3538 771 3969 835 conficiendo.

2467 867 2921 930 Verumtamen
2967 869 3243 952 praefatae
3284 869 3588 934 doctrinae
3635 872 3974 933 communi

2467 966 2903 1030 contradicere
2938 968 3107 1042 nolo,
3140 969 3249 1030 sed
3296 969 3535 1031 idcirco
3576 969 3712 1033 haec
3753 976 3973 1051 tango,

2469 1063 2621 1146 quia
2649 1065 2702 1126 si
2735 1065 2799 1126 in
2832 1064 2968 1128 solo
2997 1084 3161 1148 pane
3188 1066 3440 1130 triticeo
3470 1066 3702 1130 confici
3734 1075 3971 1150 posset,

2469 1170 2622 1225 tunc
2671 1163 2879 1245 majus
2922 1164 3280 1245 periculum
3323 1173 3492 1228 esset
3532 1166 3598 1227 in
3645 1166 3771 1228 alia
3820 1187 3976 1249 qua-

2470 1280 2747 1344 cumque
2786 1263 3050 1326 materia
3088 1263 3433 1338 celebrare,
3467 1283 3659 1346 quam
3698 1283 3777 1328 ex
3816 1266 3975 1328 vino

2467 1361 2618 1423 vitis
2662 1377 2789 1423 non
2826 1361 3115 1444 apposita
3152 1381 3317 1444 aqua
3350 1361 3689 1425 conficere.
3724 1363 3975 1426 Idcirco

2468 1458 2753 1523 Ecclesia
2792 1459 2950 1522 illud
2993 1460 3205 1543 potius
3244 1461 3611 1542 prohiberet
3652 1481 3845 1543 quam
3890 1462 3975 1525 is-

2466 1558 2603 1632 tud,
2636 1564 2701 1621 et
2729 1565 2943 1620 tamen
2976 1558 3135 1621 illud
3166 1576 3292 1622 non
3324 1559 3640 1642 prohibet,
3665 1560 3837 1623 istud
3868 1580 3978 1624 ve-

2466 1674 2539 1719 ro
2568 1656 2853 1719 districte
2885 1656 3214 1739 prohibuit
3233 1675 3309 1720 ac
3331 1656 3809 1740 frequenter.—
3824 1659 3975 1722 Haec

2465 1754 2968 1836 Argentinensis.
2995 1755 3191 1837 Cujus
3219 1756 3684 1837 argumentatio
3712 1756 3979 1820 videtur

859 1861 1042 1927 cunt,
1086 1854 1256 1935 quod
1311 1872 1580 1934 granum
1638 1854 1858 1936 speltae
1913 1862 2011 1917 est
2067 1854 2358 1936 ejusdem
2391 1854 2438 1917 B
2467 1853 2663 1916 nimis
2692 1859 2973 1928 extensa,
2992 1853 3295 1935 quoniam
3326 1854 3507 1937 sequi
3536 1853 3863 1917 videretur
3890 1873 3975 1916 ex

858 1951 1096 2034 speciei
1141 1970 1288 2014 cum
1333 1952 1565 2026 trition,
1599 1960 1664 2014 et
1706 1953 1850 2015 ideo
1893 1951 2125 2015 confici
2171 1961 2361 2034 queat

858 2050 939 2113 de
995 2069 1090 2112 eo.
1142 2051 1377 2112 Verum
1436 2051 1665 2113 Doctor
1712 2050 2073 2114 communis
2117 2049 2357 2132 aliique

859 2149 1284 2211 communiter
1326 2149 1550 2210 dicunt
1596 2149 2008 2222 contrarium,
2055 2149 2358 2231 quoniam

861 2266 1060 2309 unum
1103 2265 1430 2329 nunquam
1473 2255 1810 2328 generatur
1849 2266 1926 2310 ex
1971 2247 2114 2309 alio.
2143 2246 2357 2329 Aliqui

857 2363 1012 2408 vero
1054 2344 1297 2418 dicunt,
1331 2346 1499 2427 quod
1550 2344 1752 2427 spelta
1799 2344 2019 2408 differt
2063 2363 2100 2407 a
2146 2344 2361 2407 tritico

858 2443 1096 2526 specie,
1129 2451 1341 2506 tamen
1385 2443 1632 2526 species
1674 2451 1770 2506 est
1810 2443 2141 2518 frumenti,
2175 2451 2241 2505 et
2274 2443 2358 2506 ob

860 2543 924 2605 id
965 2542 1321 2606 consecrari
1357 2549 1566 2625 potest
1600 2543 1680 2605 de
1718 2542 1938 2625 spelta.
1974 2543 2105 2624 Ego
2144 2549 2355 2605 autem

858 2641 1090 2704 vellem
1131 2641 1302 2723 quod
1342 2641 1407 2702 in
1448 2641 1568 2705 isto
1609 2648 1870 2722 puncto,
1902 2647 1967 2703 et
2005 2641 2073 2702 in
2110 2640 2357 2702 cunctis

859 2739 1201 2812 similibuS,
1245 2737 1352 2800 ubi
1401 2738 1682 2819 tangitur
1728 2739 1807 2801 de
1855 2737 2231 2801 necessariis
2278 2737 2357 2800 ad

861 2838 1192 2900 veritatem
1241 2843 1807 2911 sacramentorum,
1856 2836 2147 2899 doctores
2197 2855 2357 2897 nun-

860 2955 1050 3019 quam
1103 2936 1608 2998 contradicerent
1657 2943 1916 3015 mutu03
1953 2943 2016 2997 et
2065 2934 2358 2997 ubicum-

2468 1970 2563 2024 ea,
2597 1958 2843 2014 certum
2889 1969 3017 2014 non
3061 1970 3200 2014 esse
3246 1952 3403 2034 quin
3446 1952 3640 2014 etiam
3682 1971 3759 2016 ex
3804 1971 3977 2034 pane

2467 2049 2763 2130 siligineo
2790 2068 2863 2112 ac
2893 2049 3244 2113 hordeaceo
3284 2049 3517 2113 confici
3554 2050 3773 2132 possit.
3808 2050 3978 2113 Hinc

2468 2147 2703 2230 positio
2745 2146 2805 2209 S.
2852 2146 3110 2210 Thomae
3152 2153 3355 2210 exstat
3398 2147 3703 2210 securior.

2546 2246 3000 2308 Verumtamen
3048 2245 3487 2309 Bonaventura
3537 2246 3643 2308 hic
3687 2245 3973 2309 scribit:

2466 2345 2536 2407 In
2576 2344 2704 2407 alio
2745 2363 2909 2427 pane
2956 2363 3147 2426 quam
3185 2343 3266 2407 de
3303 2362 3501 2426 grano
3537 2342 3871 2419 frumenti,
3908 2353 3983 2408 et

2468 2443 2534 2505 in
2564 2442 2701 2512 alio,
2716 2443 2869 2505 vino
2899 2461 3090 2525 quam
3129 2442 3209 2506 de
3250 2462 3373 2506 uva
3399 2443 3571 2516 vitis,
3603 2461 3732 2506 non
3760 2451 3983 2525 potest

2468 2541 2818 2621 confici3et
2848 2542 2967 2604 hoc
2997 2540 3448 2605 determinavit
3476 2541 3981 2624 carthaginense

2468 2639 2833 2702 concilium.
2863 2640 3052 2702 Porro
3083 2638 3150 2701 in
3181 2639 3358 2703 omni
3388 2659 3552 2722 pane
3580 2640 3659 2702 de
3688 2638 3983 2702 frumen-

2465 2745 2553 2812 to,
2604 2738 2770 2800 sicut
2820 2738 2888 2801 in
2942 2738 3117 2800 omni
3158 2737 3311 2801 vino
3358 2738 3437 2801 de
3484 2737 3636 2812 vite,
3688 2737 3825 2801 sive
3880 2737 3981 2801 ibi

2468 2837 2551 2899 sit
2593 2836 2961 2899 differentia
3003 2835 3435 2911 accidentaliS,
3468 2836 3605 2899 sive
3638 2835 3978 2918 specifica,

2468 2935 2703 2998 confici
2760 2943 2988 3018 potest,
3050 2944 3122 2998 ut
3176 2935 3375 3018 aliqui
3433 2935 3676 3009 dicunt,
3732 2934 3985 2998 salvata

860 3054 984 3118 que
1016 3035 1136 3096 hoc
1166 3033 1374 3108 fieret,
1393 3034 1672 3097 Romana
1703 3033 1987 3096 Ecclesia
2016 3053 2130 3096 sua
2160 3034 2359 3096 deter-
2388 3035 2433 3100 C
2467 3034 2682 3117 specie
2725 3035 2908 3116 panis
2950 3041 3015 3097 et
3060 3034 3217 3097 vini.
3252 3035 3397 3098 Haec
3444 3034 3572 3097 ille.
3604 3069 3685 3079 —
3715 3033 3832 3107 Qui
3884 3041 3983 3096 ta-

858 3133 1204 3196 minatione
1249 3132 1603 3195 remedium
1644 3132 1994 3197 adhiberet.
2030 3134 2166 3196 Duo
2210 3151 2359 3214 ergo

856 3232 962 3294 hic
1010 3230 1173 3293 dico.
1216 3230 1498 3294 Primum
1547 3238 1664 3305 est,
1708 3231 1874 3313 quod
1923 3231 2122 3293 tutius
2167 3239 2359 3313 atque

858 3329 1210 3394 consultius
1259 3336 1376 3404 est,
1418 3330 1483 3391 in
1535 3329 2007 3393 consecratione
2051 3329 2356 3392 dominici

859 3426 1144 3511 corporis
1176 3427 1265 3489 uti
1299 3427 1549 3491 triticeo
1579 3446 1762 3511 pane,
1791 3428 1942 3510 quia
1973 3428 2037 3490 in
2069 3429 2191 3491 hoc
2222 3428 2359 3490 uni-

857 3526 1026 3590 versi
1058 3526 1444 3589 concordant
1474 3527 1642 3608 quod
1675 3526 1822 3588 inde
1859 3525 2093 3589 confici
2134 3526 2353 3608 possit.

859 3626 1222 3689 Secundum
1255 3632 1370 3698 est,
1396 3625 1562 3706 quod
1595 3624 1876 3707 praetacti
1908 3624 2198 3687 doctores
2227 3624 2359 3687 suf-

857 3724 1152 3787 ficienter
1181 3740 1303 3786 non
1336 3723 1614 3805 probant,
1631 3724 1982 3786 consecrari
2015 3741 2143 3785 non
2177 3741 2360 3806 posse

860 3824 982 3888 nisi
1014 3842 1092 3886 ex
1120 3823 1350 3886 tritico.
1383 3823 1626 3905 Nempe
1657 3824 2011 3885 secundum
2046 3823 2358 3885 Isidorum

859 3922 1384 4005 septimodecimo
1429 3920 1993 4004 Etymologiarum,
2040 3920 2361 3982 frumenta

858 4029 1009 4085 sunt
1038 4041 1178 4103 quae
1207 4021 1445 4084 habent
1471 4019 1733 4097 aristas3
1765 4026 1973 4081 cetera
2006 4019 2223 4100 fruges
2253 4036 2359 4081 vo-

858 4129 1100 4184 cantur.
1137 4120 1334 4201 Siligo
1377 4135 1527 4200 ergo
1571 4125 1634 4180 et
1675 4118 1984 4180 hordeum
2031 4126 2183 4180 sunt
2220 4136 2359 4201 spe-

2468 3151 2616 3196 men
2650 3134 2715 3195 in
2746 3133 3154 3216 Breviloquio
3190 3133 3369 3208 dicit,
3403 3134 3574 3216 quod
3604 3132 3788 3216 panis
3820 3150 3980 3197 con-

2466 3231 2840 3295 secrationis
2884 3232 3073 3295 debet
3117 3251 3257 3296 esse
3300 3233 3379 3296 de
3422 3231 3787 3315 purissimis
3832 3249 3981 3312 gra-

2467 3331 2564 3393 nis
2624 3349 2637 3393 :
2699 3330 2867 3413 quod
2925 3348 3051 3394 non
3111 3330 3235 3394 nisi
3290 3331 3370 3394 de
3424 3331 3638 3412 granis
3698 3329 3981 3393 triticeis

2469 3429 2727 3512 proprie
2768 3430 2973 3511 accipi
3018 3446 3204 3511 posse
3244 3429 3515 3493 videtur.

2548 3528 2881 3591 Durandus
2930 3527 3191 3590 demum
3240 3526 3545 3602 affirmat,
3580 3526 3749 3609 quod
3796 3527 3979 3590 idem

2469 3626 2553 3688 sit
2599 3626 2811 3688 dicere
2856 3625 3144 3689 triticum
3194 3633 3259 3689 et
3304 3625 3724 3699 frumentum,
3775 3632 3982 3707 atque

2469 3725 2641 3806 quod
2698 3724 2901 3807 spelta
2948 3733 3013 3787 et
3060 3724 3159 3788 far
3202 3725 3331 3787 sint
3379 3724 3668 3806 ejusdem
3728 3725 3981 3807 speciei

2470 3840 2616 3884 cum
2649 3822 2882 3897 triticO,
2915 3829 2979 3885 et
3010 3822 3094 3884 ita
3124 3840 3202 3885 ex
3231 3822 3532 3885 omnibus
3572 3822 3702 3884 illis
3733 3822 3983 3886 confici

2470 3920 2688 4002 possit.
2713 3920 2889 3994 Quod
2919 3919 3165 4002 probat,
3185 3920 3485 4002 quoniam
3521 3920 3587 3982 in
3617 3919 3806 3983 terris
3836 3922 3987 4002 qui-

2469 4018 2741 4083 busdam
2790 4020 3101 4083 seminato
3149 4018 3383 4093 tritico,
3414 4018 3699 4081 nascitur
3740 4019 3976 4101 spelta.

2470 4118 2590 4181 Sed
2624 4126 2693 4181 ut
2721 4124 2893 4200 patet
2931 4137 3013 4180 ex
3048 4118 3257 4193 dictis,
3292 4118 3411 4181 ista
3450 4135 3578 4181 non
3618 4128 3984 4183 consonant

859 4218 989 4281 cies
1029 4217 1516 4280 frumentorum.
1552 4216 1888 4297 Quumque
1928 4234 2046 4278 nec
2085 4235 2163 4279 ex
2196 4216 2360 4279 Scri·
2392 4216 2440 4278 D
2469 4216 2836 4280 doctoribus
2880 4216 3079 4297 magis
3122 4216 3525 4279 authenticis.

859 4324 1067 4397 ptura,
1099 4333 1218 4377 nec
1249 4332 1325 4375 ex
1366 4319 1600 4375 statuto
1640 4312 1940 4375 Ecclesiae
1980 4313 2125 4395 plus
2161 4316 2361 4396 possit

859 4411 1078 4475 haberi
1110 4412 1188 4473 de
1221 4410 1361 4482 ist0,
1386 4408 1511 4471 nisi
1545 4411 1711 4492 quod
1747 4410 2011 4472 materia
2040 4429 2361 4475 consecra·

855 4510 1049 4574 tionis
1081 4509 1262 4593 panis
1291 4507 1482 4571 debet
1511 4527 1650 4571 esse
1678 4509 1758 4570 de
1787 4508 1999 4589 granis
2029 4509 2354 4583 frumenti,

859 4628 988 4674 non
1027 4606 1317 4691 sequitur
1351 4608 1520 4689 quod
1551 4624 1679 4669 non
1711 4606 1832 4669 nisi
1865 4626 1942 4669 ex
1974 4608 2186 4672 tritico
2216 4628 2360 4673 con-

861 4710 972 4772 fici
1004 4706 1220 4791 possit.
1237 4705 1366 4768 Nec
1397 4705 1684 4769 Christus
1711 4712 2038 4787 comparat
2067 4726 2134 4769 se
2165 4725 2360 4788 grano

821 4858 832 4877 .
860 4806 1164 4871 frumenti
1197 4804 1415 4878 tritici,
1450 4804 1560 4867 sed
1591 4802 1918 4866 frumenti.
1953 4805 2079 4868 Nec
2111 4814 2359 4869 certum

859 4913 955 4969 est
982 4905 1152 4987 quod
1184 4902 1470 4967 Christus
1500 4921 1654 4964 usus
1683 4902 1767 4965 sit
1796 4901 1858 4964 in
1891 4904 2359 4967 consecratione

859 5004 1109 5067 triticeo
1157 5020 1343 5085 pane,
1376 5001 1679 5084 quoniam
1731 5020 1848 5063 nec
1893 5001 2221 5083 Scriptura
2270 5023 2362 5065 sa-

858 5123 985 5177 cra,
1020 5120 1229 5184 neque
1272 5101 1632 5173 Decretum,
1665 5118 1784 5162 nec
1828 5100 2209 5175 DecretaleS,
2242 5121 2361 5164 nec

857 5200 1189 5282 originalia
1221 5198 1595 5263 Sanctorum
1638 5198 1759 5260 hoc
1788 5198 2010 5260 dicunt
2037 5218 2355 5281 expresse.

859 5300 936 5362 Et
984 5296 1277 5381 quamvis
1321 5296 1415 5359 sic
1457 5302 1645 5371 esset,
1679 5314 1756 5358 ex
1801 5295 1922 5358 hoc
1969 5304 2183 5360 tamen
2232 5316 2361 5362 non

2548 4316 2853 4379 Praeterea
2896 4314 3119 4378 Scotus
3162 4332 3177 4377 ε
3222 4315 3529 4388 ChristuS‚
3580 4314 3813 4397 inquit,
3866 4335 3983 4398 pa-

2468 4432 2615 4476 nem
2646 4414 2967 4476 triticeum
3000 4431 3115 4496 pro
3146 4412 3409 4475 materia
3436 4414 3811 4476 sacramenti
3845 4432 3987 4478 cor-

2468 4512 2639 4595 poris
2670 4512 2769 4575 sui
2800 4511 3098 4586 instituit,
3112 4519 3302 4593 atque
3334 4511 3398 4573 in
3429 4512 3682 4593 signum
3716 4512 3981 4577 institu-

2464 4610 2659 4673 tionis
2708 4610 2816 4672 illa
2868 4609 3132 4673 materia
3177 4609 3605 4673 consecrando
3650 4629 3805 4673 usus
3846 4620 3975 4675 est.

2466 4709 2642 4782 Quod
2672 4716 2881 4771 autem
2914 4708 3096 4791 panis
3125 4708 3413 4771 triticeus
3444 4716 3507 4771 et
3536 4726 3663 4771 non
3691 4708 3857 4772 alius
3886 4712 3983 4774 sit

2466 4806 2846 4869 sacramenti
2878 4806 3060 4869 istius
3092 4806 3379 4881 materia,
3402 4806 3673 4870 habetur
3702 4808 3781 4869 de
3812 4807 3981 4871 Gon·

2468 4905 2840 4978 secratione,
2872 4903 3281 4967 distinctione
3328 4904 3390 4979 2,
3432 4906 3501 4968 ln
3546 4914 3973 4970 sacramento.

2469 5004 2557 5066 De
2587 5002 2791 5065 farina
2821 5020 3074 5085 quoque
3112 5002 3363 5067 triticea
3399 5011 3464 5066 et
3490 5021 3655 5084 aqua
3692 5002 3981 5067 elemen-

2467 5101 2587 5164 tari
2638 5102 2965 5182 coagulata
3005 5100 3195 5164 debet
3239 5101 3421 5184 panis
3471 5101 3732 5164 formari
3768 5119 3783 5163 ε
3816 5103 3981 5183 quia

2470 5200 2855 5284 supponitur
2916 5201 3001 5263 ita
3062 5200 3262 5263 fuisse
3328 5199 3670 5264 formatum
3734 5218 3973 5283 panem

2471 5316 2599 5381 quo
2640 5318 2795 5361 usus
2838 5305 2937 5361 est
2977 5299 3143 5361 Deus
3183 5298 3631 5363 consecrando.
3662 5297 3793 5361 Nec
3836 5298 3975 5362 suf-
