4267 6250
1409 510 1492 558 na
1531 508 1894 557 mactmus
1933 508 2343 557 rcum-mm
3301 488 3425 554 3⁷3

316 700 460 745 eam
505 700 632 746 non
673 691 992 766 praeparat
1033 701 1102 746 se
1143 683 1222 746 ad
1269 682 1537 765 gratiam
1578 688 1820 744 tantam
1847 678 1902 743 A
1929 681 2145 762 gratiae
2192 700 2335 763 quae
2380 700 2529 744 cum
2576 700 2651 743 ea
2700 680 3103 759 infunditur3
3142 678 3253 741 sed
3302 676 3423 741 hoc

316 789 620 863 quantam
650 782 888 844 amisit.
905 782 970 845 Si
999 799 1154 844 vero
1179 780 1464 865 perfecta
1493 780 1577 843 sit
1603 799 1824 843 secun-

316 878 398 940 do
437 878 650 952 modo,
683 878 832 941 dico
867 878 1037 959 quod
1077 877 1131 939 si
1171 877 1490 961 poenitens
1531 883 1662 939 tam
1701 876 1822 940 fer-

315 983 544 1038 venter
581 976 758 1038 dolet
801 976 880 1038 de
921 976 1132 1058 culpa,
1165 984 1238 1038 ut
1283 976 1467 1037 decet
1513 994 1662 1037 eum
1707 974 1820 1057 qui

318 1075 394 1137 de
421 1081 602 1136 tanto
631 1074 868 1137 cecidit
895 1082 1083 1149 statu,
1115 1074 1306 1137 credo
1334 1075 1504 1156 quod
1535 1092 1650 1155 per
1675 1092 1816 1136 eam

318 1172 482 1235 redit
519 1172 584 1235 in
624 1173 974 1256 pristinum
1011 1173 1296 1254 gradum.
1332 1172 1509 1235 Unde
1547 1172 1614 1233 in
1657 1171 1822 1234 libro

317 1270 610 1353 Quinque
640 1270 1154 1352 responsionum,
1187 1272 1266 1333 de
1296 1270 1416 1333 ista
1446 1269 1820 1352 poenitentia

320 1368 603 1451 loquitur
645 1369 1042 1451 Augustinus
1089 1386 1103 1431 :
1152 1368 1527 1433 Poenitentia
1575 1375 1672 1430 est
1717 1387 1818 1429 res

320 1467 610 1547 quaedam
641 1466 926 1548 perfecta
953 1486 1025 1529 ac
1054 1466 1318 1551 optima,
1351 1465 1684 1529 universos
1711 1466 1818 1528 de-

319 1563 524 1627 fectus
556 1582 864 1627 revocans
893 1566 969 1627 ad
1001 1564 1550 1647 perfectum.Nam
1579 1572 1646 1626 et
1671 1582 1819 1647 ope-

319 1680 384 1723 ra
414 1662 526 1725 Dei
557 1662 846 1745 perfecta
871 1670 1043 1735 sunt,
1068 1670 1132 1725 et
1161 1663 1298 1744 ipse
1331 1661 1618 1723 medicus
1646 1681 1818 1724 sum-

321 1779 484 1835 mus,
502 1770 819 1842 quantum
853 1762 920 1823 in
949 1780 1018 1823 se
1047 1768 1166 1836 θεῖ,
1187 1760 1523 1823 sanitatem
1555 1758 1818 1841 largitur

321 1858 691 1939 perfectam.
725 1894 808 1904 —
836 1859 981 1921 Haec
1020 1858 1480 1921 Bonaventura.

395 1957 488 2019 Ex
525 1957 766 2039 quibus
803 1965 978 2040 patet
1015 1956 1346 2039 responsio
1383 1956 1460 2019 ad
1497 1956 1624 2017 alia
1651 1974 1818 2037 quae-

320 2055 461 2116 dam
505 2076 650 2137 quae
693 2057 945 2139 quaerit,
977 2054 1274 2118 videlicet
1315 2074 1398 2117 an
1436 2072 1696 2116 necesse
1735 2054 1819 2115 sit

320 2172 646 2235 resurgere
691 2154 760 2216 in
803 2154 1063 2217 caritate
1105 2153 1332 2235 aequali
1381 2161 1491 2215 aut
1537 2153 1764 2233 majori
1799 2171 1812 2214 :

319 2252 408 2313 Ad
437 2254 632 2334 quod,
665 2254 778 2327 ait,
809 2252 1008 2335 aliqui
1039 2252 1264 2314 dicunt
1293 2252 1462 2334 quod
1492 2252 1646 2325 ime,
1666 2252 1818 2333 quia

321 2350 416 2429 (ut
441 2351 822 2433 opinantur)
850 2351 1016 2413 Deus
1055 2367 1183 2412 non
1215 2349 1610 2432 permitteret
1640 2350 1818 2412 cade-

322 2468 387 2511 re
419 2467 568 2512 suos
612 2449 876 2523 θΙθοῖοε,
908 2448 1032 2511 nisi
1069 2447 1316 2510 videret
1354 2449 1523 2530 quod
1566 2449 1686 2511 hoe
1723 2448 1816 2511 eis

323 2547 576 2611 deberet
624 2548 948 2630 prodesse.
1001 2547 1078 2609 Et
1123 2547 1384 2621 addunt,
1430 2548 1600 2629 quod
1648 2548 1816 2610 Deus

323 2645 552 2709 electos
593 2664 746 2709 suos
791 2646 858 2708 in
903 2645 1152 2708 meliori
1195 2652 1362 2707 statu
1399 2664 1512 2708 seu
1551 2645 1818 2727 disposi-

321 2743 489 2806 tione
518 2744 666 2807 vitae
707 2745 994 2826 ipsorum
1026 2745 1260 2827 accipit
1287 2744 1366 2806 de
1399 2744 1518 2806 hac
1556 2743 1720 2823 vita3
1752 2751 1817 2805 et

323 2841 490 2917 item,
541 2843 714 2926 quod
772 2860 937 2924 opus
995 2841 1234 2903 bonum
1291 2849 1734 2903 remuneratur
1777 2860 1816 2902 a

323 2940 444 3002 Deo
481 2947 796 3023 quantum
831 2940 1064 3002 meruit
1093 2939 1272 3001 radix
1303 2958 1380 3001 ex
1409 2956 1536 3021 qua
1566 2939 1706 3001 fuit.
1733 2974 1816 2985 —

1930 786 2028 841 est
2074 777 2425 841 formaliter
2470 778 2814 841 remittere.
2855 776 3233 841 Poenitentia
3270 791 3425 837 vero

1930 895 2008 938 ex
2037 882 2217 959 parte
2254 875 2354 937 sui
2384 884 2563 937 actus
2594 875 2785 937 babet
2812 874 2981 957 quod
3016 879 3276 957 peccata
3308 891 3426 955 per

1931 994 2072 1037 eam
2111 974 2544 1047 dimittuntur,
2576 973 2931 1036 secundum
2960 973 3130 1055 quod
3164 977 3424 1053 peccata

1929 1082 2076 1136 sunt
2103 1072 2365 1135 materia
2392 1072 2547 1153 ejus.
2562 1072 2764 1146 Quum
2792 1072 2961 1133 enim
2988 1078 3317 1153 peccatum
3345 1088 3423 1132 ex

1929 1172 2051 1233 boc
2097 1170 2337 1233 remitti
2378 1170 2627 1232 dicatur
2654 1170 2756 1233 vel
2800 1169 3083 1242 retineri,
3114 1169 3285 1251 quod
3316 1168 3423 1229 ba-

1929 1269 2038 1331 bet
2067 1268 2375 1330 rationem
2407 1267 2691 1341 offensas,
2726 1268 2789 1330 id
2821 1268 2989 1349 quod
3020 1266 3185 1329 tollit
3218 1265 3425 1329 offen-

1929 1386 2088 1441 sam,
2119 1366 2330 1428 aufert
2376 1373 2730 1447 peccatum.
2769 1366 3105 1447 Quumque
3150 1363 3420 1439 offensa,

1931 1464 1994 1527 in
2057 1471 2370 1546 quantum
2432 1462 2825 1543 hujusmodi,
2886 1462 2971 1525 sit
3028 1461 3424 1543 inaequalitas

1928 1562 2219 1643 quaedam
2254 1581 2379 1643 qua
2419 1580 2585 1624 unus
2614 1560 2795 1623 alteri
2826 1561 3100 1624 detrahit
3128 1561 3298 1643 quod
3326 1560 3423 1621 illi

1927 1660 2217 1733 debetur,
2250 1667 2395 1722 actu
2438 1659 2613 1721 illius
2650 1658 2907 1721 virtutis
2951 1666 3285 1740 peccatum
3329 1657 3423 1719 di-

1927 1758 2203 1820 mittitur
2232 1778 2375 1840 quae
2399 1757 2895 1840 inaequalitatem
2920 1757 3095 1819 illam
3117 1757 3197 1818 ad
3220 1774 3425 1838 aequa-

1843 1852 1891 1915 B
1928 1856 2171 1918 litatem
2204 1856 2468 1918 reducit.
2484 1854 2659 1928 Quod
2688 1854 2842 1917 facit
2871 1854 3423 1936 poenitentia‚quae

1927 1954 1994 2015 in
2033 1953 2687 2037 recompensationem
2728 1952 2961 2016 divinae
2996 1951 3261 2015 offensae
3290 1952 3421 2033 spi-

1927 2052 2120 2113 ritum
2154 2051 2651 2114 contribulatum
2682 2049 2875 2113 offert
2902 2051 3029 2113 Deo
3064 2066 3078 2111 :
3114 2049 3259 2112 ideo
3290 2067 3423 2131 poe-

1927 2150 2211 2213 nitentiae
2239 2150 2431 2213 etiam
2466 2168 2544 2212 ex
2574 2157 2751 2231 parte
2778 2148 2880 2210 sui
2910 2156 3087 2211 actus
3125 2148 3426 2210 convenit

1926 2256 2187 2330 peccata
2214 2247 2485 2311 auferre.
2522 2248 2599 2310 Et
2628 2248 2749 2309 hoc
2780 2264 2908 2309 non
2938 2254 3035 2309 est
3064 2246 3271 2310 solum
3302 2245 3425 2308 for-

1927 2348 2199 2421 maliter,
2216 2347 2328 2409 sed
2358 2346 2549 2408 etiam
2582 2344 2945 2408 efficienter
2971 2364 3086 2427 per
3114 2344 3425 2427 poeniten-

1923 2446 2079 2507 tiam
2121 2451 2385 2527 peccata
2424 2444 2682 2505 dimitti.

1989 2544 2443 2606 Verumtamen
2473 2542 2847 2624 poenitentia
2875 2559 3002 2603 non
3034 2559 3289 2623 semper
3313 2541 3427 2604 tol-

1925 2641 2000 2703 lit
2037 2648 2243 2703 totum
2284 2648 2527 2703 reatum
2569 2640 2833 2721 peccati.
2868 2639 2943 2701 Ut
2980 2639 3155 2700 enim
3196 2638 3422 2720 quinto

1923 2746 1988 2801 et
2023 2747 2247 2802 octavo
2288 2738 2655 2801 Ethicorum
2694 2737 2785 2799 ait
2820 2736 3259 2819 PhilosopbuS,
3290 2744 3421 2800 tam

1919 2838 2167 2918 justitia
2196 2856 2390 2919 quam
2430 2835 2712 2899 amicitia
2750 2836 2817 2897 in
2856 2835 3129 2917 quadam
3168 2835 3423 2917 aequali-

1924 2944 2050 2998 tate
2100 2935 2408 2997 consistit.
2444 2933 2561 3008 Qui
2602 2951 2753 3015 ergo
2794 2934 3075 3015 aliquem
3124 2933 3419 3009 offendit,

322 3038 436 3100 Sed
485 3039 648 3101 banc
697 3038 1071 3120 opinionem
1118 3038 1308 3100 credo
1366 3037 1613 3111 falsam,
1663 3034 1886 3119 quiaC
1924 3041 2148 3117 peccat
2207 3040 2425 3095 contra
2483 3032 2909 3115 aequalitatem
2973 3032 3294 3107 amicitiae,
3354 3032 3421 3095 in

322 3139 628 3220 contingit
667 3137 1028 3220 perfectum
1067 3137 1292 3199 cadere
1321 3136 1554 3212 virum,
1587 3137 1697 3219 qui
1729 3145 1816 3200 ta·

323 3255 464 3298 men
493 3236 868 3319 poenitendo
898 3253 1255 3316 resurgenS,
1277 3253 1405 3297 non
1435 3235 1648 3297 statim
1683 3255 1820 3317 per-

320 3334 520 3398 fectus
550 3342 668 3410 est,
703 3334 859 3417 quia
885 3351 1076 3397 nemo
1105 3342 1366 3416 repente
1395 3333 1470 3396 fit
1500 3352 1810 3397 summuS.

323 3435 474 3498 Item
523 3434 796 3496 minima
844 3432 1071 3495 caritas
1113 3439 1320 3515 potest
1367 3432 1578 3495 delere
1625 3450 1815 3495 omne

325 3541 654 3615 peccatum
702 3549 718 3594 ι
771 3549 900 3595 non
949 3548 1099 3613 ergo
1144 3538 1395 3614 oportet
1443 3531 1508 3592 in
1555 3531 1816 3594 caritate

325 3632 547 3714 ae-quali
587 3647 953 3712 resurgere3
985 3631 1094 3692 sed
1135 3637 1344 3712 potest
1377 3629 1719 3711 aliquando
1749 3629 1814 3691 in

325 3730 574 3793 minori.
597 3730 758 3792 ltem
789 3729 900 3812 qui
932 3729 998 3790 in
1032 3727 1258 3809 majori
1287 3727 1530 3790 exstitit
1556 3729 1815 3792 caritate

323 3835 464 3890 ante
493 3827 772 3901 ruinam,
801 3833 1010 3908 potest
1037 3825 1366 3888 remissius
1399 3825 1730 3908 poenitere‚
1754 3835 1818 3889 et

323 3926 408 3988 ita
443 3927 773 3989 caritatem
813 3923 1112 3987 sortietur
1157 3923 1490 3987 minorem.
1523 3925 1668 3987 Haec
1705 3925 1818 3988 Bo-

325 4033 688 4088 naventura.

399 4125 474 4186 At
513 4141 666 4186 vero
703 4121 977 4185 Thomas
1013 4139 1208 4202 super
1245 4121 1347 4182 his
1383 4120 1637 4202 plenius
1666 4120 1816 4182 scri-

1921 3143 2235 3218 quantum
2264 3133 2572 3196 affectum
2603 3134 2891 3197 debitum
2920 3152 3049 3196 non
3080 3132 3420 3214 impendit3

1923 3241 1987 3296 et
2015 3241 2231 3296 contra
2262 3233 2688 3316 aequalitatem
2715 3232 3083 3313 justitiae,in
3112 3240 3425 3314 quantum

1926 3351 2060 3394 rem
2089 3332 2272 3395 alteri
2304 3331 2581 3395 debitam
2616 3331 2949 3394 subtrabit.
2985 3330 3063 3392 Et
3091 3330 3257 3392 sicut
3286 3329 3422 3393 haec

1923 3431 2050 3492 duo
2081 3430 2146 3491 in
2188 3429 2435 3492 offensa
2472 3430 2854 3512 quandoque
2892 3428 2974 3490 ab
3013 3428 3289 3492 invicem
3330 3429 3423 3491 di-

1923 3528 2251 3602 viduntur,
2304 3528 2390 3590 ita
2436 3535 2501 3590 et
2546 3528 2612 3589 in
2666 3527 3257 3608 recompensatione
3314 3526 3426 3588 ali-

1923 3627 2179 3710 quando
2222 3633 2593 3709 separantur
2625 3643 2641 3687 :
2674 3633 2746 3687 ut
2781 3625 3035 3707 quando
3079 3642 3268 3706 poena
3310 3644 3425 3707 per

1923 3725 2294 3788 violentiam
2324 3722 2674 3786 offendenti
2718 3722 3009 3785 infertur.
3042 3723 3219 3785 Tunc
3247 3723 3421 3785 enim

1923 3823 2002 3885 fit
2045 3822 2551 3904 recompensatio
2598 3827 2911 3903 quantum
2958 3820 3036 3882 ad
3081 3821 3419 3900 justitiam,

1922 3941 2050 3984 non
2082 3928 2382 4004 quantum
2412 3920 2489 3982 ad
2520 3919 2882 3983 amicitiam.
2900 3918 3219 3993 Similiter,
3234 3939 3425 4001 quan-

1923 4020 2005 4082 do
2053 4018 2388 4081 offendens
2443 4017 2651 4099 placat
2696 4015 3021 4079 offensum
3069 4017 3305 4094 verbis,
3352 4037 3421 4081 re

1923 4117 2245 4180 subtracta
2282 4135 2409 4179 non
2454 4117 2762 4190 restituta,
2797 4114 2874 4177 fit
2917 4117 3421 4198 recompensatio

325 4219 478 4284 bens
521 4239 536 4283 :
581 4219 978 4293 Poenitentia,
1022 4219 1132 4292 ait,
1179 4226 1389 4300 potest
1429 4217 1813 4312 considerari
1845 4216 1895 4278 D
1921 4215 2242 4290 amicitiae,
2274 4225 2402 4278 non
2450 4213 2729 4295 justitiae.
2770 4213 3065 4276 Peccator
3111 4232 3261 4296 ergo
3306 4233 3422 4296 per

325 4327 392 4381 ut
425 4325 920 4392 sacramentum,
952 4324 1016 4380 et
1061 4325 1132 4379 ut
1169 4316 1391 4379 virtus.
1427 4316 1504 4378 Et
1545 4324 1814 4397 utroque
1920 4314 2223 4376 affectum
2254 4313 2559 4396 peccandi
2587 4312 2935 4374 amicitiam
2966 4313 3081 4375 Dei
3111 4312 3320 4385 violat,
3336 4321 3422 4376 at-

327 4420 510 4482 modo
557 4417 776 4499 aliquo
821 4417 1010 4478 modo
1052 4422 1427 4497 cooperatur
1457 4415 1551 4476 ‚ad
1599 4414 1818 4477 remis-

327 4517 566 4580 sionem
597 4522 1026 4599 peccatorum.
1052 4514 1210 4577 Nam
1243 4521 1314 4574 ut
1341 4521 1438 4575 est
1465 4532 1818 4576 sacramen-

327 4622 454 4678 tum
483 4613 870 4696 evangelicae
901 4612 1080 4694 legiS,
1100 4612 1300 4693 gratia
1328 4611 1514 4674 datur
1543 4611 1607 4673 in
1638 4631 1712 4674 ea
1737 4612 1818 4674 ad

329 4713 642 4777 defectum
704 4712 892 4774 illum
949 4710 1300 4772 sanandum
1353 4718 1572 4772 contra
1625 4728 1817 4792 quem

327 4820 420 4873 est
467 4811 779 4882 instituta,
830 4817 1052 4891 utpote
1097 4809 1177 4870 ad
1227 4807 1667 4870 dimissionem
1718 4826 1819 4869 ac·

329 4909 510 4972 tualis
551 4907 816 4990 peccati.
852 4907 1162 4989 Operatur
1198 4925 1453 4989 quoque
1490 4906 1567 4968 ad
1599 4907 1820 4968 remis-

329 5007 568 5070 sionem
617 5005 890 5088 peccati‚
941 5004 1008 5066 in
1055 5012 1365 5086 quantum
1413 5003 1637 5078 virtus,
1683 5023 1822 5086 spe-

331 5104 470 5167 ciali
521 5105 712 5167 modo
759 5122 892 5186 prae
932 5101 1280 5166 virtutibus
1329 5101 1558 5164 ceteris
1609 5119 1624 5164 :
1669 5103 1820 5185 quia

333 5203 680 5265 secundum
712 5219 972 5264 omnem
1010 5200 1316 5262 virtutem
1356 5198 1710 5275 formatam,
1743 5219 1820 5262 ex

334 5307 506 5380 parte
545 5298 802 5361 habitus
834 5295 1244 5359 dimittuntur
1274 5303 1552 5378 peccata,
1581 5296 1819 5360 ratione

1923 4432 2042 4495 que
2070 4431 2187 4494 per
2200 4410 2703 4475 inobedientiam
2732 4429 2843 4473 seu
2868 4411 3423 4493 transgressionem

1927 4511 2082 4592 legis
2131 4510 2366 4573 divinae
2413 4509 2721 4571 honorem
2771 4508 3058 4571 debitum
3108 4509 3425 4572 subtrahit

1925 4609 2072 4671 Deo.
2109 4607 2185 4668 Et
2213 4625 2292 4668 ex
2323 4605 2533 4687 primo
2560 4605 2797 4668 amittit
2824 4605 3090 4686 gratiam
3122 4614 3187 4668 et
3214 4607 3424 4669 incur-

1926 4707 2008 4767 rit
2047 4705 2405 4782 offensam3
2440 4712 2505 4766 θῖ
2547 4723 2623 4766 ex
2666 4704 2948 4766 secundo
2982 4713 3262 4768 meretur
3299 4725 3428 4788 poe·

1927 4823 2098 4877 nam,
2162 4809 2233 4864 ut
2287 4801 2457 4882 quod
2516 4799 2832 4862 subtraxit
2889 4819 3005 4883 per
3060 4801 3426 4866 inobedien-

1925 4903 2103 4976 tiam,
2138 4898 2545 4964 subtrahatur
2591 4897 2670 4960 ab
2716 4917 2793 4960 eo
2836 4918 2952 4981 per
2989 4918 3265 4983 poenam.
3298 4902 3427 4965 Hoc

1926 5017 2182 5082 quoque
2214 4997 2513 5060 meritum
2545 5013 2751 5077 poenae
2778 5005 3041 5060 vocatur
3072 5007 3301 5061 reatus.
3335 4999 3429 5062 Id-

1927 5117 2003 5161 eo
2033 5117 2149 5181 per
2186 5094 2629 5178 poenitentiam
2671 5113 2797 5176 qua
2835 5095 3027 5158 homo
3067 5115 3135 5158 se
3164 5097 3430 5177 subjicit

1927 5198 2077 5270 Deo,
2096 5200 2355 5277 peccata
2385 5192 2755 5254 detestando
2784 5211 2929 5254 cum
2962 5193 3426 5257 emendationis

1929 5293 2273 5379 proposito,
2326 5290 2674 5353 remittitur
2729 5299 3062 5373 peccatum
3114 5301 3423 5374 quantum
