4267 6250
1398 498 1478 544 DE
1519 495 1783 544 nmero
1824 495 2333 546 commanoms

3305 479 3423 546 193

303 662 586 744 ptizatus
619 684 772 748 ergo
809 668 1054 732 habens
1091 668 1358 749 gratiam
1397 675 1817 732 sacramenta·
1843 667 1897 730 A
1929 667 2183 732 Ordinis
2223 670 2581 752 deputatur.
2616 671 2763 733 Ideo
2802 669 2969 732 sicut
3002 669 3068 732 in
3096 668 3423 752 Baptismo

305 760 440 824 lem
469 783 616 846 quae
645 766 712 828 in
743 767 1072 850 Baptismo
1101 766 1450 842 confertur,
1482 767 1691 840 adhuc
1721 775 1820 830 est

307 859 378 920 in
419 863 704 941 potentia
748 865 826 928 ad
871 867 1140 947 gratiam
1183 885 1324 948 quae
1361 865 1428 928 in
1468 865 1816 929 Confirma-

303 957 484 1020 tione
531 959 824 1024 donatur.
868 963 1018 1037 Quae
1063 963 1282 1044 gratiae
1327 963 1640 1026 differunt
1679 983 1816 1046 spe-

307 1055 432 1128 cie,
481 1056 652 1120 sicut
696 1067 762 1121 et
809 1069 1223 1124 sacramenta.
1280 1061 1680 1124 Conveniunt
1725 1068 1816 1124 ta-

309 1171 459 1216 men
491 1155 560 1217 in
589 1156 732 1233 hoc,
759 1159 928 1241 quod
959 1160 1322 1241 subjectum
1353 1178 1540 1222 suum
1573 1160 1817 1222 faciunt

311 1251 444 1314 Deo
496 1263 861 1338 acceptum,
921 1265 986 1320 θῖ
1041 1275 1204 1340 opus
1257 1265 1533 1339 gratum,
1588 1265 1652 1321 et
1708 1277 1814 1321 ex·

313 1350 562 1431 peditas
619 1354 897 1418 reddunt
942 1355 1212 1418 virtutes
1264 1356 1341 1418 ad
1394 1357 1810 1438 operandum.

315 1447 639 1513 Differunt
691 1460 932 1528 autem,
993 1454 1145 1537 quia
1195 1454 1593 1518 diversorum
1654 1473 1817 1518 mor-

97 1565 286 1622 es.p.ua·.
315 1546 544 1610 borum
593 1557 747 1612 sunt
788 1552 1111 1626 curativae,
1145 1559 1217 1614 ut
1255 1571 1449 1635 supra
1485 1560 1813 1616 ostensum

315 1655 426 1709 est.
458 1648 578 1721 Qui
618 1657 834 1713 autem
874 1651 1143 1733 gratiam
1180 1659 1432 1734 gratum
1472 1650 1813 1716 facientem

315 1745 524 1820 habet,
542 1748 920 1831 recipiendo
947 1750 1214 1831 gratiam
1245 1760 1810 1828 sacramentorum,

1924 773 1990 829 et
2027 766 2282 841 Ordine,
2316 767 2409 830 sic
2452 767 2520 830 in
2561 766 3057 831 confirmatione
3100 767 3425 831 character

1924 864 2337 946 imprimitur.
2376 901 2457 910 —
2493 866 2798 930 Praeterea
2846 865 3157 929 differunt
3204 865 3419 928 chara-

1923 970 2127 1026 cteres
2173 963 2277 1026 isti
2320 964 2402 1026 ab
2446 964 2721 1027 invicem
2766 964 3207 1028 essentialiter.
3252 965 3425 1040 Quae·

1925 1060 2083 1122 libet
2117 1080 2396 1144 namque
2434 1063 2717 1143 potentia
2754 1081 2833 1124 ex
2873 1063 3132 1145 propria
3180 1063 3423 1127 ratione

1923 1158 2229 1242 importat
2255 1160 2543 1222 ordinem
2576 1161 2654 1224 ad
2684 1161 2957 1242 aliquid3
2982 1161 3219 1224 idcirco
3246 1179 3425 1244 opor·

1923 1264 2013 1320 tet
2041 1275 2299 1320 omnem
2332 1258 2679 1341 potentiam
2710 1277 2849 1321 esse
2880 1259 3419 1342 proportionatam

1921 1356 2090 1418 actui
2138 1357 2216 1419 ad
2264 1375 2456 1440 quem
2507 1357 2854 1421 ordinatur.
2906 1357 3063 1420 Nam
3122 1358 3421 1441 proprius

1920 1461 2101 1516 actus
2152 1472 2279 1518 non
2328 1453 2408 1516 fit
2453 1454 2579 1518 nisi
2630 1456 2696 1518 in
2748 1457 3007 1539 propria
3062 1456 3347 1539 potentia
3366 1459 3416 1531 *,
3458 1473 3717 1519 *auam-

1922 1553 2277 1616 secundum
2324 1553 2777 1637 Philosophum
2828 1555 3106 1617 secundo
3155 1554 3234 1617 de
3277 1553 3422 1616 Ani-
3444 1535 3558 1580 *ω’

1923 1669 2044 1712 ma.
2088 1651 2250 1714 Hinc
2292 1659 2541 1733 oportet
2586 1652 2893 1733 distingui
2943 1653 3257 1734 potentias
3306 1671 3424 1734 per

1923 1749 2365 1813 distinctiones
2408 1757 2665 1813 actuum
2705 1752 2783 1813 ad
2824 1769 2983 1833 quos
3021 1751 3418 1828 ordinantur,

315 1862 436 1906 non
478 1844 714 1928 recipit
749 1847 1286 1928 gratificationem
1329 1869 1460 1913 suae
1503 1867 1810 1932 personae,
1849 1845 1907 1908 B·
1925 1846 2060 1910 sive
2117 1847 2249 1910 sint
2305 1848 2603 1930 potentiae
2657 1849 2880 1912 activae
2938 1849 3075 1912 sive
3129 1849 3415 1932 passivae.

315 1959 428 2004 nec
455 1943 674 2024 operis
714 1946 838 2019 sui,
871 1945 1023 2028 quia
1060 1945 1194 2027 jam
1229 1954 1374 2010 ante
1405 1946 1630 2010 habuit
1659 1948 1812 2029 ista3

319 2041 420 2102 sed
465 2042 704 2125 recipit
744 2045 1014 2125 gratiam
1061 2048 1586 2110 sacramentalem
1630 2046 1814 2111 diffe-

319 2147 558 2203 rentem
622 2150 934 2225 quantum
994 2145 1071 2207 ad
1130 2145 1337 2208 morbi
1397 2146 1812 2209 curationem.

319 2236 472 2300 Hinc
499 2239 582 2300 ad
626 2241 983 2304 secundum
1013 2241 1377 2318 dicendum,
1411 2243 1580 2325 quod
1617 2245 1818 2325 gratia

320 2356 452 2418 quae
497 2338 566 2400 in
613 2338 1115 2405 confirmatione
1157 2349 1514 2425 praestatur,
1547 2350 1643 2406 est
1683 2361 1820 2424 gra-

318 2443 448 2498 tum
491 2435 818 2512 efficiens,
859 2457 1060 2522 quum
1109 2441 1296 2503 detur
1336 2447 1554 2504 contra
1600 2459 1820 2524 pecca-

321 2541 474 2608 tum,
507 2543 574 2598 et
603 2535 939 2600 ordinetur
967 2538 1206 2601 directe
1235 2539 1315 2602 ad
1344 2539 1639 2603 salutem.
1671 2540 1818 2605 Gra-

321 2633 402 2696 tia
439 2651 702 2716 quoque
733 2633 1252 2700 confirmationis
1289 2637 1509 2700 differt
1545 2656 1583 2700 a
1617 2639 1820 2721 gratia

321 2729 648 2814 Baptismi‚
699 2741 766 2796 et
819 2753 1218 2818 unaquaeque
1275 2735 1568 2819 proprios
1629 2737 1820 2801 habet

320 2837 509 2893 actus.
547 2832 728 2895 Unde
757 2833 879 2894 etsi
911 2835 1294 2898 conveniant
1319 2853 1554 2916 genere
1594 2837 1658 2899 in
1699 2837 1818 2901 hoc

322 2929 484 3008 quod
525 2937 630 2992 est
663 2930 1050 3010 gratificare,
1085 2933 1300 3014 specie
1339 2939 1556 2997 tamen
1598 2933 1820 2996 distin-

1924 1946 2260 2027 Quumque
2317 1946 2645 2008 character
2700 1945 2784 2008 sit
2836 1947 3186 2029 spiritualis
3246 1954 3420 2030 pote-

1924 2051 2073 2118 stas,
2096 2051 2161 2106 et
2190 2044 2516 2107 character
2545 2044 3063 2108 confirmationis
3091 2043 3425 2110 ordinetur

1923 2142 1999 2204 ad
2039 2142 2199 2205 alios
2237 2149 2416 2206 actus
2456 2160 2647 2224 quam
2689 2142 2796 2204 alii
2836 2143 2964 2206 duo
3002 2144 3419 2218 characteres,

1925 2247 2098 2322 patet
2134 2242 2305 2323 quod
2344 2241 2685 2304 distinctus
2734 2240 2817 2304 sit
2852 2241 2934 2304 ab
2974 2241 3123 2304 illis.
3156 2277 3237 2288 —
3262 2243 3424 2306 Prae-

1926 2339 2231 2422 supponit
2276 2346 2487 2404 autem
2539 2340 2864 2403 character
2908 2340 3425 2404 confirmationis

1927 2436 2355 2501 characterem
2402 2438 2729 2521 Baptismi.
2777 2438 2948 2501 Nihil
2997 2439 3169 2501 enim
3219 2445 3428 2521 potest

1927 2536 2308 2619 participare
2337 2537 2655 2600 actionem
2686 2543 2797 2599 aut
2826 2537 3279 2619 proprietatem
3314 2536 3429 2600 ali·

1927 2634 2114 2716 cujus
2157 2643 2419 2710 naturae,
2461 2635 2587 2698 nisi
2637 2635 2817 2718 prius
2865 2635 3170 2698 subsistat
3208 2635 3274 2697 in
3318 2635 3428 2698 illa

1926 2740 2169 2796 natura.
2186 2733 2521 2816 Quumque
2551 2752 2666 2816 per
2694 2733 3091 2816 Baptismum
3124 2741 3429 2816 tanquam

1927 2851 2042 2916 per
2081 2833 2481 2915 spiritualem
2523 2832 3070 2913 regenerationem
3102 2832 3295 2896 homo
3323 2851 3426 2895 ac-

1927 2931 2138 3013 quirat
2168 2930 2641 2994 subsistentiam
2674 2930 2737 2993 in
2768 2930 2899 2993 vita
2926 2930 3241 3014 spirituali
3271 2931 3432 2993 chri-

324 3035 601 3107 guuntur
663 3028 732 3090 in
795 3027 1168 3110 hujusmodi
1233 3039 1400 3106 actu,
1461 3033 1816 3096 secundum
1848 3036 1892 3101 G
1928 3030 2148 3093 stianae
2172 3029 2513 3111 religionis,
2529 3046 2657 3091 non
2689 3035 2897 3112 potest
2918 3047 3045 3093 non
3076 3028 3430 3112 baptizatus

323 3128 486 3208 quod
529 3146 701 3190 unus
750 3127 816 3190 in
866 3128 1162 3210 pluribus
1205 3136 1301 3193 est
1345 3130 1472 3194 Deo
1519 3138 1818 3214 acceptus

324 3242 504 3305 quam
553 3225 739 3300 alter,
781 3232 847 3287 et
885 3226 1012 3288 alio
1057 3227 1263 3291 modo.
1305 3228 1449 3292 Haec
1495 3229 1812 3293 Albertus.

394 3322 638 3396 Quibus
697 3324 1041 3387 concordat
1096 3324 1385 3388 Thomas.
1447 3327 1688 3392 idcirco
1747 3336 1818 3390 ut

327 3420 450 3483 haec
475 3420 716 3484 clarius
745 3420 1203 3503 intelligantur,
1235 3423 1404 3486 dicta
1434 3424 1635 3507 ipsius
1663 3427 1821 3490 Tho-

327 3536 438 3582 mae
481 3519 586 3583 his
631 3527 1058 3583 annectentur
1093 3539 1234 3603 quae
1275 3522 1354 3585 ad
1397 3524 1811 3605 quaestionem

331 3616 400 3679 de
447 3618 872 3700 impressione
919 3618 1302 3683 characteris
1351 3620 1415 3682 in
1471 3620 1818 3684 confirma-

329 3714 490 3777 tione
526 3717 890 3799 respondet.
926 3717 1262 3781 character
1297 3726 1393 3781 est
1431 3718 1686 3800 signum
1724 3720 1816 3782 di-

331 3812 715 3888 stinctivum,
748 3832 878 3897 quo
918 3814 1061 3897 quis
1103 3814 1185 3878 ab
1221 3816 1368 3878 aliis
1406 3816 1820 3899 distinguitur

330 3910 399 3971 ad
444 3911 778 3993 spirituale
819 3912 1062 3995 aliquid
1105 3912 1464 3996 deputatus.
1498 3915 1591 3978 Ad
1634 3915 1820 3999 spiri-

333 4008 488 4072 tuale
517 4028 672 4073 vero
711 4018 920 4093 potest
951 4011 1096 4094 quis
1135 4011 1476 4095 tripliciter
1505 4013 1815 4096 deputari.

331 4107 550 4183 Primo,
583 4116 656 4171 ut
695 4108 764 4170 in
803 4126 872 4172 se
909 4108 1268 4191 spiritualia
1308 4112 1648 4195 participet
1684 4112 1820 4177 sive

1926 3128 2171 3209 aliquid
2220 3146 2442 3192 eorum
2492 3147 2635 3211 quae
2683 3128 2760 3191 ad
2809 3128 2974 3191 hanc
3022 3128 3425 3212 spiritualem

1927 3226 2252 3309 pertinent
2320 3226 2516 3289 vitam
2576 3226 2957 3309 participare
3018 3246 3032 3291 :
3094 3244 3245 3309 ergo
3310 3246 3430 3291 nec

1930 3324 2447 3388 confirmationis
2482 3324 2932 3387 characterem.
2968 3326 3045 3387 Et
3082 3325 3245 3389 hanc
3282 3326 3427 3389 rati-

1927 3441 2116 3488 onem
2165 3423 2443 3505 assignat
2487 3423 2552 3486 B.
2598 3422 2935 3505 Dionysius
2986 3424 3269 3488 secundo
3312 3425 3425 3488 Ec-

1928 3520 2298 3584 clesiasticae
2327 3520 2698 3583 hierarchiae
2728 3521 3029 3603 capitulo,
3050 3522 3269 3586 dicens
3289 3543 3305 3587 ε
3328 3523 3429 3586 Ni-

1925 3620 2018 3683 hil
2057 3620 2365 3683 divinitus
2394 3619 2739 3682 traditum*
2768 3620 3017 3701 operari
3048 3628 3257 3703 potest
3296 3639 3424 3685 non
3480 3647 3499 3667 ·
3524 3647 3706 3693 tradito-

1927 3724 2333 3799 regeneratus
2373 3736 2488 3801 per
2523 3718 2941 3799 Baptismum.
2977 3718 3154 3792 Quod
3196 3718 3425 3782 intelli·
3448 3722 3547 3753 Μ·

1926 3818 2208 3899 gendum
2250 3824 2347 3879 est
2390 3816 2496 3892 ita,
2545 3816 2714 3898 quod
2764 3815 2891 3879 sibi
2941 3815 3061 3880 hoc
3106 3824 3427 3900 competat

1929 3934 2006 3979 ex
2037 3914 2257 3978 officio
2292 3934 2305 3979 :
2338 3914 2575 3995 alioqui
2607 3912 2800 3976 etiam
2836 3914 3023 3977 multi
3058 3932 3186 3979 non
3226 3914 3427 3998 bapti-

1929 4014 2048 4076 zati
2080 4012 2233 4075 facti
2274 4020 2424 4075 sunt
2454 4020 2760 4095 martyres
2799 4012 3083 4094 gloriosi,
3116 4020 3181 4076 et
3210 4021 3427 4077 sancte

1930 4113 2229 4176 vixerunt
2268 4110 2405 4174 solo
2446 4111 2762 4175 desiderio
2805 4111 3124 4194 baptizati.

333 4206 586 4289 recipiat
626 4224 641 4270 ε
687 4207 858 4289 quod
907 4206 986 4270 fit
1025 4207 1092 4270 in
1133 4209 1482 4291 Baptismo,
1516 4212 1820 4293 quoniam
1851 4214 1900 4276 D
2010 4213 2278 4293 Insuper
2321 4210 2524 4292 gratia
2567 4218 2817 4293 gratum
2865 4210 3107 4275 faciens
3156 4211 3223 4275 in
3272 4211 3433 4276 con-

333 4303 676 4387 baptizatus
707 4312 916 4388 potest
943 4324 1084 4370 esse
1112 4307 1431 4391 particeps
1462 4309 1672 4372 omnis
1702 4311 1826 4393 spi·

335 4404 564 4468 ritualis
595 4405 1002 4487 receptionis.
1026 4405 1340 4481 Secundo,
1366 4414 1437 4469 ut
1465 4407 1824 4490 spiritualia

337 4501 396 4564 in
429 4503 704 4567 aliorum
741 4502 1170 4584 cognitionem
1211 4506 1518 4587 perducat
1548 4524 1664 4589 per
1697 4506 1822 4569 for-

337 4606 453 4663 tem
482 4602 718 4665 christi
754 4600 1221 4666 confessionem
1257 4619 1272 4666 ε
1306 4604 1384 4667 ad
1418 4606 1590 4687 quod
1628 4605 1824 4689 depu-

339 4706 494 4761 tatur
518 4700 714 4763 homo
743 4699 810 4762 in
841 4699 1352 4766 confirmatione.
1368 4703 1625 4787 Propter
1654 4706 1826 4787 quod

339 4804 612 4881 tempore
659 4799 1126 4882 persecutionis
1181 4801 1380 4883 aliqui
1427 4802 1827 4884 eligebantur

343 4896 412 4957 ad
455 4897 841 4960 manendum
901 4897 968 4960 in
1027 4898 1166 4962 loco
1213 4902 1696 4982 persecutionis,
1747 4903 1827 4965 ad

345 4994 768 5058 confitendum
812 4996 1074 5079 publice
1114 5015 1348 5061 nomen
1387 4999 1642 5075 christi,
1684 5000 1827 5064 aliis

347 5095 576 5157 occulte
622 5095 1057 5172 credentibus,
1097 5104 1170 5159 ut
1210 5105 1384 5180 patet
1427 5098 1494 5162 in
1538 5099 1830 5181 Legenda

349 5189 402 5253 S.
447 5192 816 5257 Sebastiani.
867 5194 1100 5271 Tertio,
1149 5203 1222 5257 ut
1277 5196 1634 5279 spiritualia
1686 5198 1829 5262 aliis

351 5292 536 5354 tradat
574 5309 591 5355 t
630 5292 708 5355 ad
748 5293 920 5376 quod
963 5292 1156 5358 homo
1199 5312 1316 5377 per
1359 5304 1827 5360 sacramentum

575 5426 642 5479 Τ.
677 5427 760 5481 24.

1929 4310 2295 4374 firmatione
2328 4310 2615 4373 donatur.
2650 4310 2720 4372 In
2751 4308 3040 4393 quolibet
3072 4311 3311 4375 etenim
3340 4329 3432 4374 sa·

1931 4414 2258 4472 eramento
2306 4416 2403 4471 est
2448 4407 2873 4472 sanctificatio
2918 4409 3150 4492 aliqua.
3192 4410 3429 4475 Verum

1933 4508 2222 4590 quaedam
2268 4506 2693 4570 sanctificatio
2735 4507 2882 4570 talis
2930 4509 3291 4573 communis
3334 4514 3432 4573 est

1932 4605 2235 4670 omnibus
2264 4606 2699 4682 sacramentiS,
2724 4614 2795 4668 ut
2822 4608 3189 4671 emundatio
3218 4628 3255 4671 a
3287 4628 3429 4691 pec-

1935 4712 2073 4768 cato
2131 4705 2551 4787 reliquiisque
2609 4707 2873 4788 peccati.
2931 4706 3226 4780 Quaedam
3285 4722 3432 4770 vero

1934 4804 2355 4867 sanctificatio
2384 4804 2529 4867 talis
2563 4804 2859 4887 specialis
2894 4811 2992 4867 est
3020 4805 3431 4868 sacramentis

1937 4903 2367 4966 characterem
2411 4901 2953 4985 imprimentibus,
2996 4910 3067 4965 ut
3106 4904 3433 4986 deputatio

1935 5002 2014 5063 ad
2062 5000 2303 5082 aliquid
2354 5018 2624 5063 sacrum.
2673 5000 2947 5082 Utraque
2995 5018 3249 5083 quoque
3297 5020 3435 5064 san·

1937 5098 2247 5162 ctificatio
2273 5099 2539 5180 gratiam
2571 5105 2821 5180 gratum
2854 5096 3193 5162 facientem
3226 5099 3436 5181 requi-

1938 5198 2039 5260 rit.
2074 5197 2252 5270 Quod
2282 5196 2455 5260 enim
2486 5196 2725 5259 directe
2756 5197 3177 5260 contrariatur
3216 5215 3435 5279 pecca-

1936 5303 2024 5373 to,
2065 5301 2164 5358 est
2201 5295 2435 5377 gratia3
2477 5294 2791 5357 contraria
2838 5301 3051 5359 autem
3101 5294 3433 5359 contrariis

3120 5430 3181 5481 13
