4267 6250
59 2051 180 2096 llCor
204 2059 300 2102 ιδ.

751 493 838 540 ΑΝ
878 492 1246 542 mmmmm
1285 493 1536 541 Possmr
1575 494 1778 542 aum
1818 495 1894 540 m·
1932 495 2074 542 Pul
2113 495 2251 552 011AE
2290 495 2453 544 ANTE
2494 495 3031 545 communioni!

3322 479 3443 545 329

335 663 780 728 irrationabile
828 672 1146 748 reputare,
1180 673 1252 728 ut
1297 683 1560 748 corpore
1609 665 1842 730 Christi
1869 668 1921 732 A
1951 686 2157 742 suam,
2181 667 2304 730 nisi
2334 667 2570 731 virtute
2598 667 2821 734 formae
2849 668 3447 735 substantialis.Cir-'·

336 781 468 826 non
511 771 837 846 corrupto,
870 765 982 827 sed
1027 764 1356 827 desinente
1399 783 1539 828 esse
1578 763 1840 840 ibidem,

335 861 699 924 substantia
727 861 837 925 illa
866 882 1009 945 quae
1044 863 1222 945 prius
1261 861 1654 926 sustentabat
1680 863 1842 926 acci-

333 960 554 1023 dentia
604 960 735 1034 illa,
787 968 1140 1024 revertatur
1179 979 1194 1023 :
1237 981 1436 1044 quum
1491 961 1844 1024 accidentia

335 1059 450 1121 illa
489 1077 618 1122 non
665 1058 796 1122 sint
837 1058 921 1122 ob
965 1058 1136 1121 aliud
1187 1059 1326 1122 sine
1371 1059 1683 1141 subjecto,
1719 1060 1843 1122 nisi

333 1155 418 1219 ob
481 1157 858 1238 dignitatem
925 1157 1477 1239 reverentiamque
1538 1159 1840 1232 contenti,

335 1263 559 1337 utpote
609 1255 1030 1318 sacramenti?
1061 1256 1237 1330 Quod
1286 1256 1339 1318 si
1391 1263 1729 1338 quaeratur,
1761 1275 1840 1318 an

333 1351 447 1415 illa
493 1352 778 1417 reversio
826 1354 910 1417 sit
954 1353 1300 1436 generatio,
1340 1353 1596 1429 creatin,
1638 1353 1840 1417 aliave

335 1452 644 1530 mutati03
677 1451 804 1514 dici
854 1459 1083 1535 potest,
1117 1452 1288 1535 quod
1336 1452 1502 1515 sicut
1545 1451 1654 1515 illa
1696 1470 1842 1516 con-

331 1551 547 1612 versio
596 1558 695 1612 est
741 1550 1082 1631 singularis
1130 1550 1418 1624 mutatio,
1471 1549 1558 1612 ita
1610 1557 1675 1612 et
1721 1550 1841 1613 ista

333 1646 639 1710 reversio.
675 1648 993 1730 Quidquid
1037 1655 1252 1712 autem
1296 1649 1525 1712 horum
1568 1649 1836 1722 dicatur,

329 1745 688 1809 dummodo
719 1763 844 1809 non
887 1747 1300 1828 pertinaciter
1329 1754 1668 1822 asseratur,
1700 1747 1840 1809 nul-

1951 783 2025 828 ca
2053 765 2189 828 haec
2216 766 2517 846 grandem
2546 766 2699 830 facit
2726 767 3205 848 inquisitionem
3238 776 3301 831 et
3326 768 3452 830 dis-

1952 864 2370 946 putationem,
2396 866 2557 949 *quid
2602 865 2691 928 ibi
2741 865 3133 947 intelligatur
3174 885 3289 949 per
3326 866 3453 929 vir-

1951 969 2177 1036 tutem,
2212 969 2275 1025 et
2322 963 2388 1025 in
2436 981 2565 1045 quo
2613 963 2699 1025 sit
2744 963 3000 1026 realiter
3047 963 3250 1026 virtus
3298 963 3449 1045 illa3

1952 1079 2155 1142 quum
2194 1067 2408 1123 tamen
2448 1061 2583 1125 haec
2622 1061 2807 1144 plana
2846 1070 2910 1125 et
2950 1069 3121 1125 certa
3150 1062 3299 1137 sint,
3332 1081 3451 1126 nec

1951 1160 2217 1240 dignum
2276 1159 2361 1222 sit
2416 1159 2651 1223 talibus
2711 1161 3061 1236 immorari,
3100 1161 3453 1244 praesertim

1951 1277 2152 1340 quum
2196 1257 2405 1320 omnis
2450 1258 2721 1321 effectus
2762 1267 2906 1340 agat
2946 1260 3220 1342 quodam
3265 1261 3455 1324 modo

1951 1355 2018 1418 in
2067 1357 2303 1418 virtute
2349 1356 2623 1439 propriae
2676 1375 2903 1432 causae,
2957 1357 3022 1420 id
3073 1365 3169 1421 est
3215 1357 3451 1421 virtute

1951 1472 2064 1517 seu
2097 1460 2405 1535 potestate
2443 1473 2636 1538 quam
2674 1454 2866 1517 habet
2895 1474 2932 1518 a
2961 1475 3076 1519 sua
3104 1475 3314 1531 causa,
3348 1457 3449 1520 vel

1949 1552 2185 1615 virtute
2233 1572 2375 1636 quae
2416 1561 2513 1616 est
2562 1554 2626 1616 in
2674 1572 2863 1616 causa
2906 1574 3023 1616 sua
3070 1555 3345 1628 realiter,
3387 1563 3451 1618 et

1950 1653 2016 1713 in
2063 1652 2205 1734 ipso
2249 1651 2757 1727 influentialiter,
2792 1672 2907 1715 seu
2951 1672 3066 1735 per
3108 1655 3448 1735 quamdam

1951 1749 2438 1832 impressionem
2471 1757 2580 1813 aut
2610 1750 3160 1833 participationem
3188 1769 3202 1815 :
3226 1772 3449 1835 quem·

333 1843 470 1905 lum
502 1844 798 1907 consistit
826 1844 1204 1927 periculum.
1231 1844 1450 1908 Solum
1481 1845 1600 1908 hoc
1629 1845 1840 1909 obser·
1866 1852 1913 1913 B
1949 1849 2292 1912 admodum
2338 1868 2509 1913 serra
2551 1848 2787 1911 virtute
2834 1849 2987 1912 artis
3035 1849 3303 1913 artificis
3346 1868 3447 1914 co-

329 1950 542 2016 retum
597 1951 669 2005 ut
723 1942 1090 2024 capacitatis
1139 1951 1370 2007 nostrae
1419 1943 1839 2025 intelligentia

333 2040 399 2102 in
443 2041 682 2104 Christi
723 2040 1106 2123 obsequium
1148 2041 1424 2104 totaliter
1459 2042 1831 2124 captivetur.

329 2139 474 2202 Haec
515 2139 982 2202 Bonaventura.
1564 2165 1579 2178 ·

409 2239 530 2312 Qui
575 2236 746 2301 infra
789 2238 1038 2320 quaerit,
1072 2246 1286 2301 utrum
1328 2238 1680 2302 accidentia
1727 2239 1837 2302 illa

1949 1953 2249 2031 operatur
2306 1947 2382 2010 ad
2443 1947 2663 2012 formae
2721 1946 3076 2011 artificialis
3136 1948 3446 2012 inductio-

1947 2066 2118 2120 nem,
2157 2054 2347 2128 atque
2396 2046 2655 2128 propria
2703 2046 2939 2110 virtute
2986 2066 3100 2110 seu
3149 2046 3445 2111 acumine

1947 2153 2165 2209 causat
2195 2144 2350 2227 ligni
2382 2144 2785 2208 secationem.
2806 2181 2888 2191 —
2914 2145 3201 2228 Insuper,
3227 2154 3445 2209 contra

1944 2245 2114 2306 dicta
2160 2245 2225 2306 B.
2279 2244 2535 2306 Thomae
2581 2244 2925 2324 arguendo,
2974 2244 3242 2306 assumit
3289 2245 3381 2307 sic
3423 2262 3438 2308 :

325 2337 609 2401 habeant
647 2336 1002 2419 potentiam
1043 2337 1452 2400 convertendi
1482 2337 1608 2400 alia
1645 2338 1710 2400 in
1745 2357 1836 2400 sa-
1933 2342 2114 2406 »Nihil
2146 2349 2243 2405 est
2272 2343 2337 2405 in
2368 2342 2695 2406 accidente
2734 2341 3015 2405 nobilius
3044 2360 3139 2406 eo.
3173 2344 3302 2407 Hoc
3331 2343 3442 2406 fal-

324 2443 757 2510 eramentum,
793 2443 1012 2518 utpote
1050 2435 1103 2498 si
1135 2435 1285 2500 vino
1324 2444 1692 2500 consecrato
1730 2457 1836 2519 ap-

323 2542 602 2617 ponatur
647 2553 832 2616 aqua.
885 2533 1152 2596 Videtur
1197 2534 1368 2616 quod
1418 2534 1531 2608 sic,
1583 2535 1733 2616 quia
1779 2536 1834 2598 si

321 2651 504 2714 aquae
537 2632 894 2696 benedictae
923 2633 1191 2695 addatur
1219 2651 1384 2715 aqua
1421 2651 1549 2696 non
1579 2633 1834 2697 benedi-

321 2739 660 2804 cta,totum
689 2737 788 2794 est
815 2750 977 2814 aqua
1005 2730 1352 2794 benedicta.
1371 2731 1437 2793 In
1467 2732 1831 2814 oppositum

321 2839 442 2904 est,
494 2831 649 2913 quia
704 2830 870 2892 nihil
931 2830 1323 2893 convertitur
1365 2831 1432 2892 in
1480 2849 1834 2894 sacramen-

322 2937 462 2990 tum
508 2928 638 2990 nisi
687 2947 804 3010 per
853 2929 1647 3004 transsubstantiationem,
1690 2949 1832 3012 quae

1943 2459 2083 2503 sum
2115 2440 2379 2514 videtur,
2396 2453 2591 2523 quum
2619 2441 2847 2503 caritas
2876 2447 2940 2503 et
2967 2441 3129 2504 actio
3152 2441 3287 2522 ejus
3316 2442 3445 2505 sint

1944 2539 2010 2601 in
2045 2539 2392 2613 voluntate,
2426 2538 2753 2602 beatitudo
2794 2556 3051 2622 quoque
3090 2540 3157 2601 in
3197 2540 3441 2605 intelle-

1943 2646 2048 2700 ctu
2080 2645 2191 2700 aut
2224 2637 2583 2714 voluntate3
2617 2646 2679 2700 et
2719 2646 2933 2701 tamen
2974 2639 3443 2720 praestantiores

1943 2745 2090 2800 sunt
2121 2735 2517 2799 naturalibus
2549 2737 2677 2799 illis
2717 2736 3041 2818 potentiis,
3075 2745 3140 2800 et
3173 2757 3443 2803 summae

1943 2834 2367 2917 perfectiones
2410 2853 2628 2898 earum
2676 2834 2992 2898 formales.
3027 2871 3105 2882 -
3150 2836 3443 2900 Secundo

1939 2934 2209 2996 assumit
2238 2935 2330 2996 sic
2364 2951 2379 2995 :
2412 2934 2585 3008 Quod
2618 2951 2744 2996 non
2786 2941 2903 3007 est,
2936 2951 3063 2997 non
3103 2943 3201 2996 est
3228 2953 3435 2998 causa.

321 3026 402 3089 fit
440 3027 1003 3090 sacramentalium
1036 3028 1270 3091 virtute
1304 3027 1670 3102 verborum,
1704 3046 1829 3090 non
1863 3026 1905 3090 C
1940 3032 2068 3095 Hoc
2117 3050 2373 3115 quoque
2420 3033 2787 3096 instantiam
2838 3032 3096 3114 patitur,
3139 3034 3441 3115 quoniam

321 3127 384 3189 vi
418 3125 1259 3208 specierum—Dicendum
1289 3128 1366 3189 ad
1395 3128 1828 3210 quaestionem,

319 3226 496 3307 quod
528 3244 676 3288 non.
711 3224 841 3288 Nec
870 3231 967 3287 est
1003 3224 1213 3288 simile
1252 3226 1330 3288 de
1369 3246 1533 3308 aqua
1571 3226 1829 3290 benedi-

319 3331 450 3397 eta,
508 3323 816 3406 quoniam
877 3321 1236 3386 benedictio
1292 3342 1472 3405 aquae
1528 3342 1654 3387 non
1715 3344 1829 3407 po-

321 3424 420 3485 nit
464 3421 591 3484 nisi
631 3420 930 3484 accidens
970 3420 1227 3504 aliquod
1273 3430 1337 3484 et
1374 3423 1827 3505 proprietatem

319 3521 672 3604 quamdam
703 3518 1247 3583 sanctificationis.
1267 3521 1409 3584 Haec
1439 3530 1652 3584 autem
1683 3539 1829 3585 con-

317 3620 596 3683 secratio
626 3619 808 3701 ponit
837 3618 1318 3682 conversionem
1348 3620 1414 3681 in
1446 3638 1658 3683 veram
1688 3620 1830 3683 sub-

318 3718 646 3791 stantiam,
700 3717 1288 3799 continentiamque
1345 3718 1636 3799 ejusdem
1695 3738 1826 3783 rea-

320 3816 474 3889 lem,
507 3834 652 3897 quae
690 3822 789 3877 est
830 3834 867 3877 a
905 3814 1040 3877 sola
1079 3814 1355 3878 increata
1396 3816 1648 3879 virtute.
1682 3817 1826 3881 Haec

319 3915 518 3977 idem.

401 4011 494 4073 Ex
543 4010 959 4093 praeinductis
1005 4009 1138 4090 jam
1186 4011 1502 4074 declarata
1548 4019 1645 4075 est
1692 4014 1826 4077 haec

317 4114 744 4173 sacrosanctae
771 4107 926 4171 fidei
958 4108 1206 4183 veritas,
1220 4118 1528 4191 quantum
1560 4112 1824 4174 humani

1939 3131 2092 3194 finis
2116 3131 2502 3195 obtinendus
2528 3132 2811 3195 nondum
2844 3131 3199 3195 consistens
3224 3133 3347 3196 nisi
3375 3134 3443 3196 in

1939 3228 2446 3311 apprehensione
2494 3229 2759 3311 agentis,
2800 3238 2897 3292 est
2945 3248 3155 3304 causa,
3201 3230 3331 3294 imo
3380 3238 3443 3294 et

1940 3347 2131 3391 causa
2178 3346 2513 3389 causarum
2552 3336 2836 3403 vocatur,
2880 3328 3182 3411 quoniam
3228 3338 3441 3393 movet

1939 3446 2196 3489 causam
2228 3424 2640 3501 efficientem,
2662 3446 2802 3509 quae
2831 3436 3043 3490 movet
3074 3428 3435 3491 materiam:

1940 3544 2065 3608 qua
2105 3532 2297 3600 mota,
2332 3523 2657 3587 inducitur
2698 3524 2924 3601 forma,
2958 3525 3181 3608 sicque
3223 3528 3438 3609 acqui-

1939 3623 2101 3685 ritur
2148 3622 2321 3685 finis.
2366 3658 2444 3667 --
2481 3622 2691 3685 Tertio
2740 3624 2830 3685 sic
2880 3624 3149 3687 assumit
3201 3642 3215 3686 :
3266 3625 3437 3688 Nihil

1937 3730 2033 3785 est
2073 3740 2264 3785 causa
2304 3720 2807 3783 instrumentalis
2846 3730 3138 3804 respectu
3178 3723 3319 3804 ejus
3358 3725 3435 3787 ad

1936 3820 2105 3902 quod
2138 3818 2617 3901 producendum
2655 3816 2900 3880 sufficit
2927 3820 3061 3883 sola
3090 3840 3205 3883 sua
3234 3822 3437 3885 virtus

1935 3918 2160 3981 activa.
2222 3917 2351 3980 Hoc
2412 3915 2809 3999 reprobatur,
2865 3917 3166 3999 quoniam
3225 3920 3435 3983 omnis

1936 4036 2127 4079 causa
2169 4023 2398 4090 creata,
2431 4023 2527 4078 est
2570 4015 3070 4078 instrumentalis
3115 4036 3305 4080 causa
3345 4038 3437 4082 re-

1935 4123 2160 4198 spectu
2222 4114 2323 4177 sui
2387 4112 2658 4177 effectus
2722 4132 2837 4196 per
2893 4115 3432 4196 comparationem

319 4206 565 4290 ingenii
625 4205 1064 4270 imbecillitate
1119 4206 1265 4270 fieri
1325 4216 1550 4291 potest.
1612 4210 1825 4275 Nihilo
1855 4212 1904 4273 D
1934 4214 2074 4294 ejus
2105 4213 2183 4275 ad
2216 4212 2488 4294 primam
2523 4230 2795 4275 causam.
2814 4213 3265 4276 Verumtamen
3296 4232 3436 4277 cau·

321 4308 538 4371 minus
577 4306 842 4389 quidam
883 4307 1052 4369 circa
1090 4306 1223 4371 haec
1267 4314 1356 4370 tot
1390 4307 1544 4371 facit
1582 4308 1825 4373 involu-

317 4407 548 4481 tioneS,
585 4412 659 4467 ut
685 4404 740 4467 si
773 4404 1008 4488 scripta
1037 4405 1178 4486 ejus
1219 4407 1652 4487 produxerim,
1685 4426 1826 4490 pro-

317 4504 528 4568 fectus
587 4504 858 4585 legentis
914 4504 1335 4587 impediretur
1383 4506 1582 4588 magis
1633 4526 1822 4589 quam

315 4609 656 4666 cresceret.
691 4601 934 4664 Recitat
961 4602 1131 4665 circa
1169 4604 1304 4668 haec
1335 4603 1545 4687 primo
1577 4605 1822 4686 opinio·

315 4720 466 4765 nem
497 4702 706 4764 sancti
737 4700 1041 4777 Doctoris,
1074 4711 1140 4766 et
1170 4703 1380 4785 primo
1414 4703 1567 4766 facit
1596 4706 1821 4767 scruti-

316 4802 500 4864 nium
531 4802 706 4863 circa
736 4799 854 4863 hoc
884 4802 1055 4883 quod
1085 4802 1351 4865 Sanctus
1383 4802 1492 4865 ille
1521 4802 1820 4877 affirmat,

317 4898 558 4963 formas
617 4897 1070 4962 substantiales
1127 4918 1315 4982 agere
1377 4902 1651 4965 mediate
1709 4922 1824 4985 per

319 4997 661 5079 qualitates
691 4996 951 5071 activaS,
985 5005 1054 5059 ut
1083 4997 1355 5061 formam
1387 4998 1552 5080 ignis
1584 5019 1698 5081 per
1727 5020 1825 5063 ca-

320 5096 560 5175 lorem3
592 5093 932 5176 qualitates
977 5113 1232 5177 quoque
1269 5114 1455 5177 agere
1495 5105 1558 5160 et
1596 5100 1824 5181 produ-

319 5212 462 5256 cere
491 5192 702 5255 simile
733 5192 855 5254 sibi
890 5193 951 5254 in
982 5193 1386 5275 specie,sicut
1415 5196 1582 5258 calor
1611 5205 1825 5259 causat

319 5291 633 5372 calorem3
673 5308 804 5354 non
849 5298 1061 5355 autem
1107 5310 1292 5374 agere
1339 5294 1504 5357 ultra
1541 5296 1822 5377 speciem

1934 4330 2003 4372 sa
2051 4310 2555 4373 instrumentalis
2601 4310 3041 4393 multipliciter
3082 4310 3338 4386 dicitur,
3372 4320 3436 4374 et

1933 4408 2061 4471 vile
2092 4416 2390 4471 censetur
2420 4409 2499 4472 de
2532 4428 2651 4471 usu
2680 4408 3013 4471 nominum
3054 4408 3429 4492 disceptare.

1933 4508 2119 4571 Juxta
2149 4508 2320 4570 hunc
2354 4507 2614 4570 modum
2658 4515 2916 4588 possent
2944 4514 3008 4570 et
3046 4514 3255 4572 cetera
3284 4509 3433 4571 scri-

1930 4613 2038 4689 pta
2079 4606 2220 4687 ejus
2264 4606 2647 4687 impugnari.

2010 4703 2489 4786 Argentinensis
2533 4711 2597 4766 et
2641 4702 2973 4766 Durandus
3024 4705 3432 4786 praeinductae

1932 4803 2260 4866 communi
2304 4801 2608 4865 doctrinae
2650 4801 2801 4863 satis
2844 4803 3249 4865 concordant.

2009 4903 2197 4965 Porro
2238 4900 2615 4964 Guillelmus
2660 4899 3031 4963 Parisiensis
3071 4902 3133 4963 in
3176 4920 3290 4966 suo
3328 4904 3429 4966 Sa-

1932 5000 2295 5063 cramentali
2326 5006 2541 5062 tuetur
2572 5006 2634 5062 et
2663 4997 2931 5081 probare
2962 5003 3428 5084 conatur,quod

1931 5100 2177 5181 species
2222 5095 2709 5161 sacramentales
2754 5114 2879 5160 non
2924 5098 3217 5161 nutriunt
3255 5118 3426 5175 vere,

1931 5216 2050 5260 nec
2087 5203 2321 5279 augent
2358 5203 2717 5259 sumentem
2756 5213 2769 5258 :
2804 5196 3015 5258 Mensa
3042 5196 3317 5279 (dicens)
3344 5198 3431 5260 al-

1931 5296 2082 5359 taris
2112 5313 2331 5359 mensa
2360 5302 2457 5358 est
2483 5294 2866 5370 animarum,
2899 5312 3026 5358 non
3062 5313 3421 5379 corporum.
