4267 6250
74 1515 123 1569 Cf.
129 1518 241 1569 ρ.459
250 1515 298 1567 C,

66 1579 301 1631 ἏὶΑρθῚΔὶ

1124 540 1329 587 mun
1368 540 1765 588 mmm-u
1808 540 1961 589 sano
1997 540 2218 601 nem,
2261 542 2354 589 srr
2393 540 2654 591 nucu

3315 520 3438 586 539

314 712 665 795 Quumque
704 720 1039 796 peccatum
1080 712 1512 776 inordinatum
1548 731 1830 776 remane-
1862 712 1915 776 A
1942 713 2340 789 ordinentur,
2391 715 2522 778 sint
2567 731 2694 778 non
2751 714 2958 777 solum
3007 712 3440 776 satisfactoriae

316 830 390 874 re
432 828 563 874 non
604 812 852 891 valeat3
890 812 1185 894 quamvis
1233 818 1445 873 reatus
1495 830 1699 893 poenae
1752 811 1835 873 sit

318 910 687 973 diminutus
718 929 835 994 per
862 910 1335 983 contritionem,
1360 907 1827 972 confessionem

320 1016 388 1069 et
439 1008 933 1082 absolutionem,
984 1014 1235 1090 oportet
1281 1008 1453 1089 quod
1509 1007 1717 1070 adhuc
1768 1006 1831 1069 in

320 1107 465 1170 fine
513 1109 855 1190 poenitenS,
900 1115 967 1171 et
1014 1108 1409 1189 quicumque
1456 1106 1833 1169 satisfactio-

322 1225 477 1269 nem
524 1206 905 1289 condignam
952 1206 1019 1267 in
1068 1206 1189 1267 hac
1234 1205 1366 1267 vita
1413 1222 1541 1267 non
1586 1204 1831 1286 implet,

322 1311 475 1387 post
522 1305 687 1367 hanc
735 1305 931 1369 vitam
982 1306 1311 1389 puniatur,
1362 1306 1489 1368 nisi
1536 1304 1833 1368 contritio

325 1402 529 1465 fuerit
558 1410 731 1465 tanta
760 1404 930 1486 quod
962 1404 1241 1467 totaliter
1270 1410 1499 1487 purget
1527 1422 1563 1465 a
1593 1421 1781 1485 poena
1814 1420 1829 1465 :

327 1502 503 1583 quod
565 1500 747 1583 juxta
801 1501 1170 1584 praehabita,
1214 1500 1356 1564 l'ieri
1414 1508 1643 1584 potest.
1692 1502 1834 1564 Por·

328 1616 409 1661 ro
431 1599 705 1679 justitia,
736 1600 1091 1662 secundum
1124 1599 1575 1682 Philosophum
1610 1598 1837 1681 quinto

328 1697 729 1770 Ethicorum‚
746 1698 1139 1759 assimilatur
1169 1716 1502 1760 mensurae.
1522 1697 1683 1759 Hinc
1714 1695 1835 1758 sic-

324 1803 404 1858 ut
432 1796 499 1857 in
530 1795 801 1858 diversis
832 1796 1018 1858 terris
1050 1795 1317 1859 diversae
1345 1804 1493 1859 sunt
1524 1812 1835 1857 mensurae

1944 810 2243 886 multum,
2287 812 2395 874 sed
2447 820 2511 875 et
2555 812 2894 875 meritoriae
2937 812 3121 874 valde
3162 828 3178 872 ε
3219 829 3440 893 quem·

1944 910 2288 972 admodum
2337 910 2530 973 etiam
2579 909 2803 983 lamec,
2855 909 3017 982 sitis,
3065 908 3442 971 mendicitas

1944 1014 2007 1069 et
2044 1016 2312 1088 egestaS,
2345 1026 2424 1071 ex
2462 1008 2672 1071 causis
2713 1006 3109 1071 naturalibus
3153 1006 3444 1088 proveni-

1944 1113 2141 1167 entes.
2185 1140 2268 1151 —
2305 1106 2448 1169 Istis
2491 1115 2555 1168 et
2597 1104 3040 1169 consimilibus
3084 1104 3444 1186 quaestioni-

1945 1201 2087 1277 buS,
2128 1204 2430 1285 quoniam
2472 1204 2693 1267 faciles
2730 1211 2899 1277 sunt,
2941 1220 3070 1266 non
3115 1202 3438 1266 immoror.

2022 1300 2339 1374 Quaeritur
2385 1320 2640 1385 quoque
2688 1302 2815 1376 hic,
2863 1320 2946 1363 an
2994 1300 3210 1363 debita
3256 1320 3444 1383 poena

1944 1396 2278 1480 infligatur
2306 1401 2658 1463 secundum
2695 1398 3198 1481 magnitudinem
3229 1416 3444 1461 exces-

1944 1516 2052 1559 sus
2110 1498 2379 1579 peccati,
2431 1498 2533 1561 vel
2593 1498 2946 1561 secundum
3003 1496 3444 1560 delectationis

1944 1594 2414 1657 vehementiam
2443 1614 2516 1658 ac
2549 1614 2912 1659 mensuram
2931 1612 2947 1675 ;
2969 1615 3049 1658 an
3081 1596 3272 1658 etiam
3303 1613 3444 1657 con-

1946 1692 2138 1755 fitens
2165 1691 2484 1774 obligetur
2511 1694 2589 1755 ad
2622 1711 2877 1776 poenam
2909 1694 3213 1774 majorem
3255 1712 3444 1775 quam

1945 1789 2069 1851 sibi
2125 1809 2163 1852 a
2222 1791 2584 1854 confessore
2642 1790 3049 1872 injungitur3
3107 1799 3172 1854 et
3228 1798 3440 1853 utrum

324 1912 543 1956 rerum
576 1894 928 1966 venalium,
964 1894 1049 1956 ita
1079 1894 1345 1957 diversae
1375 1912 1579 1976 poenae
1607 1911 1834 1955 secun·
1870 1890 1918 1952 B
1948 1907 2113 1952 unus
2157 1906 2274 1971 pro
2319 1889 2446 1953 alio
2495 1889 2860 1952 satisfacere
2907 1889 3126 1972 possit.
3176 1889 3267 1952 Ad
3319 1888 3444 1971 pri-

322 1993 483 2054 dum
515 1992 830 2073 Justitiam
868 2009 985 2074 pro
1024 1992 1233 2075 culpis
1270 1992 1514 2054 eisdem
1556 1990 1837 2054 inse-run—

321 2099 452 2154 tur.
486 2092 607 2154 Pto
645 2092 868 2154 eadem
912 2108 1168 2174 quoque
1207 2091 1396 2173 culpa
1433 2089 1688 2171 gravius
1720 2109 1835 2172 pu-

326 2190 507 2252 nitur
554 2191 749 2253 homo
798 2190 863 2251 in
922 2189 1289 2273 purgatorio
1338 2207 1530 2270 quam
1592 2188 1656 2251 in
1706 2189 1835 2251 vita

326 2289 649 2369 praesenti,
668 2288 911 2351 ratione
938 2287 1201 2350 alterius
1234 2286 1391 2365 lori3
1424 2294 1703 2349 attamen
1732 2305 1835 2367 ag-

326 2388 615 2468 gravatio
654 2387 765 2450 illa
802 2384 1430 2469 proportionabiliter
1470 2403 1837 2468 correspon-

326 2485 436 2547 det
468 2503 676 2567 poenae
706 2485 893 2567 cujus
932 2486 1125 2547 homo
1167 2484 1231 2545 in
1266 2484 1398 2546 vita
1436 2483 1555 2545 hac
1596 2483 1835 2545 exstitit

324 2603 493 2646 reus.
532 2584 609 2647 Et
638 2584 760 2647 hoc
791 2582 981 2647 debet
1018 2582 1214 2645 homo
1240 2581 1365 2644 sibi
1408 2581 1529 2663 ipsi
1563 2581 1833 2662 imputa-

324 2700 416 2754 re,
450 2681 627 2763 quod
660 2681 813 2743 illuc
846 2680 1193 2743 reservavit
1222 2678 1344 2741 sibi
1384 2679 1623 2761 justam
1654 2677 1837 2760 puni—

326 2778 570 2841 tionem
604 2796 723 2861 pro
751 2778 959 2861 culpis
990 2777 1123 2841 suis
1156 2776 1834 2859 recipiendam‚quum

326 2896 469 2940 eam
512 2878 797 2959 potuerit
834 2876 939 2939 hic
985 2895 1099 2958 per
1138 2894 1395 2959 poenam
1442 2874 1647 2939 multo
1687 2873 1837 2937 faci—

330 2974 556 3037 liorem
589 2974 877 3036 evadere.
912 3007 992 3018 —
1024 2972 1145 3035 Sed
1184 2971 1383 3053 objici
1424 2979 1651 3054 potest,
1684 2972 1835 3053 quia

1946 2002 2123 2049 mum
2156 1988 2384 2051 horum
2415 1988 2610 2051 trium
2641 1995 2896 2051 sanctus
2928 1989 3157 2051 Doctor
3186 2004 3443 2069 respon-

1944 2086 2049 2147 det
2100 2102 2115 2145 :
2171 2085 2356 2148 Poena
2407 2093 2550 2168 post
2601 2084 2806 2168 culpae
2863 2085 3304 2148 dimissionem
3361 2085 3442 2148 ad

1946 2182 2071 2245 duo
2119 2184 2413 2264 exigitur.
2467 2183 2696 2257 Primo,
2742 2184 2820 2246 ad
2867 2183 3156 2246 debitum
3205 2184 3444 2265 persol-

1945 2280 2246 2343 vendum.
2283 2280 2593 2353 Secundo,
2622 2282 2698 2343 ad
2742 2281 3098 2344 remedium
3139 2280 3442 2344 exhiben-

1944 2378 2117 2439 dum.
2139 2378 2347 2441 Potest
2377 2396 2525 2461 ergo
2553 2380 2789 2442 taxatio
2821 2398 3024 2462 poenae
3054 2379 3441 2442 considerari

1943 2485 2254 2558 quantum
2299 2477 2375 2539 ad
2419 2476 2564 2539 duc.
2605 2476 2836 2552 Primo,
2870 2486 3180 2560 quantum
3219 2478 3297 2539 ad
3337 2478 3442 2539 de·

1944 2574 2152 2637 bitum
2183 2592 2198 2637 :
2232 2575 2454 2658 sicque
2483 2576 2801 2657 quantitas
2841 2594 3046 2658 poenae
3080 2575 3441 2638 radicaliter

1944 2675 2397 2755 correspondet
2441 2673 2780 2756 quantitati
2830 2674 3057 2755 culpae‚
3097 2681 3436 2756 antequam

1944 2771 2023 2832 de
2071 2789 2146 2832 ea
2193 2770 2434 2853 aliquid
2483 2770 2858 2833 dimittatur.
2906 2771 3200 2834 Attamen
3243 2790 3442 2853 quan—

1946 2876 2083 2930 tum
2132 2886 2249 2950 per
2305 2869 2587 2951 primum
2639 2888 2862 2932 eorum
2909 2888 3052 2952 quae
3099 2876 3248 2932 nata
3293 2877 3442 2932 sunt

1947 2985 2199 3049 poenam
2245 2967 2588 3042 remittere,
2634 2968 2778 3050 plus
2819 2967 3186 3043 remittitur,
3218 2988 3442 3031 secun-

329 3091 532 3155 quum
583 3090 787 3154 poenae
838 3070 983 3134 vitae
1032 3070 1363 3153 praesentis
1412 3069 1541 3132 sint
1588 3069 1830 3132 satisla-
1864 3070 1908 3134 C
1946 3066 2103 3130 dum
2152 3065 2273 3129 hoc
2321 3084 2435 3149 per
2479 3066 2651 3130 aliud
2697 3066 2914 3130 minus
2963 3073 3158 3130 restat
3195 3066 3443 3130 solven-

329 3172 547 3236 ctoriae
578 3187 695 3253 pro
724 3169 1025 3252 peccatiS,
1058 3177 1122 3231 et
1152 3187 1321 3230 mors
1359 3169 1499 3251 ipsa
1529 3169 1613 3232 sit
1642 3168 1835 3231 maxi-

330 3289 435 3332 ma
472 3287 687 3352 poena,
722 3268 980 3329 videtur
1007 3285 1123 3349 per
1152 3267 1357 3348 ipsam
1392 3267 1836 3348 aequanimiter

326 3370 663 3432 toleratam
721 3375 854 3430 tota
902 3385 1089 3449 poena
1148 3373 1391 3429 restans
1448 3366 1705 3428 dimitti.
1760 3365 1836 3428 Et

326 3465 874 3549 respondendum,
926 3465 1096 3547 quod
1156 3481 1327 3526 mors
1386 3463 1691 3527 naturalis
1740 3471 1836 3526 est

330 3584 522 3648 poena
570 3581 969 3645 consequens
1012 3561 1320 3643 originale
1363 3570 1719 3645 peccatum,
1766 3570 1836 3624 ut

330 3665 514 3748 quasi
563 3665 695 3745 jam
742 3664 808 3726 in
858 3669 1149 3725 naturam
1200 3662 1284 3724 sit
1328 3680 1532 3734 versa,
1560 3659 1727 3722 sicut
1771 3669 1836 3723 et

326 3761 639 3843 originale
686 3768 1021 3844 peccatum
1064 3779 1080 3823 ε
1120 3759 1359 3822 idcirco
1402 3777 1516 3840 per
1566 3766 1833 3820 mortem

327 3860 686 3922 naturalem
732 3860 922 3923 homo
962 3877 1087 3922 non
1129 3863 1437 3940 purgatur
1478 3854 1559 3918 ab
1601 3855 1833 3918 actuali

328 3965 617 4041 peccato,
650 3958 762 4019 sed
804 3975 919 4038 per
949 3963 1217 4020 mortem
1260 3955 1497 4017 illatam
1534 3953 1697 4016 bene
1729 3971 1835 4036 po·

326 4063 453 4118 test
484 4054 763 4138 purgari.
799 4054 975 4117 Unde
1005 4055 1056 4115 si
1098 4054 1243 4135 quis
1289 4061 1557 4116 mortem
1594 4052 1831 4114 illatam

327 4155 649 4236 patienter
686 4152 1016 4224 sustineat,
1050 4152 1343 4234 quamvis
1384 4169 1499 4233 pro
1536 4149 1679 4214 aliis
1717 4149 1835 4212 cri-

1946 3167 2099 3228 dum
2143 3184 2255 3227 seu
2297 3165 2750 3229 remittendum
2785 3184 2799 3228 :
2834 3166 2984 3249 quia
3023 3174 3261 3249 quanto
3298 3167 3444 3249 plus

1945 3264 2024 3327 de
2065 3282 2254 3346 poena
2297 3283 2412 3346 per
2455 3265 2903 3328 contritionem
2944 3265 3283 3327 dimissum
3323 3273 3440 3339 est,

1944 3370 2118 3425 tanto
2165 3363 2378 3425 minus
2428 3381 2544 3444 per
2593 3362 3059 3425 consessionem
3109 3371 3304 3426 restat
3350 3365 3440 3426 di-

1948 3461 2350 3523 mittendum.
2387 3459 2699 3534 Secundo,
2724 3469 3034 3542 quantum
3066 3463 3144 3524 ad
3177 3462 3442 3525 remedi-

1946 3579 2055 3622 um
2090 3560 2262 3622 illius
2293 3559 2402 3641 qui
2436 3559 2740 3641 peccavit,
2759 3567 2868 3622 aut
2897 3559 3168 3622 aliorum
3190 3561 3442 3642 :sicque

1946 3659 2328 3740 quandoque
2379 3675 2494 3738 pro
2549 3657 2780 3720 minori
2838 3656 3030 3740 culpa
3087 3657 3443 3739 injungitur

1948 3756 2153 3837 maj0r
2189 3773 2377 3837 poena
2411 3771 2425 3816 :
2460 3753 2560 3817 vel
2604 3754 2756 3836 quia
2794 3764 3053 3837 peccato
3093 3756 3285 3818 unius
3324 3755 3446 3818 dif-

1948 3852 2186 3916 ficilius
2234 3859 2444 3935 potest
2491 3853 2700 3914 resisti
2751 3872 2940 3935 quam
2989 3859 3250 3936 peccato
3295 3855 3446 3917 alte-

1946 3951 2100 4024 rius,
2119 3959 2184 4013 et
2212 3950 2304 4014 sic
2331 3950 2555 4031 juveni
2582 3968 2698 4032 pro
2727 3949 3142 4014 fornicatione
3173 3952 3448 4034 injungi-

1944 4056 2049 4111 tur
2079 4049 2456 4130 poenitentia
2489 4049 2695 4130 major
2726 4068 2916 4131 quam
2955 4050 3116 4124 seni,
3149 4051 3443 4132 quamvis

1946 4147 2009 4209 in
2043 4148 2164 4210 hoc
2193 4147 2407 4209 minus
2437 4147 2764 4230 peccavit;
2796 4146 2896 4209 vel
2928 4147 3076 4228 quia
3109 4155 3442 4229 peccatum

304 4250 617 4314 ⁴minibus
647 4251 729 4314 sit
760 4251 955 4323 illata,
988 4249 1157 4312 valet
1195 4249 1270 4311 ad
1313 4267 1516 4331 poenae
1554 4249 1832 4311 diminu-
1862 4249 1911 4311 D
1944 4246 2366 4329 periculosius
2415 4252 2619 4308 exstat
2661 4244 2727 4307 in
2774 4263 2900 4309 uno
2943 4264 3138 4328 quam
3182 4247 3248 4308 in
3291 4246 3439 4322 alio,

324 4351 571 4413 tionem
603 4357 793 4430 atque
835 4349 1157 4410 interdum
1195 4347 1271 4409 ad
1317 4347 1755 4410 liberationem
1793 4366 1832 4409 a

325 4455 458 4512 tota
497 4466 709 4531 poena,
742 4447 1095 4510 secundum
1138 4446 1556 4528 quantitatem
1602 4444 1827 4527 culpae,

326 4545 611 4609 caritatis
640 4553 707 4607 et
744 4543 1087 4626 patientiae,
1122 4560 1368 4606 necnon
1408 4541 1825 4606 contritionis

325 4679 408 4690 —
434 4643 583 4707 Haec
626 4643 916 4705 Thomas.

407 4743 863 4805 Verumtamen
912 4740 991 4802 de
1035 4739 1154 4802 hoc
1204 4738 1433 4800 ultimo
1480 4737 1677 4801 verbo
1723 4738 1832 4800 ali-

178 4865 211 4902 ν,
244 4885 255 4894 .
287 4885 300 4897 .
326 4841 439 4924 qui
474 4841 661 4921 longe
690 4839 876 4902 aliter
912 4837 1219 4911 sentiunt,
1252 4845 1324 4898 ut
1351 4837 1595 4899 dictum
1627 4843 1744 4912 est,
1768 4845 1829 4900 et

328 4939 596 5002 forsitan
630 4937 797 5000 infra
825 4937 1094 4999 dicetur.
1129 4935 1327 4998 Aiunt
1360 4935 1623 5017 quippe,
1660 4938 1830 5018 quod

330 5045 927 5120 quantumcumque
976 5052 1165 5116 poena
1214 5033 1433 5096 mortis
1482 5053 1597 5097 seu
1651 5033 1829 5096 inl'ir-

328 5137 519 5199 mitas
558 5153 701 5198 eam
741 5133 1128 5216 praecedens‚
1172 5132 1302 5194 sint
1341 5133 1699 5212 naturales;
1740 5140 1829 5194 ta-

330 5253 479 5297 men
540 5234 594 5296 si
658 5231 987 5295 caritative
1054 5237 1487 5312 acceptentur,
1545 5231 1828 5313 aequani-

329 5334 519 5396 miter
568 5331 940 5403 tolerentur,
984 5336 1047 5390 et
1092 5329 1171 5391 ad
1222 5328 1423 5391 finem
1474 5346 1826 5410 congruum

1942 4345 2108 4407 sicut
2141 4345 2204 4407 in
2237 4344 2594 4424 sacerdote3
2625 4351 2733 4406 aut
2763 4345 3064 4427 quoniam
3099 4344 3442 4409 multitudo

1942 4452 2039 4507 est
2086 4444 2347 4526 pronior
2391 4445 2470 4508 ad
2521 4444 2679 4507 illud
2727 4451 3084 4526 peccatum,
3139 4443 3280 4508 ideo
3327 4464 3443 4527 per

1942 4561 2196 4626 poenam
2245 4543 2435 4605 unius
2483 4542 2777 4605 terrenda
2819 4549 2915 4604 est
2957 4549 3022 4606 et
3065 4543 3438 4606 retrahenda

1938 4661 1976 4704 a
2034 4641 2210 4703 vitio.
2273 4641 2462 4704 Poena
2517 4657 2668 4722 ergo
2727 4640 2790 4702 in
2851 4639 2990 4703 foro
3049 4641 3440 4723 poenitentiae

1941 4747 2252 4823 quantum
2292 4738 2367 4800 ad
2403 4747 2744 4820 utrumque
2775 4739 3042 4801 taxanda
3072 4746 3170 4810 est
3203 4757 3217 4801 :
3254 4739 3439 4802 idcir-

1942 4855 2017 4900 co
2054 4855 2182 4900 non
2222 4855 2479 4919 semper
2517 4854 2633 4919 pro
2675 4835 2902 4918 majori
2944 4845 3206 4919 peccato
3242 4839 3442 4920 poeni-

1941 4936 2139 4999 tentia
2193 4935 2396 5016 maJ‘or
2443 4934 2813 5016 imponitur.
2858 4934 3048 4998 Porro
3089 4937 3436 5018 purgatorii

1942 5052 2128 5116 poena
2177 5035 2384 5096 solum
2431 5040 2529 5095 est
2572 5032 2648 5094 ad
2695 5032 3072 5096 solvendum
3121 5034 3436 5110 debitum,

1940 5133 2090 5214 quia
2134 5131 2266 5212 jam
2317 5131 2483 5192 ultra
2529 5148 2654 5194 non
2705 5137 2802 5193 est
2852 5131 3028 5195 locus
3077 5133 3434 5214 peccandi:

1941 5230 2083 5292 ideo
2133 5228 2240 5290 illa
2291 5246 2476 5310 poena
2525 5229 2732 5292 solum
2781 5235 3032 5290 taxatur
3079 5231 3434 5294 secundum

1940 5327 2356 5412 quantitatem
2423 5327 2691 5408 peccati,
2760 5327 3154 5390 considerata
3218 5336 3432 5393 tamen
