4267 6250
536 839 603 879 ¹⁷.

824 466 945 532 488
1401 484 1483 531 ,m
1520 483 1746 542 mnam
1776 484 1859 530 ·1v.
1889 480 2378 529 summi-mun.
2413 494 2496 527 .·-
2531 480 2690 528 msr.
2728 481 2918 545 xv113.
2941 480 3166 537 ounsr.
3207 480 3322 539 vm

828 674 1046 720 remur
1074 656 1271 721 vitam
1301 664 1625 730 aeternam,
1658 654 1826 717 sicut
1860 652 1951 716 ait
1982 651 2266 717 Salvator
2300 670 2315 714 :
2347 650 2402 715 A
2429 650 2605 715 enim
2634 658 2894 734 peccata
2921 670 3037 713 sua
3065 650 3460 714 innotescere
3487 649 3820 726 sacerdoti,
3837 668 3944 713 se-

529 772 801 826 Mamm,
828 755 895 819 Si
934 756 1033 817 vis
1078 754 1313 819 intrare
1363 754 1443 817 ad
1490 754 1711 828 vitam,
1753 772 1935 816 serva
1984 751 2317 830 mandata3

548 898 801 951 Luam&
830 850 907 917 et'
933 873 1174 927 rursuS,
1216 852 1333 926 Qui
1376 870 1490 916 vos
1526 852 1727 926 audit,
1762 869 1865 914 me
1903 849 2097 913 audit.
2142 849 2317 922 Quod

830 970 968 1015 esse
1007 968 1135 1014 non
1175 950 1363 1026 valet,
1395 950 1521 1013 nisi
1558 968 1636 1013 ex
1674 949 1933 1012 caritate
1970 947 2316 1011 efficiatur.

906 1147 1000 1210 Ad
1044 1147 1165 1209 hoc
1206 1145 1743 1210 Antisiodorensis
1784 1144 2125 1227 respondet
2168 1161 2181 1205 z
2229 1143 2321 1205 Ex

828 1245 1090 1308 caritate
1128 1246 1371 1307 conteri
1409 1252 1473 1307 et
1512 1243 1876 1306 satisfacere
1919 1242 2318 1323 obligamur3

828 1352 894 1406 et
921 1361 1109 1406 omne
1146 1342 1318 1425 quod
1355 1341 1848 1405 satisfactorium
1886 1348 1983 1403 est
2010 1359 2088 1402 ex
2116 1339 2320 1422 poeni-

825 1441 1046 1516 tentia,
1080 1449 1377 1504 tenemur
1405 1460 1483 1503 ex
1514 1440 1773 1503 caritate
1808 1456 2127 1521 peragere.
2161 1438 2320 1503 Nam

826 1548 890 1602 et
931 1540 1173 1602 conteri
1216 1537 1709 1602 satisfactorium
1752 1544 1851 1600 est
1890 1536 2321 1599 satisfactione

826 1638 1133 1702 interiori.
1170 1637 1344 1702 Unde
1383 1645 1447 1699 et
1484 1656 1563 1699 ex
1598 1637 1855 1699 caritate
1897 1634 2192 1699 confiteri
2230 1642 2321 1697 te-

822 1756 1073 1811 nemur,
1122 1736 1201 1798 ad
1250 1736 1370 1798 hoc
1418 1736 1588 1817 quod
1636 1734 1721 1812 sit
1767 1734 2085 1797 confessio
2141 1733 2320 1796 satis-

2429 768 2554 831 que
2583 749 2904 831 subjicere
2933 750 3222 813 clavibus
3252 748 3570 813 Ecclesiae.
3604 748 3682 811 Et
3708 768 3946 831 quam-

2429 848 2527 911 vis
2576 855 2729 911 tunc
2778 866 2906 911 non
2953 847 3267 931 percipiat
3304 847 3588 911 fructum
3625 847 3943 912 absoluti-

2429 947 2593 1021 oniS‚
2653 955 2867 1010 tamen
2926 946 3264 1010 recedente
3322 946 3584 1010 fictione
3641 946 3944 1029 recipere

2431 1045 2678 1126 incipit.
2721 1045 2964 1108 Idcirco
3008 1045 3120 1127 qui
3164 1045 3315 1108 ficte
3362 1045 3631 1128 accepit,
3671 1063 3800 1108 non
3839 1052 3942 1109 te—

2432 1152 2619 1207 netur
2660 1142 3127 1207 confessionem
3169 1143 3420 1218 iterare,
3453 1143 3564 1206 sed
3597 1143 3940 1207 fictionem

2432 1260 2614 1304 suam
2664 1241 2854 1305 debet
2909 1242 3222 1305 sacerdoti
3271 1242 3679 1324 postmodum
3727 1242 3937 1305 confi-

2429 1341 2570 1402 teri.
2623 1340 2929 1404 Contritio
2983 1348 3196 1403 autem
3255 1346 3321 1403 et
3365 1340 3712 1403 satisfactio
3759 1340 3937 1403 fiunt

2431 1439 2607 1501 Deo:
2645 1439 2882 1502 idcirco
2925 1440 3002 1501 de
3046 1439 3288 1502 ratione
3331 1457 3552 1501 earum
3593 1446 3710 1513 est,
3753 1440 3932 1520 quod

2431 1538 2562 1599 sint
2607 1538 2736 1599 Deo
2791 1543 3106 1619 acceptae3
3159 1537 3328 1618 quod
3385 1540 3526 1599 esse
3582 1554 3709 1598 non
3759 1536 3934 1599 valet

2431 1635 2570 1697 sine
2613 1636 2891 1698 caritate.

2510 1733 2824 1808 Quaeritur
2861 1750 3138 1815 quoque,
3171 1751 3252 1795 an
3296 1740 3587 1815 oporteat
3628 1732 3934 1795 confessi-

822 1835 1087 1899 factoria
1126 1852 1141 1897 ε
1190 1834 1411 1916 sicque
1452 1833 1575 1896 sub
1623 1833 1987 1896 conditione
2024 1839 2320 1894 tenemur
2347 1832 2396 1895 B
2429 1849 2621 1895 onem
2652 1831 2962 1912 integram
2997 1849 3156 1893 esse.
3193 1830 3570 1904 Dicendum,
3603 1831 3774 1913 quod
3807 1830 3933 1893 sic-

822 1953 901 1997 ex
951 1934 1210 1997 caritate
1258 1932 1573 2007 confiteri,
1623 1938 1690 1994 et
1734 1948 1863 1993 non
1914 1929 2313 2012 simpliciter.

818 2033 970 2096 Ideo
1009 2033 1062 2094 si
1104 2031 1247 2113 quis
1289 2030 1692 2105 confiteatur,
1740 2028 2033 2111 quamvis
2073 2045 2200 2091 non
2241 2047 2318 2091 ex

822 2132 1105 2205 caritate,
1136 2129 1465 2192 absolutus
1506 2136 1603 2191 est
1639 2128 1721 2190 ab
1756 2126 2142 2208 obligatione
2171 2144 2318 2189 con-

821 2229 1050 2293 fitendi
1097 2236 1163 2291 et
1206 2227 1577 2291 absolvendi
1628 2226 1907 2290 exterius
1965 2226 2172 2307 quoad
2229 2225 2320 2288 fo-

820 2347 965 2391 rum
1006 2328 1347 2407 Ecclesiae3
1390 2334 1455 2389 et
1491 2326 1869 2388 adveniente
1904 2324 2164 2386 caritate
2203 2342 2316 2386 seu

816 2445 969 2490 vera
1006 2425 1407 2498 contritione,
1442 2424 1671 2506 incipit
1711 2422 2029 2486 confessio
2067 2422 2176 2484 illa
2213 2441 2318 2485 va-

816 2526 971 2600 lere,
1022 2533 1088 2587 et
1116 2525 1233 2586 *vis
1281 2524 1559 2586 clavium
1618 2541 1809 2583 suum
1869 2521 2103 2583 habere
2163 2519 2318 2583 effe-

816 2630 992 2686 ctum
1036 2639 1053 2684 τ
1098 2622 1243 2685 ideo
1290 2639 1417 2684 non
1465 2627 1719 2683 tenetur
1764 2620 1872 2682 hic
1913 2619 2123 2681 denuo
2171 2636 2317 2680 con-

810 2720 1007 2783 fiteri.
1060 2720 1183 2783 Sed
1231 2718 1439 2801 quoad
1486 2719 1713 2792 Deum,
1766 2716 2082 2780 confessio
2141 2716 2317 2778 nulla

814 2826 913 2882 est
970 2818 1108 2881 sine
1167 2816 1593 2895 contritione3
1652 2833 1771 2878 nec
1833 2814 2163 2877 absolutus
2220 2822 2316 2877 est

813 2917 959 2999 quis
991 2934 1105 2998 per
1136 2914 1604 2977 confessionem
1645 2932 1723 2976 ex
1763 2912 2146 2975 contritione
2185 2930 2312 2974 non

2431 1938 2502 1992 ut
2543 1930 2607 1993 in
2658 1930 3080 1993 medicatione
3132 1929 3446 2012 corporali
3494 1936 3750 2011 oportet
3797 1948 3931 1992 me-

2429 2028 2647 2090 dicum
2687 2046 2814 2091 non
2853 2028 3061 2091 solum
3103 2044 3483 2109 cognoscere
3521 2046 3723 2090 unum
3763 2046 3930 2091 mor-

2430 2126 2586 2188 bum
2619 2134 2837 2189 contra
2865 2144 3058 2207 quem
3098 2127 3248 2188 dare
3286 2125 3476 2188 debet
3513 2125 3928 2199 medicinam,

2429 2224 2541 2286 sed
2573 2224 3017 2286 universaliter
3047 2231 3242 2286 totam
3273 2222 3713 2285 habitudinem
3749 2224 3926 2304 aegri,

2428 2322 2729 2404 quoniam
2774 2342 2939 2384 unus
2985 2321 3247 2385 morbus
3285 2322 3365 2383 ad
3404 2321 3928 2403 conjunctionem

2427 2421 2690 2484 alterius
2719 2427 3094 2501 aggravatur
3115 2438 3134 2501 ;
3173 2428 3240 2483 et
3277 2419 3595 2483 medicina
3630 2439 3774 2502 quae
3815 2421 3928 2482 uni

2428 2519 2652 2583 morbo
2682 2526 3094 2602 competeret,
3127 2520 3310 2582 alteri
3341 2518 3654 2601 praeberet
3682 2518 3928 2582 fomen-

2425 2626 2564 2681 tum
2599 2636 2614 2681 :
2650 2619 2736 2681 ita
2773 2626 2870 2681 est
2908 2618 2975 2680 in
3016 2618 3334 2701 spirituali
3379 2617 3805 2681 medicamine
3839 2619 3931 2683 vi-

2425 2718 2681 2780 tiorum.
2731 2717 2888 2780 Nam
2942 2736 3141 2781 unum
3189 2725 3488 2799 gravatur
3531 2735 3610 2779 ex
3654 2716 3822 2801 ali93
3867 2726 3932 2780 et

2427 2817 2597 2897 quod
2628 2823 2847 2878 contra
2889 2834 3089 2878 unum
3131 2823 3463 2898 peccatum
3507 2821 3676 2878 esset
3704 2824 3928 2899 aptum

2427 2915 2806 2990 remedium,
2850 2914 3035 2977 alteri
3084 2914 3455 2977 consisteret
3505 2913 3924 2990 incentivum,

812 3015 1068 3078 factam.
1103 3012 1180 3075 Et
1210 3019 1307 3074 est
1336 3012 1569 3086 simile,
1596 3012 1749 3073 dum
1780 3012 2073 3073 sacerdos
2102 3010 2313 3091 injun-
2344 3012 2389 3077 C
2427 3032 2626 3094 quum
2669 3032 2834 3075 unus
2873 3020 2938 3074 et
2976 3013 3144 3074 idem
3185 3012 3554 3094 frequenter
3589 3013 3923 3075 contrariis

810 3112 905 3194 git
934 3111 1267 3175 confitenti
1312 3118 1382 3173 ut
1418 3110 1668 3193 jejunet
1705 3109 1867 3173 feria
1906 3115 2082 3172 sexta
2113 3108 2178 3172 in
2211 3129 2314 3191 pa-

812 3231 895 3274 ne
934 3218 1000 3274 et
1034 3229 1199 3292 aqua
1240 3227 1255 3272 :
1298 3209 1417 3271 iste
1456 3216 1707 3271 tenetur
1749 3208 1960 3270 taliter
1994 3208 2310 3289 jejunare,

808 3317 1061 3372 tantum
1111 3307 1233 3371 sub
1288 3307 1674 3381 conditione,
1726 3305 2027 3369 videlicet
2083 3306 2135 3368 si
2191 3305 2313 3368 hoc

808 3407 1135 3490 jejunium
1182 3405 1306 3468 erit
1352 3404 1412 3468 ei
1462 3403 1976 3467 satisfactorium.
2028 3404 2205 3466 Unde
2257 3405 2310 3466 si

810 3523 939 3567 non
982 3503 1234 3586 jejunet
1273 3521 1352 3565 ex
1396 3502 1676 3574 caritate,
1723 3518 1853 3563 non
1887 3499 2147 3573 omittit,
2193 3518 2312 3562 nec

812 3610 1023 3666 tamen
1074 3600 1400 3674 satisfacit,
1450 3598 1560 3662 sed
1603 3598 1931 3661 absolutus
1974 3605 2070 3660 est
2113 3617 2310 3680 quan-

811 3709 950 3764 tum
999 3700 1078 3762 ad
1122 3697 1467 3762 sacerdotis
1514 3705 1923 3779 praeceptum.
1972 3696 2101 3759 Nec
2143 3696 2313 3758 valet

808 3795 1275 3878 argumentatio
1315 3797 1455 3869 ista,
1497 3795 1773 3857 Tenetur
1810 3794 2049 3857 conteri
2093 3811 2173 3855 ex
2213 3813 2311 3856 ca—

810 3896 1017 3969 ritate,
1052 3912 1203 3975 ergo
1240 3901 1304 3957 et
1344 3892 1639 3956 confiteri
1671 3910 1686 3954 :
1719 3892 1871 3975 quia
1908 3899 2035 3954 tam
2068 3892 2311 3955 conteri

812 4013 1004 4076 quam
1054 3992 1419 4056 satisfacere
1461 3999 1557 4054 est
1599 4010 1757 4073 pure
1801 3992 2038 4054 morale
2053 4009 2070 4070 ;
2113 3991 2312 4054 confi-

811 4093 933 4154 teri
973 4109 1125 4154 vero
1166 4090 1445 4153 exterius
1484 4107 1695 4152 coram
1731 4088 2011 4162 homine,
2045 4105 2174 4151 non
2216 4097 2313 4152 est

2427 3111 2599 3174 vitiis
2651 3111 2734 3174 sit
2781 3111 3076 3174 infectus.
3127 3110 3368 3174 idcirco
3417 3110 3495 3174 de
3543 3112 3921 3175 necessitate

2424 3209 2842 3272 confessionis
2899 3218 3016 3283 est,
3066 3211 3238 3292 quod
3295 3209 3488 3272 homo
3542 3210 3758 3272 omnia
3802 3229 3918 3272 sua

2424 3308 2805 3370 confiteatur
2851 3315 3111 3390 peccata
3157 3327 3302 3390 quae
3347 3308 3412 3370 in
3457 3309 3768 3370 memoria
3809 3308 3916 3370 ha·

2424 3406 2532 3470 bet
2563 3423 2576 3468 ε
2609 3406 2794 3469 aliter
2833 3424 2960 3469 non
3001 3415 3098 3469 est
3133 3406 3474 3482 confessio,
3517 3407 3628 3469 sed
3671 3406 3916 3470 confes-

2423 3503 2620 3566 sionis
2663 3503 3006 3567 simulatio.

2501 3601 2733 3663 Verum
2783 3601 2953 3663 circa
2999 3601 3120 3664 hoc
3167 3602 3474 3683 quaeritur
3523 3619 3540 3664 :
3593 3601 3914 3664 interdum

2423 3698 2596 3760 enim
2627 3699 2939 3780 contingit
2967 3700 3137 3780 quod
3166 3699 3334 3762 facta
3363 3699 3785 3773 confessione,
3807 3699 3918 3762 ali-

2420 3797 2605 3878 cujus
2646 3797 2890 3878 peccati
2935 3797 3244 3861 memoria
3281 3798 3582 3872 occurrit,
3625 3797 3814 3879 cujus
3850 3799 3916 3860 in

2423 3894 2819 3958 confessione
2851 3895 3190 3958 immemor
3227 3895 3390 3975 fuit3
3429 3915 3510 3958 an
3548 3903 3804 3959 tenetur
3843 3897 3913 3958 il-

2423 3993 2531 4055 lud
2580 3992 2788 4055 eidem
2837 3993 3145 4056 sacerdoti
3199 3993 3512 4067 confiteri,
3561 4001 3674 4056 aut
3721 3994 3912 4057 etiam

2419 4091 2544 4154 alia
2587 4091 2720 4173 jam
2769 4091 3060 4154 confessa
3107 4091 3493 4154 reconfiteri.
3538 4091 3615 4154 Et
3659 4110 3916 4176 respon-

522 4207 784 4264 cfinsssx
813 4209 972 4274 pure
1012 4188 1271 4265 morale,
1304 4195 1377 4250 ut
1413 4187 1656 4249 dictum
1696 4192 1812 4250 est.
1855 4187 1998 4250 Haec
2035 4186 2310 4250 Antisio-
2339 4192 2389 4254 D
2418 4190 2899 4272 dendum,quod
2925 4191 3124 4272 aliqui
3149 4191 3374 4253 dicunt
3395 4210 3544 4254 eum
3569 4191 3680 4272 qui
3707 4193 3803 4254 sic
3825 4211 3916 4256 re-

516 4273 624 4316 ets.

811 4289 1121 4354 dorensis,

892 4388 973 4450 At
1006 4403 1159 4450 vero
1196 4385 1466 4447 Thomas
1508 4399 1523 4445 ε
1567 4382 1913 4458 Confessio,
1948 4383 2178 4466 inquit,
2211 4393 2309 4448 est

808 4493 990 4548 actus
1038 4483 1291 4546 virtutis
1340 4489 1405 4545 et
1449 4500 1595 4565 pars
1646 4482 2047 4544 sacramenti.
2098 4484 2306 4566 Atque

810 4591 882 4647 ut
925 4590 1102 4652 actus
1140 4580 1417 4655 virtutiS,
1460 4587 1557 4644 est
1592 4580 1758 4643 actio
1801 4581 2123 4645 meritoria
2167 4601 2307 4664 pro-

808 4681 949 4766 prie
992 4698 1005 4743 :
1048 4688 1113 4744 et
1154 4679 1247 4743 sic
1291 4697 1419 4742 non
1456 4679 1626 4742 valet
1668 4678 1807 4742 sine
1849 4680 2128 4754 caritate,
2164 4700 2304 4763 quae

618 4819 639 4826 ··
717 4807 723 4813 ·
756 4807 765 4848 2
807 4789 906 4846 est
935 4778 1341 4863 promerendi
1373 4777 1787 4861 principium.
1824 4778 1945 4842 Sed
1984 4787 2173 4861 prout
2211 4789 2307 4843 est

806 4899 953 4963 pars
1010 4877 1410 4951 sacramenti,
1458 4877 1710 4941 ordinat
1766 4876 2181 4941 confitentem
2226 4879 2306 4941 ad

806 4979 1196 5042 sacerdotem
1229 4976 1575 5039 habentem
1606 4974 1815 5038 claves
1847 4975 2168 5049 Ecclesiae,
2191 4978 2304 5059 qui

805 5095 923 5159 per
962 5074 1431 5139 confessionem
1479 5073 1805 5155 cognoscit
1847 5073 2302 5137 conscientiam

805 5173 1193 5237 confitentis.
1246 5173 1479 5256 Sicque
1538 5171 1855 5235 confessio
1902 5179 2110 5254 potest
2161 5191 2302 5236 esse

804 5272 997 5336 etiam
1042 5273 1107 5335 in
1146 5290 1222 5337 eo
1251 5271 1520 5355 quinon
1560 5279 1658 5334 est
1692 5271 2002 5336 contritus
2037 5287 2051 5333 ε
2096 5279 2303 5354 potest

2417 4290 2714 4353 cordatur
2743 4289 2986 4372 peccati
3015 4288 3524 4371 obliti,oportere
3554 4307 3677 4352 non
3709 4291 3917 4356 solum

2419 4387 2578 4450 illud
2625 4387 2941 4462 confiteri,
2983 4387 3094 4450 sed
3141 4395 3205 4449 et
3249 4387 3375 4450 alia
3417 4387 3551 4469 jam
3597 4388 3914 4465 confessa,

2419 4486 2772 4569 praesertim
2802 4486 2856 4548 si
2887 4494 3161 4567 nequeat
3189 4486 3485 4548 eumdem
3519 4487 3912 4552 sacerdotem

2417 4585 2652 4647 habere
2710 4584 2786 4647 ad
2846 4583 3307 4658 confitendum,
3358 4592 3674 4666 quatenus
3719 4587 3915 4649 totius

2418 4683 2623 4765 culpae
2665 4682 2984 4764 quantitas
3027 4682 3140 4745 uni
3186 4682 3537 4746 innotescat
3577 4685 3912 4747 sacerdoti.

2417 4781 2541 4844 Sed
2579 4783 2698 4844 hoc
2739 4781 3170 4844 necessarium
3214 4798 3344 4844 non
3382 4781 3653 4844 videtur.
3693 4783 3916 4846 Pecca-

2416 4887 2554 4942 tum
2586 4899 2863 4962 namque
2891 4879 3084 4943 habet
3107 4881 3482 4961 gravitatem
3521 4899 3600 4943 ex
3639 4900 3708 4943 se
3749 4882 3912 4964 ipse,

2417 4986 2482 5042 et
2518 4999 2596 5041 ex
2637 4979 3090 5061 conjunctione
3128 4978 3390 5041 alterius
3429 4979 3656 5061 culpae.
3690 4980 3913 5044 Pecca-

2414 5082 2624 5138 torum
2654 5094 2808 5139 vero
2837 5077 2914 5149 de
2945 5076 3182 5158 quibus
3211 5076 3540 5139 confessus
3570 5083 3690 5151 est,
3723 5096 3914 5159 quan-

2413 5175 2658 5237 titatem
2709 5173 3140 5237 manifestavit
3189 5193 3382 5256 quam
3437 5174 3674 5237 habent
3721 5193 3798 5237 ex
3842 5193 3907 5237 se

2415 5273 2590 5355 ipsis.
2623 5273 2701 5335 Et
2736 5273 2814 5336 ad
2857 5273 2978 5336 hoc
3017 5273 3185 5355 quod
3227 5279 3563 5354 utramque
3594 5273 3904 5354 quantita·
