4267 6250
617 3248 754 3292 theor.
777 3250 845 3293 ³6.

877 479 999 545 318

1552 501 1617 548 m
1656 500 1878 548 mantnt
1921 500 1981 546 1v
2022 498 2507 546 SENTENTIARUM.
2548 513 2630 528 -··
2669 499 2822 544 msr.
2866 499 2995 561 1113
3037 498 3265 555 QUAEST.
3308 498 3331 545 1

876 669 1050 732 niam
1089 687 1394 732 numerus
1433 671 1712 753 separari
1751 688 1878 734 non
1911 671 2078 734 valet
2105 689 2143 732 a
2181 669 2371 732 rebus
2401 670 2452 732 Α
2481 668 2630 731 terit
2672 669 2867 749 hujus
2916 665 3296 731 sacramenti
3342 669 3575 730 veritas
3623 667 3995 750 impugnari

875 769 1245 844 numeratis„
1279 788 1398 832 nec
1437 768 1812 851 separabilis
1852 777 1950 832 est
1987 787 2295 831 numerus
2337 786 2374 830 a

875 864 1196 929 decisione
1247 866 1555 940 continui,
1609 874 1680 928 ut
1727 867 1915 929 tertio
1961 866 2372 948 Physicorum

874 970 1048 1044 patet
1094 964 1288 1027 etiam
1341 965 1420 1027 66
1477 964 1920 1028 accidentibus
1969 963 2369 1026 successivis,

873 1060 1151 1143 Tempus
1189 1079 1468 1144 namque
1507 1080 1636 1126 non
1669 1071 1766 1125 est
1794 1061 2149 1145 separabile
2178 1081 2215 1124 a
2244 1078 2376 1123 mo-

873 1165 964 1232 tu,
999 1177 1117 1221 nec
1155 1167 1363 1222 motus
1393 1178 1430 1222 a
1463 1159 1902 1240 magnitudine
1940 1178 2054 1223 seu
2097 1158 2319 1222 mobili
2355 1175 2369 1220 :

876 1256 1007 1319 imo
1037 1256 1114 1320 66
1154 1255 1407 1321 formali
1452 1258 1694 1322 ratione
1733 1258 2080 1320 accidentis
2125 1275 2373 1320 succes-

875 1354 996 1417 sivi
1036 1363 1154 1430 est,
1197 1356 1368 1438 quod
1407 1375 1536 1418 666
1585 1374 1729 1438 pars
1778 1355 2077 1420 succedat
2123 1355 2305 1418 alteri
2356 1373 2370 1418 :

875 1453 1045 1536 quod
1095 1451 1240 1515 sieri
1283 1454 1529 1536 nequit,
1571 1453 1697 1517 nisi
1743 1454 2035 1537 subiecto
2081 1454 2374 1536 supposi-

875 1559 940 1614 to
989 1552 1056 1614 in
1104 1569 1233 1635 quo
1271 1552 1640 1633 hujusmodi
1679 1560 1890 1635 partes
1929 1552 2055 1616 sibi
2093 1552 2373 1617 invicem

875 1651 1238 1714 succedant.
1289 1652 1462 1714 ldem
1523 1657 1695 1734 patet
1741 1653 1820 1714 de
1877 1659 2102 1735 quarta
2159 1651 2374 1734 specie

872 1749 1220 1831 qualitatiS,
1239 1769 1382 1832 quae
1410 1750 1690 1832 separari
1719 1767 1848 1814 non
1878 1758 2088 1834 potest
2114 1770 2153 1813 6
2182 1770 2377 1833 quan·

2482 787 2559 830 ex
2600 767 2719 830 hoc
2768 768 2938 850 quod
2984 767 3303 850 quantitas
3346 785 3463 849 per
3502 785 3571 830 56
3612 766 3895 830 exsistat.

2562 864 2737 938 Quod
2777 873 2991 928 autem
3031 864 3350 947 quantitas
3394 864 3831 927 individuetur
3874 882 3997 946 per

2484 981 2574 1036 56,
2606 971 2671 1026 et
2698 981 2826 1026 non
2867 963 2993 1026 alia
3023 963 3400 1037 accidentia,
3430 962 3677 1045 triplici
3706 962 3809 1025 via
3844 980 3995 1044 pro-

2484 1060 2688 1123 batur.
2714 1062 2784 1124 ln
2816 1060 3021 1124 tribus
3049 1061 3227 1124 enim
3257 1060 3572 1124 differunt
3600 1060 3995 1123 universalia

2484 1179 2517 1221 a
2559 1159 3072 1242 particularibus
3104 1158 3337 1234 Prim0,
3371 1159 3675 1241 quoniam
3720 1161 3997 1243 particu-

2484 1255 2641 1320 laria
2682 1257 2920 1320 habent
2960 1276 3101 1320 esse
3144 1257 3461 1339 signatum
3502 1265 3569 1320 et
3603 1257 3993 1320 determina-

2483 1363 2621 1418 tum
2652 1357 2732 1420 ad
2765 1356 2976 1420 locum
3006 1365 3073 1419 et
3100 1365 3378 1439 tempus„
3412 1356 3798 1420 universalia
3832 1374 3988 1419 non.

2483 1455 2629 1518 Ideo
2667 1455 2924 1529 dicitur,
2956 1456 3127 1539 quod
3159 1454 3563 1537 particularia
3600 1462 3749 1517 sunt
3787 1455 3895 1517 hic
3927 1463 3995 1517 et

2484 1570 2678 1628 nunc,
2712 1553 3099 1617 universalia
3134 1571 3287 1616 vero
3327 1551 3569 1635 ubique
3608 1561 3672 1616 et
3710 1571 3989 1635 semper.

2485 1651 2797 1726 Secunde,
2848 1652 3018 1734 quod
3067 1651 3475 1734 particularia
3533 1650 3995 1733 plurificantur

2486 1749 2551 1811 in
2599 1750 2823 1813 eadem
2872 1749 3109 1832 specie,
3160 1749 3549 1812 universalia
3597 1767 3748 1813 vero
3795 1768 3925 1813 non
3972 1769 3989 1812 :

873 1850 1072 1924 titate,
1105 1869 1305 1933 quum
1351 1850 1749 1933 impossibile
1791 1851 1875 1914 sit
1915 1869 2054 1914 esse
2099 1849 2373 1933 figuram
2408 1853 2456 1916 B
2485 1849 2872 1912 universalia
2914 1848 3089 1911 enim
3141 1847 3593 1930 plurificantur
3640 1867 3755 1930 per
3800 1849 3994 1912 dirre-

874 1947 1013 2011 sine
1068 1948 1273 2010 lineis.
1330 1949 1586 2012 Simitas
1639 1967 1893 2032 quoque
1943 1949 1995 2012 si
2045 1957 2377 2031 separetur

872 2066 910 2109 6
949 2064 1124 2120 6656,
1157 2065 1284 2110 666
1329 2054 1426 2110 est
1463 2047 1730 2121 simitas,
1765 2067 1964 2130 quum
2008 2047 2253 2110 simitas
2292 2047 2377 2109 sit

875 2144 1154 2208 curvitas
1197 2147 1354 2209 nasi.
1389 2182 1468 2191 —
1503 2146 1648 2209 Haec
1688 2146 2192 2227 Argentinensis.
2226 2147 2374 2220 Quae

875 2244 1204 2307 recitative
1235 2244 1468 2307 induco
1498 2245 1699 2326 magis
1729 2264 1922 2327 quam
1953 2245 2277 2308 assertive.
2301 2246 2372 2308 In

875 2343 994 2404 1166
1033 2343 1274 2425 quippe
1315 2343 1578 2406 materia
1613 2343 1948 2426 opiniones
1991 2351 2141 2406 sunt
2181 2344 2376 2426 pluri-

877 2460 1018 2517 mae,
1053 2441 1322 2504 diversis
1366 2443 1622 2505 motivis
1667 2461 2001 2524 persuasae.
2041 2443 2114 2505 Et
2154 2461 2373 2525 quam-

875 2540 972 2602 vis
1001 2540 1322 2603 interdum
1355 2541 1422 2603 in
1448 2541 1861 2616 ‚conclusione
1891 2541 2371 2615 concordentin

877 2638 1104 2702 mediis
1152 2647 1366 2702 tamen
1417 2639 1822 2715 dissentiunt,
1875 2660 2004 2703 666
2046 2639 2374 2721 judicante

874 2739 1045 2821 quod
1092 2739 1328 2801 motiva
1367 2738 1631 2801 alterius
1680 2756 1808 2802 non
1852 2739 2253 2801 concludant.
2298 2739 2375 2801 Et

874 2836 1176 2913 breviter,
1213 2836 1468 2900 infinita
1510 2839 1832 2900 contentio
1867 2845 1963 2900 est
2001 2837 2068 2900 in
2103 2837 2226 2912 his,
2268 2857 2373 2901 ex-

875 2935 1079 3016 ceptis
1121 2935 1222 2997 his
1265 2955 1408 3018 quae
1447 2935 1603 2998 fidei
1648 2944 1816 2998 sunt.

2487 1948 2757 2009 rentiam
2806 1946 3161 2010 formalem.
3214 1947 3445 2020 Tertio,
3491 1948 3661 2029 quod
3710 1949 3993 2030 particu-

2488 2045 2642 2109 laria
2680 2053 2830 2109 sunt
2868 2045 3311 2128 corruptibilia
3346 2053 3539 2128 atque
3578 2045 3859 2109 mobilia.
3896 2047 3995 2110 Ex

2486 2144 2587 2206 his
2635 2144 2991 2207 formantur
3036 2151 3165 2206 tres
3214 2144 3506 2206 rationes.
3557 2143 3787 2218 Prima,
3835 2147 3997 2226 quia

2484 2243 2585 2323 (ut
2627 2243 2852 2324 probat
2894 2242 3219 2304 Avicenna
3270 2242 3336 2304 in
3378 2242 3805 2326 Metaphysica
3844 2245 3995 2324 sua)

2486 2341 2855 2405 substantiae
2901 2341 3135 2404 accidit
3176 2359 3316 2404 esse
3362 2341 3427 2402 in
3471 2341 3610 2404 loco
3645 2361 3659 2406 :
3697 2341 3994 2404 substan-

2486 2440 2590 2504 tiae
2619 2441 2793 2502 enim
2824 2457 2950 2502 non
2983 2438 3290 2522 competit
3320 2439 3455 2514 ubi,
3488 2440 3611 2502 nisi
3642 2459 3759 2522 per
3784 2460 3992 2522 quan-

2484 2539 2769 2616 titatem;
2819 2546 2884 2600 et
2930 2537 3241 2621 quidquid
3294 2538 3721 2620 corporalium
3770 2546 3871 2602 est
3918 2541 3991 2602 in

2487 2637 2645 2712 loco,
2666 2654 2781 2720 per
2808 2636 3225 2719 quantitatem
3258 2644 3355 2699 est
3386 2636 3451 2699 in
3480 2655 3575 2700 eo.
3598 2637 3761 2719 Ergo
3789 2657 3995 2720 quan-

2483 2735 2645 2797 titati
2690 2753 2805 2816 per
2832 2753 2922 2809 se,
2956 2751 3084 2798 non
3126 2753 3240 2817 per
3273 2733 3446 2796 aliud
3478 2735 3783 2816 competit
3808 2735 3937 2798 1166
3972 2752 3988 2798 z

2484 2841 2550 2898 et
2591 2835 2678 2897 ita
2722 2852 2837 2916 per
2878 2852 2946 2896 se
2994 2841 3093 2896 est
3139 2833 3293 2896 haec.
3338 2833 3629 2896 Secunda
3674 2842 3793 2908 est,
3830 2835 3995 2916 quia

2486 2933 2551 2995 in
2600 2931 2951 3014 quantitate
3001 2949 3340 3013 possumus
3398 2931 3753 3012 intelligere
3801 2932 3993 3015 plura

953 3034 1278 3097 Postremo
1305 3033 1588 3114 AEgidius
1619 3035 1685 3096 in
1719 3042 1983 3097 tractatu
2017 3035 2375 3117 praeallega-
2404 3040 2448 3103 C
2485 3031 2548 3094 in
2590 3031 2813 3093 eadem
2854 3029 3068 3112 specie
3102 3047 3116 3092 :
3150 3047 3299 3111 ergo
3340 3029 3477 3112 ipsa
3514 3049 3630 3112 per
3668 3049 3737 3093 se
3774 3030 3989 3113 ipsam

875 3139 940 3195 to
971 3132 1048 3195 (16
1079 3133 1506 3208 Sacramento,
1525 3132 1729 3195 multa
1757 3152 1952 3215 super
1979 3134 2082 3197 his
2111 3134 2367 3197 scribit:

875 3230 1095 3294 Cetera
1115 3230 1392 3311 (dicens)
1414 3230 1768 3294 accidentia
1798 3250 1913 3314 per
1942 3252 2056 3295 sua
2082 3232 2373 3314 subiecta

873 3327 1447 3393 individuationem
1494 3329 1887 3412 suscipiunt3
1937 3331 2071 3393 sola
2118 3331 2369 3413 quanti-

870 3436 964 3491 tas
1005 3428 1381 3503 dimensiva‚
1415 3429 1769 3491 secundum
1809 3448 1876 3493 56
1917 3428 2121 3512 ipsam
2162 3429 2262 3493 vel
2302 3449 2369 3493 se

868 3528 1008 3610 ipsa
1051 3534 1149 3590 est
1184 3526 1341 3600 haec,
1372 3534 1437 3588 et
1474 3534 1545 3589 ut
1587 3526 2043 3603 individuetur,
2078 3528 2369 3609 subjecto

867 3643 996 3688 non
1031 3626 1291 3709 indiget.
1327 3626 1570 3689 Idcirco
1599 3644 1676 3690 ex
1710 3634 1891 3709 parte
1925 3627 2370 3691 individuatio-

866 3722 989 3798 615,
1032 3723 1360 3806 reprobari
1407 3741 1536 3786 non
1585 3730 1793 3806 potest
1839 3724 1998 3807 quin
2047 3725 2369 3807 quantitas

867 3820 932 3883 in
963 3821 1084 3884 hoc
1113 3830 1511 3885 sacramento
1541 3822 1744 3905 possit
1771 3841 1910 3885 esse
1941 3841 2058 3904 per
2085 3822 2370 3885 se.Nem-

865 3938 968 4001 pe,
1001 3939 1199 4001 quum
1229 3927 1360 3984 tota
1388 3939 1580 3983 66656
1608 3920 1691 3983 ob
1723 3940 1917 4004 quam
1950 3920 2227 3983 dicimus
2268 3940 2369 3983 66-

865 4017 1084 4080 616665
1131 4036 1258 4081 666
1309 4037 1493 4101 posse
1539 4036 1654 4100 per
1697 4037 1766 4081 se
1809 4038 1970 4092 esse,
2013 4020 2096 4081 sit
2136 4019 2290 4101 quia
2330 4039 2367 4083 a

863 4113 1156 4195 subjecto
1192 4115 1544 4196 dependet3
1587 4115 1753 4189 iden,
1794 4117 2151 4179 secundum
2194 4116 2366 4198 quod

2484 3129 2924 3193 individuatur.
2934 3128 3257 3203 Quantitas
3286 3129 3523 3192 etenim
3550 3147 3665 3211 per
3688 3129 3991 3212 seipsam

2482 3236 2741 3292 extensa
2770 3235 2886 3303 est,
2920 3234 3131 3290 cetera
3169 3245 3297 3292 non
3334 3227 3459 3290 nisi
3493 3246 3610 3311 per
3639 3246 3778 3291 eam
3814 3247 3830 3292 ε
3864 3230 3993 3291 516-

2481 3345 2607 3409 que
2649 3327 2969 3410 quantitas
3020 3345 3135 3409 per
3176 3344 3245 3389 se
3290 3326 3495 3408 ipsam
3538 3326 3729 3390 habet
3770 3336 3990 3410 partes

2480 3432 2794 3500 extensas,
2828 3444 2971 3508 quae
3014 3424 3305 3505 ejusdem
3352 3431 3503 3487 sunt
3542 3425 3801 3508 speciei.
3834 3425 3989 3489 Ter·

2479 3524 2588 3598 tia,
2640 3523 2942 3606 quoniam
2999 3523 3335 3605 quantitati
3390 3523 3689 3586 convenit
3738 3524 3991 3587 moveri

2480 3620 2787 3697 localiter,
2822 3622 2989 3686 sicut
3027 3640 3165 3685 esse
3212 3622 3277 3684 in
3319 3621 3479 3697 loco,
3512 3639 3589 3685 66
3626 3622 3815 3685 modo
3850 3640 3991 3705 quo

2478 3719 2538 3782 ei
2588 3720 2896 3803 competit
2936 3719 3270 3783 actualiter
3311 3738 3473 3795 esse,
3506 3728 3571 3782 et
3608 3739 3723 3803 per
3760 3737 3991 3783 conse-

2478 3837 2681 3900 quens
2721 3837 2861 3881 6556
2900 3818 3309 3881 individuale.
3346 3818 3522 3881 Unde
3564 3818 3989 3902 impartibilia

2478 3936 2591 3980 seu
2622 3935 2749 3980 non
2780 3926 3036 4000 quanta,
3062 3916 3419 3980 immobilia
3445 3916 3865 4000 appellantur.
3907 3917 3987 3981 Et

2477 4016 2643 4078 sicut
2681 4016 2801 4079 hoc
2840 4016 3079 4097 triplici
3131 4016 3319 4079 modo
3364 4015 3687 4098 probatur,
3728 4018 3989 4097 quanti—

2475 4122 2671 4177 tatem
2723 4114 3109 4177 individuari
3159 4132 3275 4195 per
3316 4132 3406 4190 se,
3440 4132 3565 4177 non
3610 4132 3727 4195 per
3765 4112 3987 4195 subje-

863 4212 1216 4275 accidentia
1265 4213 1466 4293 magis
1513 4220 1575 4275 et
1619 4212 1832 4275 minus
1875 4232 1912 4275 a
1953 4214 2087 4276 suis
2134 4215 2367 4296 depen-
2398 4220 2447 4282 D
2477 4220 2687 4291 ctum3
2730 4213 2823 4275 516
2862 4231 2941 4275 ex
2982 4212 3277 4294 opposito
3318 4211 3553 4294 triplici
3599 4212 3789 4275 modo
3830 4230 3984 4295 pro-

865 4311 1018 4374 dent
1072 4309 1403 4390 subjectis,
1455 4312 1658 4392 magis
1709 4320 1774 4374 et
1821 4312 2034 4375 minus
2093 4312 2365 4376 difficile

864 4417 962 4472 est
989 4410 1304 4473 sustinere
1344 4410 1513 4491 quod
1544 4410 1795 4473 valeant
1825 4429 1938 4493 per
1978 4430 2046 4474 se
2083 4430 2246 4486 esse,
2282 4412 2366 4475 lo-

865 4508 1118 4589 quendo
1147 4507 1226 4569 de
1254 4507 1692 4571 accidentibus
1724 4509 2157 4591 permanentis
2189 4517 2367 4572 natu-

865 4624 970 4680 rae,
1012 4606 1164 4687 quia
1204 4604 1285 4668 de
1329 4606 1708 4669 successivis
1758 4614 2005 4669 certum
2051 4614 2149 4669 est
2193 4608 2365 4689 quod

864 4720 1010 4767 non.
1043 4703 1412 4767 Accidentia
1449 4722 1601 4767 vero
1639 4724 1781 4787 quae
1821 4724 1936 4789 per
1976 4724 2092 4768 sua
2134 4705 2364 4769 indivi-

861 4803 1139 4866 duantur
1181 4803 1491 4885 subjecta,
1525 4804 1629 4868 vel
1672 4803 2074 4887 impossibile
2113 4811 2211 4867 est
2249 4824 2365 4887 per

862 4922 930 4965 se
971 4901 1276 4965 exsistere
1325 4904 1465 4966 5166
1514 4902 2036 4966 contradictionis
2079 4903 2367 4985 implica·

863 5002 1058 5077 tione,
1090 5008 1199 5064 aut
1228 5001 1410 5065 valde
1440 5001 1714 5065 difficile
1743 5010 1842 5065 est
1869 5002 1991 5065 hoc
2024 5003 2358 5065 sustinere.

863 5100 928 5164 Si
971 5119 1122 5182 ergo
1163 5101 1549 5176 ostendatur,
1584 5118 1712 5163 non
1753 5100 1968 5163 omnia
2009 5100 2365 5164 accidentia

863 5218 980 5282 per
1006 5217 1123 5262 sua
1151 5198 1436 5280 subjecta
1467 5199 1870 5273 individuari,
1885 5206 1950 5261 et
1978 5199 2146 5282 quod
2174 5218 2363 5281 quan-

863 5299 1012 5364 titas
1053 5318 1171 5383 per
1211 5316 1279 5361 56
1321 5298 1528 5381 ipsam
1572 5297 2044 5379 individuetur;
2085 5316 2214 5363 non
2256 5316 2366 5382 po-

2476 4310 2684 4385 batur,
2718 4318 2927 4373 cetera
2967 4311 3322 4374 accidentia
3363 4329 3479 4393 per
3526 4330 3641 4373 sua
3686 4310 3983 4393 subjecta

2478 4409 3049 4472 individuationem
3078 4410 3387 4491 accipere.
3414 4410 3643 4485 Primo,
3665 4409 3819 4492 quia
3844 4427 3983 4474 non

2476 4507 2713 4571 habent
2750 4526 2889 4573 esse
2930 4508 3251 4590 signatum
3306 4507 3432 4570 nisi
3481 4526 3598 4591 per
3643 4508 3979 4589 subjecta3

2476 4607 2780 4682 secundo,
2826 4608 2979 4690 quia
3026 4626 3153 4671 non
3203 4606 3655 4689 plurificantur
3692 4607 3815 4670 nisi
3860 4627 3983 4690 per

2475 4723 2591 4785 ea3
2640 4706 2847 4782 tertio,
2898 4706 3051 4788 quia
3106 4714 3435 4788 nequeunt
3490 4724 3628 4769 esse
3685 4705 3981 4787 subjecta

2475 4811 2685 4867 motus
2728 4803 2854 4867 nisi
2898 4822 3013 4886 per
3054 4822 3129 4867 66
3170 4804 3407 4887 quibus
3448 4804 3686 4868 insunt.

2554 4903 2765 4978 Porro,
2807 4902 3123 4985 quidquid
3172 4903 3341 4966 Deus
3389 4910 3597 4986 potest
3645 4922 3758 4986 per
3806 4922 3979 4967 crea-

2474 5009 2705 5076 turam,
2740 5008 2948 5084 potest
2991 5020 3105 5084 per
3145 5020 3213 5064 se
3248 5021 3261 5064 :
3296 5019 3446 5084 ergo
3484 5002 3650 5065 sicut
3682 5020 3797 5085 per
3834 5003 3981 5086 ipsa

2474 5099 2765 5181 subjecta
2808 5107 3142 5163 conservat
3178 5099 3533 5163 accidentia
3584 5101 3648 5162 in
3690 5119 3852 5176 esse,
3885 5102 3977 5165 ita

2475 5206 2685 5282 potest
2714 5198 2834 5261 hoc
2864 5217 2981 5281 per
3008 5218 3077 5261 se
3108 5198 3345 5281 ipsum,
3378 5199 3503 5261 nisi
3532 5198 3709 5262 aliud
3738 5199 3971 5275 obstet,

2477 5299 2645 5361 sicut
2682 5296 2747 5360 in
2792 5296 3170 5361 successivis
3199 5304 3264 5360 et
3291 5296 3594 5373 relativis,
3628 5298 3695 5361 in
3733 5298 3974 5383 quibus
