4267 6250
1047 465 1052 470 ’
1145 491 1346 540 uranu
1385 490 1793 540 connmno
1833 491 1927 538 srr
1965 489 2438 549 monumen,
2476 489 2605 538 mc.

3289 440 3430 534 '185

319 667 646 749 spondens
677 665 744 728 in
776 665 1250 748 lege,‘quamvis
1279 663 1496 747 aliquo
1527 663 1716 728 modo
1744 663 1827 726 sit
1855 663 1907 727 A
1935 681 2192 747 quoque
2235 664 2467 728 Christi
2504 671 2569 728 et
2608 662 2927 728 Ecclesiae.
2970 661 3034 728 Si
3070 669 3285 726 autem
3332 661 3431 725 hae

319 765 674 846 figuratum
703 765 771 826 in
812 765 1116 829 unctione
1152 763 1560 848 pontificum,
1593 782 1720 845 qua
1747 763 1828 826 si-

318 863 628 945 gnificata
674 871 773 926 est
827 862 1048 926 unctio
1104 862 1358 938 Christi,
1409 881 1448 924 a
1505 879 1633 944 quo
1689 861 1825 925 baec

321 961 544 1024 unctio
586 961 933 1024 derivatur.

395 1059 492 1122 Ad
537 1058 886 1121 secundam
927 1057 1342 1140 quaestionem
1383 1058 1775 1140 respondens
1807 1075 1822 1120 :

321 1157 581 1240 Triplex
629 1164 748 1231 est,
790 1156 1024 1238 inquit,
1063 1155 1426 1220 necessitas.
1467 1156 1602 1219 Una
1646 1155 1830 1219 abso-

325 1256 476 1330 luta,
521 1263 594 1318 ut
641 1256 842 1319 Deum
892 1273 1052 1318 esse.
1095 1253 1236 1318 Alia
1283 1254 1648 1330 coactioniS,
1684 1274 1826 1337 quae

323 1363 414 1418 est
444 1373 526 1418 ex
565 1373 760 1416 causa
795 1352 1143 1416 efficiente.
1177 1353 1386 1416 Tertia
1423 1372 1502 1416 ex
1536 1353 1826 1436 supposi-

323 1454 496 1517 tione
545 1452 720 1516 finis.
759 1452 840 1515 Et
887 1451 1006 1514 ista
1053 1459 1150 1515 est
1195 1451 1482 1534 duplex:
1519 1471 1644 1515 una
1689 1451 1827 1515 sine

326 1571 450 1634 qua
491 1568 626 1614 non
675 1557 886 1633 potest
931 1549 1204 1633 acquiri,
1235 1550 1406 1612 sicut
1449 1550 1651 1631 gloria
1695 1569 1826 1613 non

323 1656 533 1732 potest
559 1649 702 1713 sine
731 1647 864 1712 fide
895 1655 960 1712 et
985 1649 1188 1731 gratia
1217 1648 1658 1731 adipisci3alia
1687 1649 1826 1712 sine

324 1767 446 1831 qua
485 1747 646 1810 finis
691 1763 822 1810 non
867 1754 1081 1830 potest
1115 1747 1575 1810 convenienter
1617 1753 1682 1809 et
1724 1765 1826 1809 ex-

1933 763 2274 844 dignitates
2330 771 2781 846 comparentur
2836 763 2912 825 ad
2972 761 3272 836 invicem,
3323 761 3434 823 illa

1934 869 2032 924 est
2062 862 2359 937 maxima,
2394 881 2588 946 quam
2618 868 3088 926 sacramentum
3129 859 3323 923 habet
3354 879 3435 923 ex

1935 967 2255 1035 contento,
2280 961 2433 1044 quia
2460 960 2858 1025 essentialior
2886 967 2983 1023 est
3014 977 3029 1022 ε
3064 959 3207 1023 ideo
3235 977 3437 1022 sacra-

1937 1065 2226 1122 mentum
2261 1059 2674 1124 Eucharistiae
2703 1067 2800 1124 est
2828 1058 3117 1122 absolute
3145 1058 3437 1140 dignissi-

1934 1176 2127 1231 mum,
2142 1164 2207 1219 et
2234 1157 2311 1220 ad
2342 1157 2555 1239 ipsum
2588 1165 2797 1221 cetera
2826 1157 3211 1220 ordinantur.
3230 1156 3439 1238 Digni-

1934 1262 2030 1316 tas
2061 1273 2316 1337 quoque
2346 1255 2412 1317 in
2444 1255 2801 1329 efficienda
2817 1254 3118 1338 praevalet
3146 1253 3436 1336 dignitati

1937 1352 2003 1416 in
2049 1353 2510 1434 significand03
2543 1361 2607 1416 et
2649 1354 2760 1417 illa
2806 1373 2948 1436 quae
2996 1360 3094 1416 est
3138 1351 3437 1416 effectiva

1937 1452 2111 1527 boni,
2164 1450 2545 1534 simpliciter
2600 1452 2975 1535 praeeminet
3029 1452 3089 1516 ei
3140 1472 3282 1535 quae
3338 1459 3437 1515 est

1934 1550 2213 1614 ablativa
2256 1550 2428 1613 mali.
2459 1550 2621 1614 Hine
2670 1551 2987 1633 loquendo
3028 1550 3429 1633 simpliciter,

1936 1657 2079 1732 post
2124 1648 2591 1712 Eucharistiam
2641 1648 2921 1712 nobilius
2964 1655 3430 1712 sacramentum

1935 1754 2035 1810 est
2056 1745 2246 1821 Ordo,
2279 1765 2393 1828 per
2422 1765 2615 1829 quem
2654 1747 2847 1809 homo
2877 1745 2943 1808 in
2970 1746 3171 1828 gratia
3208 1752 3273 1809 et
3298 1763 3434 1826 gra-

325 1847 534 1929 pedite
571 1846 844 1928 acquiri.
877 1847 1106 1910 Primis
1144 1845 1396 1910 duobus
1438 1845 1644 1909 modis
1684 1843 1824 1906 nul·
1859 1843 1908 1906 B
1936 1846 2022 1908 du
2061 1845 2323 1928 ponitur
2360 1845 2719 1927 dignitatis3
2753 1851 2816 1908 et
2853 1851 2996 1927 post
3031 1845 3153 1908 hoc
3193 1844 3435 1908 Confir-

326 1943 454 2006 lum
513 1949 991 2007 sacramentum
1047 1950 1146 2006 est
1195 1944 1650 2017 necessarium,
1713 1942 1825 2005 sed

325 2043 507 2106 tertio
555 2042 750 2106 modo
768 2059 785 2123 ;
837 2049 900 2104 et
947 2042 1237 2124 quaedam
1287 2042 1640 2105 secundum
1700 2041 1827 2124 pri-

328 2161 497 2205 mum
539 2141 808 2204 modum
849 2139 1022 2202 illius
1066 2141 1266 2204 tertiae
1305 2140 1722 2215 necessitatis,
1755 2147 1826 2202 ut

326 2239 674 2322 Baptismus
704 2246 770 2300 et
797 2237 1166 2301 Poenitentia
1195 2243 1336 2319 post
1364 2236 1610 2299 ruinam
1630 2254 1646 2317 ;
1665 2255 1827 2319 quae-

327 2337 462 2400 dam
493 2355 654 2400 vero
683 2354 881 2420 penes
921 2335 1275 2399 secundum
1318 2334 1580 2399 modum
1610 2353 1828 2399 neces-

328 2435 522 2499 sitatis
555 2435 759 2510 iuius,
790 2442 864 2496 ut
891 2433 1329 2509 Confirmatio,
1352 2433 1656 2516 quoniam
1685 2433 1824 2496 sine

325 2553 396 2597 ea
423 2551 549 2596 non
581 2540 794 2616 potest
820 2533 968 2614 quis
996 2540 1126 2595 tam
1157 2540 1303 2614 apte
1333 2539 1398 2594 et
1425 2530 1590 2594 bene
1626 2530 1826 2613 adipi-

325 2632 410 2694 sci
439 2632 739 2705 salutem,
763 2630 932 2694 sicut
958 2649 1034 2692 ea
1063 2637 1376 2713 suscepta.
1401 2629 1471 2691 In
1501 2628 1826 2712 Baptismo

325 2737 524 2793 autem
601 2729 843 2792 dicitur
907 2727 1122 2811 aliqua
1188 2728 1521 2811 plenitudo
1582 2727 1820 2808 gratiae,

325 2835 628 2910 quantum
681 2827 761 2889 ad
809 2824 1314 2905 sufficientiam3
1360 2825 1425 2889 in
1475 2824 1826 2889 Confirma-

325 2926 485 2989 tione
513 2943 696 3000 vero,
718 2931 1032 3006 quantum
1063 2925 1141 2986 ad
1173 2924 1442 3006 copiam.
1477 2923 1820 2987 Sciendum

1936 1943 2154 2018 matio,
2187 1963 2305 2026 per
2350 1962 2541 2026 quam
2591 1943 2807 2024 gratiae
2854 1942 3180 2006 confertur
3227 1942 3433 2025 perfe-

1937 2042 2094 2121 cti03
2112 2042 2343 2106 deinde
2371 2041 2753 2125 BaptismuS,
2772 2060 2888 2123 per
2915 2059 3107 2124 quem
3138 2040 3217 2103 fit
3246 2042 3436 2125 plena

1935 2141 2229 2203 remissio
2268 2140 2474 2222 culpae
2503 2158 2577 2202 ac
2618 2157 2857 2223 poenae3
2889 2139 3192 2221 deinceps
3227 2141 3433 2203 Matri·

1935 2239 2247 2314 monium,
2280 2240 2451 2323 quod
2494 2239 2839 2301 maximam
2881 2238 3075 2301 habet
3115 2238 3435 2320 significa-

1932 2338 2583 2403 tionem.Poenitentia
2612 2356 2762 2402 vero
2793 2345 2856 2402 et
2885 2339 3183 2401 Extrema
3211 2338 3435 2403 Unctio

1933 2443 2262 2520 ponuntur
2300 2436 2466 2498 inter
2502 2436 2899 2519 Baptismum
2944 2443 3009 2498 et
3044 2435 3430 2500 Matrimoni-

1935 2555 2068 2610 um,
2098 2534 2403 2618 quoniam
2448 2535 2823 2598 ordinantur
2863 2534 3103 2600 directe
3148 2535 3227 2597 ad
3278 2535 3429 2598 mali

1934 2633 2375 2706 remotionem,
2427 2633 2721 2715 quamvis
2772 2632 2837 2694 in
2885 2632 3005 2695 hoc
3054 2633 3431 2696 Poenitentia

1935 2729 2163 2792 habeat
2211 2730 2525 2793 minorem
2574 2730 2933 2794 efficaciam
2981 2750 3171 2813 quam
3221 2730 3431 2814 Bapti-

1933 2848 2132 2903 smuS,
2167 2828 2320 2910 quia
2348 2828 2675 2892 ordinatur
2704 2837 2922 2892 contra
2954 2829 3267 2892 actualem
3302 2829 3432 2892 eul-

1934 2945 2080 3008 pam
2111 2927 2459 3001 dumtaxat,
2494 2945 2611 2990 nec
2642 2927 2811 2991 delet
2838 2946 3094 3010 poenam
3124 2927 3430 3008 totaliter3

327 3022 784 3106 quoque,quod
818 3022 1162 3104 dupliciter
1189 3021 1532 3104 expellitur
1560 3021 1820 3083 morbus
1858 3021 1903 3086 C
1933 3031 1996 3086 et
2037 3024 2245 3087 adhuc
2286 3025 2496 3088 minor
2537 3032 2635 3087 est
2676 3025 2973 3088 Extrema
3009 3024 3255 3099 Unctio,
3290 3045 3432 3108 quae

327 3122 581 3205 peccati.
619 3120 852 3196 Prima,
885 3120 1093 3204 quoad
1141 3120 1396 3202 culpam
1445 3119 1820 3202 originalem

329 3221 390 3283 in
431 3221 780 3304 Baptismo,
833 3227 898 3282 et
943 3219 1256 3282 actualem
1308 3220 1376 3281 in
1421 3218 1815 3283 Poenitentia.

326 3320 632 3394 Secunde,
683 3318 894 3401 quoad
953 3336 1207 3400 poenam
1267 3317 1682 3381 inclinantem
1739 3318 1819 3380 ad

324 3418 568 3501 culpam
623 3436 638 3479 :
691 3418 916 3499 sicque
965 3416 1309 3499 expellitur
1356 3416 1422 3479 in
1473 3416 1820 3480 Confirma-

320 3516 484 3580 tione
524 3524 592 3580 et
631 3515 776 3579 aliis
819 3515 1255 3578 sacramentis.

391 3615 483 3678 Ad
523 3614 782 3679 tertiam
833 3631 986 3678 vero
1035 3613 1424 3696 respondet:
1457 3612 1816 3696 Quintupli·

318 3712 466 3777 citer
509 3732 714 3775 unum
764 3718 1236 3775 sacramentum
1278 3710 1513 3774 dicitur
1560 3712 1814 3792 dignius

314 3810 453 3874 alio.
507 3812 740 3885 Primo,
802 3811 1011 3894 quoad
1070 3828 1206 3873 rem
1265 3810 1642 3872 sacramenti
1700 3828 1813 3874 seu

315 3909 448 3989 ejus
490 3908 802 3973 effectum
836 3926 851 3970 ε
886 3908 1110 3991 sicque
1147 3908 1532 3990 Baptismus,
1566 3908 1676 3991 qui
1711 3909 1814 3971 de-

314 4005 397 4069 let
433 4024 689 4070 omnem
732 4007 990 4089 culpam
1035 4014 1100 4070 et
1135 4024 1394 4070 omnem
1433 4005 1644 4069 aufert
1680 4024 1811 4089 poe-

313 4122 476 4179 nam,
497 4111 593 4167 est
619 4104 978 4167 maximum
1009 4112 1562 4169 sacramentorum.
1585 4104 1813 4167 Secun-

1933 3130 2151 3187 contra
2200 3123 2444 3207 peccati
2493 3122 2797 3207 reliquias
2846 3123 3192 3188 ordinatur.
3244 3126 3430 3189 Deni-

1932 3239 2077 3303 que,
2115 3240 2317 3305 quum
2363 3221 2780 3286 Confirmatio
2827 3231 3275 3306 praesupponat
3320 3225 3429 3287 Ba-

1929 3319 2263 3401 ptismum,
2296 3319 2641 3403 dupliciter
2671 3328 3120 3403 comparantur
3148 3322 3227 3385 ad
3269 3322 3427 3386 invi-

1928 3436 2088 3480 cem.
2111 3418 2336 3493 Prim0‚
2358 3426 2429 3481 ut
2456 3419 2807 3502 accipiatur
2835 3419 3246 3483 Confirmatio
3276 3440 3425 3484 cum

1925 3514 2499 3598 praesuppositione
2546 3516 2853 3599 Baptismi
2888 3533 2903 3577 ε
2936 3523 3001 3580 et
3046 3517 3139 3579 sic
3186 3516 3427 3581 Confir-

1927 3613 2119 3675 matio
2178 3611 2456 3676 nobilior
2502 3619 2600 3675 est
2645 3613 2969 3696 Baptismo
3019 3614 3423 3697 simpliciter,

1925 3710 2467 3794 quemadmodum
2534 3728 2673 3773 esse
2740 3711 3153 3775 substantiale
3220 3712 3427 3796 perfe-

1924 3816 2099 3871 ctum
2132 3827 2248 3890 per
2274 3807 2715 3883 accidentalia,
2736 3808 3116 3891 simpliciter
3142 3809 3425 3873 nobilius

1923 3915 2020 3970 est
2067 3908 2209 3989 ipso
2257 3924 2397 3969 esse
2454 3906 2855 3970 substantiali
2912 3907 3084 3970 nude
3137 3916 3417 3991 accepto.

1921 4005 2235 4080 Secundo,
2271 4023 2419 4067 cum
2450 4005 2823 4087 praecisione
2852 4004 3157 4087 Baptismi
3193 4024 3208 4068 :
3243 4014 3307 4070 et
3336 4007 3421 4070 ita

1919 4105 2282 4185 Baptismus
2322 4105 2789 4188 quodammodo
2827 4104 3077 4168 exsistit
3118 4104 3415 4182 nobilior,

312 4203 411 4276 dc,
443 4201 684 4267 ratione
715 4203 1001 4267 contenti
1034 4221 1049 4266 ε
1083 4210 1148 4266 et
1175 4203 1268 4267 sic
1299 4202 1716 4278 Eucharistia‚
1741 4204 1806 4266 in
1837 4202 1888 4266 D
1919 4209 2227 4284 quantum
2261 4203 2336 4265 ad
2370 4202 2677 4283 majorem
2712 4201 3071 4265 efficaciam
3104 4202 3168 4265 in
3200 4204 3418 4267 tollen-

312 4318 434 4381 qua
463 4300 752 4365 Christus
786 4300 1042 4365 realiter
1070 4301 1452 4376 continetur,
1485 4308 1583 4363 est
1607 4320 1808 4365 sacra-

318 4407 673 4462 mentorum
722 4398 1191 4480 dignissimum.
1227 4399 1458 4475 Tertio,
1494 4406 1805 4482 quantum

313 4496 388 4558 ad
417 4497 680 4579 gradum
711 4496 1036 4577 dignitatis
1069 4496 1134 4559 in
1168 4514 1298 4579 quo
1335 4498 1666 4560 constituit
1695 4497 1804 4560 ho-

315 4594 548 4657 minem
579 4612 594 4657 :
627 4601 692 4657 et
720 4594 816 4656 sic
846 4593 1297 4675 dignissimum
1335 4602 1801 4658 sacramentum

313 4697 406 4753 est
435 4690 612 4754 Ordo.
651 4691 905 4765 Quart0,
939 4698 1251 4773 quantum
1284 4692 1362 4755 ad
1393 4692 1757 4755 ministrum
1786 4710 1800 4755 :

313 4796 372 4851 et
411 4788 499 4852 ita
529 4788 944 4852 Confirmatio
981 4808 1056 4852 ac
1094 4790 1286 4852 etiam
1326 4790 1489 4853 Ordo
1528 4798 1678 4853 sunt
1715 4791 1805 4853 di-

313 4888 546 4967 gniora,
578 4888 730 4972 quia
773 4904 890 4970 per
931 4887 1138 4950 solum
1179 4888 1553 4971 episcopum
1595 4889 1806 4952 confe-

316 4992 552 5047 runtur.
574 4986 828 5060 Quinte,
857 4985 1064 5068 quoad
1095 4986 1549 5067 significatum,
1584 4994 1648 5050 et
1675 5005 1800 5052 non

317 5090 674 5145 contentum
709 5102 724 5146 ε
757 5092 824 5147 et
852 5084 947 5148 sic
977 5085 1446 5148 Matrimonium
1479 5093 1577 5147 est
1609 5086 1804 5149 maxi-

319 5199 488 5242 mum
535 5191 1026 5258 sacramentum,
1068 5184 1221 5266 quia
1257 5183 1581 5265 significat
1627 5184 1804 5248 unio-

317 5296 460 5341 nem
489 5288 852 5345 naturarum
883 5282 949 5344 in
984 5282 1252 5356 Christe,
1280 5282 1798 5365 conjunctionem

1918 4301 1998 4363 do
2043 4302 2307 4363 malum.
2338 4336 2419 4346 —
2448 4301 2591 4364 Haec
2635 4300 2906 4364 Thomas
2949 4301 3015 4363 in
3064 4302 3330 4386 Scripto.

1996 4399 2186 4463 Porro
2215 4400 2280 4462 in
2314 4400 2497 4461 tertia
2526 4407 2703 4481 parte
2733 4400 3033 4475 Summae,
3067 4402 3413 4482 quaestione

1915 4498 2382 4580 septuagesima
2420 4498 2720 4571 secunda,
2752 4504 3023 4560 testatur
3056 4517 3070 4561 :
3103 4499 3411 4573 Quoniam

1915 4595 2246 4659 sensibilia
2286 4603 2351 4657 et
2393 4596 2744 4677 corporalia
2792 4603 3023 4677 gerunt
3068 4597 3413 4679 spirituali-

1915 4713 2024 4756 um
2055 4701 2120 4756 et
2151 4691 2655 4774 intelligibilium
2689 4693 3203 4769 similitudinem,
3227 4696 3413 4759 idcir-

1913 4810 1988 4855 co
2019 4811 2096 4855 ex
2127 4792 2229 4853 his
2270 4810 2411 4873 quae
2444 4791 2509 4853 in
2540 4792 2669 4854 vita
2708 4792 3020 4873 corporali
3052 4794 3413 4876 specialiter

1911 4899 2207 4973 aguntur,
2244 4888 2578 4972 percipere
2612 4906 2953 4971 possumus
2992 4891 3147 4972 quid
3189 4891 3252 4953 in
3284 4893 3414 4955 vita

1911 4988 2232 5070 spirituali
2276 4988 2495 5069 gratiae
2535 4985 2811 5071 speciale
2855 4988 3133 5050 exsistat.
3171 4989 3238 5051 ln
3280 5008 3413 5052 cor-

1912 5086 2114 5169 porali
2146 5094 2359 5148 autem
2391 5085 2541 5159 vita,
2568 5083 2865 5167 specialis
2894 5086 3184 5167 quaedam
3218 5088 3416 5150 mani-

1911 5185 2068 5248 festa
2097 5184 2403 5268 perfectio
2430 5190 2525 5246 est
2554 5184 2718 5267 quod
2751 5183 2936 5247 homo
2964 5185 3039 5246 ad
3072 5183 3414 5266 perfectam

1911 5290 2160 5349 aetatem
2190 5284 2543 5366 perveniat,
2566 5289 2631 5346 et
2657 5281 2973 5365 perfectas
3004 5282 3285 5347 hominis
3313 5303 3413 5348 ac·

3494 4516 3577 4557 art.
