4267 6250
850 468 969 535 156

1530 489 1597 537 IN
1636 488 1860 536 numm!
1899 490 1963 537 lv
2002 488 2488 537 snmmunum
2527 506 2609 520 --
2649 489 2804 537 msr.
2845 488 2948 553 vl3
2991 489 3218 547 Qusssr.
3260 490 3282 537 1

930 660 1326 727 concordant
1351 662 1573 727 Petrus
1602 670 1667 726 et
1693 660 2063 726 RicharduS.
2098 662 2215 737 Qui
2247 661 2347 724 ad·
2375 660 2424 725 Α
2457 661 2602 725 talis
2632 662 3076 744 baptizaretur.
3101 700 3181 710 —
3208 663 3421 739 Porro,
3453 662 3506 726 si
3539 661 3960 746 praesumptio

848 759 962 834 dit,
996 761 1165 843 quod
1212 762 1464 845 parvuli
1508 762 1573 825 in
1620 762 1819 825 uteris
1858 768 2132 824 matrum
2179 761 2348 824 fiunt

847 866 1177 943 martyres,
1224 861 1279 923 si
1338 868 1571 923 matres
1624 877 1847 924 eorum
1904 877 2020 943 pro
2069 859 2203 922 fide
2251 860 2345 921 in·

846 958 1267 1034 terficiantur,
1306 960 1598 1040 quamvis
1646 959 1916 1022 intentio
1958 957 2348 1021 interficien-

844 1054 1007 1119 tium
1066 1074 1193 1120 non
1246 1056 1486 1120 feratur
1536 1056 1661 1120 nisi
1712 1057 1791 1120 ad
1844 1064 2121 1120 matrum
2183 1057 2347 1120 occi-

842 1154 1108 1218 sionem.

924 1255 1100 1317 Idem
1149 1254 1433 1319 affirmat
1481 1254 1983 1337 ArgentinensiS,
2035 1261 2099 1317 et
2145 1253 2340 1329 addit,

848 1353 1019 1435 quod
1049 1371 1212 1435 puer
1240 1353 1307 1416 in
1337 1358 1518 1416 utero
1549 1352 1769 1415 matris
1800 1357 2008 1435 potest
2036 1350 2342 1433 baptizari

846 1450 1170 1534 Baptismo
1218 1450 1525 1526 flaminis,
1566 1468 1643 1515 eo
1680 1449 1822 1533 ipso
1863 1450 2032 1533 quod
2078 1450 2346 1513 rationa-

846 1549 973 1612 lem
1023 1550 1304 1612 animam
1350 1550 1563 1624 habet,
1604 1568 1720 1633 per
1765 1568 1957 1631 quam
2007 1568 2205 1631 capax
2248 1555 2346 1611 est

845 1648 1060 1730 gratiae
1091 1648 1364 1730 Spiritus
1394 1648 1626 1712 Sancti.
1650 1647 1779 1710 Nec
1811 1645 2160 1729 requiritur
2187 1665 2340 1709 usus

848 1745 1031 1808 liberi
1070 1746 1317 1809 arbitrii
1358 1746 1423 1809 in
1465 1746 1575 1808 tali
1607 1744 1848 1808 infante
1884 1762 1899 1807 τ
1932 1744 2170 1827 alioqui
2202 1745 2341 1807 nul-

2454 763 2533 825 de
2575 769 2776 825 morte
2818 762 3194 827 imminente
3232 763 3336 826 vel
3373 762 3785 826 acceleranda
3813 780 3960 845 pro-

2455 868 2597 943 pter
2637 860 3057 942 Baptismum,
3090 879 3217 925 non
3261 862 3346 923 sit
3387 868 3579 935 certa,
3613 860 3724 923 sed
3768 859 3954 935 levi8‚

2452 959 2556 1022 vel
2604 958 2768 1022 forte
2818 958 3293 1035 irrationabiliS,
3328 968 3480 1043 puta
3528 960 3583 1023 si
3631 959 3958 1043 baptizan-

2453 1058 2573 1120 dus
2631 1058 2714 1119 sit
2771 1057 2836 1120 in
2899 1058 3170 1121 articulo
3226 1059 3496 1139 mortis3
3554 1058 3719 1133 dico,
3779 1059 3955 1140 quod

2453 1154 2694 1218 habens
2725 1156 3176 1219 conscientiam
3203 1157 3282 1219 de
3311 1156 3766 1220 acceleratione
3795 1175 3957 1219 mor—

2453 1254 2534 1316 tis
2582 1254 2726 1316 talis
2781 1254 3026 1317 infirmi
3083 1274 3199 1339 per
3244 1254 3736 1338 baptizationem
3781 1254 3953 1336 ejus,

2451 1352 2644 1415 habet
2671 1353 3128 1417 conscientiam
3167 1371 3521 1427 erroneam,
3553 1372 3696 1437 quae
3725 1353 3779 1416 si
3813 1353 3958 1416 nul-

2453 1451 2552 1513 lus
2613 1450 2777 1514 alius
2830 1452 2995 1515 adsit
3053 1452 3167 1534 qui
3227 1451 3527 1535 baptizet,
3586 1450 3739 1515 facit
3799 1471 3955 1516 eum

2449 1548 2830 1632 perplexum
2873 1568 2890 1612 τ
2933 1568 3134 1631 quum
3179 1567 3369 1614 nemo
3417 1568 3496 1613 ex
3545 1550 3685 1632 lege
3731 1549 3956 1614 divina

2452 1648 2793 1730 perplexus
2823 1648 2927 1722 sit,
2951 1648 3062 1711 sed
3093 1654 3301 1731 potest
3331 1648 3672 1732 perplexus
3702 1667 3842 1713 esse
3871 1668 3955 1712 ex

2452 1763 2716 1809 erronea
2765 1746 3172 1809 conscientia.
3207 1747 3384 1811 Unde
3433 1747 3486 1809 si
3533 1746 3641 1810 ille
3686 1747 3955 1810 decedat

847 1844 945 1907 lus
976 1845 1317 1909 infantium
1349 1851 1517 1908 esset
1544 1841 1980 1907 sanctificatus
2012 1844 2076 1905 in
2118 1844 2338 1906 matris
2373 1846 2420 1908 B
2451 1842 2590 1906 sine
2619 1843 2964 1927 BaptismO,
2989 1844 3258 1927 perit,et
3287 1844 3405 1907 iste
3434 1845 3515 1907 de
3543 1844 3746 1908 salute
3777 1844 3952 1908 illius

842 1951 1083 2007 ventre.

925 2043 1239 2107 Consonat
1267 2043 1511 2118 ScotuS,
1534 2051 1598 2106 et
1626 2042 1801 2107 addit
1832 2060 1847 2105 t
1882 2042 1944 2105 Si
1977 2060 2138 2124 puer
2168 2040 2342 2104 corio

845 2142 1171 2205 involutus
1214 2148 1559 2224 poneretur
1607 2142 1673 2204 in
1721 2160 1906 2223 aqua,
1958 2158 2077 2203 nec
2123 2148 2339 2221 tange-

846 2248 1021 2303 retur
1057 2239 1138 2302 ab
1176 2259 1270 2314 ea,
1309 2257 1435 2303 non
1474 2240 1941 2323 baptizaretur3
1980 2238 2034 2301 si
2075 2256 2228 2302 vero
2265 2257 2340 2301 ea

842 2347 1229 2421 tangeretur,
1274 2338 1721 2421 baptizaretur,
1762 2338 1903 2401 aliis
1945 2338 2023 2400 ad
2068 2337 2190 2400 hoc
2234 2357 2342 2400 ne-

844 2438 1136 2501 cessariis
1194 2438 1741 2501 concurrentibus.
1795 2437 1859 2500 Si
1918 2453 2069 2499 vero
2128 2434 2338 2498 infans

844 2538 923 2600 de
965 2542 1157 2620 ponte
1197 2536 1573 2619 projiciatur
1617 2536 1681 2598 in
1722 2534 1966 2597 flumen
2009 2534 2112 2597 vel
2157 2541 2337 2616 pute-

844 2655 976 2709 um,
1028 2653 1155 2699 non
1204 2634 1651 2717 baptizaretur,
1699 2634 1851 2716 quia
1896 2633 2015 2697 hoc
2065 2649 2193 2695 non
2243 2639 2338 2694 est

841 2735 1203 2798 ordinatum
1247 2734 1325 2795 ad
1371 2733 1567 2796 vitam
1612 2740 1676 2795 et
1724 2732 2049 2805 lotionem,
2096 2732 2208 2793 sed
2257 2730 2335 2792 ad

843 2842 1133 2897 mortem.
1180 2834 1323 2896 Haec
1365 2833 1610 2906 ScotuS‚
1646 2831 2055 2895 distinctione
2091 2836 2332 2912 quarta.

923 2934 1155 2994 Verum
1214 2930 1623 2993 distinctione
1682 2929 1905 3011 quinta
1966 2946 2161 3011 super
2215 2927 2336 2990 hoc

2449 1942 2792 2017 tenebitur,
2827 1942 2978 2024 quia
3025 1943 3210 2006 illum
3254 1950 3507 2007 tenetur
3551 1944 3631 2006 de
3674 1944 3952 2007 necessi-

2447 2049 2574 2104 tate
2605 2042 2826 2105 salutis
2856 2042 2938 2123 (si
2967 2042 3186 2105 nullus
3215 2042 3379 2105 alius
3407 2042 3574 2105 adsit
3602 2042 3712 2125 qui
3743 2043 3952 2126 bapti-

2447 2140 2574 2221 zet)
2615 2140 2957 2222 baptizare,
2999 2160 3079 2203 ne
3127 2142 3482 2205 damnetur.
3530 2142 3724 2223 Magis
3770 2162 3950 2205 nam-

2447 2257 2573 2321 que
2611 2246 2864 2301 tenetur
2902 2238 3166 2321 diligere
3196 2239 3392 2302 vitam
3436 2239 3609 2303 illius
3647 2247 3950 2303 aeternam

2447 2355 2639 2419 quam
2708 2337 3146 2419 temporalem.
3211 2337 3462 2400 Etenim
3533 2337 3588 2400 si
3656 2347 3954 2420 peccaret

2449 2435 2801 2499 mortaliter
2850 2454 2978 2499 non
3023 2435 3328 2499 salvando
3373 2437 3572 2499 vitam
3629 2437 3770 2518 ejus
3817 2456 3953 2501 cor-

2448 2535 2730 2617 poralem
2780 2535 3170 2598 extrahendo
3217 2554 3366 2598 eum
3411 2535 3490 2598 de
3539 2553 3705 2618 aqua
3745 2555 3952 2618 quum

2449 2640 2683 2715 posset,
2703 2634 2907 2696 multo
2936 2633 3082 2716 plus
3114 2642 3407 2716 peccaret
3437 2633 3788 2697 mortaliter
3817 2654 3956 2717 per-

2449 2730 2758 2794 mittendo
2815 2751 2964 2794 eum
3025 2731 3164 2794 sine
3212 2732 3538 2814 Baptismo
3597 2733 3780 2795 mori.
3831 2734 3953 2796 De-

2448 2829 2556 2892 bet
2585 2847 2734 2911 ergo
2762 2830 3044 2911 abjicere
3073 2830 3530 2893 conscientiam
3561 2830 3740 2893 illam
3777 2849 3953 2895 erro·

2448 2946 2656 3002 neam,
2716 2928 2868 3009 quia
2929 2946 3049 2990 nec
3109 2928 3384 2991 multum
3445 2935 3654 3011 potest
3715 2946 3950 2993 nocere

841 3030 1094 3113 plenius
1143 3028 1386 3103 scribit,
1438 3027 1778 3110 quaerendo
1826 3046 1905 3089 an
1954 3026 2187 3109 aliquis
2236 3026 2339 3089 de·
2373 3023 2416 3088 C
2447 3044 2612 3107 aegro
2655 3026 2948 3108 adspergi
2993 3026 3243 3088 modica
3285 3045 3450 3108 aqua
3495 3026 3561 3088 in
3607 3027 3852 3108 capite;
3883 3036 3954 3090 et

841 3130 986 3193 beat
1047 3128 1407 3191 ministrare
1474 3133 1941 3189 sacramentum
2003 3125 2335 3208 Baptismi,

839 3227 1095 3311 quando
1137 3226 1545 3309 praesumitur
1587 3223 2076 3307 baptizationem
2124 3243 2341 3306 verge—

840 3347 908 3391 re
952 3328 1016 3388 in
1064 3325 1423 3410 periculum
1470 3325 1614 3386 vitae
1656 3323 2002 3405 corporalis
2046 3323 2189 3404 ejus
2226 3324 2337 3404 qui

839 3425 1125 3508 suscipit.
1161 3423 1521 3505 Respondet
1552 3440 1565 3484 :
1597 3422 1721 3484 Aut
1752 3422 1894 3484 talis
1925 3423 2339 3504 praesumptio

841 3532 1013 3588 certa
1050 3531 1147 3586 est
1182 3529 1373 3605 atque
1412 3541 1489 3584 ex
1533 3521 1723 3584 certis
1768 3519 1988 3602 signiS‚
2024 3527 2242 3603 utpote
2283 3520 2338 3582 si

840 3623 984 3707 quis
1014 3639 1141 3685 non
1170 3620 1411 3683 habens
1442 3638 1669 3702 aquam
1704 3637 1895 3701 quam
1929 3619 2128 3700 possit
2156 3619 2339 3680 attin-

836 3740 1007 3804 gere,
1050 3719 1173 3782 nisi
1220 3736 1491 3801 puerum
1541 3717 1855 3800 propellat
1900 3717 1979 3778 de
2027 3723 2222 3798 ponte
2270 3715 2335 3778 in

838 3819 1142 3893 fluvium,
1175 3825 1284 3880 aut
1326 3815 1622 3899 projiciat
1660 3817 1727 3877 in
1767 3822 2056 3898 puteum,
2090 3833 2168 3877 ex
2208 3833 2336 3896 quo

834 3926 979 3982 actu
1036 3925 1280 3980 certum
1330 3923 1427 3977 est
1473 3914 1777 3996 subsequi
1837 3921 2130 3987 mortem,
2184 3913 2336 3995 quia

834 4015 1368 4088 submersionem,
1400 4020 1711 4095 quantum
1755 4018 1852 4074 est
1892 4029 1970 4074 ex
2008 4018 2186 4093 parte
2233 4031 2335 4074 ac-

832 4124 973 4196 tus;
1005 4123 1068 4180 et
1096 4133 1297 4196 quum
1330 4129 1498 4175 mors
1530 4113 1617 4173 ita
1645 4111 2073 4193 praesumitur,
2098 4129 2333 4192 nequa-

2447 3123 2502 3187 si
2535 3125 2766 3206 frigida
2793 3132 3072 3198 noceret,
3106 3125 3328 3188 saltem
3361 3125 3575 3207 tepida
3603 3144 3733 3189 non
3771 3126 3954 3190 obes-

2448 3232 2560 3288 set.
2597 3224 2738 3286 Haec
2782 3223 3025 3286 Scotus.

2527 3323 2976 3384 Verumtamen
3037 3321 3102 3383 in
3152 3321 3273 3385 isto
3325 3339 3476 3384 casu
3533 3320 3950 3406 projectionis

2447 3420 2809 3503 baptizandi
2859 3421 2924 3482 in
2970 3420 3216 3483 flumen
3261 3427 3372 3482 aut
3418 3429 3708 3503 puteum,
3743 3422 3950 3485 inten-

2447 3519 2621 3581 tione
2652 3518 3013 3601 baptizandi
3039 3519 3361 3594 eumdem,
3395 3521 3688 3601 quamvis
3731 3540 3952 3603 pecca-

2449 3625 2544 3680 ret
2600 3617 2790 3680 stulte
2852 3617 3221 3700 projiciens,
3283 3619 3670 3700 sperandum
3732 3628 3948 3685 tamen

2445 3715 2791 3790 videretur,
2842 3716 3010 3797 quod
3061 3716 3385 3799 projectus
3435 3716 3808 3781 submersus
3857 3718 3952 3781 in-

2446 3814 2728 3876 fantulus
2759 3831 2886 3877 non
2917 3815 3173 3896 periret.
3203 3815 3280 3876 Et
3307 3815 3453 3878 dato
3482 3817 3651 3897 quod
3683 3835 3812 3880 non
3845 3817 3952 3880 ba-

2443 3913 2789 3994 ptizaretur
2815 3912 3140 3993 Baptismo
3170 3912 3486 3990 fluminis,
3519 3913 3948 3997 baptizaretur

2442 4019 2656 4073 tamen
2686 4012 2786 4092 (ut
2814 4012 3104 4094 apparet)
3132 4011 3458 4094 Baptismo
3486 4012 3794 4088 flaminiS,
3815 4014 3950 4078 imo

2443 4117 2507 4172 et
2544 4110 2873 4191 sanguinis
2907 4127 2922 4172 τ
2957 4110 3256 4193 quoniam
3299 4129 3414 4193 pro
3450 4111 3698 4193 justitia
3735 4121 3800 4176 et
3831 4133 3947 4196 pro

833 4233 1027 4298 quam
1069 4211 1258 4274 debet
1293 4211 1414 4272 hoc
1454 4209 1621 4282 fieri,
1655 4208 1805 4290 quia
1847 4216 2139 4290 peccaret
2174 4226 2334 4272 mor·
2363 4204 2411 4266 D
2443 4209 2890 4290 consequendo
2941 4216 3340 4272 sacramento
3395 4210 3616 4273 salutis
3664 4229 3738 4273 ac
3787 4210 3944 4276 fidei

832 4313 1065 4385 taliter,
1098 4328 1290 4392 agens
1334 4309 1474 4371 hoc.
1509 4307 1787 4380 Quilibet
1824 4313 2036 4369 autem
2079 4314 2334 4370 tenetur

832 4411 1033 4474 vitare
1065 4415 1397 4492 peccatum
1430 4405 1693 4468 mortale
1725 4405 1789 4468 in
1820 4424 1889 4468 se
1922 4405 2082 4487 ips0,
2117 4406 2330 4488 potius

834 4527 1027 4592 quam
1057 4507 1326 4570 salutem
1356 4523 1639 4587 quaerere
1669 4503 1942 4586 proximi
1980 4521 1993 4565 :
2027 4504 2328 4585 quoniam

833 4607 1121 4672 ordinata
1168 4604 1395 4667 caritas
1444 4604 1643 4685 magis
1691 4610 1788 4665 est
1834 4603 1911 4664 ad
1961 4621 2047 4665 se.
2086 4602 2332 4664 Dicitur

831 4723 1109 4791 quoque,
1142 4704 1310 4787 quod
1344 4702 1485 4765 talis
1516 4703 1609 4765 sic
1647 4701 1970 4784 projectus
2006 4719 2132 4765 non
2164 4710 2331 4766 esset

830 4804 1208 4887 baptizatuS,
1242 4801 1391 4884 quia
1427 4801 1789 4883 Baptismus
1823 4807 1920 4862 est
1957 4799 2202 4862 ablutio
2230 4818 2328 4864 or-

828 4905 1043 4966 dinata
1071 4903 1149 4964 ad
1182 4900 1377 4964 vitam
1418 4898 1743 4982 baptizati,
1777 4915 1905 4961 non
1946 4899 2039 4961 sic
2071 4899 2181 4961 illa
2213 4898 2330 4961 im-

829 5001 1081 5066 mersio.
1109 5001 1287 5062 Esset
1314 5015 1464 5080 ergo
1494 4998 1558 5059 in
1592 4997 1700 5059 tali
1732 5016 1882 5060 casu
1916 4997 2150 5079 aliquis
2182 5017 2332 5080 pan-

828 5121 950 5164 nus
980 5097 1409 5162 demittendus
1440 5097 1505 5158 in
1536 5095 1782 5158 flumen
1814 5103 1923 5157 aut
1952 5104 2243 5178 puteum,
2275 5096 2329 5158 si

828 5216 954 5263 non
986 5196 1329 5259 haberetur
1357 5212 1467 5257 vas
1498 5194 1563 5255 in
1594 5211 1723 5275 quo
1752 5200 1965 5275 posset
1994 5212 2159 5275 aqua
2188 5194 2332 5258 hau·

832 5296 967 5372 riri,
986 5301 1051 5358 et
1080 5313 1156 5357 ex
1188 5309 1400 5376 panno
1431 5291 1543 5355 illo
1568 5309 1733 5373 aqua
1762 5290 2177 5373 exprimenda
2205 5311 2332 5375 qua

2444 4313 2816 4371 moreretur.

2518 4407 2596 4469 At
2627 4423 2778 4468 vero
2807 4406 3246 4468 Bonaventura
3280 4423 3295 4468 ε
3329 4407 3528 4481 Ratio,
3561 4406 3794 4490 inquit,
3829 4427 3949 4472 cur

2439 4505 2584 4588 quis
2615 4520 2740 4566 non
2771 4503 3153 4586 purificatur
3181 4522 3300 4567 nec
3330 4504 3688 4587 baptizatur
3717 4506 3784 4570 in
3815 4516 3947 4572 ute·

2440 4621 2531 4677 ro,
2565 4610 2662 4666 est
2703 4601 3020 4664 institutio
3057 4601 3192 4678 Dei,
3235 4603 3422 4684 cujus
3461 4612 3672 4666 tamen
3713 4605 3944 4689 aliquae

2439 4721 2645 4764 causae
2701 4701 3057 4763 traduntur.
3112 4701 3265 4776 Una,
3317 4702 3622 4784 quoniam
3675 4705 3944 4785 aequitas

2439 4800 2548 4863 Dei
2591 4799 2863 4880 requirit
2901 4804 2970 4861 ut
3011 4799 3221 4862 infans
3250 4799 3494 4882 aliquid
3526 4818 3642 4883 pro
3673 4819 3789 4865 suo
3819 4805 3942 4867 ori-

2437 4897 2635 4980 ginali
2668 4897 2980 4959 sustineat
3010 4914 3025 4959 τ
3059 4896 3228 4978 quod
3262 4897 3659 4980 reprobatur,
3693 4901 3848 4981 quia
3875 4902 3942 4964 in

2441 4996 2578 5078 lege
2626 5002 2866 5058 naturae
2926 4995 3176 5077 parvuli
3230 4994 3759 5076 justificabantur
3807 5000 3942 5062 sola

2437 5094 2568 5158 fide
2599 5101 2956 5177 parentum.
2983 5093 3198 5156 Posset
3227 5111 3482 5176 quoque
3512 5113 3683 5158 nunc
3715 5115 3944 5177 parvu-

2439 5193 2538 5256 lus
2569 5192 2876 5275 baptizari
2904 5211 3070 5274 aqua
3107 5193 3312 5255 calida
3349 5211 3463 5256 seu
3498 5193 3736 5276 tepida,
3767 5195 3938 5275 quod

2439 5298 2607 5354 esset
2653 5290 2713 5353 ei
2765 5289 3062 5354 solatium
3110 5289 3312 5371 magis
3359 5309 3552 5373 quam
3603 5309 3813 5374 poena.
3861 5327 3942 5340 --
