4267 6250
615 1385 756 1428 theor.
777 1387 845 1428 29.

601 2374 742 2418 ὤεον.
773 2375 841 2417 30.

601 2775 743 2819 theor.
772 2774 839 2817 32.

873 495 996 560 290

1551 515 1616 562 IN
1655 516 1876 563 unum!
1919 517 1980 562 tv
2021 514 2504 562 snmnmunuu.
2547 533 2627 542 —
2669 515 2821 560 msT.
2864 514 2968 578 xl}
3011 514 3236 572 QUAEST.
3280 515 3301 560 1

875 683 1044 746 reale
1073 683 1443 768 superaddit
1472 683 2124 758 materiae.Quantitati
2158 691 2368 745 autem
2396 680 2449 744 A
2479 681 2718 745 reitatis
2752 701 2767 746 t
2799 682 3019 764 sicque
3064 683 3245 766 panis
3288 682 3537 745 dicatur
3578 681 3863 745 converti
3906 682 3966 744 in

875 801 992 864 per
1029 801 1098 846 se
1143 783 1442 846 convenit
1479 783 1787 856 extensi0,
1827 789 1893 845 et
1936 782 2216 846 materiae
2256 798 2371 864 per

873 881 1293 963 quantitatem
1345 880 1430 942 ita
1471 887 1746 944 extensae
1790 881 2089 944 convenit
2134 879 2371 942 habere

875 985 1118 1059 partem
1169 986 1345 1041 extra
1395 987 1656 1061 partem.
1713 979 1788 1039 Et
1835 979 2001 1040 sicut
2050 996 2177 1039 una
2224 995 2371 1059 pars

875 1077 1244 1158 quantitatis
1273 1077 1354 1138 ab
1384 1077 1508 1139 alia
1539 1085 1716 1159 parte
1746 1076 2116 1158 quantitatis
2147 1075 2369 1137 distin·

873 1175 1110 1255 guitur,
1145 1175 1236 1238 sic
1276 1195 1403 1238 una
1441 1194 1585 1257 pars
1627 1175 1905 1237 materiae
1941 1175 2034 1236 sic
2069 1181 2366 1246 extensae,

873 1272 954 1334 ab
987 1273 1108 1335 alia
1144 1290 1158 1334 ε
1193 1273 1413 1354 sicque
1456 1272 1720 1336 materia
1761 1273 2019 1336 modum
2060 1271 2371 1354 quantita-

875 1369 1078 1432 tivum
1128 1371 1423 1451 sortitur;
1474 1371 1566 1433 sic
1612 1388 1867 1453 quoque
1918 1371 2183 1432 materia
2228 1388 2369 1452 quae

873 1467 1228 1530 secundum
1287 1487 1356 1531 se
1403 1469 1557 1552 quid
1617 1469 2008 1532 indivisibile
2059 1468 2365 1540 nominat,

873 1566 1116 1630 ratione
1176 1567 1346 1629 modi
1404 1568 1809 1649 quantitativi
1868 1586 2098 1649 corpus
2162 1573 2370 1649 potest

872 1665 1108 1738 vocari,
1152 1673 1217 1728 et
1259 1665 1576 1747 quoddam
1627 1674 1828 1728 totum
1873 1685 1950 1728 ex
1993 1665 2126 1728 suis
2178 1665 2368 1747 parti-

873 1762 992 1825 bus
1026 1771 1341 1826 constans.
1377 1764 1544 1836 Ideo,
1579 1764 1871 1846 quamvis
1912 1765 1977 1826 in
2007 1765 2209 1827 solam
2244 1783 2369 1826 ma·

2477 798 2709 863 corpus
2740 780 2995 854 Christi,
3029 782 3181 863 quia
3211 781 3477 844 materia
3504 781 3687 863 panis
3716 798 3971 843 eonver-

2478 879 2634 940 titur
2674 879 2737 940 in
2781 879 3110 942 materiam
3150 880 3433 962 corporis
3464 878 3719 954 Christi,
3754 887 3817 942 et
3851 878 3969 940 for-

2482 995 2585 1039 ma
2628 978 2693 1038 in
2737 977 3033 1041 formam.
3068 978 3229 1051 Quid
3274 995 3427 1040 vero
3468 978 3699 1040 horum
3743 977 3829 1039 sit
3869 995 3971 1038 ve-

2481 1094 2645 1150 rum,
2679 1093 2808 1139 non
2850 1083 2948 1138 est
2988 1076 3181 1157 hujus
3220 1076 3632 1139 theorematis
3676 1075 3967 1138 definire.

2568 1173 2689 1236 Sed
2752 1175 2872 1237 hoc
2936 1174 3099 1248 dieo,
3161 1175 3330 1256 quod
3394 1175 3447 1236 si
3512 1174 3819 1257 possibile
3882 1181 3974 1235 est

2480 1272 2809 1334 materiam
2847 1273 3029 1354 panis
3058 1273 3341 1335 converti
3376 1272 3439 1334 in
3476 1271 3809 1334 materiam
3842 1289 3973 1334 cor-

2479 1369 2652 1450 poris
2682 1369 2937 1444 Christi,
2959 1378 3024 1432 et
3051 1371 3320 1433 formam
3354 1369 3837 1433 substantialem
3870 1389 3973 1452 pa-

2479 1467 2578 1529 nis
2614 1467 2677 1529 in
2720 1467 3204 1532 substantialem
3233 1468 3505 1532 formam
3536 1469 3973 1551 corporeitatis

2478 1566 2763 1648 corporis
2792 1566 3021 1629 Christi
3044 1584 3059 1644 ;
3102 1567 3434 1630 conversio
3462 1567 3657 1630 totius
3685 1566 3975 1629 substan·

2476 1664 2581 1728 tiae
2612 1664 2793 1746 panis
2824 1665 2889 1727 in
2921 1664 3117 1728 solam
3145 1666 3473 1728 materiam
3502 1665 3787 1749 corporis
3810 1665 3981 1751 Chri·

2432 1791 2445 1804 -
2476 1762 2557 1824 sti
2592 1780 2719 1825 non
2752 1771 2848 1825 est
2876 1763 3297 1846 impossibilis
3336 1765 3705 1846 reputanda.
3742 1764 3973 1839 Primo,

869 1862 1094 1924 teriam
1146 1863 1556 1925 exsistentem
1604 1863 1670 1924 in
1715 1862 1964 1926 Christo
2012 1862 2369 1924 substantia
2400 1855 2447 1918 B
2476 1859 2629 1940 quia
2666 1860 2930 1923 materia
2966 1878 3095 1923 non
3130 1862 3551 1924 contrariatur
3583 1861 3801 1924 sormae
3832 1861 3977 1924 sub-

872 1961 1054 2043 panis
1113 1967 1611 2035 converteretur,
1671 1960 1879 2023 adhuc
1937 1959 2064 2022 dici
2127 1967 2363 2042 posset,

871 2060 1041 2141 quod
1084 2059 1172 2122 ibi
1212 2066 1379 2122 esset
1407 2060 1601 2122 totius
1642 2058 1708 2121 in
1738 2066 1942 2122 totum
1981 2059 2316 2122 conversio
2348 2077 2361 2122 :

872 2165 1092 2240 utpote
1139 2159 1333 2220 totius
1383 2157 1753 2220 substantiae
1801 2158 2008 2240 panis,
2055 2157 2120 2219 in
2170 2165 2366 2219 totam

870 2256 1044 2317 illam
1097 2256 1426 2318 materiam
1475 2275 1588 2318 seu
1637 2256 1702 2317 in
1745 2263 1949 2318 totum
1993 2272 2225 2337 corpus
2272 2255 2366 2317 sic

869 2362 1221 2436 sumptum.
1259 2354 1520 2428 Rursus,
1555 2354 1819 2416 materia
1859 2354 2070 2416 taliter
2111 2361 2367 2435 sumpta

870 2459 1078 2535 potest
1107 2452 1232 2514 dici
1266 2452 1421 2534 quid
1453 2453 1902 2535 compositum,
1937 2460 2092 2534 puta
2121 2471 2199 2514 ex
2231 2470 2369 2534 par-

867 2551 1042 2614 tibus
1072 2551 1222 2625 suiS‚
1238 2557 1302 2613 et
1330 2551 1513 2633 panis
1542 2551 1670 2613 dici
1703 2558 1916 2633 posset
1945 2551 2010 2613 in
2042 2569 2179 2614 rem
2212 2567 2371 2612 com·

868 2651 1140 2733 positam
1181 2668 1319 2713 esse
1361 2667 1728 2713 conversus,

949 2749 1014 2813 Si
1043 2756 1256 2811 autem
1289 2767 1672 2831 poneremus
1703 2749 1768 2811 in
1799 2748 2088 2830 quolibet
2115 2766 2370 2831 compo-

869 2849 993 2911 sito
1033 2867 1224 2910 unam
1254 2855 1504 2910 tantum
1546 2846 1816 2910 formam
1855 2848 2364 2923 substantialem,

869 2955 934 3010 et
980 2947 1364 3021 diceremus,
1416 2946 1583 3029 quod
1643 2947 1707 3008 in
1759 2946 2007 3010 Christo
2058 2964 2186 3010 non
2248 2947 2371 3009 fuit

2476 1958 2774 2020 stantiali.
2810 1958 3123 2034 Secundo,
3157 1959 3459 2042 quoniam
3493 1978 3718 2023 omnes
3751 1959 3975 2024 formae

2476 2055 2923 2118 substantiales
2972 2057 3050 2120 de
3100 2057 3335 2139 quibus
3394 2077 3566 2120 nunc
3614 2076 3847 2132 sermo,
3898 2060 3974 2121 de

2475 2155 2760 2235 potentia
2802 2156 3081 2219 materiae
3124 2157 3505 2232 educuntur,
3554 2158 3775 2240 sicque
3818 2174 3975 2240 quo·

2474 2251 2811 2314 dammodo
2836 2252 3193 2315 virtualiter
3220 2253 3287 2315 in
3318 2273 3393 2316 ea
3421 2253 3819 2317 clauduntur.
3836 2255 3979 2316 Ter·

2474 2350 2585 2424 tio,
2627 2351 2929 2432 quoniam
2979 2352 3258 2416 materiae
3301 2353 3607 2435 competit
3642 2353 3977 2416 actualitas

2474 2467 2553 2510 ex
2591 2449 2817 2524 forma,
2850 2457 2915 2511 et
2950 2450 3147 2512 simili
3187 2453 3376 2514 modo
3414 2451 3637 2516 forma)
3673 2452 3977 2515 convenit

2476 2547 2903 2629 potentialitas
2966 2549 3481 2632 possibilitasque
3542 2568 3621 2613 ex
3683 2551 3969 2614 materia.

2476 2646 2879 2709 Convertitur
2924 2653 3139 2710 autem
3191 2649 3453 2712 materia
3500 2650 3683 2732 panis
3731 2650 3797 2712 in
3846 2669 3978 2712 ma-

2475 2744 2702 2808 teriam
2746 2746 3030 2828 corporis
3073 2764 3199 2810 non
3245 2747 3817 2830 qualitercumque,
3861 2749 3975 2811 sed

2479 2850 2667 2925 prout
2708 2850 2805 2906 est
2848 2843 2912 2906 in
2963 2862 3226 2927 corpore
3271 2845 3501 2910 Christi
3552 2855 3811 2910 extensa
3858 2865 3975 2910 seu

2480 2942 2545 3002 in
2587 2941 2873 3023 partibus
2914 2943 3154 3018 multiS,
3188 2952 3254 3007 et
3280 2962 3407 3007 non
3449 2951 3521 3006 ut
3552 2952 3649 3007 est
3684 2945 3979 3008 indivisi—

868 3044 1076 3107 l'orma
1119 3043 1553 3106 substantialis
1596 3043 1721 3106 nisi
1763 3044 1978 3106 anima
2017 3045 2365 3120 rationalis,
2406 3035 2449 3099 C
2480 3039 2628 3102 bilis
2677 3048 2945 3102 tantum.
2999 3041 3285 3123 Denique
3336 3043 3452 3104 iste
3504 3044 3751 3118 modus,
3801 3045 3981 3126 quod

869 3150 1190 3226 oporteret
1220 3161 1335 3206 nos
1373 3143 1609 3217 dicere,
1641 3143 1813 3225 quod
1855 3143 2037 3225 panis
2076 3143 2367 3207 substan·

871 3243 960 3305 tia
1019 3242 1084 3304 in
1141 3248 1536 3305 sacramento
1593 3242 1986 3303 convertitur
2041 3242 2371 3305 dumtaxat

873 3341 940 3403 in
973 3340 1301 3403 materiam
1336 3340 1619 3422 corporis
1651 3340 1955 3403 dominici
1979 3357 1992 3403 ε
2017 3342 2371 3423 corporalia

871 3439 1046 3502 enim
1092 3439 1154 3501 in
1201 3438 1558 3521 spiritualia
1600 3438 1884 3501 converti
1929 3456 2054 3501 non
2101 3448 2364 3521 queunt.

872 3539 1102 3602 Omnes
1133 3544 1345 3599 autem
1379 3537 1757 3611 concedunt,
1791 3536 1960 3618 quod
1993 3544 2162 3600 totus
2195 3537 2368 3601 Chri·

871 3644 1010 3700 stus
1057 3635 1318 3699 exsistat
1376 3634 1442 3697 in
1500 3635 1727 3708 hostia,
1778 3654 1978 3717 quum
2029 3643 2243 3699 tamen
2303 3638 2368 3700 in

870 3736 1149 3799 animam
1199 3734 1340 3816 ejus
1397 3733 1560 3797 nihil
1617 3751 1997 3798 conversum
2054 3735 2155 3797 sit.
2208 3736 2367 3799 Nam

870 3835 1084 3897 anima
1121 3833 1262 3915 ejus
1303 3834 1368 3895 in
1407 3840 1804 3895 sacramento
1840 3840 1938 3895 est
1975 3834 2183 3896 solum
2223 3852 2369 3897 con-

871 3933 1265 3996 comitanter.
1301 3970 1378 3979 —
1409 3931 1642 3994 Verum
1674 3932 1970 4014 ponendo
2000 3932 2215 4015 plures
2247 3933 2369 3997 for-

873 4050 1007 4095 mas
1070 4030 1519 4094 substantiales
1578 4030 1644 4091 in
1704 4029 1954 4093 Christo
2011 4031 2367 4113 ceterisque

872 4128 1266 4211 compositiS‚
1308 4128 1599 4199 dicend0,
1644 4127 1812 4209 quod
1859 4145 2091 4209 corpus
2136 4127 2366 4191 Christi

2478 3140 2727 3202 scilicet
2772 3147 2904 3204 tota
2952 3141 3307 3205 substantia
3355 3142 3539 3225 panis
3583 3143 3984 3205 convertitur

2480 3238 2546 3300 in
2602 3239 2802 3301 solam
2863 3240 3193 3303 materiam
3241 3240 3440 3315 illam,
3492 3241 3746 3304 videtur
3790 3241 3982 3304 valde

2480 3336 2849 3419 probabilis
2882 3338 3528 3421 Verumtamen,quia
3556 3339 3647 3401 nil
3680 3339 3984 3422 prohibet

2478 3437 2766 3518 quaedam
2807 3436 2967 3499 falsa
3005 3437 3435 3520 probabiliora
3470 3438 3671 3501 videri
3710 3439 3983 3521 quibus-

2478 3534 2623 3597 dam
2655 3535 2845 3610 veriS,
2866 3535 3009 3598 ideo
3037 3536 3189 3599 huic
3220 3538 3509 3621 opinioni
3540 3556 3667 3601 non
3696 3540 3983 3602 assentio

2476 3633 2787 3709 absolute,
2829 3635 2981 3716 quia
3022 3635 3101 3698 de
3143 3636 3409 3700 veritate
3452 3636 3593 3719 ejus
3638 3637 3797 3699 mihi
3848 3656 3979 3701 non

2477 3740 2739 3795 constat.

2558 3831 2763 3894 Aliam
2794 3850 2946 3895 vero
2976 3832 3345 3914 opinionem
3378 3852 3505 3897 non
3536 3834 3846 3916 intelligo,
3883 3842 3983 3897 ut-

2478 3937 2623 4011 pote
2672 3930 2840 4012 quod
2902 3930 2965 3993 in
3027 3944 3291 4013 corpore
3339 3932 3573 3996 Christi
3632 3934 3715 3997 sit
3772 3932 3987 3996 forma

2476 4028 2911 4092 substantialis
2960 4028 3085 4091 alia
3132 4049 3325 4112 quam
3376 4030 3613 4105 anima,
3666 4031 3733 4095 in
3784 4052 3983 4115 quam

2476 4127 2747 4190 formam
2806 4135 3209 4191 convertatur
3268 4128 3468 4211 ipsius
3527 4130 3711 4212 panis
3769 4129 3987 4195 forma

875 4246 992 4310 per
1017 4228 1210 4289 aliam
1241 4226 1510 4288 formam
1543 4234 1640 4288 est
1667 4243 1920 4308 corpuS,
1939 4234 2003 4288 et
2031 4245 2149 4308 per
2175 4228 2364 4290 aliam
2399 4227 2447 4289 D
2477 4225 2930 4289 substantialis.
2982 4226 3138 4289 Nam
3188 4244 3425 4309 ponere
3472 4228 3691 4310 plures
3739 4226 3985 4294 formas

871 4326 1248 4397 animatum,
1271 4330 1478 4406 potest
1507 4342 1645 4387 esse
1675 4323 1912 4405 duplex
1943 4326 2369 4407 respondendi

875 4422 1100 4485 modus
1131 4421 1209 4483 de
1241 4421 1654 4483 conversione
1685 4420 2054 4485 substantiae
2085 4424 2267 4505 panis
2300 4424 2367 4487 in

871 4539 1100 4603 corpus
1127 4518 1372 4583 Christi.
1387 4519 1650 4595 Primus,
1665 4518 1833 4602 quod
1861 4519 2007 4582 talis
2037 4523 2369 4586 conversio

870 4620 950 4682 fit
992 4620 1058 4681 in
1108 4618 1440 4681 materiam
1482 4618 1928 4699 organizatam,
1973 4638 2114 4701 quae
2163 4628 2371 4702 potest

871 4736 1104 4801 corpus
1149 4716 1382 4780 vocari.
1425 4716 1761 4799 Quumque
1811 4718 2074 4780 materia
2121 4718 2367 4800 organi·

871 4824 1027 4892 zata,
1075 4816 1392 4898 loquendo
1440 4815 1520 4877 de
1563 4815 2031 4896 organizatione
2080 4817 2364 4899 physica,

871 4934 998 4979 non
1030 4915 1200 4977 dicat
1226 4914 1352 4977 nisi
1381 4914 1580 4976 solam
1613 4914 1966 4993 materiam3
1987 4915 2128 4979 ideo
2158 4934 2369 4978 secun-

871 5016 1024 5077 dum
1066 5014 1259 5077 istum
1305 5013 1565 5076 modum
1609 5020 1739 5075 tota
1782 5012 2134 5076 substantia
2185 5015 2367 5096 panis

871 5120 1351 5176 converteretur
1393 5112 1458 5173 in
1501 5111 1700 5175 solam
1747 5112 2095 5174 materiam.
2131 5112 2366 5175 Secun-

870 5212 990 5274 dus
1017 5219 1135 5286 est,
1168 5211 1337 5293 quod
1369 5226 1600 5291 corpus
1639 5227 1768 5271 non
1798 5210 1968 5273 dicat
1996 5211 2197 5274 solam
2238 5229 2365 5273 ma-

872 5310 1118 5385 teriam,
1161 5309 1271 5372 sed
1321 5308 1654 5371 materiam
1699 5326 1846 5369 cum
1895 5308 2100 5373 forma
2148 5327 2367 5392 corpo·

2477 4324 2925 4387 substantiales
2969 4324 3035 4386 in
3081 4326 3306 4388 eodem
3344 4327 3719 4409 composito,
3742 4328 3985 4391 multas

2476 4422 2669 4485 habet
2724 4421 3161 4496 difficultateS,
3213 4442 3371 4506 quas
3428 4424 3676 4487 solvere
3714 4426 3977 4490 nescio.

2476 4522 2718 4604 Nempe
2774 4521 2828 4583 si
2887 4538 3015 4584 non
3072 4522 3364 4586 eamdem
3421 4521 3695 4586 formam
3751 4524 3986 4588 dicunt

2476 4620 2773 4702 superius
2811 4627 3000 4702 atque
3040 4620 3331 4695 inferius,
3364 4629 3437 4684 ut
3465 4621 3517 4684 si
3552 4640 3663 4685 aer
3697 4640 3827 4685 non
3864 4642 3987 4706 per

2476 4718 2767 4781 eamdem
2832 4717 3103 4781 formam
3167 4726 3265 4780 est
3321 4737 3431 4781 aer
3486 4727 3551 4781 et
3608 4737 3841 4802 corpus
3906 4741 3983 4785 ac

2476 4816 2849 4891 substantia,
2892 4824 2955 4879 et
3002 4817 3156 4878 dum
3206 4836 3284 4880 ex
3332 4837 3476 4881 aere
3526 4818 3605 4880 sit
3648 4818 3837 4899 igniS,
3884 4840 3986 4883 re-

2476 4923 2691 4979 manet
2734 4916 2799 4977 in
2842 4934 2986 4978 aere
3028 4915 3233 4978 forma
3277 4934 3393 4998 per
3430 4936 3623 4999 quam
3662 4925 3801 4979 erat
3837 4936 3982 4982 cor-

2476 5034 2597 5097 pus
2636 5022 2699 5077 et
2736 5014 3109 5087 substantia,
3143 5015 3439 5096 quamvis
3477 5022 3690 5079 amota
3728 5015 3814 5078 sit
3849 5015 3983 5080 for-

2477 5132 2580 5176 ma
2635 5132 2761 5195 qua
2816 5112 3059 5176 exstitit
3114 5130 3223 5175 aer
3273 5132 3288 5176 ε
3341 5130 3468 5176 non
3528 5131 3680 5195 ergo
3736 5114 3802 5175 in
3864 5116 3980 5178 tali

2474 5211 2880 5292 generatione
2928 5218 3224 5292 generata
3280 5220 3379 5274 est
3426 5210 3802 5288 substantia,
3854 5232 3981 5277 nec

2476 5316 2790 5390 corrupta.
2834 5308 3067 5371 Eadem
3112 5326 3262 5391 ergo
3298 5316 3397 5371 est
3432 5308 3639 5373 forma
3684 5329 3831 5392 quaa
3868 5312 3985 5376 dat

4030 2670 4164 2714 them.
4182 2673 4233 2712 ³⁸.
