4267 6250
1059 501 1340 550 xrrrou
1377 499 1846 550 mamertem
1884 499 2046 548 unm
2087 501 2151 547 lv
2192 500 2659 550 smmum!
3372 487 3413 552 9

791 681 1218 748 DISTINGTIO
1253 682 1326 744 V.

609 829 760 892 Post
799 828 938 893 haec
979 828 1336 902 sciendum,
1376 833 1496 890 etc.

473 1035 616 1102 QUE
641 1051 818 1093 verus
852 1037 914 1092 et
945 1036 1182 1092 sanctus
1209 1033 1544 1107 Baptismus
1573 1049 1610 1090 a
1641 1031 1806 1088 bonis

501 1127 684 1183 datur
721 1128 782 1183 et
815 1141 850 1181 a
886 1123 1062 1180 malis
1107 1123 1412 1188 ministriS,
1452 1138 1560 1180 nec
1605 1120 1736 1194 plus
1773 1137 1810 1178 a

309 1219 477 1283 bono,
499 1233 611 1273 nec
641 1215 844 1273 minus
869 1231 906 1272 a
933 1213 1109 1272 malo.
1139 1214 1336 1288 Neque
1363 1213 1524 1271 enim
1552 1210 1809 1268 bominis

310 1323 528 1365 munus
567 1310 658 1364 est
691 1305 1046 1379 Baptismus,
1083 1306 1188 1362 sed
1231 1303 1350 1370 Dei,
1381 1303 1483 1376 qui
1525 1301 1812 1375 principa-

307 1397 438 1456 liter
463 1397 738 1470 baptizat.
769 1397 934 1454 Unde
971 1411 1080 1452 nec
1103 1393 1256 1451 Petri
1295 1409 1404 1450 nec
1430 1391 1594 1449 Pauli
1629 1391 1812 1465 bapti-

305 1505 470 1546 smus
501 1487 740 1552 dicitur,
771 1488 874 1544 sed
901 1483 1114 1542 Christi
1145 1501 1160 1542 t
1191 1485 1292 1558 qui
1328 1483 1440 1540 sibi
1478 1480 1810 1556 baptizandi

307 1580 654 1651 potestatem
685 1575 944 1641 retinuit,
969 1575 1296 1632 ministerio
1323 1573 1454 1630 aliis
1481 1571 1706 1630 collato.
1729 1573 1810 1630 De

306 1669 388 1725 eis
411 1683 552 1726 vero
590 1667 694 1741 qui
725 1666 1094 1738 Baptismum
1133 1663 1440 1736 recipiunt,
1471 1661 1808 1728 dicendum,

305 1759 462 1830 quod
499 1756 811 1814 haereticus
835 1755 924 1812 vel
960 1753 1367 1811 schismaticus
1403 1751 1670 1825 quamvis
1706 1751 1813 1807 Ba·

1833 667 1888 734 A
1913 687 1986 729 ex
2015 670 2349 746 Ignorantia
2376 672 2738 747 proveniens.
2759 675 2927 742 Quod
2954 673 3003 732 si
3024 673 3156 749 quis
3182 673 3413 749 ignore·

1915 763 2012 818 tur
2037 761 2378 834 baptizatus,
2408 764 2519 821 sub
2545 763 2879 822 conditione
2904 764 3183 839 baptizari
3214 764 3385 822 debet
3394 781 3411 832 ;

1917 867 2024 909 nec
2065 855 2427 926 reputandus
2467 857 2555 912 est
2591 858 2733 912 tunc
2772 855 3106 929 Baptismus
3153 854 3413 922 iteratus,

1917 959 2099 1015 quum
2131 943 2427 1001 nesciatur
2454 946 2641 1002 datus.
2665 946 2725 1004 Si
2754 946 2885 1019 quis
2910 949 3108 1004 autem
3138 945 3261 1002 solo
3280 945 3417 1020 j0co

1917 1031 2198 1106 tingatur,
2228 1033 2405 1091 etiam
2447 1034 2671 1107 prolata
2696 1034 2905 1102 forma,
2936 1035 3270 1110 Baptismus
3298 1051 3417 1093 non

1919 1125 2023 1187 est,
2072 1125 2398 1180 secundum
2454 1124 2761 1196 sapientes,
2810 1143 2993 1197 quum
3052 1125 3297 1182 intentio
3342 1125 3421 1184 sit

1917 1212 2265 1270 necessaria.
2296 1216 2461 1280 Quod
2488 1214 2538 1270 si
2569 1214 2843 1286 parvulus
2870 1232 2971 1288 spe
3006 1215 3304 1273 commodi
3333 1213 3417 1272 ol*-

1917 1299 2155 1367 feratur,
2188 1302 2375 1360 nihilo
2419 1303 2617 1361 minus
2656 1303 3023 1378 Baptismum
3062 1303 3285 1378 recipit.
3318 1306 3421 1362 Po-

1921 1395 2253 1450 testantem
2283 1393 2617 1467 Baptismus
2644 1394 2773 1451 dari
2798 1395 2961 1452 omni
2989 1394 3421 1468 tempore,licet

1922 1480 2358 1541 convenientius
2399 1483 2460 1540 in
2502 1484 2741 1541 sabbato
2778 1484 3013 1542 Paschae
3052 1487 3111 1542 et
3146 1485 3418 1542 Penteco-

1921 1575 2055 1630 stes.
2084 1574 2154 1628 Et
2188 1573 2425 1646 quidem
2466 1572 2516 1630 si
2554 1574 2737 1631 adulti
2778 1574 2897 1630 sint
2933 1574 3281 1648 baptizandi,
3313 1591 3418 1648 pro

1920 1679 1983 1720 se
2023 1665 2442 1736 respondeant;
2481 1663 2529 1719 si
2569 1679 2705 1720 vero
2746 1664 2991 1736 parvuli,
3035 1663 3136 1721 alii
3180 1681 3419 1738 respon·

1924 1753 2064 1809 dent
2089 1769 2195 1826 pro
2222 1751 2324 1818 eis,
2345 1755 2407 1808 at
2434 1751 2658 1826 parvuli
2687 1753 2789 1810 illa
2815 1753 3190 1828 responsione
3218 1756 3419 1810 tenen-

307 1847 594 1920 ptismum
643 1845 906 1918 recipiat,
953 1860 1072 1901 non
1117 1845 1318 1900 tamen
1361 1842 1638 1899 virtutem
1686 1841 1812 1915 ejus
1838 1831 1886 1894 B
1921 1844 2020 1899 tur
2071 1859 2255 1914 quum
2304 1841 2679 1900 adoleverint.
2736 1844 2817 1900 Ea
2861 1845 3057 1901 autem
3106 1858 3239 1916 quae
3281 1845 3421 1900 sunt

307 1939 497 2010 potest
541 1935 912 2008 participare.
953 1935 1118 2001 Quod
1163 1933 1214 1989 si
1259 1932 1530 1990 Ecclesia
1574 1948 1634 1988 se
1681 1947 1815 1988 con-

301 2027 533 2100 jungat,
587 2041 706 2082 non
761 2024 1002 2097 quidem
1057 2023 1423 2081 reiterandus
1473 2024 1561 2079 est
1613 2022 1812 2094 Bapti-

308 2133 488 2180 smus,
531 2116 638 2172 sed
682 2114 806 2186 ipse
851 2113 914 2170 in
955 2112 1176 2170 unitate
1219 2112 1505 2170 catholica
1540 2113 1810 2170 effectum

308 2203 490 2276 ipsius
518 2206 928 2276 consequetur.
945 2202 1123 2258 Addit
1147 2201 1324 2259 etiam
1349 2201 1636 2275 Magister,
1655 2205 1812 2275 quod

309 2293 576 2350 Christus
619 2293 1030 2349 auctoritatem
1077 2291 1194 2349 sive
1237 2295 1578 2364 potestatem
1626 2290 1813 2364 bapti-

309 2381 478 2440 nudi
519 2381 752 2439 bomini
799 2380 1238 2438 communicare
1283 2381 1472 2454 potuit
1514 2381 1562 2437 si
1600 2381 1814 2439 voluis-

307 2475 410 2536 set,
449 2471 606 2530 sicut
649 2474 710 2529 et
753 2473 1098 2545 potestatem
1145 2470 1402 2528 creandi.
1449 2471 1562 2529 Sed
1609 2471 1670 2528 in
1719 2472 1814 2529 bis

307 2562 580 2635 Hagister
627 2578 664 2618 a
717 2561 1054 2619 doctoribus
1107 2560 1502 2619 communiter
1555 2577 1672 2618 non
1726 2566 1813 2620 te-

311 2656 496 2710 netur.

309 2767 470 2825 Quod
510 2767 650 2819 nihil
689 2767 928 2828 intersit,
960 2765 1204 2832 baptizet
1233 2766 1460 2834 iniquus
1489 2781 1562 2820 an
1590 2783 1807 2834 aequus,

371 2840 544 2892 Fidus
572 2854 648 2890 an
681 2839 906 2900 infidus,
940 2839 1230 2890 masculus
1259 2853 1330 2890 an
1363 2839 1580 2901 mulier,

311 2912 452 2962 Dum
485 2911 596 2962 nisi
625 2911 924 2962 verborum
955 2913 1210 2962 servetur
1232 2910 1393 2974 justa
1422 2914 1698 2964 stator-um

373 2983 657 3044 formula,
694 2982 940 3048 dumque
972 2982 1208 3034 obstans
1239 2982 1318 3034 nil
1345 2982 1570 3035 aliunde
1600 2984 1714 3036 flat.

781 3189 1207 3253 DISTINCTIO
1247 3190 1347 3253 VI.

623 3334 810 3397 Nunc
851 3333 1088 3416 quibus
1131 3333 1338 3409 liceat,
1379 3342 1499 3397 etc.

427 3542 612 3598 XTRA
669 3539 1032 3599 necessitatis
1087 3556 1290 3598 casum
1344 3538 1650 3613 baptizare,
1693 3557 1810 3598 non

451 3630 728 3689 convenit
765 3630 877 3686 nisi
907 3630 1336 3695 sacerdotibus3
1369 3630 1432 3687 in
1471 3631 1812 3689 necessitate

312 3724 506 3779 autem
545 3720 910 3795 permittitur
934 3720 1111 3777 etiam
1151 3719 1318 3776 laicis
1353 3722 1412 3776 et
1449 3720 1810 3778 mulieribus.

313 3811 418 3877 Qui
453 3812 506 3867 si
543 3811 724 3868 etiam
763 3812 930 3868 extra
966 3810 1366 3868 necessitatem
1405 3812 1482 3866 ad
1522 3810 1814 3883 baptizan-

315 3900 456 3955 dum
493 3916 556 3956 se
597 3898 1010 3962 intromittant,
1043 3898 1284 3955 servatis
1320 3897 1451 3955 aliis
1491 3898 1808 3963 servandis,

313 4006 480 4046 venis
513 3988 852 4061 Baptismus
887 3989 992 4053 est,
1023 4003 1132 4045 nec
1166 3987 1483 4052 iterandus,
1516 3985 1651 4044 licet
1687 4004 1814 4061 pec-

317 4082 404 4134 cet
445 4076 531 4134 sic
577 4076 876 4148 baptizans
915 4094 930 4133 ε
969 4076 1122 4134 sicut
1167 4092 1272 4133 nec
1321 4075 1666 4149 rebaptizari
1713 4079 1811 4136 de-

1922 1948 2026 2005 pro
2043 1930 2427 2004 -Baptismatis
2466 1931 2829 1997 solennitate,
2857 1931 3035 1988 etiam
3066 1931 3113 1987 si
3142 1930 3419 1987 omittan-

1921 2023 2034 2086 tur,
2065 2019 2431 2093 Baptismum
2472 2036 2589 2077 non
2630 2020 2980 2093 impediunt.

1923 2137 2128 2189 Forma
2156 2137 2477 2190 soloecismo
2506 2137 2655 2202 turpi
2686 2136 2933 2188 lacerata
2958 2136 3197 2201 juvabit,

1986 2209 2211 2274 integra
2236 2209 2534 2262 verborum
2564 2211 2868 2262 dummodo
2900 2223 3073 2261 sensa
3100 2213 3343 2261 manent.

2376 2406 2801 2470 DISTINCTIO
2842 2405 2966 2470 VII.

1921 2540 2103 2606 Nunc
2146 2542 2225 2605 de
2273 2548 2670 2605 sacramento
2713 2540 3252 2616 confirmationis»,
3294 2548 3415 2604 etc.

2039 2738 2586 2796 ONFIRMATIONIS
2637 2741 3091 2802 sacramentum,
3136 2739 3291 2810 quod
3338 2735 3424 2793 in-

2061 2827 2333 2885 stitutum
2366 2830 2455 2886 est
2481 2830 2556 2885 ad
2595 2827 2731 2886 fidei
2770 2827 3107 2886 firmitatem
3138 2831 3195 2885 et
3223 2826 3425 2900 gratiae

1922 2917 2268 2990 profectum,
2298 2919 2372 2975 ab
2410 2918 2693 2990 episcopis
2730 2920 2789 2975 et
2822 2918 2913 2973 his
2950 2917 3089 2974 solis
3128 2916 3425 2974 conferen-

1846 3002 1892 3068 C
1921 3009 2065 3065 dum
2105 3009 2208 3070 est,
2240 3009 2297 3064 et
2326 3008 2436 3064 hoc
2472 3006 2581 3063 sub
2612 3004 2799 3063 forma
2838 3006 3242 3071 determinata,
3274 3004 3426 3062 scili-

1919 3099 2010 3156 cet
2040 3114 2054 3154 ε
2085 3096 2375 3171 Consigno
2413 3099 2466 3155 te
2504 3095 2671 3171 signo
2710 3095 2917 3161 crucis,
2948 3099 3006 3154 et
3043 3096 3327 3154 confirmo
3365 3099 3425 3153 te

1920 3187 2237 3245 chrismate
2274 3187 2496 3252 salutis,
2529 3186 2589 3243 in
2630 3186 2871 3244 nomine
2899 3185 3085 3244 Patris
3124 3190 3183 3243 et
3206 3184 3338 3241 Filii
3367 3188 3425 3243 et

1919 3277 2171 3350 Spiritus
2215 3276 2431 3333 Sancti.
2484 3275 2547 3333 ln
2595 3293 2713 3348 quo
2759 3276 2999 3348 quidem
3054 3276 3423 3333 sacramento

1923 3369 2176 3425 donatur
2202 3365 2453 3438 Spiritus
2482 3368 2744 3431 Sanctus,
2777 3368 2852 3423 ad
2890 3366 3288 3423 roborandum
3324 3382 3423 3421 eos

1921 3456 2022 3529 qui
2061 3455 2333 3529 baptizati
2371 3459 2552 3513 sunt:
2585 3455 2685 3528 qui
2722 3459 2779 3513 et
2816 3458 2986 3513 datus
3024 3457 3111 3513 est
3143 3455 3205 3511 in
3234 3454 3425 3527 Bapti-

1919 3562 2049 3602 smo
2078 3548 2156 3602 ad
2194 3545 2411 3618 peccati
2450 3544 2875 3602 remissionem.
2908 3544 3185 3611 Quamvis
3223 3547 3419 3601 autem

1922 3636 2237 3710 presbyteri
2291 3635 2667 3693 confirmasse
2723 3633 3009 3708 legantur,
3060 3635 3171 3691 hoc
3220 3638 3421 3691 tamen

1921 3725 2030 3783 suit
2063 3725 2464 3799 temporaliter
2500 3727 2693 3781 actum
2724 3741 2793 3781 ex
2830 3724 3065 3796 speciali
3100 3724 3422 3782 concessio-

1923 3831 2011 3880 ne,
2045 3831 2153 3872 ncc
2185 3817 2311 3888 jam
2356 3816 2511 3872 ultra
2558 3812 2681 3870 fleri
2727 3814 2915 3870 debet.
2947 3813 3188 3870 Videtur
3222 3816 3419 3871 autem

1921 3903 2030 3960 hoc
2075 3906 2508 3960 sacramentum
2554 3902 2852 3976 Baptismo
2902 3903 3109 3976 majus,
3151 3905 3349 3973 utpote
3386 3918 3423 3959 a

1921 3992 2267 4066 digniori‚et
2294 3993 2351 4048 in
2388 3992 2594 4066 potiori
2626 3990 2884 4063 corporis
2908 3994 3089 4064 parte,
3110 3990 3330 4047 scilicet
3358 3989 3419 4046 in

1921 4083 2108 4140 fronte
2138 4084 2341 4139 datum
2362 4081 2550 4154 :quod
2580 4084 2636 4138 et
2663 4079 2811 4138 forte
2840 4080 3032 4153 majus
3061 4082 3296 4152 pra-stat
3312 4079 3423 4135 vir-

315 4168 464 4231 bent,
485 4167 560 4223 ab
589 4164 878 4223 haereticis
907 4168 1230 4223 secundum
1261 4165 1512 4224 sormam
1543 4166 1814 4224 Ecclesiae
1842 4166 1892 4227 D
1920 4175 2114 4230 tutum
2158 4173 2562 4245 augmentum,
2604 4170 2873 4244 quamvis
2914 4169 3246 4242 Baptismus
3290 4170 3421 4241 plus

313 4256 602 4329 baptizati,
651 4256 756 4312 sed
811 4258 950 4312 sunt
1003 4254 1437 4312 reconciliandi.
1493 4258 1660 4323 Quod
1712 4273 1814 4312 au-

313 4348 425 4402 tem
471 4344 796 4419 Cyprianus
835 4344 897 4401 in
942 4344 1274 4418 oppositum
1322 4346 1486 4411 dixit,
1525 4364 1598 4404 ex
1645 4346 1812 4421 igno·

313 4435 498 4492 rantia
535 4434 836 4509 processit,
868 4450 1000 4508 quae
1036 4450 1141 4508 per
1185 4435 1540 4506 martyrium
1587 4436 1648 4493 in
1689 4437 1814 4509 ipso

313 4524 536 4597 expiata
584 4526 690 4581 est.
733 4524 930 4597 Neque
967 4527 1055 4581 est
1100 4523 1210 4580 nisi
1260 4541 1413 4581 unus
1458 4526 1810 4598 Baptismus,

313 4614 410 4687 qui
445 4614 606 4671 trina
650 4613 718 4669 flt
761 4613 1139 4671 immersione
1184 4617 1421 4688 propter
1467 4616 1810 4689 mysterium

312 4704 621 4761 Trinitatis.
665 4704 728 4759 ln
770 4703 952 4761 uteris
989 4706 1186 4761 autem
1219 4704 1518 4769 maternis,
1549 4704 1726 4762 etiam
1765 4706 1814 4763 si

315 4796 498 4851 mater
533 4793 876 4865 baptizetur.
908 4810 1156 4866 puerum
1198 4793 1478 4866 baptizari
1527 4810 1645 4851 non
1684 4812 1818 4852 con·

315 4882 498 4955 tingit.
556 4884 800 4955 Oportet
853 4882 1014 4939 enim
1075 4883 1378 4941 bominem
1436 4883 1599 4956 prius
1654 4886 1816 4942 nasci

315 4987 486 5043 quam
529 4970 780 5029 renasci.
811 4972 928 5029 Nec
968 4972 1122 5029 valet
1163 4972 1410 5046 objectio
1453 4975 1526 5030 de
1567 4973 1818 5031 sanctiti-

315 5058 454 5115 catis
497 5059 559 5115 in
600 5063 786 5126 utero,
829 5058 970 5134 quia
1017 5060 1124 5117 hoc
1167 5076 1272 5134 per
1316 5061 1687 5136 privilegium
1735 5062 1817 5120 fa-

316 5151 468 5205 ctum
503 5152 596 5206 est
623 5165 638 5205 ε
667 5146 770 5206 ubi
805 5152 864 5206 et
891 5165 966 5205 an
1006 5166 1147 5207 usus
1184 5150 1424 5208 rationis
1460 5152 1816 5211 acceleratus

315 5237 406 5301 sit,
437 5236 492 5293 in
537 5238 720 5296 dubio
759 5238 1131 5311 relinquitur.
1170 5240 1367 5312 Neque
1407 5241 1585 5298 etiam
1627 5243 1817 5314 Bapti-

315 5342 510 5385 smum
551 5326 804 5402 impedit
843 5326 1170 5403 incongrua
1208 5329 1553 5402 baptizantis
1597 5330 1811 5391 locutio

1919 4263 2108 4319 valeat
2148 4264 2223 4318 ad
2272 4259 2492 4332 peccati
2536 4260 2965 4317 remissionem.
3006 4260 3183 4317 Debet
3223 4262 3418 4315 autem

1920 4350 2106 4424 accipi
2144 4367 2179 4406 a
2207 4348 2447 4424 jeJunis,
2476 4348 2525 4405 si
2567 4365 2683 4405 non
2722 4350 2910 4406 obstet
2946 4348 3275 4407 necessitas.
3306 4349 3422 4405 Nec

1922 4440 2119 4499 iterari
2160 4442 2347 4507 debet,
2391 4439 2544 4496 sicut
2589 4454 2697 4496 nec
2728 4439 3061 4511 Baptismus
3100 4454 3207 4495 nec
3243 4438 3416 4495 Ordo,

1921 4557 2221 4610 Mirificum
2252 4555 2425 4608 robur
2451 4554 2548 4607 tibi
2582 4554 2941 4607 Confirmatio
2972 4557 3221 4618 praestat,

1985 4628 2267 4693 Intrepide
2297 4627 2501 4679 Christi
2534 4642 2647 4693 quo
2680 4627 2891 4678 fateare
2919 4626 3105 4677 fldem.

2365 4824 2791 4889 DISTINC'I'IO
2832 4825 2984 4888 VIII.

2075 4962 2221 5025 Post
2262 4968 2729 5024 sacramentum
2774 4958 3101 5042 Baptismi,
3144 4964 3263 5021 etc.

2055 5150 2322 5209 OMINICl
2360 5148 2617 5221 corporis
2654 5152 2711 5206 et
2748 5146 3051 5221 sanguinis
3090 5163 3421 5205 sacramen-

2080 5244 2229 5304 tum,
2261 5240 2417 5312 quod
2444 5238 2811 5296 Eucharistia
2838 5238 2971 5312 (hoc
3000 5240 3087 5295 est
3111 5238 3265 5294 bona
3295 5253 3423 5310 gra·

1921 5332 2024 5405 tia)
2060 5332 2319 5396 vocatur,
2348 5345 2453 5402 per
2488 5330 2647 5402 quod
2684 5326 3063 5401 spiritualiter
3100 5326 3419 5395 reficimur,
