4267 6250
379 507 603 564 onas-r.
647 508 734 554 vu
776 507 792 552 ε
833 509 1038 556 uranu
1078 508 1291 556 roron·
1332 469 1541 554 Arrun(
1573 507 1810 554 cnms‘n
1853 507 2191 564 samum,
2230 508 2483 555 num
2523 508 2635 556 sua
2675 508 3098 565 sumnum,
3138 507 3265 555 arc.
3330 489 3449 555 307

353 677 473 758 legi
505 684 885 760 sequentem
923 677 1292 761 opinionem
1333 677 1510 739 illam
1540 676 1841 758 Hugonis.
1875 677 1927 742 A
1954 685 2042 751 to,
2075 684 2141 740 et
2170 676 2236 738 in
2266 677 2485 741 limbo.
2508 714 2587 724 —
2616 679 2877 753 RursuS,
2909 679 3077 741 Deus
3104 683 3313 760 potest
3340 677 3453 740 ali-

427 775 606 839 Unde
647 775 1188 840 Antisiodorensis
1231 776 1299 838 in
1343 775 1604 838 Summa
1644 774 1846 857 loqui-

351 880 472 947 tur,
524 873 694 937 libro
740 883 969 958 quarto
1016 892 1031 937 :
1074 875 1348 937 Ponatur
1395 874 1565 956 quod
1613 873 1847 956 aliquis

349 971 812 1054 discipulorum
839 979 1152 1036 servasset
1180 990 1414 1054 corpus
1443 972 1674 1036 Christi
1707 991 1850 1034 con·

350 1077 670 1133 secratum
698 1070 766 1134 in
797 1071 1031 1154 pyxide
1073 1077 1200 1133 toto
1237 1068 1448 1132 triduo
1477 1069 1843 1151 sepulturas,

349 1175 412 1229 et
438 1175 764 1249 quaeratur
791 1187 872 1230 an
904 1175 1228 1232 mortuum
1261 1166 1489 1230 fuisset
1521 1165 1645 1246 ibi3
1676 1167 1847 1229 vide-

349 1273 452 1328 tur
479 1267 654 1347 quod
685 1284 836 1340 non,
869 1267 1023 1349 quia
1060 1264 1458 1348 impassibile
1490 1264 1614 1327 fuit
1643 1263 1734 1327 ibi
1773 1283 1847 1326 ac

349 1363 732 1426 immortale.
767 1363 1022 1426 Constat
1050 1369 1288 1437 autem,
1321 1363 1492 1444 quod
1523 1369 1846 1425 mortuum

349 1460 467 1523 fuit
515 1461 581 1523 in
629 1479 820 1524 cruce
853 1479 869 1523 :
903 1479 1052 1542 ergo
1097 1461 1268 1523 idem
1307 1477 1575 1522 numero
1614 1477 1848 1543 corpus

347 1560 469 1622 fuit
499 1567 828 1623 mortuum
859 1566 923 1623 et
953 1577 1078 1624 non
1111 1567 1459 1633 mortuum,
1491 1559 1846 1622 animatum

345 1665 406 1721 et
433 1677 568 1722 non
597 1659 968 1722 animatum.
984 1659 1246 1742 Propter
1273 1658 1394 1721 hoc
1423 1657 1646 1720 dicunt
1674 1675 1847 1719 nunc

344 1774 568 1820 omnes
618 1757 930 1840 magistri,
980 1758 1150 1839 quod
1199 1757 1508 1820 Dominus
1556 1755 1732 1819 dedit
1779 1755 1845 1818 in

1955 775 2110 857 quid
2144 794 2259 858 per
2288 776 2387 838 sui
2419 775 2621 858 ipsius
2654 775 3254 859 multiplicationem
3286 774 3452 838 face-

1957 893 2026 936 re
2067 892 2209 937 esse
2252 873 2317 936 in
2359 873 2651 957 pluribus
2701 873 2899 954 locis3
2942 881 3151 956 potest
3198 891 3452 956 quoque

1959 990 2074 1054 per
2115 971 2891 1036 transsubstantiationem
2938 973 3130 1034 unius
3173 971 3239 1034 in
3277 971 3451 1034 aliud
3523 991 3533 1000 ·

1959 1071 2078 1132 hoc
2105 1071 2424 1152 ipsum.—
2438 1071 2713 1153 Insuper,
2732 1088 2902 1133 mors
2924 1069 3159 1134 Christi
3182 1069 3303 1132 fuit
3324 1070 3456 1132 vio-

1959 1168 2129 1231 lenta
2158 1176 2224 1230 et
2250 1169 2309 1230 ei
2343 1168 2517 1231 illata
2542 1188 2579 1230 a
2607 1169 2790 1232 Pilati
2821 1168 3155 1242 ministris,
3177 1185 3451 1250 quorum

1955 1266 2120 1330 actio
2151 1285 2279 1330 non
2308 1267 2709 1350 pertingebat
2736 1266 2813 1330 ad
2852 1285 3083 1350 corpus
3113 1267 3344 1331 Christi
3386 1265 3453 1328 in

1955 1366 2160 1440 altari,
2194 1383 2313 1428 nec
2356 1365 2565 1447 tetigit
2607 1365 2785 1428 illud.
2818 1401 2901 1412 --
2928 1367 3187 1440 lterum,
3221 1383 3454 1448 corpus

1957 1464 2189 1527 Christi
2234 1482 2359 1527 non
2405 1465 2753 1547 exspiravit
2792 1464 2917 1526 nisi
2968 1483 3083 1547 per
3126 1463 3454 1546 sanguinis

1955 1560 2363 1637 effusionem,
2398 1581 2539 1643 quae
2568 1561 2689 1624 sub
2726 1561 3065 1644 speciebus
3098 1579 3453 1625 sacramen·-

1956 1658 2193 1722 talibus
2237 1678 2377 1723 esse
2418 1659 2728 1741 nequivit.

345 1863 742 1919 sacramento
771 1873 1002 1938 corpus
1031 1875 1218 1918 suum
1251 1854 1554 1936 passibile
1582 1873 1656 1917 ac
1690 1872 1846 1917 mor·
1883 1855 1930 1918 B
2038 1856 2131 1919 Ad
2163 1856 2319 1929 haec,
2353 1856 2703 1938 praesertim
2742 1857 2817 1918 ad
2860 1857 3163 1939 primum,
3199 1873 3455 1940 respon-

347 1954 484 2016 tale.
523 1954 1066 2036 Distinguuntque
1097 1955 1305 2028 istam,
1341 1953 1583 2035 Corpus
1613 1952 1845 2016 Christi

347 2053 462 2115 sub
495 2052 708 2116 forma
737 2054 920 2136 panis
957 2061 1056 2116 est
1087 2053 1390 2135 passibile
1425 2070 1439 2114 ε
1473 2053 1626 2134 quia
1655 2053 1850 2135 passi-

351 2151 474 2215 bile
525 2151 700 2215 idem
747 2160 844 2214 est
883 2142 1060 2234 'quod
1109 2158 1332 2234 potens
1381 2151 1534 2232 pati.
1586 2152 1650 2214 Si
1697 2168 1850 2231 ergo

350 2250 798 2313 determinatio
827 2251 985 2325 haec,
1017 2248 1137 2312 sub
1172 2249 1378 2312 forma
1405 2249 1612 2332 paniS,
1645 2250 1848 2313 deter-

351 2349 551 2413 minet
600 2349 666 2431 ly
713 2348 1040 2432 passibile,
1092 2355 1402 2430 quantum
1452 2348 1532 2411 ad
1582 2347 1849 2411 infiniti-

349 2467 496 2510 vum
532 2447 626 2510 ihi
662 2447 1158 2520 cointellectum,
1193 2446 1350 2509 falsa
1379 2454 1478 2510 est
1491 2464 1508 2526 3
1535 2466 1734 2528 quum
1768 2448 1852 2509 sit

351 2565 596 2621 sensuS,
635 2546 880 2629 Corpus
911 2546 1141 2609 Christi
1172 2552 1380 2628 potest
1417 2546 1547 2628 pati
1581 2544 1700 2608 sub
1731 2545 1853 2608 for-

357 2663 452 2707 ma
483 2645 696 2726 panis.
733 2644 796 2707 Si
827 2663 979 2708 vero
1017 2644 1398 2708 determinet
1428 2643 1490 2727 ly
1522 2642 1846 2726 passibile,

351 2749 662 2825 quantum
692 2743 772 2804 ad
802 2742 1152 2824 potentiam
1194 2742 1500 2824 patiendi,
1531 2760 1682 2804 vera
1711 2748 1846 2820 est3

351 2848 410 2902 et
436 2848 536 2903 est
565 2859 820 2914 sensuS,
855 2840 1095 2923 Corpus
1125 2839 1357 2903 Christi
1387 2840 1698 2903 exsistens
1728 2839 1849 2902 sub

351 2938 552 3002 forma
579 2937 795 3020 paniS,
827 2937 1016 3000 habet
1045 2937 1394 3020 potentiam
1422 2937 1722 3019 patiendi.
1751 2938 1851 3000 Di-

1959 1957 2064 2018 det
2095 1955 2403 2017 Henricus
2432 1955 2873 2017 tertiodecimo
2896 1955 3274 2028 Quodlibeto
3300 1973 3314 2016 ε
3344 1955 3452 2018 Es·
3568 2009 3578 2019 .
3638 2009 3651 2022 .

1959 2074 2027 2118 se
2059 2055 2123 2116 in
2156 2072 2431 2135 corpore,
2446 2060 2655 2135 potest
2682 2054 3061 2136 incorporeae
3089 2053 3454 2119 substantiae

1959 2153 2303 2216 convenire
2332 2152 2702 2234 dupliciter:
2722 2152 2943 2234 primo,
2959 2171 3073 2235 per
3100 2172 3281 2216 suam
3316 2153 3459 2215 sub-

1959 2251 2288 2328 stantiam3
2321 2250 2623 2324 secund0,
2643 2268 2757 2332 per
2785 2268 2965 2313 suam
2995 2248 3450 2332 operationem.

1959 2349 2073 2411 Per
2111 2349 2535 2412 substantiam
2575 2367 2779 2421 suam,
2812 2347 3154 2430 dupliciter
3194 2366 3209 2410 t
3246 2350 3456 2431 primo

1959 2447 2294 2520 situaliter,
2310 2447 2592 2510 secundo
2622 2445 2921 2508 localiter.
2948 2447 3327 2529 Incorporea
3350 2466 3458 2509 au-

1961 2553 2087 2608 tem
2120 2552 2449 2627 nequeunt
2477 2563 2616 2608 esse
2648 2543 2931 2607 localiter
2960 2543 3025 2606 in
3058 2563 3144 2607 re.
3170 2544 3457 2628 Loquen-

1960 2645 2041 2707 do
2087 2651 2299 2707 autem
2354 2644 2433 2706 de
2490 2662 2628 2706 esse
2676 2643 2742 2704 in
2795 2642 2932 2706 loco
2979 2643 3288 2706 situaliter
3344 2662 3459 2727 per

1961 2759 2143 2804 suam
2192 2741 2634 2815 substantiam,
2676 2740 2820 2803 dico
2855 2741 3027 2823 quod
3075 2760 3278 2824 quum
3326 2740 3458 2804 ani-

1963 2859 2068 2902 ma
2095 2847 2403 2923 separata,
2436 2839 2603 2901 sicut
2638 2847 2703 2902 et
2738 2838 3023 2920 angelus,
3058 2840 3141 2902 sit
3170 2841 3460 2923 incorpo-

1961 2939 2109 3002 ralis
2139 2937 2515 3012 substantia,
2550 2957 2691 3020 quae
2724 2938 3080 3002 secundum
3117 2941 3457 3002 essentiam

351 3038 762 3100 stinctionem
807 3037 970 3099 hanc
1011 3035 1459 3119 approbamus.
1495 3035 1638 3100 Haec
1674 3036 1849 3098 Anti·
1881 3042 1924 3106 C
1960 3055 2145 3100 suam
2188 3045 2287 3099 est
2326 3037 2623 3118 simplex,
2664 3037 2831 3099 sicut
2875 3039 3083 3100 unitas
3120 3038 3457 3114 abstracta,

351 3137 758 3201 siodorensis.

758 3454 1233 3529 QUAESTIO
1293 3452 1443 3517 VII

351 3727 642 3893 Modo
703 3726 1116 3809 quaerendum
1177 3732 1294 3799 est,
1355 3724 1652 3793 ‘Utrum
1708 3740 1851 3807 per

523 3826 1184 3907 omnipotentiam
1213 3826 1383 3906 Det,
1399 3826 1664 3906 potuit
1688 3828 1850 3891 ani-

349 3940 478 3993 ma
527 3925 836 3992 Christi
883 3924 1248 4003 separata
1293 3937 1342 3990 a
1387 3936 1716 4004 corpore
1763 3922 1852 3990 111

351 4038 586 4090 cruce
617 4022 1010 4103 pendente
1040 4035 1134 4088 ac
1162 4022 1502 4103 sepulto,
1530 4035 1850 4088 manere

351 4123 582 4188 unita
605 4120 920 4201 corpori
949 4119 1124 4201 ejus
1151 4119 1301 4187 sub
1323 4122 1850 4202 sacramento;

1961 3154 2087 3200 non
2119 3144 2192 3200 ut
2221 3144 2520 3219 punctuS,
2543 3136 2655 3219 qui
2688 3137 2754 3199 in
2785 3138 3225 3219 magnitudine
3254 3138 3459 3201 deter-

1965 3236 2165 3298 minat
2194 3234 2319 3299 sibi
2347 3235 2577 3315 situm3
2608 3236 2872 3319 angelus
2910 3243 3125 3300 autem
3156 3244 3220 3300 et
3247 3237 3459 3300 anima

1960 3334 2207 3397 nullum
2262 3334 2389 3397 sibi
2446 3334 2511 3396 in
2563 3334 2989 3416 magnitudine
3037 3336 3459 3399 determinant

1960 3432 2155 3495 situm
2190 3439 2367 3495 extra
2395 3450 2585 3515 quem
2624 3452 2765 3496 esse
2802 3450 2931 3496 non
2970 3434 3225 3496 valeant
3256 3451 3270 3496 :
3304 3433 3457 3496 hinc

1961 3530 2234 3593 difficile
2262 3538 2361 3594 est
2391 3530 2548 3593 mihi
2581 3530 3294 3613 intelligere,quomedo
3332 3532 3459 3594 ani·

1963 3647 2067 3691 ma
2095 3627 2408 3691 situaliter
2438 3628 2522 3691 sit
2552 3628 2619 3690 in
2647 3627 2865 3710 aliquo
2894 3645 3159 3711 corpore
3189 3636 3299 3691 aut
3327 3648 3457 3692 ma-

1961 3725 2317 3807 gnitudine,
2333 3732 2397 3787 et
2419 3725 2539 3787 hoc
2563 3723 2805 3807 absque
2835 3725 3202 3807 operatione
3226 3726 3291 3787 in
3322 3725 3454 3802 illa,

1963 3832 2027 3887 et
2055 3824 2299 3906 absque
2338 3823 2633 3905 passione
2662 3840 2701 3884 a
2730 3839 2995 3904 corpore
3034 3831 3145 3886 aut
3181 3822 3262 3886 ab
3300 3824 3460 3886 exsi-

1963 3928 2165 3984 stente
2214 3920 2528 3983 situaliter
2586 3919 2649 3981 in
2708 3920 2933 3982 eodem
2960 3936 2979 3999 ;
3038 3920 3459 3983 consimiliter

1963 4037 2218 4102 quoque
2257 4018 2335 4082 de
2372 4018 2616 4099 angelo,
2653 4017 2969 4091 Attamen,
2999 4018 3306 4100 quoniam
3335 4018 3455 4081 hoc

1960 4125 2179 4181 tenere
2222 4117 2512 4199 praecipit
2548 4116 2807 4198 quidam
2848 4115 3151 4178 articulus
3189 4116 3269 4179 de
3308 4134 3456 4180 con-

353 4228 434 4294 et,
447 4220 580 4288 An
609 4232 900 4299 eorpus
928 4218 1236 4286 christi
1263 4217 1416 4285 sub
1441 4220 1703 4301 specle
1733 4233 1851 4287 sa·
1880 4222 1931 4286 D
1962 4216 2155 4280 trario
2192 4214 2591 4289 interdictus,
2634 4214 2872 4278 idcirco
2906 4232 3033 4277 non
3068 4216 3450 4281 contradico.

353 4317 831 4386 eramentafl
879 4319 1340 4399 consistam,
1380 4319 1466 4384 tn
1514 4332 1705 4385 casu
1747 4321 1851 4385 st-

352 4417 558 4499 mffl,
601 4430 948 4499 passum,
985 4415 1459 4484 crucfflxum
1512 4431 1606 4484 ac
1647 4431 1852 4483 mor-

351 4520 584 4585 tuum
637 4513 925 4583 fuisset
975 4514 1312 4598 ibidem;
1358 4524 1423 4579 et
1469 4536 1710 4591 rursus,
1763 4518 1852 4585 Si

351 4618 648 4699 anquis
692 4616 1268 4697 Apostolorum
1315 4620 1853 4685 consecrasset

349 4718 436 4783 in
463 4716 771 4795 trffluo,
795 4728 894 4781 an
925 4716 1012 4782 in
1037 4728 1370 4796 corpore
1398 4719 1853 4784 consecrato

351 4812 639 4882 fuisset
679 4816 948 4881 amma
990 4813 1318 4881 Christi.

430 4912 502 4974 In
541 4912 664 4973 hac
703 4912 1054 4993 quaestione
1090 4912 1212 4975 tria
1249 4919 1613 4995 tanguntur.
1647 4914 1726 4976 Et
1763 4914 1852 4977 vi-

351 5010 540 5075 detur
566 5010 742 5094 quod
773 5010 1056 5093 primum
1077 5014 1166 5091 [et
1193 5012 1476 5091 tertium]
1507 5010 1631 5074 fuit
1659 5013 1858 5095 possi-

353 5109 503 5174 bile.
537 5109 700 5172 Nam
751 5126 984 5190 corpus
1034 5109 1265 5173 Christi
1315 5110 1508 5173 simul
1547 5118 1613 5173 et
1655 5110 1855 5175 semel

351 5216 449 5271 est
477 5210 546 5272 in
575 5208 877 5292 pluribus
909 5208 1104 5272 locis:
1137 5226 1288 5290 ergo
1315 5217 1380 5273 et
1407 5210 1620 5273 anima
1648 5210 1859 5294 potuit

351 5308 542 5371 simul
571 5326 714 5373 esse
743 5308 811 5372 in
843 5307 1076 5391 pyxide
1105 5326 1218 5373 seu
1245 5325 1510 5391 corpore
1539 5326 1858 5374 consecra-

2041 4315 2231 4377 Porro
2260 4332 2376 4397 per
2402 4314 2839 4395 operationem
2876 4331 3057 4375 suam
3094 4311 3287 4376 habet
3321 4315 3456 4378 ani-

1963 4434 2064 4477 ma
2095 4432 2235 4477 esse
2264 4412 2331 4475 in
2370 4429 2634 4495 corpore
2672 4411 3014 4494 dupliciter
3046 4429 3059 4473 ε
3094 4412 3305 4494 primo
3339 4432 3457 4496 per

1959 4512 2397 4597 operationem
2440 4512 2738 4595 primam,
2771 4530 2913 4594 quae
2955 4517 3053 4573 est
3099 4512 3247 4575 dare
3291 4531 3451 4589 esse,

1959 4620 2024 4676 et
2054 4611 2355 4677 convenit
2389 4611 2620 4674 animae
2650 4611 2718 4672 in
2756 4618 3065 4691 quantum
3106 4618 3203 4673 est
3240 4629 3459 4694 corpo-

1962 4713 2048 4775 ris
2077 4712 2299 4784 forma‚
2313 4718 2505 4793 atque
2535 4710 2812 4774 essentia
2838 4708 3138 4773 distincta
3162 4708 3243 4771 ab
3272 4722 3459 4788 ange-

1963 4812 2060 4891 lo;
2110 4810 2391 4874 secundo
2448 4828 2563 4891 per
2608 4808 3041 4891 operationem
3089 4805 3453 4870 secundam.

1962 4911 2110 4984 Quae
2139 4909 2375 4991 duplex
2407 4913 2613 4990 potest
2640 4904 2903 4969 attribui
2932 4906 3161 4969 animae
3184 4922 3199 4967 τ
3224 4922 3372 4977 una,
3392 4903 3458 4965 in

1964 5015 2275 5091 quantum
2316 5014 2412 5070 est
2450 5006 2665 5069 anima
2692 5012 2757 5067 et
2793 5004 3045 5067 diversa
3082 5004 3160 5067 ab
3188 5003 3456 5085 angelo;

1963 5109 2106 5183 alia,
2143 5109 2208 5170 in
2238 5114 2549 5189 quantum
2578 5112 2676 5168 est
2704 5103 3059 5167 substantia
3089 5104 3460 5185 incorporea

1964 5207 2351 5272 conveniens
2382 5224 2531 5268 cum
2568 5203 2810 5286 angelo.
2844 5203 3056 5267 Primo
3093 5202 3282 5266 modo
3312 5218 3459 5264 con-

1965 5306 2144 5371 venit
2180 5305 2409 5370 animae
2444 5303 2729 5387 operatio
2766 5322 2893 5385 qua
2929 5302 3035 5366 dat
3064 5300 3313 5386 corpori
3342 5318 3457 5365 seu
