4267 6250
834 447 952 515 168
1692 466 1757 513 ιΝ
1798 466 2021 514 [mauu
2062 465 2122 512 w
2165 464 2647 513 summm.
2689 483 2770 495 —
2809 466 2967 513 msr.
3007 467 3070 513 v1

834 636 1224 701 exorcizatus
1258 646 1404 701 ante
1436 637 1831 719 Baptismum
1866 636 2198 711 decedenS,
2223 636 2334 698 mi·
2358 633 2411 699 A
2440 655 2625 700 aures
2673 637 2892 712 saliva,
2934 644 3006 700 ut
3049 645 3220 700 tactu
3268 656 3560 720 supernae
3605 636 3940 719 sapientiae

833 752 1020 799 nores
1052 736 1347 799 tenebras
1381 737 1676 820 patietur.
1711 736 1832 800 Sed
1866 736 1987 800 hoc
2017 736 2179 798 nihil
2210 743 2326 811 est,
2437 752 2622 798 aures
2665 736 2806 816 ejus
2849 736 3216 819 aperiantur
3251 736 3329 799 ad
3371 735 3760 798 audiendum
3798 753 3944 798 ver-

835 834 1139 915 quoniam
1170 835 1448 899 tenebrae
1490 835 1615 898 illae
1652 836 1719 897 in
1758 835 1892 900 sola
1930 835 2210 897 carentia
2241 834 2330 897 di·
2440 832 2596 895 bum
2635 834 2770 907 Dei,
2804 840 2868 897 et
2902 853 3088 897 nares
3125 834 3423 897 similiter
3457 833 3536 895 ad
3575 832 3944 895 discernen-

832 932 1000 996 vinae
1045 934 1313 997 visionis
1362 934 1738 1008 consistunt,
1790 952 1991 1016 quum
2048 950 2177 996 non
2226 932 2330 995 ha·
2440 931 2594 993 dum
2631 932 2892 995 odorem
2934 932 3080 997 vitae
3117 951 3190 995 ac
3231 932 3470 995 mortis.
3505 931 3615 994 His
3657 930 3942 1013 comple·

833 1030 1029 1094 beant
1054 1032 1246 1095 aliam
1286 1032 1657 1095 sensibilem
1698 1050 1968 1114 poenam.
2004 1032 2082 1093 Et
2108 1031 2230 1094 hoc
2260 1031 2328 1092 in
2438 1029 2544 1103 tis,
2578 1030 2755 1093 venit
2783 1030 3075 1093 sacerdos
3113 1030 3189 1093 ad
3221 1030 3485 1093 fontem.
3520 1029 3942 1092 Consecratur

833 1130 1135 1194 omnibus
1164 1132 1495 1213 aequaliter
1522 1132 1661 1194 erit.
1686 1131 1928 1194 Idcirco
1955 1130 2324 1204 dicendum,
2437 1126 2584 1190 fons
2627 1128 2694 1190 in
2733 1128 2993 1191 nomine
3031 1128 3228 1191 Patris
3271 1134 3335 1191 et
3371 1126 3514 1190 Filii
3555 1135 3622 1190 et
3657 1126 3936 1209 Spiritus

830 1229 1000 1311 quod
1029 1247 1155 1292 non
1186 1229 1376 1292 habet
1406 1229 1709 1293 effectum
1738 1230 1803 1291 in
1834 1228 2172 1292 collatione
2199 1246 2331 1309 gra·
2439 1226 2673 1301 Sancti,
2707 1234 3019 1310 quatenus
3057 1227 3357 1289 sanctitas
3389 1225 3770 1289 sacramenti
3803 1242 3936 1287 non

829 1326 957 1402 tiae,
999 1327 1108 1390 sed
1152 1328 1360 1389 solum
1408 1328 1475 1389 in
1517 1327 1955 1390 debilitatione
1998 1327 2326 1409 potestatis
2439 1344 2517 1388 ex
2555 1343 2631 1389 eo
2661 1325 2771 1408 qui
2810 1324 3150 1399 ministrat,
3183 1326 3294 1389 sed
3331 1344 3410 1389 ex
3441 1343 3518 1389 eo
3553 1324 3664 1407 qui
3701 1324 3936 1387 sancti-

829 1424 1085 1489 diaboli.
1130 1426 1437 1508 Denique,
1471 1435 1542 1488 ut
1570 1426 1877 1509 Baptismi
1920 1424 2326 1488 uniformitas
2437 1423 2610 1497 ficat,
2634 1442 2772 1487 esse
2803 1432 3116 1487 noscatur.
3145 1424 3438 1487 Traditur
3463 1441 3718 1506 quoque
3749 1440 3933 1486 novae

826 1524 1223 1598 observetur,
1256 1531 1506 1607 oportet
1538 1532 1610 1586 ut
1640 1525 1695 1587 si
1734 1523 2128 1587 exorcismus
2171 1542 2325 1606 prae-
2436 1522 2582 1586 vitae
2619 1522 3016 1585 auditoribus
3054 1523 3426 1607 Symbolum
3465 1521 3645 1596 fidei,
3691 1521 3758 1584 in
3800 1539 3932 1604 quo

830 1622 1162 1685 termissus
1191 1622 1406 1698 fuerit,
1435 1631 1577 1706 post
1606 1623 2001 1705 Baptismum
2032 1622 2324 1704 supplea-
2433 1621 2794 1704 apostolicae
2851 1621 3154 1685 doctrinae
3199 1621 3406 1685 forma
3462 1620 3773 1684 consistit.
3818 1621 3933 1683 Po-

825 1729 973 1800 tur;
1006 1728 1071 1784 et
1100 1729 1252 1783 tunc
1290 1721 1498 1785 solum
1539 1720 1893 1802 significat3
1924 1720 2025 1784 vel
2056 1719 2321 1784 forsitan
2435 1729 2692 1795 stremo,
2751 1720 3172 1803 interrogatus
3230 1720 3670 1804 baptizanduS,
3729 1719 3932 1783 Abre-

826 1818 1081 1882 additur
1110 1819 1411 1883 coercitio
1439 1820 1649 1901 aliqua
1680 1818 2171 1902 impugnationis
2201 1818 2324 1881 dia·
2347 1814 2397 1879 B
2435 1820 2690 1883 nuntias
2729 1819 2972 1885 Satanae
3009 1827 3073 1882 et
3108 1819 3410 1882 omnibus
3450 1819 3706 1902 pompis
3741 1819 3933 1901 ejus?

828 1916 983 1993 boli,
1018 1936 1217 2001 quum
1249 1925 1314 1980 et
1343 1917 1535 1980 etiam
1565 1918 1717 1980 dum
1754 1925 1899 2000 post
1925 1917 2322 1999 Baptismum
2433 1917 2794 2000 respondet,
2825 1918 3240 1982 Abrenuntio.
3273 1919 3408 1992 Quo
3448 1918 3638 1992 facto,
3671 1917 3937 1998 ungitur

826 2034 992 2097 aqua
1029 2014 1365 2078 benedicta
1400 2014 1863 2097 adspergimur,
1896 2022 2172 2096 potestas
2206 2014 2326 2078 dae·
2432 2016 2574 2079 oleo
2616 2035 2796 2079 sacro
2837 2016 2902 2079 in
2949 2024 3226 2099 pectore,
3257 2022 3560 2098 tanquam
3605 2016 3938 2078 muniatur

831 2114 1041 2177 monis
1082 2112 1296 2195 aliqua
1334 2113 1738 2196 reprimatur.
2434 2114 2738 2178 adversus
2767 2114 3133 2189 hostem,ne
3165 2115 3328 2177 ultra
3359 2114 3736 2197 persuadeat
3765 2112 3938 2177 foeda

908 2212 1254 2285 Postrem0,
1304 2210 1663 2274 exorcizare
1714 2216 1958 2292 spectat
2009 2210 2087 2272 ad
2145 2227 2322 2273 exor-
2435 2219 2500 2275 et
2529 2212 2736 2275 noxia.
2763 2213 3029 2294 Ungitur
3058 2220 3123 2275 et
3150 2212 3316 2275 inter
3345 2212 3657 2294 scapulas,
3683 2218 3754 2273 ut
3783 2229 3936 2275 con-

828 2311 1041 2384 cistas,
1091 2326 1168 2373 ex
1227 2308 1487 2391 proprio
1534 2326 1755 2372 eorum
1813 2307 2069 2388 officio;
2120 2308 2323 2371 nihilo
2434 2310 2706 2374 fortetur
2731 2310 2810 2373 ad
2849 2312 3231 2394 portandum
3261 2328 3422 2375 onus
3454 2311 3566 2375 Dei
3605 2328 3818 2373 suave.
3855 2310 3937 2372 Et

828 2407 1045 2471 minus
1078 2414 1177 2471 est
1204 2407 1398 2470 etiam
1435 2406 1734 2470 ordinum
1774 2405 2197 2489 superiorum.
2220 2407 2324 2469 At·
2436 2409 2877 2490 interrogatuS,
2910 2409 3171 2473 Credis?
3209 2409 3354 2472 dato
3397 2427 3725 2492 responso,
3767 2428 3935 2471 mer-

827 2514 1039 2570 tamen
1068 2506 1147 2569 ad
1176 2506 1631 2570 ostendendam
1662 2504 1971 2569 unitatem
1998 2504 2319 2585 Baptismi,
2433 2508 2603 2589 gitur
2633 2514 2730 2571 ter
2760 2508 2826 2569 in
2857 2526 3040 2589 aqua.
3072 2508 3432 2590 Baptizatus
3468 2515 3683 2573 autem
3717 2526 3936 2571 aseen-

826 2612 1201 2667 consuetum
1242 2604 1435 2667 estin
1471 2603 1774 2678 Ecclesia,
1809 2610 1880 2664 ut
1906 2610 2112 2666 totum
2153 2602 2322 2684 quod
2434 2605 2591 2668 dens
2630 2605 2708 2668 de
2747 2605 2943 2680 fonte,
2978 2606 3238 2687 ungitur
3267 2594 3610 2669 chrismate
3647 2624 3828 2670 sacro
3863 2606 3934 2668 in

822 2704 903 2767 ad
941 2702 1337 2786 Baptismum
1382 2702 1658 2784 pertinet
1687 2702 2017 2784 expleatur
2052 2702 2134 2764 ab
2171 2718 2320 2775 uno,
2433 2702 2693 2777 vertice,
2738 2710 2807 2764 ut
2850 2703 3146 2785 spiritum
3191 2703 3424 2767 Christi
3465 2703 3932 2786 participando,

827 2808 981 2885 puta
1018 2821 1056 2863 a
1086 2801 1431 2864 sacerdote.
1465 2802 1537 2863 In
1578 2799 1904 2882 primitiva
1930 2816 2083 2863 vero
2112 2799 2326 2861 Eccle-
2433 2800 2735 2883 deinceps
2766 2801 2995 2864 merito
3023 2801 3417 2865 Christianus
3447 2809 3731 2877 vocetur,
3749 2802 3938 2865 cohe-

826 2900 924 2963 sia
959 2899 1329 2982 frequenter
1364 2898 1621 2980 grandis
1651 2898 1838 2961 turba
1876 2897 2069 2959 simul
2107 2898 2186 2959 ad
2215 2897 2325 2958 Ba·
2434 2918 2534 2962 res
2591 2899 2772 2979 regni
2819 2906 2884 2962 et
2928 2899 3144 2980 gloriae
3195 2918 3372 2963 sacra
3429 2901 3730 2963 unctione
3777 2900 3938 2963 effe-

828 2998 1137 3081 ptismum
1171 2995 1505 3070 confluxit,
1538 2996 1925 3079 fueruntque
1954 3002 2105 3057 tunc
2135 2995 2320 3077 pauci
2353 2996 2400 3061 C
2435 3004 2594 3059 ctus,
2631 2998 2869 3061 Deinde
2909 2996 3178 3060 traditur
3205 2998 3265 3061 ei
3307 2998 3577 3061 candida
3609 2998 3827 3073 vastia,
3861 3007 3936 3062 ut

828 3096 1230 3160 sacerdotes:
1261 3094 1404 3158 ideo
1433 3094 1921 3176 sacramentalia,
1945 3093 2052 3157 illa
2080 3092 2324 3157 fiebant
2433 3095 2656 3160 habitu
2699 3096 3194 3180 regenerationis
3237 3096 3456 3179 gloriae
3498 3096 3794 3180 praeferat
3834 3098 3934 3163 in-

829 3215 868 3259 a
914 3193 1271 3260 minoribus
1322 3193 1673 3257 ordinibus.
1726 3193 2054 3275 Completa
2107 3200 2324 3256 autem
2435 3195 2832 3258 dumentum.
2870 3196 3126 3278 'regitur
3163 3196 3318 3259 item
3351 3204 3543 3278 caput
3570 3195 3714 3277 ejus
3751 3215 3937 3260 sacro

829 3301 1107 3378 potestas
1159 3292 1225 3355 in
1275 3292 1713 3366 exorcizando,
1763 3292 2072 3374 competit
2118 3311 2323 3354 sacer·
2435 3294 2773 3368 velamine,
2808 3301 2878 3355 ut
2908 3293 3220 3377 intelligat
3257 3313 3326 3356 se
3362 3294 3718 3357 diademate
3753 3295 3936 3376 regni

827 3393 979 3456 doti.
1013 3427 1091 3438 -
1121 3392 1265 3456 Haec
1306 3391 1577 3454 Thomas
1618 3390 1686 3452 in
1728 3390 1995 3473 Scripto.
2434 3399 2499 3454 et
2527 3392 2899 3455 sacerdotali
2929 3392 3234 3473 dignitate
3263 3391 3474 3475 potiri.
3502 3391 3598 3454 Ad
3629 3392 3936 3456 ultimum

909 3491 997 3554 De
1026 3489 1127 3552 his
1165 3488 1393 3553 scribit
1419 3489 1485 3550 in
1517 3489 1703 3551 tertia
1740 3495 1940 3570 parte,
1973 3488 2322 3570 quaestione
2432 3491 2619 3553 datur
2657 3491 2717 3554 ei
2756 3509 2978 3553 cereus
3019 3509 3326 3553 accensus
3367 3490 3430 3552 in
3473 3509 3686 3564 manu,
3721 3499 3790 3553 ut
3826 3492 3938 3556 do-

826 3588 1295 3671 septuagesima
1328 3588 1551 3669 prima.
1588 3587 1664 3648 Et
1691 3606 1833 3669 quae
1864 3587 2103 3649 ibidem
2144 3586 2324 3648 indu·
2434 3596 2651 3652 ceatur
2707 3589 2976 3671 implere
3033 3589 3472 3670 evangelicum
3530 3589 3688 3653 illud
3749 3609 3764 3654 ε
3825 3591 3934 3654 Sic
3991 3613 4230 3660 uacua.

824 3687 1017 3761 cit,in
1047 3705 1217 3750 nunc
1248 3685 1625 3748 introductis
1656 3685 1807 3748 satis
1838 3685 2152 3749 contineri
2181 3703 2324 3747 cen·
2435 3688 2643 3750 luceat
2690 3689 2799 3750 lux
2847 3695 3057 3750 vestra
3105 3705 3316 3750 coram
3367 3687 3758 3763 hominibus,
3803 3697 3929 3752 etc.
3967 3679 4038 3719 ¹⁶·

825 3793 1079 3866 sentur3
1118 3785 1415 3850 similiter
1448 3803 1523 3847 ea
1563 3803 1704 3866 quae
1739 3784 1963 3847 scribit
2000 3783 2318 3857 Albertus,
2434 3787 2578 3850 Haec
2609 3786 2958 3850 Richardus
2997 3804 3074 3848 ex
3105 3786 3385 3867 Hugone.
3421 3821 3497 3832 —
3528 3787 3616 3850 De
3648 3786 3750 3850 his
3778 3805 3938 3869 quo-

825 3891 890 3948 et
929 3903 1071 3967 quae
1112 3883 1350 3946 Petrus.
2432 3904 2558 3968 que
2589 3884 2966 3948 Guillelmus
2999 3885 3063 3946 in
3094 3901 3212 3948 suo
3240 3884 3792 3960 Sacramentali‚et
3819 3886 3938 3949 Bo-

906 3981 1259 4048 Richardus
1299 3999 1451 4045 vero
1488 3980 1711 4061 adjicit
1743 4000 1757 4044 ε
1792 3981 2160 4044 Secundum
2197 3980 2322 4043 Ηιι-
2433 3989 2781 4046 naventura
2811 3983 2874 4044 in
2902 3982 3150 4065 Scripto
3182 3982 3600 4057 conscribunt,
3615 4001 3758 4065 quae
3786 4003 3934 4047 cum

827 4097 1059 4163 gonem
1099 4080 1379 4143 secundo
1412 4078 1580 4142 libro
1612 4079 1689 4142 de
1720 4079 2166 4155 SacramentiS,
2196 4079 2323 4142 for·
2436 4081 2756 4164 praedictis
2800 4080 3188 4144 coincidunt.

834 4199 935 4242 ma
978 4178 1315 4242 exorcismi
1359 4177 1445 4240 ita
1487 4177 1823 4259 perficitur
1856 4196 1870 4240 t
1902 4177 2324 4260 Baptizandus
2353 4175 2404 4238 D
2514 4179 2728 4244 Refert
2768 4180 2921 4242 item
2954 4178 3325 4253 Richardus,
3358 4179 3634 4260 qualiter
3668 4180 3936 4262 quidam

831 4278 1041 4360 primo
1072 4277 1359 4357 signatur
1392 4275 1720 4357 signaculo
1750 4275 1958 4338 crucis
1994 4276 2057 4338 in
2089 4275 2320 4352 fronte,
2435 4279 2735 4342 dixerunt
2767 4278 3194 4341 exorcismum
3233 4278 3508 4341 naturali
3538 4279 3772 4342 virtute
3811 4281 3937 4344 dae-

831 4376 899 4438 in
943 4381 1221 4457 pectore,
1254 4375 1321 4436 in
1364 4373 1589 4448 oculiS,
1624 4372 1689 4434 in
1731 4373 2015 4448 naribuS,
2048 4373 2114 4435 in
2157 4375 2324 4436 auri·
2435 4395 2690 4440 monem
2723 4375 3030 4457 effugare,
3064 4383 3128 4438 et
3156 4375 3296 4457 ejus
3327 4383 3701 4458 potestatem
3735 4379 3936 4459 repri-

829 4473 972 4548 buS,
1007 4475 1073 4537 in
1112 4491 1244 4548 ore,
1275 4481 1347 4534 ut
1382 4472 1577 4535 totius
1613 4472 1897 4554 corporis
1938 4490 2162 4535 sensus
2203 4472 2322 4536 hoc
2433 4493 2626 4549 mere,
2671 4482 2978 4557 ponentes
3021 4474 3389 4556 exemplum
3430 4475 3511 4538 de
3552 4474 3770 4549 David,
3812 4477 3926 4558 qui
3989 4501 4228 4558 mam,

825 4573 1153 4655 signaculo
1196 4572 1585 4646 muniantur,
1618 4571 1801 4652 cujus
1840 4571 2074 4634 virtute
2117 4590 2319 4635 sacra·
2429 4574 2640 4637 sonitu
2679 4573 2937 4636 citharae
2979 4593 3110 4637 suae
3153 4572 3400 4656 fugavit
3433 4593 3472 4636 a
3508 4573 3656 4637 Saul
3695 4575 3928 4638 daemo-
3954 4565 4029 4608 ²³·

824 4678 1040 4736 menta
1087 4678 1317 4734 cuncta
1363 4670 1789 4753 complentur,
1830 4676 1895 4732 et
1934 4671 2151 4734 omnia
2191 4671 2321 4733 dia·
2429 4672 2651 4748 nium3
2693 4671 2862 4754 quod
2911 4677 3126 4733 tamen
3175 4669 3395 4734 Glossa
3435 4670 3644 4734 innuit
3685 4670 3928 4734 factum

820 4769 951 4834 boli
982 4769 1291 4852 figmenta
1320 4769 1723 4831 frustrantur.
1757 4769 1976 4831 Postea
2004 4769 2190 4832 datur
2225 4770 2318 4832 sal
2431 4771 2496 4833 in
2539 4778 2848 4852 quantum
2894 4769 3135 4833 cithara
3178 4768 3302 4831 fuit
3339 4769 3548 4833 crucis
3591 4769 3814 4851 figura.
3849 4770 3932 4834 Et

818 4868 1229 4933 benedictum
1282 4867 1347 4930 in
1391 4885 1461 4930 os
1504 4867 1668 4947 ejuS,
1701 4874 1771 4930 ut
1814 4868 2129 4950 sapientia
2171 4887 2318 4931 con·
2427 4868 2534 4931 alii
2579 4869 2801 4932 dicunt
2838 4867 3092 4931 Saulem
3139 4886 3514 4950 perpessum
3558 4868 3930 4948 hujusmodi

817 4969 1010 5042 ditus,
1058 4967 1251 5031 odore
1300 4974 1509 5030 careat
1554 4967 1932 5049 iniquitatis,
1984 4987 2104 5030 nec
2153 4967 2318 5030 ultra
2429 4968 2788 5051 passionem
2821 4987 2898 5032 ex
2926 4985 3145 5049 grosso
3176 4967 3444 5030 humore
3474 4967 3935 5032 melancholico

816 5074 1140 5151 putrescat
1180 5066 1509 5130 vermibus
1555 5066 1877 5130 vitiorum.
1922 5067 2163 5130 Deinde
2210 5085 2314 5129 ex·
2423 5067 2825 5140 ascendente,
2859 5085 3052 5149 quem
3095 5066 3356 5147 agitavit
3395 5067 3805 5142 daemonium,
3847 5069 3930 5130 ad

817 5165 1117 5231 sufflatur
1146 5165 1463 5247 malignus
1492 5165 1777 5247 spirituS,
1798 5173 1871 5227 ut
1896 5166 2160 5248 spiritus
2191 5165 2316 5248 spi·
2423 5165 2608 5246 cujus
2641 5164 2940 5228 motionis
2970 5164 3436 5246 repressionem
3468 5165 3785 5248 potentior
3815 5165 3930 5230 fie-

818 5264 943 5327 ritu
984 5263 1275 5346 pellatur.
1309 5263 1528 5327 Postea
1555 5269 1901 5345 tanguntur
1931 5264 1990 5326 ei
2030 5283 2215 5328 nares
2249 5272 2313 5328 et
2424 5264 2534 5327 bat
2575 5263 2791 5326 anima
2834 5262 3064 5338 Saulis,
3109 5261 3460 5326 confortata
3499 5270 3565 5326 et
3606 5264 3928 5328 consolata

4155 2198 4188 2225 θ
