4267 6250
497 1663 512 1707 l
532 1663 635 1707 Cor.
647 1677 690 1716 x,
703 1667 742 1708 3.

525 4027 539 4071 l
565 4029 690 4073 Petr.
714 4044 742 4081 ι,

481 4091 546 4133 ¹2.

492 4719 508 4763 1
527 4719 630 4764 Cor.
648 4734 690 4773 x,
703 4723 742 4772 3,

763 469 884 538 234

1443 491 1508 539 m
1547 491 1771 540 Lmnmt
1811 493 1874 540 lv
1914 491 2399 540 nummulum.
2440 512 2521 523 —
2560 494 2715 541 msr.
2760 494 2863 559 113
2906 495 3133 552 QUAEST.
3176 497 3196 543 1

767 663 877 727 bet
925 665 1004 727 ad
1068 665 1279 748 ipsum
1345 666 1484 729 sine
1544 666 1770 730 ordine
1837 667 1916 729 ad
1977 666 2098 731 hoc
2165 687 2265 729 sa·
2295 663 2346 729 A
2460 667 2776 732 Consonat
2800 669 3043 741 Petrus,
3066 675 3130 732 et
3157 667 3334 731 addit
3364 685 3380 730 ε
3412 668 3577 733 Modi
3608 669 3887 733 mandu-

767 771 1206 844 cramentum3
1266 782 1394 827 non
1451 773 1666 828 tamen
1726 766 2067 828 manducat
2121 764 2266 827 talis

767 860 1184 942 spiritualiter
1222 862 1344 924 hoc
1382 870 1873 936 sacramentum,
1905 863 2016 926 sed
2056 863 2264 926 solum

767 956 877 1021 ille
907 960 1016 1041 qui
1049 959 1241 1024 habet
1279 960 1478 1024 fidem
1509 969 1574 1024 et
1611 961 1938 1024 caritatem
1978 961 2056 1024 ad
2091 961 2269 1026 Chri-

765 1064 938 1120 stum
983 1077 1130 1121 cum
1177 1059 1512 1123 devotione
1560 1068 1752 1142 atque
1791 1061 2119 1143 proposito
2168 1080 2269 1123 su-

767 1156 980 1218 mendi
1010 1156 1129 1219 hoc
1159 1158 1896 1231 sacramentum‚etiamsi
1929 1177 2271 1222 sacramen·

767 1255 978 1318 taliter
1007 1273 1136 1320 non
1179 1256 1536 1319 manducet.
1571 1258 1732 1319 Hinc
1771 1265 1980 1339 patres
2018 1257 2266 1339 antiqui

769 1371 894 1416 non
949 1355 1494 1418 manducaverunt
1541 1355 1958 1437 spiritualiter
2004 1356 2126 1419 hoc
2174 1375 2267 1418 sa-

769 1460 1166 1515 cramentum
1211 1453 1393 1535 (quia
1448 1453 1567 1517 hoc
1615 1462 2082 1516 sacramentum
2141 1472 2269 1517 non

770 1549 896 1612 fuit
923 1558 1075 1613 tunc
1105 1551 1469 1614 institutum
1499 1571 1617 1614 nec
1651 1553 2141 1632 consecratum),
2157 1553 2267 1614 sed

772 1648 1114 1712 Christum.
1150 1650 1381 1732 Sicque
1417 1651 1508 1712 ait
1534 1650 1896 1733 ApostoluS,
1927 1651 2096 1732 quod
2136 1669 2271 1714 om·

770 1767 884 1811 nes
914 1749 1206 1811 eamdem
1245 1767 1455 1812 escam
1494 1749 1892 1832 spiritualem
1933 1749 2270 1812 manduca-

769 1854 1018 1909 verunt.

848 1946 1186 2018 Postremo,
1203 1945 1322 2008 hoc
1353 1954 1820 2009 sacramentum
1852 1944 2270 2028 spiritualiter

771 2045 1156 2108 manducare
1187 2063 1314 2108 non
1347 2045 1647 2107 convenit
1674 2045 1938 2126 angeliS,
1961 2045 2264 2127 quoniam

771 2143 1058 2206 Christus
1089 2161 1216 2206 non
1256 2141 1633 2225 proponitur
1669 2142 1763 2204 eis
1804 2143 1868 2204 in
1911 2161 2267 2205 sacramen-

767 2241 879 2304 tali
909 2239 1238 2314 velamine,
1253 2241 1364 2304 sed
1394 2241 1459 2302 in
1490 2241 1661 2303 nuda
1691 2247 1755 2302 et
1785 2241 1953 2304 clara
1982 2241 2263 2304 veritate.

771 2340 1064 2402 Attamen
1098 2339 1420 2402 Christum
1449 2339 1665 2421 aliquo
1704 2339 1892 2403 modo
1921 2340 2267 2421 spirituali-

769 2445 865 2500 ter
895 2437 1290 2512 manducant,
1305 2446 1369 2500 et
1395 2437 1664 2521 quodam
1695 2439 1882 2502 modo
1906 2457 2046 2502 non.
2061 2438 2267 2513 Quum

769 2537 942 2600 enim
975 2537 1294 2602 Christum
1325 2537 1744 2620 spiritualiter
1773 2539 2157 2600 manducare
2187 2538 2272 2600 sit

769 2636 829 2700 ei
871 2636 1283 2718 incorporari,
1317 2637 1670 2699 secundum
1710 2637 1830 2700 hoc
1871 2644 2079 2719 potest
2121 2637 2268 2718 quis

769 2735 1092 2798 Christum
1142 2735 1559 2818 spiritualiter
1604 2736 2008 2810 manducare,
2043 2753 2268 2798 secun-

768 2833 922 2895 dum
953 2833 1120 2915 quod
1155 2840 1361 2916 potest
1390 2833 1529 2913 ejus
1566 2832 1743 2896 effici
1786 2833 2173 2908 membrum,
2206 2841 2270 2896 et

769 2939 958 3014 prout
1006 2932 1290 2995 Christus
1341 2938 1548 3014 potest
1599 2950 1738 2995 esse
1797 2939 1986 3015 caput
2036 2932 2262 3014 ipsius.

2376 765 2561 828 candi
2604 766 2949 841 Christum,
2992 765 3330 849 tripliciter
3372 766 3881 849 distinguuntur.

2374 863 2608 938 Primo,
2632 883 2709 927 ex
2742 873 2919 946 parte
2950 865 3429 944 manducantis3
3460 866 3764 940 secundo,
3798 884 3885 929 ex

2376 969 2553 1044 parte
2614 963 3018 1042 manducati;
3068 962 3277 1036 tertio,
3330 981 3409 1026 ex
3466 971 3645 1046 parte
3700 963 3885 1026 modi

2378 1061 2822 1123 manducandi.
2847 1061 3058 1124 Primo
3086 1063 3275 1124 modo
3304 1063 3397 1124 sic
3432 1079 3447 1124 ε
3484 1063 3885 1126 manducans

2374 1168 2485 1222 aut
2514 1160 2760 1222 accedit
2788 1160 2952 1222 bene
2982 1159 3353 1242 dispositus,
3386 1167 3452 1223 et
3488 1161 3580 1224 sic
3610 1161 3888 1223 mandu-

2376 1265 2477 1321 cat
2505 1258 2957 1341 spiritualiter;
2988 1267 3099 1321 aut
3126 1276 3277 1333 non,
3310 1267 3376 1321 et
3415 1259 3502 1321 ita
3538 1259 3895 1322 manducat

2378 1357 2587 1420 solum
2635 1357 3194 1421 sacramentaliter.
3238 1357 3530 1422 Secundo
3577 1357 3670 1420 sic
3712 1375 3728 1421 :
3768 1367 3895 1420 aut

2380 1455 2718 1518 manducat
2749 1474 2883 1518 rem
2912 1454 3339 1537 significatam
3368 1463 3725 1518 contentam
3754 1463 3900 1518 tan-

2378 1561 2540 1626 tum,
2574 1560 2639 1616 et
2666 1554 2759 1616 sic
2793 1554 3135 1617 manducat
3162 1554 3739 1634 sacramentaliter3
3770 1563 3897 1616 aut

2379 1652 2719 1714 manducat
2746 1652 2935 1715 etiam
2968 1670 3103 1715 rem
3137 1651 3561 1734 significatam
3592 1671 3716 1716 non
3746 1669 3897 1715 con·

2368 1757 2619 1813 ·tentam
2668 1751 2997 1831 (videlicet
3044 1750 3299 1833 mystici
3346 1750 3631 1833 corporis
3678 1752 3895 1813 unita-

2304 1849 2352 1912 B
2381 1850 2559 1930 tem),
2611 1848 2831 1930 sicque
2890 1850 3233 1911 manducat
3288 1848 3725 1931 spiritualiter.
3788 1849 3889 1911 Ex

2381 1955 2559 2030 parte
2589 1948 2782 2010 etiam
2814 1947 2987 2010 modi
3019 1946 3467 2022 manducandi,
3492 1947 3883 2030 dupliciter:

2378 2053 2487 2109 aut
2528 2046 2701 2109 enim
2752 2046 2949 2108 sumit
2995 2046 3131 2109 solo
3178 2045 3463 2128 corporis
3508 2062 3640 2120 ore,
3673 2053 3737 2108 et
3784 2047 3891 2108 sic

2378 2153 2475 2209 est
2522 2145 2926 2208 manducatio
2974 2145 3485 2224 sacramentalis3
3525 2151 3635 2207 aut
3680 2145 3885 2208 etiam

2378 2261 2487 2306 ore
2519 2243 2747 2317 cordiS,
2781 2250 2845 2306 et
2882 2243 2975 2306 sic
3002 2250 3101 2305 est
3138 2243 3543 2306 manducatio
3580 2243 3887 2325 spiritua-

2379 2341 2476 2404 lis.
2494 2342 2682 2405 Porro
2711 2340 3130 2423 spiritualiter
3160 2340 3564 2416 manducare,
3582 2350 3680 2405 est
3706 2341 3893 2405 Chri-

2378 2446 2475 2503 sto
2523 2447 2715 2521 atque
2762 2438 3063 2501 Ecclesiae
3111 2439 3525 2521 incorporari.
3576 2438 3753 2512 Quod
3800 2439 3893 2501 fit

2377 2537 2722 2620 dupliciter
2754 2555 2769 2599 ε
2804 2537 3015 2620 primo
3044 2555 3160 2619 per
3189 2537 3450 2600 modum
3480 2537 3715 2610 meriti,
3746 2555 3893 2601 cre-

2377 2636 2587 2698 dendo
2614 2653 2689 2697 ac
2719 2634 3078 2716 diligend03
3110 2635 3392 2698 secundo
3432 2653 3548 2718 per
3574 2635 3889 2698 virtutem

2378 2734 2781 2808 sacramenti,
2814 2733 3132 2796 credendo
3170 2751 3244 2796 ac
3284 2732 3714 2816 percipiendo,
3748 2733 3889 2796 Pri-

2380 2851 2523 2895 mus
2584 2833 2811 2894 modus
2859 2831 3376 2894 communicandi
3435 2829 3884 2915 spiritualiter,

2378 2938 2475 2994 est
2533 2931 2733 3012 magis
2791 2937 3113 3002 extensuS,
3162 2937 3228 2992 et
3276 2936 3483 3012 potest
3539 2930 3887 3012 provenire

769 3031 959 3094 Porro
988 3029 1275 3093 Christus
1306 3037 1497 3112 caput
1525 3037 1621 3092 est
1653 3030 2021 3111 angelorum
2051 3030 2267 3112 aliquo
2306 3031 2349 3096 C
2379 3030 2518 3093 sine
2556 3037 2968 3092 sacramento.
3004 3029 3333 3091 Secundus
3374 3027 3573 3110 magis
3610 3035 3708 3090 est
3736 3046 3887 3110 pro-

772 3129 980 3202 modo,
1010 3128 1308 3191 videlicet
1337 3128 1689 3191 secundum
1723 3129 2172 3212 proprietatem
2204 3138 2267 3192 et

769 3229 1079 3291 rationem
1112 3227 1485 3301 influentiae,
1519 3235 1709 3309 atque
1739 3228 2092 3290 secundum
2123 3246 2269 3290 con-

771 3325 1158 3390 formitatem
1211 3332 1450 3387 naturae
1504 3325 1570 3387 in
1623 3342 1895 3407 genere3
1941 3333 2006 3388 et
2050 3324 2268 3407 aliquo

772 3424 962 3488 modo
1014 3441 1167 3498 non,
1220 3424 1372 3506 quia
1425 3441 1552 3487 non
1612 3424 1966 3487 secundum
2023 3425 2268 3488 confor-

773 3522 1058 3585 mitatem
1100 3522 1165 3584 in
1205 3521 1436 3604 specie.
1477 3521 1688 3586 Nihilo
1728 3522 1942 3585 minus
1981 3522 2268 3585 Christus

761 3628 868 3684 est
915 3640 1061 3684 esca
1116 3622 1508 3703 angelorum,
1560 3628 1623 3683 et
1675 3622 2027 3683 secundum
2085 3640 2265 3684 suam

769 3720 1092 3794 deitatem,
1127 3720 1191 3781 in
1232 3726 1540 3801 quantum
1581 3738 1697 3782 sua
1725 3718 1970 3782 visione
2011 3727 2074 3782 et
2112 3720 2269 3781 frui-

772 3818 942 3881 tione
987 3818 1197 3881 relicit
1239 3836 1346 3882 eos
1390 3825 1454 3881 et
1498 3818 1820 3908 beatificat
1867 3817 2130 3900 praemio
2174 3838 2267 3882 cs-

771 3916 1059 3997 sentiali3
1092 3925 1156 3980 et
1184 3918 1536 3980 secundum
1568 3935 1747 3979 suam
1778 3917 2265 3991 humanitatem,

774 4016 836 4079 in
879 4022 1189 4099 quantum
1241 4017 1306 4079 in
1356 4016 1567 4098 ipsum
1616 4015 1977 4079 desiderant
2028 4016 2272 4099 prospi-

771 4134 914 4178 cere
954 4123 1017 4178 et
1052 4114 1440 4178 accidentale
1477 4114 1782 4194 gaudium
1813 4114 2167 4176 sortiuntur
2203 4116 2269 4176 in

771 4232 865 4277 ea.
892 4248 978 4259 -—
1006 4214 1150 4276 Haec
1193 4212 1462 4275 Thomas
1508 4213 1572 4274 in
1616 4212 1884 4294 Scripto.

852 4311 1084 4373 Eadem
1121 4310 1186 4372 in
1217 4309 1404 4373 tertia
1434 4310 1995 4392 parte,quaestione
2025 4317 2271 4391 octoge-

675 4453 688 4466 .
771 4410 950 4471 sima.
987 4408 1080 4471 lbi
1107 4416 1322 4472 tamen
1355 4408 1667 4482 concedit,
1699 4408 1868 4489 quod
1901 4415 2110 4490 patres
2148 4407 2270 4471 sub

775 4508 912 4588 lege
957 4507 1076 4569 hoc
1125 4513 1593 4569 sacramentum
1637 4505 2055 4588 spiritualiter
2097 4525 2271 4569 man-

772 4606 1164 4668 ducaverunt
1197 4610 1455 4686 propter
1485 4603 1782 4684 figuram,
1801 4604 1968 4666 sicut
1993 4605 2082 4669 ait
2109 4605 2271 4687 Apo-

771 4705 972 4768 stolus
1007 4721 1021 4766 :
1055 4702 1355 4766 Eamdem
1387 4720 1597 4765 escam
1628 4710 1691 4765 et
1717 4704 2016 4767 eumdem
2045 4713 2267 4786 potum

773 4803 1169 4886 spiritualem
1220 4807 1650 4883 sumpserunt.
1703 4801 1830 4864 Nec
1877 4809 2088 4864 tamen
2140 4802 2269 4864 fru-

771 4909 902 4965 stra
939 4900 1279 4964 adhibetur
1323 4899 1727 4964 manducatio
1769 4900 2267 4975 sacramentaliS,

773 5000 1075 5082 quoniam
1119 4998 1372 5081 plenius
1412 4998 1659 5060 inducit
1699 4998 2078 5061 sacramenti
2117 4997 2273 5061 effe·

775 5106 948 5160 ctum
985 5098 1121 5179 ipsa
1151 5096 1530 5159 sacramenti
1569 5096 1914 5178 susceptiO,
1949 5116 2141 5179 quam
2175 5114 2270 5160 so-

775 5196 908 5258 lum
963 5195 1376 5268 desiderium,
1419 5196 1647 5258 ceteris
1695 5194 1974 5277 paribus.
2013 5195 2157 5260 Haec
2205 5196 2269 5257 in

773 5296 1054 5359 Summa.

2378 3129 2580 3212 priuS,
2634 3146 2751 3192 nec
2798 3128 2936 3190 sine
2985 3134 3383 3191 sacramento
3429 3134 3635 3210 potest
3678 3127 3881 3190 alicui

2380 3226 2736 3311 provenire.
2788 3227 2929 3290 Haec
2969 3227 3208 3289 Petrus.

2450 3326 2798 3390 Richardus
2828 3342 3081 3407 quoque
3110 3324 3215 3387 hic
3244 3324 3496 3387 scribit:
3516 3324 3583 3387 In
3615 3326 3885 3407 sumpti·

2377 3445 2499 3490 one
2527 3424 2722 3505 hujus
2753 3424 3131 3487 sacramenti
3160 3431 3259 3486 est
3287 3423 3574 3506 quaedam
3609 3424 3883 3486 mandu-

2380 3525 2543 3587 catio
2573 3521 2941 3605 corporaliS‚
2966 3541 3093 3604 qua
3120 3529 3477 3585 comestum
3509 3522 3889 3585 masticatur

2380 3629 2443 3685 et
2492 3622 2557 3685 in
2608 3620 3008 3685 stomachum
3055 3620 3395 3702 trajicitur,
3442 3620 3887 3703 postmodum-

2380 3740 2505 3804 que
2561 3720 2892 3803 digeritur,
2932 3728 2998 3783 et
3054 3719 3282 3782 ultimo
3330 3718 3397 3781 in
3454 3718 3887 3783 substantiam

2382 3818 2825 3882 manducantis
2856 3818 3286 3881 convertitur:
3312 3824 3376 3881 et
3404 3816 3495 3880 sic
3526 3836 3675 3881 vere
3704 3837 3889 3881 man-

2385 3919 2655 3980 ducatur
2711 3916 2957 3999 species
3010 3914 3131 3978 sub
3183 3935 3310 3998 qua
3360 3933 3590 3999 corpus
3644 3916 3883 3980 Christi

2381 4016 2638 4078 realiter
2694 4015 3075 4077 continetur.
3121 4014 3259 4077 Alia
3316 4022 3415 4078 est
3448 4014 3884 4080 ‘manducatio

2380 4112 2875 4187 sacramentalis,
2922 4130 3049 4194 qua
3090 4130 3315 4175 verum
3361 4111 3589 4176 Christi
3644 4130 3881 4194 corpus

2298 4216 2350 4279 D
2379 4212 2501 4275 sub
2560 4210 2773 4293 specie
2820 4209 2929 4272 illa
2977 4216 3349 4272 contentum
3398 4209 3694 4285 sumitur,
3744 4228 3879 4274 non

2377 4318 2592 4373 tamen
2643 4309 3046 4387 masticatur3
3096 4316 3160 4371 et
3205 4306 3329 4369 nisi
3376 4308 3623 4390 species
3670 4326 3879 4371 sacra·

2381 4408 2677 4472 mentalis
2719 4407 2964 4469 tamdiu
3014 4406 3385 4469 masticetur
3428 4406 3493 4469 in
3537 4423 3669 4481 ore,
3701 4410 3879 4489 quod

2378 4526 2495 4590 per
2536 4504 2959 4588 digestionem
3002 4504 3093 4567 ibi
3132 4504 3365 4567 factam
3405 4512 3877 4588 corrumpatur,

2381 4606 2520 4688 ipsa
2570 4605 2899 4667 descendit
2944 4604 3011 4665 in
3060 4602 3481 4677 stomachum,
3532 4612 3597 4667 et
3642 4622 3881 4686 corpus

2380 4703 2612 4768 Christi
2643 4702 2763 4765 sub
2804 4721 2898 4777 ea,
2930 4721 3004 4765 ac
3034 4708 3249 4765 manet
3284 4700 3405 4763 sub
3443 4720 3515 4764 ea
3556 4720 3759 4784 usque
3794 4703 3881 4765 ad

2378 4801 2855 4875 resolutionem,
2888 4818 3015 4863 non
3046 4808 3259 4863 tamen
3290 4800 3356 4862 in
3388 4798 3881 4863 manducantem

2377 4899 2789 4963 convertitur.
2826 4898 3035 4961 Tertia
3061 4905 3159 4962 est
3188 4897 3277 4961 ibi
3320 4898 3723 4962 manducatio
3752 4899 3884 4981 spi-

2378 4997 2649 5071 ritualiS,
2682 5016 2807 5079 qua
2844 4996 3079 5059 dicitur
3118 4996 3485 5058 manducari
3532 4996 3880 5079 mysticum

2378 5113 2611 5177 corpus
2654 5112 2669 5157 :
2717 5095 2887 5176 quod
2930 5112 3058 5157 non
3102 5094 3273 5158 aliud
3318 5102 3415 5157 est
3456 5112 3647 5176 quam
3692 5093 3883 5176 spiri-

2379 5193 2636 5257 tualiter
2684 5193 3075 5276 incorporari
3135 5193 3406 5277 mystico
3462 5193 3711 5275 corpori
3760 5212 3883 5275 per

2380 5292 2581 5355 fidem
2612 5300 2677 5355 et
2714 5292 3063 5368 caritatem,
3096 5292 3199 5355 vel
3237 5291 3451 5374 potius
3483 5308 3599 5374 per
3626 5290 3783 5355 fidei
3812 5300 3883 5357 et
