4267 6250
578 1756 647 1813 cs.
681 1755 785 1800 am.

550 1832 621 1863 vm

520 4967 787 5024 Hegesim-

518 5044 589 5074 ma
633 5029 754 5074 Seni.

518 5097 645 5136 tract.
666 5107 723 5143 vi,
744 5105 785 5136 c.

522 5159 602 5208 ¹53
632 5157 687 5199 de
712 5155 789 5198 Sa·

520 5231 655 5262 σηιιι.
710 5218 787 5263 lib.

1703 483 1880 532 mim
1918 485 1981 531 lv
2020 483 2505 533 ammianum
2543 503 2625 517 —-
2664 486 2821 534 msr.
2858 486 3014 535 xxm

809 657 925 721 Per
961 658 1261 722 virtutem
1294 658 1606 742 passionis
1639 658 1903 739 Christi3
1934 658 2058 734 vel,
2076 659 2304 722 Aucto-
2334 658 2386 722 A
2413 660 2620 742 gendo
2649 677 2993 743 congruam
3023 661 3545 739 satisfactionem,
3565 664 3788 747 sicque
3821 662 3918 727 in-

810 756 997 820 ritate
1026 757 1157 820 Dei.
1190 758 1664 832 Verumtamen,
1683 777 1884 841 quum
1917 757 2037 822 hoc
2064 774 2191 821 non
2223 757 2306 821 sit

809 854 1301 918 determinatum
1343 873 1421 919 ex
1460 854 1673 919 verbis
1716 855 1971 929 Christi,
2004 855 2308 938 quemad-

814 954 1073 1017 modum
1120 954 1185 1015 in
1230 954 1587 1037 Baptismo;
1622 953 1765 1017 ideo
1800 954 1945 1017 talis
1989 953 2308 1037 appositio

812 1053 1197 1135 relinquitur
1234 1051 1498 1115 arbitrio
1536 1052 1903 1127 sacerdotis,
1935 1070 2055 1115 nec
2096 1059 2194 1115 est
2229 1052 2308 1114 de

810 1150 1086 1213 essentia
1116 1149 1361 1215 formae.
1384 1152 1507 1213 Ista
1536 1168 1791 1233 quoque
1820 1150 2156 1232 expositio,
2180 1149 2311 1231 Ego

808 1257 873 1312 te
902 1248 1181 1324 absolvo,
1196 1249 1261 1312 id
1290 1256 1409 1323 est,
1422 1247 1783 1311 absolutum
1812 1249 2091 1323 ostendo,
2106 1266 2314 1330 quam-

810 1347 911 1411 vis
954 1346 1038 1409 sit
1078 1347 1295 1430 aliquo
1342 1348 1531 1411 modo
1576 1366 1745 1421 vera,
1787 1364 1915 1409 non
1958 1354 2055 1409 est
2093 1353 2310 1409 tamen

814 1445 1117 1529 perfecta,
1152 1446 1454 1529 quoniam
1500 1453 1892 1509 sacramenta
1934 1462 2114 1508 novae
2153 1444 2312 1526 legis

814 1543 1113 1607 efficiunt
1140 1544 1312 1627 quod
1341 1544 1711 1626 designant3
1751 1544 1896 1607 ideo
1924 1542 2312 1607 absolvendo

816 1650 1193 1725 cooperatur
1238 1644 1316 1707 ad
1366 1642 1833 1706 absolutionem
1886 1661 2001 1725 per
2048 1642 2312 1706 modum

816 1760 1009 1824 supra
1050 1759 1443 1823 expressum.
1478 1741 1622 1805 Haec
1664 1741 1953 1804 Thomas.
1986 1776 2067 1787 -
2094 1740 2312 1822 Aliqui

816 1944 1191 2021 potestatem
1254 1937 1695 2021 principaliter
1742 1937 2180 2001 absolventem
2229 1937 2311 1999 si-

812 2037 1210 2121 gnificantia,
1242 2037 1602 2101 necessario
1642 2036 1771 2101 sint
1810 2037 2114 2101 addenda.

892 2137 1237 2211 Postremo,
1278 2137 1449 2199 circa
1488 2135 1836 2219 praehabita
1875 2136 2099 2199 scribit
2141 2135 2313 2199 Guil-

812 2236 1045 2299 lelmus
1091 2234 1461 2299 Parisiensis
1508 2234 1574 2297 in
1623 2252 1741 2297 suo
1789 2235 2240 2298 Sacramentali
2291 2255 2309 2300 τ

810 2333 1229 2398 Nominemus
1290 2340 1357 2395 et
1414 2351 1827 2395 numeremus
1892 2331 2023 2413 jam
2091 2332 2312 2397 officia

811 2431 1213 2495 confessoris
1266 2431 1504 2495 Horum
1553 2430 1837 2514 primum
1887 2430 2312 2514 praecipuum-

810 2548 937 2613 que
966 2529 1257 2593 consistit
1288 2528 1713 2605 sanctificare,
1738 2530 1889 2612 quia
1918 2547 2033 2612 per
2058 2528 2310 2593 absolu·

810 2627 1049 2691 tionem
1081 2635 1147 2691 et
1174 2626 1685 2691 benedictionem
1716 2627 2310 2710 invocationemque

811 2726 1215 2801 confessoriS‚
1259 2726 1518 2789 vincula
1552 2726 1855 2790 vitiorum
1894 2726 2310 2809 disrumpun-

809 2833 918 2888 tur
944 2825 1011 2888 in
1042 2823 1343 2888 cordibus
1374 2824 1847 2907 poenitentium,
1876 2824 2142 2888 maeulae
2170 2824 2309 2887 abs-

808 2930 1144 3004 terguntur
1170 2940 1185 2987 :
1212 2922 1366 3004 quia
1390 2922 1607 3003 gratiae
1636 2921 2082 2996 infunduntur,
2104 2923 2308 2987 veniae

2417 758 2650 822 ducere
2694 759 3020 824 hominem
3067 760 3147 823 ad
3196 759 3753 825 honorificentiam
3805 762 3920 825 Dei

2419 855 2484 918 in
2527 856 2851 932 omnibuS,
2883 865 3198 941 quatenus
3236 866 3393 941 quot
3437 859 3644 922 modis
3685 867 3752 922 et
3793 859 3920 923 viis

2420 954 2633 1036 ipsum
2694 954 3118 1030 inhonoravit,
3170 954 3464 1031 offendit,
3514 963 3706 1039 atque
3754 975 3793 1019 a
3849 974 3920 1019 se

2419 1052 2687 1135 expulit,
2729 1061 2823 1117 tot
2864 1054 3095 1129 modis,
3137 1054 3262 1118 viis
3305 1072 3380 1118 ac
3424 1055 3655 1118 mediis
3704 1055 3920 1138 ipsum

2419 1152 2669 1215 studeat
2707 1152 3037 1228 honorare,
3071 1153 3344 1236 placare,
3375 1162 3441 1217 et
3477 1154 3556 1218 ad
3596 1155 3926 1237 possiden·

2421 1250 2574 1313 dum
2605 1268 2680 1313 ac
2711 1250 3198 1315 inhabitandum
3228 1270 3338 1315 cor
3366 1272 3554 1315 suum
3588 1253 3918 1316 reducere.

2421 1347 2726 1423 Quartum
2760 1348 3054 1412 officium
3089 1349 3470 1413 confessoris
3501 1358 3598 1413 est
3625 1349 3922 1414 officium

2423 1445 2653 1509 medici
2703 1447 3056 1530 spiritualis
3097 1465 3112 1510 t
3157 1454 3229 1510 ut
3274 1448 3588 1531 quidquid
3645 1449 3928 1513 exterior

2424 1545 2710 1608 medicus
2744 1546 2874 1627 agit
2901 1546 2979 1608 ad
3011 1545 3438 1628 corporalium
3467 1546 3924 1628 *egritudinum

2423 1643 2841 1720 curationem,
2883 1645 3006 1708 hoc
3055 1644 3195 1728 ipse
3241 1645 3662 1727 spiritualiter
3705 1664 3782 1708 ac
3830 1664 3930 1708 sa-

2424 1740 2814 1824 pientialiter
2851 1750 3151 1825 operetur
3187 1743 3267 1806 ad
3303 1742 3609 1807 vitiorum
3645 1743 3928 1807 eradica-

748 1852 759 1864 ·
814 1848 1027 1903 tamen
1086 1838 1329 1914 dicunt,
1380 1839 1550 1922 quod
1606 1838 1803 1902 verba
1860 1838 1969 1901 illa
2026 1838 2311 1901 divinam
2340 1837 2388 1900 B
2423 1840 2686 1915 tionem,
2737 1843 2816 1904 ad
2865 1839 3317 1904 infirmitatum
3364 1841 3596 1905 animai
3645 1842 3927 1905 medica-

2424 1939 2686 2013 tionem,
2719 1940 2797 2003 ad
2827 1940 3168 2005 vulnerum
3201 1959 3278 2003 ac
3312 1939 3645 2005 laesionum
3687 1940 3926 2005 mentis

2425 2037 2776 2117 medelam;
2825 2037 3046 2121 sicque
3095 2037 3446 2120 unicuique
3495 2036 3722 2101 morbo
3763 2038 3925 2101 inte-

2425 2134 2599 2210 riori,
2659 2133 3016 2209 tentationi,
3076 2133 3524 2198 deformationi
3580 2153 3656 2197 ac
3714 2134 3926 2218 lapsui

2421 2240 2569 2315 apta
2612 2252 2688 2296 ac
2736 2233 2977 2316 optima
3025 2233 3305 2315 applicet
3351 2231 3634 2297 remedia
3676 2240 3744 2297 et
3789 2252 3926 2296 em-

2424 2331 2692 2414 plastra3
2742 2339 2807 2395 et
2852 2331 3138 2413 linguam
3193 2331 3424 2395 habeat
3471 2331 3788 2395 eruditam
3843 2333 3926 2395 ad

2422 2431 2891 2504 instruendum,
2941 2431 3019 2493 ad
3067 2429 3524 2494 consolandum
3571 2448 3646 2492 ac
3695 2447 3923 2493 consu-

2424 2530 2706 2603 lendum,
2757 2530 2834 2592 ad
2893 2529 3356 2611 increpandum
3402 2536 3466 2591 et
3515 2527 3922 2591 inflamman-

2421 2628 2597 2702 dum,
2637 2628 2717 2690 ad
2765 2626 3252 2692 confortandum
3301 2633 3366 2690 et
3407 2627 3920 2690 conservandum

2421 2726 2486 2789 in
2525 2726 2702 2789 omni
2741 2725 2928 2790 bono.
2962 2725 3268 2801 Quintum
3305 2724 3602 2791 officium
3643 2725 3786 2807 ejus
3823 2732 3920 2789 est

2419 2824 2798 2908 obsequium
2831 2823 3190 2888 obstetricis
3225 2841 3239 2886 :
3273 2831 3587 2907 quatenus
3617 2824 3786 2887 sicut
3811 2824 3924 2887 ob-

2419 2924 2642 2989 stetrix
2687 2923 2935 3007 recipit,
2971 2922 3259 2997 involvit,
3291 2922 3570 2986 custodit
3618 2923 3920 3005 protegit-

808 3040 882 3084 ac
918 3020 1327 3084 remissiones
1363 3019 1816 3101 gehennalium
1844 3026 2306 3084 tormentorum
2339 3022 2384 3087 C
2420 3040 2547 3104 que
2590 3018 3012 3099 infantulum3
3046 3019 3138 3082 sic
3184 3019 3322 3100 ipse
3367 3017 3648 3082 brachiis
3695 3020 3920 3083 carita·

810 3127 1206 3204 praestantur.
1250 3117 1613 3182 Secundum
1656 3116 1948 3183 officium
1988 3117 2308 3184 confesso·

810 3219 899 3282 ris
928 3225 1024 3282 est
1047 3217 1340 3299 judicare
1370 3236 1385 3281 ε
1420 3235 1497 3280 ex
1537 3235 1665 3299 quo
1698 3217 2016 3280 incumbit
2044 3217 2107 3281 ei
2145 3219 2308 3282 scire

810 3316 1208 3399 singulorum
1239 3314 1545 3378 vitiorum
1578 3315 2035 3397 justitiationes
2065 3317 2311 3399 propri·

808 3435 901 3490 as,
924 3422 989 3479 et
1018 3414 1156 3498 ipsa
1184 3413 1341 3477 vitia
1371 3413 1765 3496 dignoscere,
1790 3413 1869 3476 ab
1900 3413 2309 3496 invicemque

809 3513 1221 3595 distinguere,
1272 3521 1337 3576 et
1386 3531 1513 3596 qua
1569 3531 1757 3595 poena
1804 3513 2310 3594 unumquodque

810 3611 1219 3695 plectendum
1249 3630 1323 3675 ac
1352 3611 1789 3692 castigandum
1820 3611 1904 3674 sit
1932 3610 2154 3674 scelus.
2170 3611 2312 3673 Ter·

808 3710 973 3772 tium
1022 3708 1404 3773 confessoris
1452 3708 1748 3772 officium
1791 3716 1908 3784 est,
1952 3709 2154 3772 Deum
2204 3709 2312 3773 bo-

810 3807 973 3871 mini
1022 3805 1383 3889 pacificare,
1427 3813 1493 3870 et
1541 3806 1669 3869 Deo
1715 3806 2043 3870 hominem
2090 3824 2309 3869 recon-

811 3905 1031 3969 ciliare
1075 3925 1089 3969 :
1132 3903 1371 3968 idcirco
1418 3904 1851 3968 necessarium
1899 3903 1959 3967 ei
2006 3911 2104 3968 est
2147 3905 2311 3968 scire

810 4003 945 4067 vias
994 4011 1059 4066 et
1104 4003 1323 4068 modos
1372 4001 1759 4066 reformandi
1810 4021 2056 4086 pacem,
2100 4001 2312 4084 injun-

2420 3120 2524 3196 tis,
2544 3118 2852 3183 uberibus
2883 3117 3354 3193 consolationis,
3375 3126 3441 3182 et
3469 3117 3823 3182 directione
3853 3118 3920 3183 in

2419 3215 2720 3279 omnibus
2749 3214 3076 3298 suscipiat,
3097 3215 3540 3297 amplectatur,
3559 3214 3920 3298 dirigatque

2419 3313 2805 3378 confessum.
2841 3313 3102 3376 Sextum
3131 3311 3427 3376 officium
3457 3320 3576 3388 est,
3601 3320 3673 3375 ut
3702 3313 3918 3396 ipsum

2421 3411 2620 3474 instar
2655 3411 2932 3495 piissimi
2975 3413 3173 3495 patris
3217 3410 3637 3494 spiritualiter
3676 3411 3918 3494 ample-

2421 3517 2627 3585 xetur,
2681 3509 2977 3584 enutriat,
3035 3529 3110 3574 ac
3165 3509 3496 3591 gubernet.
3557 3509 3918 3591 Septimum

2421 3617 2538 3683 est,
2564 3615 2633 3671 ut
2663 3608 2874 3690 ipsum
2908 3608 3106 3672 instar
3133 3607 3404 3670 nutricis
3436 3605 3766 3672 caritative
3794 3614 3918 3670 tra-

2421 3713 2569 3781 ctet,
2613 3707 3014 3788 compassive
3060 3705 3362 3780 refoveat,
3407 3712 3473 3767 et
3515 3704 3582 3767 in
3631 3723 3754 3768 suo
3798 3706 3918 3768 cir-

2420 3804 2730 3868 cumferat
2757 3805 2966 3868 corde.
2991 3839 3070 3850 —
3097 3804 3186 3867 De
3217 3804 3318 3867 his
3347 3804 3568 3868 doctor
3597 3801 3706 3866 ille
3735 3803 3920 3867 devo-

2420 3909 2484 3967 te
2512 3922 2588 3967 ac
2616 3902 2856 3966 diffuse
2887 3902 3316 3986 prosequitur,
3329 3909 3395 3966 et
3423 3921 3686 3966 sensum
3719 3901 3923 3983 magis

2422 4021 2614 4085 quam
2655 4001 2850 4066 verba
2886 4001 3028 4084 ejus
3067 4001 3373 4084 expressi.

1720 4391 2553 4504 DISTINCTIO
2631 4392 3008 4503 XXIII

1553 4714 1634 4778 A.
1679 4718 1779 4816 De
1824 4716 2302 4780 sacramento
2357 4715 2734 4779 Unctionis
2777 4714 3176 4779 Extremae.

1082 5067 1230 5132 quae
1266 5049 1341 5114 fit
1381 5049 1451 5112 in
1487 5049 1823 5128 extremis,
1864 5047 2009 5112 oleo
2054 5065 2171 5128 per
2207 5047 2587 5129 episcopum
2633 5047 3033 5110 consecrato,
3069 5045 3158 5110 Et
3183 5046 3341 5110 sunt
3375 5045 3503 5109 tria
3527 5063 3768 5128 genera
3804 5065 3926 5110 un-

818 4933 1375 5234 PRAETER
1402 4932 1746 5015 praemissa
1782 4932 1883 4997 est
1918 4933 2117 4996 etiam
2158 4931 2340 4994 aliud
2379 4931 2888 5010 sacramentum,
2917 4927 3167 4993 scilicet
3201 4927 3440 4993 Unctio
3479 4927 3921 5011 infirmorum,

1082 5165 1342 5229 ctionis.
1384 5164 1504 5228 Est
1540 5162 1718 5228 enim
1764 5163 1987 5227 unctio
2034 5180 2184 5244 quae
2231 5163 2307 5228 fit
2343 5162 2717 5242 chrismate,
2762 5177 2911 5244 quae
2960 5161 3201 5224 dicitur
3245 5159 3626 5244 principalis
3670 5163 3921 5243 unctio,

518 5287 788 5336 ”wem-¹·
819 5285 977 5368 quia
1015 5283 1083 5346 in
1113 5298 1189 5346 ea
1226 5279 1673 5364 principaliter
1700 5279 2077 5343 Paracletus
2113 5278 2326 5344 datur.
2361 5277 2550 5342 Unde
2587 5279 2652 5342 et
2685 5277 2951 5360 propter
2986 5275 3455 5342 abundantiam
3491 5277 3718 5359 gratiae
3755 5277 3926 5342 duos
