4267 6250
768 470 892 545 §aa

1365 490 1432 537 m
1472 490 1695 541 mum!
1735 491 1797 538 lv
1839 489 2326 539 summun-
2367 508 2447 519 ·-
2489 492 2643 539 ΠῙΒΤ.
2684 491 2856 557 xm;
2899 492 3124 550 Qus-ST.
3166 492 3277 539 vm

770 669 887 725 tur‘
904 680 1044 727 esse
1074 665 1297 725 libens.
1332 663 1540 735 Tertia
1570 663 1851 727 conditio
1878 669 1996 739 est,
2028 670 2098 726 ut
2129 680 2269 745 pro-
2295 662 2350 726 A
2376 662 2658 727 fictionis
2699 682 2714 727 :
2758 681 2908 746 ergo
2945 664 3024 727 de
3060 683 3135 727 ea
3171 681 3428 747 quoque
3461 663 3684 728 debuit
3721 666 3873 727 con'-

660 788 665 793 ·
773 769 915 844 pter
944 761 1147 825 finem
1178 762 1466 826 debitum
1496 769 1834 844 operetur:
1864 762 2007 826 ideo
2034 762 2272 825 dicitur

768 878 967 936 pura,
989 868 1062 922 ut
1090 860 1337 924 scilicet
1366 860 1633 923 intentio
1672 868 1845 923 recta
1878 860 1978 923 sit.
2014 860 2266 933 Quarta,

770 965 843 1020 ut
880 958 1299 1023 immobiliter
1334 967 1632 1042 operetur
1674 976 1687 1020 τ
1730 966 1795 1021 et
1840 966 2152 1041 quantum
2191 958 2270 1021 ad

769 1056 891 1121 hoc
920 1057 1172 1133 dicitur,
1187 1057 1355 1141 quod
1384 1058 1575 1121 debet
1602 1076 1742 1121 esse
1769 1060 2075 1135 fortis,ut
2102 1056 2272 1119 scili-

771 1162 874 1218 cet
904 1163 1165 1237 propter
1194 1155 1645 1219 verecundiam
1678 1173 1803 1217 non
1834 1154 2131 1217 dimittat.
2162 1154 2272 1217 Est

772 1260 989 1315 autem
1038 1253 1376 1328 confessio,
1426 1261 1605 1316 actus
1654 1253 1907 1316 virtutis
1958 1253 2270 1335 poeniten-

774 1350 901 1426 tiae,
934 1370 1077 1433 quae
1116 1352 1325 1434 primo
1361 1351 1617 1413 initium
1657 1352 1855 1414 sumit
1892 1370 1970 1413 ex
2010 1350 2270 1414 horrore

775 1448 1193 1532 turpitudinis
1232 1450 1475 1533 peccati
1510 1467 1523 1511 :
1558 1457 1622 1513 et
1661 1458 1969 1531 quantum
2006 1450 2086 1511 ad
2124 1449 2267 1523 hoc,

780 1547 1100 1611 confessio
1135 1546 1327 1611 debet
1362 1566 1501 1611 esse
1550 1550 1936 1609 verecunda.
1980 1546 2276 1610 Secundo

776 1646 1178 1728 progreditur
1224 1646 1303 1709 ad
1349 1647 1633 1712 dolorem
1676 1646 1755 1709 de
1799 1653 2057 1729 peccato
2100 1662 2272 1707 com-

778 1744 975 1808 misso
1008 1762 1023 1807 ε
1056 1751 1121 1807 et
1147 1751 1459 1827 quantum
1495 1746 1575 1808 ad
1614 1745 1756 1819 hoc,
1788 1744 1979 1807 debet
2007 1762 2148 1807 esse
2179 1748 2270 1803 la-

2375 760 2591 841 fiteri3
2622 770 2687 825 et
2715 762 2768 825 si
2798 762 2920 825 hoc
2949 762 3226 826 scienter
3253 762 3522 835 dimisit,
3555 760 3878 825 confessio

2376 859 2502 922 fuit
2543 860 2740 934 nulla,
2786 860 2940 943 quia
2983 878 3112 923 non
3157 860 3421 942 integra.
3471 861 3627 924 item
3675 859 3880 923 confi-

2377 957 2496 1020 teri
2537 964 2834 1021 tenemur
2875 976 2952 1021 eo
2982 959 3171 1022 modo
3201 976 3330 1040 quo
3359 958 3650 1022 Christus
3689 956 3881 1039 legis-

2379 1054 2539 1119 lator
2567 1055 2938 1121 intendebat
2974 1074 3092 1119 nos
3127 1056 3410 1138 obligare
3449 1058 3528 1119 ad
3569 1055 3884 1120 confiten-

2377 1154 2555 1229 dum,
2587 1153 2888 1217 videlicet
2915 1162 2986 1216 ut
3016 1173 3164 1217 cum
3195 1154 3525 1236 diligentia
3562 1163 3627 1217 et
3657 1154 3881 1218 dolore

2379 1251 2603 1315 saltem
2643 1252 2988 1317 attritionis
3036 1252 3481 1327 confiteamur,
3527 1270 3657 1316 non
3697 1252 3876 1316 ficte.

2457 1351 2678 1414 Petrus
2708 1369 2966 1434 quoque
2996 1351 3255 1427 fatetur,
3287 1352 3460 1434 quod
3499 1351 3567 1413 in
3606 1350 3880 1414 articulo

2379 1467 2509 1531 quo
2537 1448 2682 1531 quis
2711 1466 2839 1512 non
2879 1456 3089 1531 potest
3124 1448 3305 1512 alteri
3347 1468 3461 1532 per
3497 1449 3694 1513 verba
3731 1467 3881 1531 pro-

2381 1548 2505 1630 prii
2535 1548 2664 1611 oris
2693 1547 3011 1623 confiteri,
3045 1546 3293 1610 sufficit
3320 1546 3488 1611 alius
3525 1555 3728 1622 actus,
3761 1566 3881 1611 seu

2379 1664 2496 1729 per
2536 1645 2924 1728 aequivalens
2965 1646 3281 1710 confiteri.

2459 1744 2809 1808 Richardus
2857 1744 3051 1808 etiam
3095 1751 3402 1808 consonat
3440 1743 3882 1828 praeinductis,

774 1844 1163 1913 crimabilis,
1193 1843 1419 1907 saltem
1461 1843 1741 1906 lacrimis
1772 1842 2025 1906 mentiS.
2060 1841 2271 1905 Tertio
2304 1842 2353 1907 B
2382 1851 2445 1904 et
2493 1842 2740 1924 quaerit,
2773 1861 2854 1905 an
2895 1842 3128 1905 mulier
3169 1850 3460 1905 teneatur
3499 1849 3612 1904 aut
3651 1840 3886 1905 debeat

777 1941 842 2003 in
887 1940 1245 2023 abjectione
1281 1942 1389 2005 sui
1430 1942 1809 2005 terminatur
1851 1958 1866 2003 ε
1912 1942 2054 2004 ideo
2096 1940 2271 2003 addi-

778 2047 901 2113 tur,
935 2042 1230 2110 humilis,
1271 2047 1341 2102 ut
1383 2060 1451 2103 se
1490 2040 1797 2103 miserum
1835 2047 1899 2102 et
1936 2038 2270 2102 infirmum

776 2138 1179 2202 confiteatur.
1215 2139 1306 2201 Ex
1337 2138 1595 2222 propria
1624 2156 1775 2201 vero
1804 2138 2047 2201 ratione
2076 2137 2272 2219 hujus

775 2244 957 2300 actus
1014 2236 1126 2319 qui
1182 2244 1280 2300 est
1334 2236 1672 2311 confessi0,
1724 2236 1917 2299 habet
1972 2236 2142 2318 quod
2191 2236 2273 2299 sit

780 2335 1251 2398 manifestativa
1283 2352 1298 2397 ε
1331 2354 1475 2417 quae
1506 2335 1933 2397 manifestatio
1972 2333 2271 2416 impediri

780 2453 896 2517 per
924 2441 1195 2517 quatuor
1224 2440 1448 2515 potest.
1482 2433 1715 2508 Primo,
1744 2452 1857 2515 per
1885 2432 2268 2495 falsitatem:

780 2534 922 2597 ideo
961 2532 1194 2595 dicitur
1228 2534 1469 2612 fidelis,
1502 2532 1563 2594 id
1608 2539 1704 2595 est
1746 2551 1911 2595 vera.
1954 2532 2268 2605 Secundo,

780 2652 895 2715 per
925 2631 1376 2695 obscuritatem
1404 2648 1419 2693 ε
1450 2630 1603 2693 hinc
1632 2630 1949 2704 subditur,
1972 2632 2179 2701 nuda,
2203 2636 2273 2690 ut

780 2748 907 2793 non
946 2729 1227 2792 involvat
1263 2729 1595 2792 veritatem
1635 2728 2022 2792 obscuritate
2051 2728 2274 2791 verbo-

778 2848 941 2891 rum.
983 2828 1215 2902 Terti0,
1259 2847 1374 2911 per
1414 2826 1757 2891 verborum
1800 2826 2275 2908 multiplicatio-

780 2946 928 2990 nem
972 2944 985 2989 :
1027 2926 1268 2990 idcirco
1306 2925 1498 2989 debet
1538 2942 1679 2988 esse
1722 2928 2023 3002 simplem,
2055 2931 2272 3006 quate-

2381 1958 2498 2004 suo
2527 1941 2788 2023 proprio
2817 1960 2930 2003 seu
2963 1940 3309 2023 parochiali
3341 1940 3712 2023 presbytero
3741 1958 3888 2003 con·

2381 2038 2552 2101 fiteri
2598 2045 2933 2121 peccatum
2971 2057 3318 2102 venereum
3360 2039 3532 2121 quod
3580 2057 3729 2101 cum
3769 2038 3885 2101 illo

2382 2137 2724 2200 commisit.
2770 2138 3130 2219 Respondet
3167 2138 3335 2219 quod
3376 2155 3526 2211 non,
3561 2136 3616 2199 si
3658 2136 3888 2219 proba-

2383 2235 2601 2297 biliter
2630 2241 2812 2317 putet
2842 2235 3012 2316 quod
3042 2220 3334 2298 sacerdos
3363 2234 3574 2297 adhuc
3605 2233 3886 2297 lascivus

2383 2334 2486 2407 sit,
2540 2340 2605 2394 et
2647 2351 2790 2395 eam
2841 2333 2920 2395 de
2970 2332 3195 2396 illicito
3241 2350 3434 2415 opere
3483 2331 3882 2405 sollicitabit,

2382 2432 2483 2494 vel
2517 2431 2784 2494 libidine
2819 2432 3220 2505 accendetur,
3254 2430 3357 2494 vel
3395 2430 3566 2513 quod
3609 2431 3888 2513 ipsamet

2382 2530 2508 2593 tale
2556 2529 2712 2611 quid
2770 2548 2848 2591 ex
2905 2548 3019 2591 sua
3077 2528 3418 2611 fragilitate
3464 2548 3730 2611 passura
3773 2529 3879 2591 sit.

2382 2628 2515 2691 imo
2545 2636 2698 2690 tunc
2733 2627 2924 2691 debet
2961 2626 3286 2690 licentiam
3315 2616 3667 2689 confitendi
3695 2626 3884 2690 alteri

2382 2732 2599 2810 petere
2651 2742 2666 2787 ε
2716 2744 2908 2808 quam
2959 2725 3013 2787 si
3065 2724 3174 2787 ille
3219 2726 3370 2788 dare
3401 2725 3705 2799 renuerit,
3742 2724 3887 2806 ipsa

2381 2824 2586 2888 nihilo
2627 2823 2842 2887 minus
2885 2842 3016 2886 suae
3058 2821 3247 2885 debet
3290 2822 3623 2905 providere
3663 2822 3881 2885 saluti.

2461 2922 2730 3004 Insuper
2758 2922 3199 2985 Bonaventura
3225 2920 3394 2983 circa
3423 2920 3700 2983 litteram
3729 2921 3888 2984 scri-

779 3045 900 3087 nus
950 3042 1076 3088 non
1120 3025 1344 3087 recitet
1391 3024 1457 3086 in
1497 3022 1896 3086 confessione
1938 3023 2062 3085 nisi
2103 3024 2272 3105 quod
2309 3019 2352 3082 C
2384 3022 2477 3084 bit
2531 3039 2544 3084 ε
2597 3022 2859 3095 Quando
2909 3019 3255 3082 confitetur
3300 3019 3446 3101 quis
3494 3017 3678 3093 laico,
3729 3019 3891 3082 facit

778 3125 855 3188 ad
888 3125 1305 3207 quantitatem
1349 3122 1626 3205 pertinet
1660 3122 1883 3204 culpae.
1917 3122 2170 3196 Quart0,
2203 3129 2274 3184 ut

780 3241 908 3286 non
941 3222 1269 3285 subtrahat
1296 3221 1538 3303 aliquid
1580 3222 1657 3284 de
1696 3220 1797 3283 his
1834 3240 1976 3302 quae
2008 3219 2274 3282 manife-

780 3328 947 3384 stant
987 3327 1317 3403 peccatum
1356 3335 1370 3381 ε
1407 3319 1549 3382 ideo
1580 3319 1689 3393 ait,
1724 3321 2002 3397 inteyra.
2037 3319 2273 3380 Verum

782 3427 972 3503 prout
1019 3419 1335 3483 confessio
1391 3425 1488 3480 est
1532 3436 1679 3501 pars
1728 3417 2128 3490 sacramenti,
2181 3416 2274 3478 sic

778 3518 1109 3583 concernit
1150 3517 1468 3600 judicium
1515 3515 1883 3589 sacerdotis,
1929 3515 2041 3597 qui
2090 3515 2276 3576 mini-

778 3624 909 3680 ster
956 3625 1054 3680 est
1098 3615 1476 3679 sacramenti
1526 3632 1539 3676 :
1593 3615 1761 3676 unde
1808 3621 2059 3695 oportet
2103 3612 2274 3694 quod

778 3715 863 3778 sit
908 3735 1217 3777 accusans
1256 3733 1325 3777 se
1364 3714 1575 3796 ipsum
1619 3732 1696 3776 ex
1744 3719 1921 3795 parte
1968 3710 2277 3775 confiten-

779 3815 901 3894 tis3
942 3822 1007 3876 et
1048 3815 1307 3875 obedire
1337 3822 1581 3890 parata
1622 3811 1745 3893 ipsi
1780 3809 2170 3888 confessori3
2213 3817 2277 3873 et

780 3922 1047 3982 secreta,
1078 3919 1389 3994 quantum
1428 3911 1507 3973 ad
1551 3909 1982 3972 conditionem
2024 3908 2169 3983 fori,
2208 3907 2274 3969 in

780 4028 909 4094 quo
938 4011 1017 4074 de
1048 4010 1308 4073 secretis
1338 4008 1744 4072 conscientiae
1774 4007 1999 4088 agitur.
2034 4007 2156 4068 Sed
2198 4007 2275 4068 de

780 4109 945 4172 bene
988 4126 1127 4171 esse
1170 4106 1587 4171 confessionis
1634 4113 1752 4181 est,
1799 4106 1968 4187 quod
2018 4105 2101 4168 sit
2144 4107 2278 4182 fre-

2383 3120 2504 3184 hoc
2534 3138 2662 3183 non
2694 3127 2765 3182 ut
2793 3125 3264 3182 sacramentum
3296 3125 3745 3200 consequatur,
3769 3118 3886 3181 sed

2383 3226 2455 3281 ut
2485 3225 2843 3301 promptam
2876 3235 3014 3280 esse
3045 3235 3226 3279 suam
3257 3214 3650 3278 voluntatem
3679 3223 3890 3280 osten·

2383 3319 2508 3380 dat.
2543 3317 2809 3391 Quidam
2843 3323 3058 3378 tamen
3098 3315 3418 3388 dixerunt,
3452 3314 3623 3396 quod
3663 3313 3728 3376 in
3767 3313 3887 3377 tali

2385 3415 2784 3479 confessione
2812 3413 3029 3496 aliquo
3057 3413 3247 3476 modo
3273 3411 3649 3486 absolvitur,
3665 3412 3890 3475 dicen-

2383 3523 2500 3588 teS,
2551 3513 2721 3596 quod
2770 3512 3056 3595 quinque
3105 3511 3314 3574 modis
3362 3510 3634 3574 habetur
3678 3511 3894 3574 absol·

2383 3611 2575 3676 vendi
2608 3618 2904 3693 potestas.
2934 3609 3164 3684 Primo,
3187 3627 3444 3671 summa
3471 3608 3888 3672 auctoritate:

2385 3718 2450 3774 et
2479 3711 2566 3773 ita
2595 3716 2692 3773 est
2721 3710 2853 3772 Dei.
2891 3709 3202 3782 Secundo,
3238 3726 3354 3791 per
3381 3706 3831 3770 excellentiam
3871 3726 3888 3771 :

2385 3818 2450 3874 et
2507 3809 2594 3871 ita
2650 3815 2748 3871 est
2802 3807 3058 3872 Christi.
3115 3807 3349 3883 Tertio,
3401 3814 3712 3889 potestate
3769 3826 3894 3871 seu

2385 3907 2758 3970 auctoritate
2803 3905 3148 3968 commissa
3180 3923 3194 3966 :
3229 3912 3293 3968 et
3331 3905 3418 3968 ita
3457 3913 3558 3968 est
3599 3906 3898 3969 sacerdo-

2386 4015 2542 4067 tum.
2587 4006 2840 4079 Quarto,
2876 4003 3103 4067 merito
3135 4003 3281 4066 vitae
3315 4021 3328 4065 :
3363 4010 3428 4066 et
3460 4003 3554 4066 sic
3583 4003 3896 4067 convenit

2383 4102 2573 4185 justis
2613 4110 2678 4165 et
2719 4100 2954 4164 sanctis
2995 4099 3170 4163 viris.
3217 4099 3470 4174 Quinto,
3511 4100 3747 4164 virtute
3785 4119 3894 4164 ec-

780 4214 1086 4288 quens‚et
1114 4211 1495 4277 accelerata,
1512 4213 1582 4267 ut
1612 4204 1857 4268 scilicet
1886 4203 2098 4268 statim
2130 4202 2276 4286 quis
2305 4201 2357 4264 D
2389 4200 2758 4265 clesiasticae
2802 4199 3061 4263 unitatis
3108 4217 3121 4260 :
3169 4205 3234 4262 et
3275 4198 3358 4261 ita
3401 4206 3500 4262 est
3539 4199 3898 4281 cujuslibet

782 4305 1182 4369 confiteatur.
1216 4340 1297 4350 —
1335 4304 1479 4367 Haec
1520 4303 1811 4366 Thomas.

862 4407 929 4467 In
962 4404 1198 4487 quibus
1227 4403 1397 4485 quod
1425 4401 1530 4476 ait,
1544 4401 1757 4483 potius
1782 4419 1921 4464 esse
1947 4400 2108 4463 laico
2139 4418 2279 4463 con-

781 4503 1099 4566 fitendum
1148 4519 1339 4583 quam
1399 4499 1707 4563 sacerdoti
1768 4517 1883 4580 per
1938 4499 2274 4580 scriptum,

781 4620 908 4665 non
940 4601 1215 4675 videtur,
1249 4618 1449 4682 quum
1480 4597 1791 4680 scriptum
1822 4597 1905 4659 sit
1932 4597 2276 4661 verborum

780 4699 1093 4765 connexio
1132 4699 1199 4761 in
1238 4697 1504 4761 materia
1540 4703 1793 4760 exarata
1830 4695 2161 4759 evidenter
2198 4697 2279 4760 si-

779 4799 1120 4881 gnificanti,
1154 4815 1273 4860 nec
1314 4795 1512 4858 laicus
1554 4793 1765 4858 claves
1804 4793 2033 4857 habeat
2059 4794 2139 4856 ad
2169 4795 2277 4856 ab·

783 4897 1179 4962 solvendum.
1222 4930 1305 4939 —
1346 4893 1614 4976 insuper
1656 4894 1826 4975 quod
1876 4891 2117 4955 dictum
2158 4899 2274 4965 est,

782 5017 931 5060 eum
962 4995 1076 5078 qui
1106 4994 1257 5057 ficte
1296 4993 1625 5056 confessus
1668 4999 1785 5066 est,
1819 5009 1945 5053 non
1984 4998 2279 5072 oportere

784 5097 994 5159 denuo
1025 5092 1319 5157 confiteri
1349 5111 1490 5174 quae
1521 5088 1853 5154 confessus
1884 5097 2001 5162 est,
2034 5087 2159 5151 nisi
2199 5089 2278 5152 de

784 5193 923 5277 ipsa
954 5193 1237 5267 fictione,
1260 5208 1389 5254 non
1420 5190 1673 5253 videtur
1701 5188 1793 5250 sic
1824 5205 1982 5250 esse.
2009 5186 2073 5250 Si
2103 5188 2278 5250 enim

786 5293 939 5356 ficte
978 5290 1308 5354 confessus
1346 5296 1463 5363 est,
1496 5287 1791 5350 conscius
1828 5286 1953 5348 sibi
1987 5284 2111 5349 fuit
2149 5305 2280 5350 suae

2385 4299 2508 4362 viri
2547 4298 2780 4362 fidelis.
2819 4333 2902 4342 —
2938 4296 3414 4360 Advertendum
3457 4294 3673 4371 etiam,
3713 4299 3894 4379 quod

2387 4399 2524 4462 sive
2572 4397 2841 4461 scientia
2888 4397 2972 4460 sit
3019 4395 3240 4471 claviS,
3280 4396 3418 4459 sive
3466 4412 3630 4476 non3
3671 4403 3894 4459 tamen

2387 4504 2562 4560 tanta
2619 4495 2886 4559 scientia
2943 4493 3301 4557 necessaria
3357 4499 3455 4556 est
3511 4493 3892 4568 confessori,

2389 4595 2559 4678 quod
2588 4595 2750 4657 sciat
2777 4593 3142 4656 discernere
3181 4591 3246 4654 in
3286 4591 3566 4674 peccatis
3603 4608 3898 4654 commu-

2387 4694 2602 4770 nibus,
2637 4692 2807 4776 quod
2849 4689 3116 4755 mortale
3159 4698 3224 4753 et
3263 4690 3434 4772 quod
3477 4687 3728 4752 veniale
3751 4707 3768 4770 ;
3797 4698 3895 4752 at-

2386 4812 2512 4877 que
2554 4792 2726 4875 quod
2775 4790 2936 4853 sciat
2982 4791 3062 4853 ad
3109 4809 3250 4872 quae
3307 4807 3376 4851 se
3431 4807 3545 4851 sua
3591 4788 3898 4851 extendat

2389 4898 2684 4975 potestas.
2719 4924 2800 4935 —-
2829 4888 3012 4963 Item,
3047 4895 3307 4970 propter
3337 4886 3650 4949 malitiam
3679 4885 3896 4950 fictio-

2387 4989 2488 5051 nis
2527 4995 2626 5051 est
2663 4986 2981 5050 confessio
3021 4985 3326 5058 iteranda,
3360 4992 3432 5046 ut
3469 4984 3523 5047 si
3561 4983 3708 5066 quis
3737 5002 3892 5048 cum

2388 5085 2714 5171 proposito
2754 5083 3059 5166 peccandi
3097 5082 3390 5156 accessit,
3421 5089 3612 5164 atque
3642 5081 3899 5145 confes-

2388 5205 2497 5249 sus
2539 5191 2656 5258 est,
2699 5189 2818 5245 etc.
2865 5183 3010 5245 Haec
3051 5182 3513 5244 Bonaventura.

2467 5284 2772 5348 Praeterea
2808 5279 3288 5362 Argentinensis
3325 5279 3749 5343 communiori
3787 5279 3898 5342 ad-
