4267 6250
871 502 952 549 DE
989 501 1388 549 vlsmnum
1429 501 1718 550 CORPORIS
1759 499 1994 549 cumsrl
2035 499 2100 548 m
2142 500 2543 549 sAanumTo
2584 499 2841 547 Amanus

3288 473 3408 541 267

309 692 419 756 per
464 690 866 756 consequens
913 673 978 736 id
1025 673 1195 757 quod
1246 673 1426 756 prius
1475 682 1572 738 est
1621 673 1686 736 in
1736 693 1804 737 se
1833 673 1884 738 A
1917 673 2112 736 lectui
2141 673 2255 736 illi.
2290 673 2383 737 Ad
2414 673 2583 756 quod
2614 672 2778 748 dico,
2809 672 2978 755 quod
3006 668 3415 734 accidentalis

310 791 416 834 ens
449 789 466 833 ε
498 772 804 855 quoniam
845 772 1350 855 unumquodque
1389 773 1556 836 sicut
1591 792 1661 837 se
1701 773 1805 835 ha-

311 869 414 932 bet
439 871 517 932 ad
549 889 712 946 esse,
745 871 832 934 ita
860 871 940 934 ad
973 871 1302 935 veritatem
1342 878 1407 932 et
1437 870 1806 953 intelligibi-

313 969 568 1032 litatem.
627 970 794 1033 Talis
851 976 1068 1033 autem
1125 969 1488 1032 intellectus
1545 969 1808 1052 respicit

309 1073 506 1129 totum
535 1085 668 1142 enS,
683 1073 748 1130 et
776 1066 1109 1150 quodlibet
1137 1067 1491 1130 secundum
1518 1067 1806 1131 ordinem

311 1184 434 1229 suoe
463 1165 1027 1248 intelligibilitatis.
1053 1165 1419 1229 Substantia
1445 1173 1656 1229 autem
1691 1165 1808 1228 sic·

311 1272 378 1325 ut
405 1264 581 1346 prior
609 1272 706 1328 est
733 1265 1020 1340 entitate,
1037 1265 1123 1328 ita
1146 1271 1211 1326 et
1239 1264 1804 1346 cognoscibilitate,

310 1380 713 1445 quocumque
752 1363 1129 1427 accidentali
1161 1363 1350 1427 modo
1389 1362 1610 1445 ipsius.
1645 1363 1810 1444 Ergo

310 1461 446 1522 talis
505 1461 872 1524 intellectus
922 1461 1100 1544 prius
1161 1461 1461 1544 intelligit
1516 1460 1808 1524 substan-

310 1559 456 1619 tiam
503 1559 736 1641 ipsam,
779 1578 972 1642 quam
1023 1577 1497 1642 quemcumque
1547 1559 1807 1623 modum

314 1655 524 1739 ipsius.
578 1657 742 1740 Ergo
800 1658 1018 1721 nullus
1079 1659 1304 1721 modus
1355 1658 1478 1722 sub
1527 1676 1656 1741 quo
1711 1666 1809 1721 est

312 1755 683 1830 substantia,
715 1765 928 1840 potest
965 1757 1277 1841 impedire
1307 1757 1805 1821 intellectionem

314 1853 504 1936 ipsius
544 1874 583 1917 a
623 1855 736 1918 tali
781 1855 1131 1920 intellectu.
1177 1857 1322 1921 Haec
1364 1857 1608 1920 Scotus.

385 1953 468 2016 De
509 1953 702 2036 cujus
745 1954 936 2018 dictis
979 1963 1042 2018 et
1087 1955 1480 2037 argumentis
1529 1954 1804 2018 multum

311 2051 602 2127 admiror,
635 2053 810 2135 quod
849 2062 1112 2136 propter
1147 2053 1517 2135 hujusmodi
1553 2071 1810 2136 persua-

311 2149 510 2212 siones
543 2150 906 2214 levissimas
937 2159 1000 2215 et
1032 2152 1272 2226 inanes,
1287 2153 1476 2215 toties
1503 2151 1745 2215 recedit
1771 2170 1809 2214 a

311 2248 629 2311 communi
663 2250 1101 2331 theologorum
1131 2251 1429 2314 doctrina.
1445 2251 1606 2325 Quid
1637 2249 1808 2313 enim

310 2347 626 2410 concludit
687 2349 1016 2430 persuasio
1069 2348 1208 2425 ista,
1260 2349 1386 2411 nisi
1435 2349 1606 2431 quod
1662 2348 1808 2412 talis

310 2445 668 2510 intellectus
727 2447 1098 2511 naturaliter
1154 2456 1364 2531 potest
1426 2466 1806 2530 cognoscere

309 2561 532 2626 corpus
581 2544 818 2609 Christi
871 2554 942 2607 ut
988 2562 1242 2629 corpus,
1279 2565 1407 2609 non
1453 2554 1663 2609 autem
1714 2567 1807 2610 se·

309 2645 581 2706 cundum
623 2645 844 2707 omnia
885 2664 1029 2726 quae
1073 2645 1196 2708 sibi
1241 2645 1807 2727 supernaturaliter

311 2740 520 2804 insunt
549 2761 668 2804 seu
699 2749 1093 2825 competunt,
1112 2750 1184 2805 ut
1211 2744 1382 2825 quod
1411 2743 1806 2827 hypostatice

311 2839 388 2902 sit
429 2849 836 2923 assumptum
885 2859 922 2902 a
967 2840 1175 2905 Verbo
1222 2850 1478 2917 aeterno,
1525 2851 1588 2906 et
1635 2842 1805 2924 quod

309 2938 974 3021 supernaturalissime
1017 2947 1080 3002 et
1109 2939 1806 3023 incomprehensibilis—

1918 772 2147 835 modus
2186 791 2312 836 non
2357 771 2626 854 impedit
2662 771 2819 854 quin
2860 770 2943 832 sit
2986 765 3416 849 cognoscibile

1917 871 2272 933 secundum
2304 889 2371 933 se
2401 877 2465 933 et
2495 870 2561 932 in
2592 889 2660 932 se
2689 875 3046 952 acceptum,
3078 867 3190 929 sed
3219 865 3418 947 impe-

1917 971 2012 1033 dit
2058 970 2225 1033 bene
2266 971 2435 1053 quod
2486 970 2569 1034 sit
2610 967 3041 1052 cognoscibile
3083 985 3196 1030 seu
3244 964 3418 1046 obie-

1918 1077 2092 1132 ctum
2135 1069 2497 1132 intellectus
2536 1069 2889 1132 secundum
2932 1066 3100 1149 quod
3141 1063 3418 1126 sumitur

1917 1166 2038 1230 sub
2089 1166 2198 1230 tali
2250 1168 2460 1242 modo,
2511 1166 2865 1250 praesertim
2924 1161 3413 1248 supernaturali,

1918 1285 2121 1348 quum
2172 1266 2282 1330 ille
2342 1267 2569 1329 modus
2616 1266 2700 1329 sit
2748 1260 3415 1346 incomprehensibilis

1920 1383 2034 1448 per
2091 1372 2405 1440 naturam,
2457 1372 2521 1427 et
2578 1383 2693 1446 per
2741 1381 3137 1445 consequens
3185 1378 3285 1423 res
3346 1365 3417 1420 ut

1919 1471 2090 1526 stans
2134 1463 2257 1527 sub
2299 1463 2411 1526 tali
2456 1464 2662 1527 modo.

1997 1563 2291 1645 Amplius
2328 1561 2553 1626 scribit
2581 1561 2685 1624 hic
2718 1579 2732 1624 :
2764 1559 3057 1624 Naturale
3096 1565 3161 1621 et
3196 1575 3415 1638 super-

1917 1661 2205 1725 naturale
2235 1678 2361 1723 non
2393 1660 2795 1742 distinguunt
2825 1665 3113 1721 naturam
3142 1655 3419 1736 alicujus

1919 1761 1984 1823 in
2044 1779 2134 1835 se,
2196 1760 2307 1823 sed
2376 1766 2619 1822 tantum
2687 1757 2752 1820 in
2812 1756 3283 1839 comparatione
3336 1753 3417 1816 ad

1844 1858 1891 1921 B
1919 1879 2131 1941 agens.
2167 1859 2314 1924 Ideo
2342 1877 2618 1940 namque
2655 1857 2890 1920 dicitur
2924 1853 3167 1937 aliquid
3195 1871 3415 1935 super-

1919 1957 2228 2031 naturale,
2262 1957 2413 2040 quia
2460 1975 2496 2018 a
2541 1952 3007 2038 supernaturali
3054 1959 3320 2034 agente3
3350 1958 3417 2014 et

1917 2056 2227 2131 naturale,
2275 2055 2425 2137 quia
2469 2073 2508 2117 a
2554 2053 2825 2116 naturali
2874 2057 3123 2133 agente,
3168 2057 3289 2113 etc.
3334 2085 3415 2096 —-

1915 2154 2009 2216 Ad
2069 2173 2210 2236 quae
2275 2153 2440 2226 dico,
2502 2153 2672 2235 quod
2734 2150 3019 2214 naturale
3075 2157 3140 2212 et
3188 2166 3412 2230 super-

1917 2253 2205 2316 naturale
2246 2253 2628 2335 quandoque
2674 2250 3077 2331 distinguunt
3122 2255 3411 2310 nat-uram

1917 2349 2193 2431 alicujus
2228 2350 2294 2412 in
2326 2369 2415 2424 se,
2448 2349 2615 2412 sicut
2646 2349 2785 2430 ipsa
2812 2347 3012 2429 gratia
3040 2354 3289 2428 gratum
3320 2345 3413 2407 fa-

1916 2447 2094 2510 ciens
2152 2448 2507 2530 caritasque
2566 2446 2779 2510 insusa
2834 2444 3139 2528 specifice
3196 2444 3416 2506 distin-

1915 2555 2201 2627 guuntur
2227 2565 2264 2609 a
2294 2554 2517 2608 natura
2556 2554 2619 2608 et
2656 2544 2929 2607 naturali
2967 2561 3182 2605 amore
3216 2559 3229 2603 :
3263 2559 3416 2623 quo-

1919 2645 2090 2708 niam
2131 2645 2335 2727 gratia
2374 2644 2743 2727 gratificans
2783 2650 2846 2706 et
2886 2641 3113 2705 caritas
3155 2647 3306 2704 sunt
3347 2640 3413 2703 in

1918 2763 1986 2806 se
2047 2743 2561 2828 supernaturales
2623 2741 2917 2816 effectuS,
2977 2747 3203 2804 natura
3262 2756 3416 2802 vero

1916 2860 2223 2925 amorque
2252 2841 2555 2906 naturalis
2586 2849 2733 2905 sunt
2764 2840 3082 2903 naturales
3119 2838 3410 2902 effectus.

1916 2941 2046 3004 Nec
2094 2939 2303 3003 solum
2354 2947 2653 3022 praetacto
2702 2939 2890 3003 modo
2937 2937 3416 3019 distinguuntur

311 3037 461 3100 sime
505 3046 607 3100 est
653 3037 718 3099 in
765 3045 1182 3112 sacramente,
1226 3047 1290 3102 et
1333 3040 1593 3102 modum
1643 3039 1806 3103 exsi—
1844 3038 1889 3104 C
1920 3038 2208 3102 naturale
2255 3046 2317 3100 et
2366 3037 2868 3120 supernaturale,
2910 3037 3020 3100 sed
3066 3035 3256 3098 etiam
3299 3052 3415 3116 per

311 3137 546 3201 stentiae
575 3144 770 3219 atque
803 3138 1154 3219 praesentiae
1182 3138 1374 3201 talis?
1404 3140 1538 3202 lmo
1569 3140 1803 3202 mirum

309 3234 358 3295 si
387 3235 622 3318 aliquis
655 3236 740 3299 sit
771 3244 896 3298 tam
929 3236 1128 3311 rudis,
1160 3237 1271 3319 qui
1312 3255 1440 3300 non
1469 3238 1682 3301 videat
1712 3238 1808 3300 in-

309 3332 668 3397 efficaciam
719 3334 1192 3416 consequentiae
1243 3334 1438 3417 hujus
1490 3352 1506 3398 :
1555 3336 1803 3399 Intelle-

310 3439 440 3494 ctus
471 3439 687 3515 potest
715 3432 836 3495 hoc
865 3450 1244 3514 cognoscere
1275 3434 1482 3516 quoad
1515 3433 1805 3497 substan-

309 3530 454 3594 tiam
505 3550 718 3606 suam,
770 3548 920 3612 ergo
965 3539 1175 3614 potest
1221 3532 1380 3595 illud
1423 3549 1804 3614 cognoscere

309 3630 662 3693 secundum
704 3647 963 3692 omnem
1012 3632 1273 3693 modum
1321 3638 1386 3693 et
1432 3632 1801 3713 qualitatem

309 3735 368 3789 et
402 3729 738 3791 entitatem
777 3728 918 3809 ejus
959 3730 1440 3803 accidentalem,
1474 3749 1804 3813 supergre—

310 3825 584 3889 dientem
637 3844 896 3889 omnem
947 3844 1230 3901 cursum,
1264 3828 1470 3909 legem
1517 3847 1592 3891 ac
1639 3830 1806 3891 ordi·

311 3942 446 3987 nem
495 3944 716 3987 rerum
760 3924 1132 3987 naturaliter
1175 3925 1558 3989 institutum.
1593 3928 1806 4001 Qualis

307 4031 397 4085 est
421 4021 896 4104 argumentatio
935 4022 1054 4085 ista
1087 4041 1101 4086 ε
1134 4024 1395 4087 Possum
1436 4026 1807 4089 naturaliter

307 4139 687 4203 cognoscere
717 4121 970 4183 Petrum
1011 4130 1322 4204 quantum
1360 4123 1439 4185 ad
1481 4142 1662 4186 suam
1692 4125 1806 4188 hu-

1920 3137 2264 3200 intrinseca
2324 3156 2438 3200 sua
2499 3135 2792 3199 formalia
2854 3134 3191 3218 principia.
3257 3134 3413 3195 Item

1917 3236 2068 3318 quia
2106 3236 2393 3298 naturale
2432 3242 2529 3297 est
2566 3235 2734 3317 quod
2776 3241 2871 3297 est
2909 3241 2973 3296 et
3009 3231 3295 3315 procedit
3322 3250 3414 3293 se-

1919 3334 2201 3397 cundum
2246 3333 2504 3397 solitum
2548 3351 2807 3395 cursum
2850 3332 3268 3412 ordinemque
3306 3347 3413 3391 na-

1917 3442 2096 3506 turae,
2132 3441 2203 3495 ut
2244 3432 2571 3496 hominem
2610 3450 2687 3495 ex
2730 3429 3184 3493 commixtione
3222 3427 3415 3490 maris

1916 3550 1990 3594 ac
2038 3530 2297 3595 feminae
2344 3530 2665 3612 generari;
2709 3527 3191 3611 supernaturale
3239 3544 3411 3601 vern,

1915 3631 2086 3712 quod
2117 3638 2215 3692 est
2243 3628 2346 3692 vel
2377 3629 2660 3711 procedit
2696 3647 2890 3710 supra
2928 3626 3280 3689 naturalem
3310 3643 3418 3687 en-

1916 3730 2076 3791 tium
2120 3728 2348 3809 legem,
2383 3746 2641 3789 cursum
2686 3734 2752 3790 et
2793 3726 3106 3799 ordinem,
3140 3732 3209 3787 ut
3251 3743 3415 3788 mor-

1915 3834 2099 3890 tuum
2129 3826 2445 3889 suscitari.
2480 3826 2767 3907 Insuper,
2799 3823 2881 3887 ab
2911 3823 3133 3886 eodem
3164 3830 3411 3905 agente,

1917 3925 2164 3988 scilicet
2212 3925 2341 3987 Deo
2388 3924 2845 4006 omnipotente,
2893 3929 3041 3985 sunt
3094 3922 3413 3985 naturales

1916 4032 1980 4087 et
2009 4022 2524 4106 supernaturales
2560 4022 2853 4085 effectus.
2888 4022 3125 4084 Eadem
3158 4039 3414 4104 quoque

1913 4142 2104 4186 causa
2133 4130 2229 4186 est
2258 4141 2451 4204 agens
2489 4120 2774 4185 naturale
2812 4129 2875 4184 et
2908 4121 3409 4203 supernaturale.

308 4220 698 4295 manitatem,
751 4236 903 4300 ergo
958 4220 1329 4283 naturaliter
1384 4238 1646 4302 possum
1705 4240 1806 4286 co-
1836 4224 1885 4285 D
1917 4222 2149 4284 Dicunt
2198 4222 2439 4304 quippe
2487 4220 2874 4304 philosophi,
2926 4221 3095 4302 quod
3142 4227 3415 4302 quatuor

305 4335 610 4398 gnoscere
661 4317 914 4380 Petrum
967 4324 1276 4399 quantum
1327 4319 1405 4381 ad
1459 4337 1600 4382 esse
1647 4340 1804 4403 prae-

305 4417 532 4480 scitum
591 4424 706 4479 aut
762 4417 1304 4499 praedestinatum,
1363 4417 1484 4481 hoc
1545 4426 1662 4493 est,
1724 4438 1805 4481 an

304 4516 382 4577 sit
418 4516 756 4598 praescitus
786 4514 888 4578 vel
920 4515 1437 4597 praedestinatus?
1468 4517 1600 4580 lmo
1637 4517 1802 4591 dicO,

305 4615 464 4697 quod
497 4633 624 4679 nec
655 4614 1222 4697 comprehensores
1254 4614 1320 4676 in
1359 4614 1564 4696 patria
1595 4615 1807 4678 sciunt

303 4714 374 4776 de
397 4715 640 4778 viatore
669 4733 748 4777 an
777 4712 860 4776 sit
889 4713 1370 4795 praedestinatus
1399 4712 1533 4776 sive
1563 4716 1808 4796 praesci-

302 4813 561 4887 tus,nisi
591 4832 672 4877 ex
702 4810 1086 4875 revelatione
1115 4810 1351 4876 divina.
1369 4811 1655 4874 -Multa
1683 4813 1808 4875 alia

303 4911 522 4974 scribit
562 4911 696 4986 hic,
728 4928 870 4991 quae
909 4928 1028 4972 nec
1063 4909 1502 4992 apparentiam
1544 4909 1802 4985 habent,

302 5016 368 5071 ut
393 5010 552 5072 dum
583 5008 798 5090 arguit
829 5024 844 5071 :
879 5008 1122 5090 Corpus
1164 5007 1324 5070 illud
1368 5007 1431 5069 in
1462 5025 1530 5071 se
1569 5016 1668 5072 est
1695 5008 1806 5072 ob·

299 5106 537 5188 jectum
571 5104 1124 5189 proportionatum
1157 5104 1512 5168 intellectui
1542 5106 1678 5183 tali,
1711 5127 1806 5171 er-

300 5224 374 5286 go
399 5204 820 5270 accidentalis
851 5205 1078 5267 modus
1117 5204 1321 5286 ipsius
1361 5205 1644 5288 corporis
1675 5226 1804 5271 non

304 5304 569 5388 impedit
596 5303 757 5387 quin
799 5302 884 5365 sit
919 5301 1247 5384 objectum
1289 5302 1588 5367 intuibile
1619 5304 1800 5368 intel-

1917 4328 2067 4383 sunt
2113 4339 2321 4384 causae
2366 4319 2779 4394 universaleS,
2814 4317 3113 4381 videlicet
3160 4335 3176 4381 t
3224 4337 3415 4381 causa

1917 4418 2127 4502 prima
2174 4437 2286 4481 seu
2334 4418 2523 4491 DeuS,
2566 4417 3007 4499 intelligentia,
3046 4417 3262 4479 anima
3308 4435 3416 4480 no—

1917 4518 2087 4591 bilis,
2121 4524 2185 4579 et
2226 4523 2451 4579 natura
2494 4516 2873 4579 universalis
2920 4535 3033 4579 seu
3077 4516 3177 4579 vis
3226 4516 3417 4578 insita

1919 4614 2285 4680 coelestibus
2337 4613 2747 4697 corporibus3
2784 4622 2848 4677 et
2888 4622 3101 4677 tamen
3149 4631 3277 4677 non
3325 4614 3413 4677 lo-

1918 4721 2203 4797 quuntur
2245 4713 2369 4776 nisi
2412 4713 2491 4775 de
2532 4712 2927 4775 naturalibus
2970 4713 3199 4775 causis.

1998 4813 2235 4874 Iterum
2287 4811 2375 4873 ait
2428 4810 2651 4873 Scotus
2704 4826 2718 4870 ε
2770 4808 3135 4872 Intellectus
3191 4810 3413 4873 beatus

1916 4911 2094 4975 nullo
2144 4912 2331 4974 modo
2386 4928 2500 4992 per
2546 4916 2759 4972 actum
2817 4908 3189 4988 beatificum
3239 4908 3413 4970 videt

1917 5028 2148 5093 corpus
2178 5008 2406 5073 Christi
2439 5008 2503 5070 in
2537 5006 3091 5079 Eucharistia,etc.
3116 5007 3209 5069 Ad
3241 5007 3411 5088 quod

1915 5128 2061 5172 cum
2113 5105 2479 5171 doctoribus
2527 5104 2747 5169 solidis
2789 5112 2979 5186 atque
3026 5104 3410 5167 authenticis

1914 5208 2080 5281 dicO,
2116 5206 2285 5288 quod
2314 5205 2511 5279 Beati,
2544 5204 2792 5267 visione
2822 5202 3121 5266 beatifica
3150 5220 3278 5265 non
3315 5220 3411 5265 so—

1915 5306 2050 5369 lum
2079 5304 2301 5367 vident
2329 5302 2613 5366 divinam
2650 5301 3014 5378 essentiam,
3048 5300 3158 5364 sed
3194 5306 3258 5363 et
3286 5300 3412 5364 alia
