4267 6250
823 473 945 538 238

1365 489 1430 537 m
1470 488 1694 537 nmen
1735 489 1798 534 iv
1837 485 2323 535 summurn.
2366 503 2447 514 —
2487 486 2641 532 uls-r.
2683 485 2789 550 ¹¹3
2830 486 3057 542 omnsr.
3098 488 3165 545 11,
3206 487 3295 545 m,
3336 487 3399 534 ιν

825 661 1122 742 indignus
1153 665 1442 743 respectu
1473 658 1886 742 praecedentis
1917 656 2327 740 peccati,non
2356 654 2407 719 A
2437 663 2768 738 peccatum
2798 657 3273 739 gravissimum,
3306 665 3379 720 ut
3408 656 3773 732 infidelitas,
3799 657 3945 720 bla-

822 767 1038 823 tamen
1069 759 1328 840 indigne
1358 757 1790 840 accedit,quia
1823 755 2179 839 ignorantia
2208 755 2328 817 ista

824 865 1104 921 excusat.

902 955 1169 1036 Insuper
1199 953 1526 1036 quaeritur,
1559 971 1640 1014 an
1673 958 2008 1034 peccatum
2039 967 2325 1012 commu-

821 1052 1096 1115 nicantis
1127 1071 1242 1114 seu
1271 1049 1654 1115 celebrantis
1683 1048 1966 1130 indigne,
1997 1046 2325 1111 enormius

821 1152 905 1213 sit
943 1150 1118 1214 omni
1163 1149 1290 1213 alio
1333 1154 1611 1230 peccato.
1645 1146 1908 1209 Videtur
1949 1146 2118 1227 quod
2169 1145 2322 1217 imo,

644 1283 790 1322 anx..
821 1267 1023 1331 quum
1065 1247 1234 1310 dicat
1272 1245 1632 1329 ApostoluS,
1666 1244 1836 1326 quod
1873 1243 2018 1306 talis
2056 1242 2183 1305 sibi
2222 1243 2325 1323 J'u-

821 1346 1064 1408 dicium
1124 1345 1464 1408 manducat
1514 1350 1579 1405 et
1633 1341 1819 1416 bibit,
1869 1359 2147 1422 reusque
2202 1339 2325 1403 erit

821 1444 1104 1526 eorporis
1149 1451 1214 1506 et
1257 1440 1583 1524 sanguinis
1627 1439 1900 1504 Domini.
1937 1440 2177 1503 Rursus
2220 1458 2323 1501 su·

821 1561 934 1625 per
974 1542 1132 1604 illud
1168 1540 1384 1614 Marci,
1415 1540 1522 1603 Vae
1556 1537 1802 1602 homini
1841 1536 1937 1599 illi
1976 1555 2092 1620 per
2127 1555 2320 1618 quem

819 1640 1017 1703 Filius
1046 1639 1326 1703 hominis
1355 1637 1659 1712 tradetur,
1681 1635 1908 1700 asserit
1936 1634 2155 1698 Glossa
2179 1654 2193 1698 :
2218 1635 2322 1699 Vae

818 1738 1060 1800 homini
1096 1737 1189 1800 illi
1220 1736 1332 1818 qui
1362 1736 1440 1797 ad
1474 1753 1758 1798 mensam
1791 1732 2045 1796 Domini
2075 1733 2321 1796 accedit

2434 754 2747 836 sphemia,
2798 762 2918 818 etc.
2972 755 3213 819 Deinde
3262 755 3422 819 illud
3478 764 3813 838 peccatum
3867 757 3941 818 in

2434 872 2561 934 quo
2591 854 2757 917 Deus
2787 854 3221 918 contemnitur
3241 855 3315 916 in
3346 863 3943 936 sacramento,prae·

2433 951 2653 1014 sertim
2696 951 2761 1014 in
2802 951 2921 1014 isto
2957 951 3023 1014 in
3058 969 3187 1034 quo
3216 952 3505 1015 Christus
3536 951 3698 1015 Deus
3731 961 3796 1014 et
3826 953 3941 1015 ho-

2436 1065 2541 1112 mo
2596 1048 3019 1112 essentialiter
3076 1049 3459 1114 continetur.
3520 1050 3657 1112 Non
3716 1059 3939 1112 tamen

2432 1154 2837 1230 contemptus
2888 1147 3009 1209 iste
3056 1155 3155 1209 est
3211 1155 3431 1210 contra
3490 1143 3812 1211 Christum
3864 1155 3941 1210 nt

2432 1252 2530 1308 est
2575 1246 2742 1309 Deus
2790 1253 2855 1308 et
2897 1245 3110 1321 homo,
3154 1246 3265 1308 sed
3314 1254 3505 1328 prout
3548 1246 3613 1309 in
3669 1247 3790 1310 isto
3836 1256 3941 1310 est

2432 1352 2846 1408 sacramento.
2863 1345 3177 1426 Deinceps
3206 1345 3461 1426 gravius
3492 1352 3589 1408 est
3612 1345 3674 1408 id
3706 1345 3773 1407 in
3803 1363 3941 1428 quo

2431 1442 2599 1505 Deus
2631 1442 2694 1504 in
2726 1443 2861 1505 suis
2890 1443 3321 1505 contemnitur
3346 1443 3761 1522 membris3et
3789 1452 3941 1526 post

2431 1540 2587 1614 haec,
2613 1541 2769 1604 illud
2804 1541 2869 1604 in
2900 1558 3028 1623 quo
3058 1541 3489 1604 contemnitur
3516 1542 3582 1604 in
3610 1542 3747 1605 suis
3778 1562 3941 1625 prae-

2431 1637 2654 1718 ceptis,
2697 1637 2866 1719 quod
2915 1654 3257 1700 commune
3304 1645 3401 1700 est
3442 1637 3619 1700 omni
3668 1647 3941 1720 peccato

2432 1733 2701 1798 mortali.
2746 1735 2922 1798 Unde
2956 1743 3223 1809 constat,
3260 1736 3430 1817 quod
3468 1744 3803 1818 peccatum
3852 1737 3939 1799 de

817 1837 1117 1918 indigne:
1154 1835 1272 1898 iste
1303 1834 1476 1898 enim
1507 1834 1588 1897 ad
1617 1832 1985 1915 exemplum
2015 1831 2193 1895 Judae
2222 1831 2318 1894 Fi·
2356 1839 2403 1901 Β
2433 1849 2560 1914 quo
2584 1832 2717 1912 jam
2757 1850 2989 1906 serm0,
3025 1850 3149 1897 non
3190 1841 3287 1895 est
3313 1833 3765 1914 gravissimum
3800 1852 3940 1897 om-

817 1935 973 1997 lium
1009 1935 1289 1998 hominis
1318 1933 1526 1996 tradit.
1556 1934 1735 2006 Item,
1761 1931 1872 2014 qui
1905 1930 2318 1994 Eucharistiae

814 2041 1283 2097 sacramentum
1329 2032 1595 2113 jactaret
1639 2031 1704 2092 in
1753 2031 1983 2103 lutum,
2026 2035 2321 2111 peccaret

815 2132 1207 2213 gravissime.
1244 2131 1365 2193 Sed
1409 2147 1536 2192 non
1579 2136 1676 2192 est
1711 2128 1960 2210 turpior
1999 2127 2213 2190 cloaca
2252 2127 2320 2189 in

815 2230 1056 2292 mundo
1106 2247 1298 2312 quam
1351 2234 1644 2311 peccator
1689 2245 1704 2288 z
1746 2243 1898 2307 ergo
1939 2226 2083 2288 talis
2135 2225 2203 2289 in
2250 2244 2319 2289 se

814 2346 1076 2390 sumens
1105 2335 1588 2400 sacramentum,
1603 2325 2047 2389 enormissime
2079 2333 2314 2407 peccat.

887 2426 1618 2508 Respondendum,quod
1647 2423 1813 2486 sicut
1839 2424 2138 2486 meritum
2171 2441 2321 2505 prae-

815 2525 1003 2607 cipue
1043 2524 1336 2588 consistit
1364 2541 1560 2606 penes
1599 2522 1950 2597 caritatem,
1985 2521 2072 2584 ita
2105 2521 2319 2584 deme-

815 2624 1010 2687 ritum
1058 2623 1390 2706 potissime
1439 2621 1730 2686 consistit
1776 2639 1972 2704 penes
2017 2620 2128 2683 Dei
2174 2637 2321 2684 eon-

813 2729 1151 2805 temptum.
1187 2721 1430 2784 Idcirco
1470 2719 1823 2783 secundum
1869 2719 2038 2801 quod
2082 2717 2317 2799 aliquis

816 2838 932 2902 per
959 2827 1174 2883 actum
1205 2818 1450 2901 peccati
1482 2819 1683 2881 Deum
1717 2816 1918 2898 magis
1946 2815 2315 2890 contemnit,

816 2917 1171 2980 secundum
1228 2917 1350 2978 hoc
1401 2915 1710 2996 majorem
1768 2913 2011 2997 peccati
2069 2920 2317 2976 reatum

2430 1931 2767 2004 nium,nec
2796 1931 3087 1993 omnium
3118 1930 3613 2005 minimum,sed
3642 1933 3936 1995 medium

2430 2030 2594 2092 inter
2625 2038 2885 2112 peccata
2912 2049 3054 2112 quse
3085 2031 3571 2094 committuntur
3600 2031 3669 2093 in
3698 2032 3933 2107 Deum,

2428 2137 2491 2190 ct
2520 2147 2595 2190 ea
2624 2148 2765 2210 quae
2795 2128 3283 2191 committuntur
3316 2129 3381 2190 in
3414 2129 3781 2211 proximum
3820 2138 3940 2193 aut

2429 2225 2493 2289 in
2539 2245 2607 2288 se
2650 2226 2885 2308 ipsum.
2918 2261 2999 2272 —
3036 2226 3253 2308 Itaque
3293 2235 3623 2308 peccatum
3668 2227 3941 2310 indigne

2428 2325 2821 2387 sumentium
2852 2324 3197 2399 Christum,
3232 2333 3635 2408 comparatur
3664 2335 3939 2408 peccato

2426 2422 2856 2486 occidentium
2891 2423 3209 2505 ipsum,in
3241 2431 3550 2506 quantum
3584 2431 3939 2508 utrumque

2428 2522 2493 2584 in
2540 2521 2752 2603 ipsum
2793 2521 3113 2584 Christum
3158 2521 3598 2585 committitur.
3631 2523 3939 2588 Attamen

2426 2627 2760 2703 peccatum
2817 2620 3245 2683 occidentium
3296 2620 3615 2684 Christum
3671 2623 3939 2702 gravius

2425 2718 2569 2794 fuit,
2612 2718 2765 2801 quia
2808 2718 3223 2782 commissum
3264 2727 3363 2782 est
3402 2719 3470 2782 in
3512 2719 3743 2783 Christi
3789 2740 3941 2803 per·

2426 2835 2688 2897 sonam3
2730 2817 2851 2881 hoc
2894 2836 3045 2881 vero
3093 2825 3191 2881 est
3238 2817 3304 2880 in
3354 2818 3697 2894 Christum,
3740 2829 3943 2902 prout

2426 2916 2492 2979 in
2532 2925 2928 2979 sacramento
2966 2916 3275 2980 consistit.
3311 2916 3413 2979 Sic
3448 2924 3513 2979 et
3545 2917 3657 2999 qui
3696 2935 3943 3000 eorpus

818 3015 1107 3077 incurrit.
1141 3014 1302 3076 Hinc
1337 3021 1596 3096 peccata
1627 3032 1768 3095 quae
1802 3013 1868 3074 in
1907 3011 2138 3074 actuali
2174 3029 2319 3074 con·
2351 3021 2397 3084 C
2427 3014 2657 3078 Christi
2692 3014 2757 3076 in
2789 3013 2993 3076 lutum
3026 3013 3389 3096 projiceret,
3408 3015 3608 3096 magis
3636 3025 3942 3098 peccaret

818 3114 1051 3178 sistunt
1093 3113 1204 3178 Dei
1250 3118 1642 3195 contemptu,
1685 3120 1836 3175 sunt
1881 3110 2171 3193 graviora
2218 3110 2319 3174 his

818 3212 886 3274 in
919 3212 1155 3295 quibus
1197 3230 1321 3276 non
1354 3219 1451 3274 est
1488 3211 1598 3274 Dei
1635 3217 2038 3292 contemptus
2075 3210 2200 3273 nisi
2239 3227 2318 3272 ex

817 3310 1232 3393 consequenti
1267 3318 1330 3373 et
1369 3309 1550 3392 quasi
1594 3307 2070 3391 interpretative
2103 3328 2119 3373 :
2152 3308 2321 3370 sicut

815 3408 1049 3473 accidit
1099 3408 1164 3471 in
1223 3407 1526 3471 fruitione
1585 3414 1908 3482 creaturae,
1961 3424 2075 3488 per
2121 3424 2317 3487 quam

816 3508 963 3590 quis
1009 3506 1414 3570 delectationi
1465 3506 1822 3569 inordinate
1871 3506 2154 3568 intentus
2196 3512 2314 3580 est,

818 3624 932 3688 per
974 3606 1144 3688 quod
1185 3624 1224 3667 a
1268 3605 1379 3668 Dei
1423 3604 1663 3667 recedit
1705 3603 2062 3687 praeceptis,
2095 3611 2161 3665 et
2203 3621 2317 3685 per

817 3723 1213 3786 consequens
1255 3703 1734 3786 praecipientem
1764 3701 2134 3766 contemnit.
2170 3702 2317 3765 Pec-

817 3811 1029 3866 catum
1086 3812 1299 3866 autem
1359 3801 1772 3884 blasphemiae
1831 3802 1898 3864 in
1945 3807 2317 3882 contemptu

816 3901 1257 3983 principaliter
1314 3908 1412 3963 est
1469 3899 1860 3979 consistens3
1911 3906 1974 3960 et
2021 3898 2320 3960 similiter

817 4005 1149 4081 peccatum
1211 3998 1573 4061 accedentis
1635 3998 1893 4078 indigne
1948 3996 2024 4059 ad
2085 4013 2318 4079 corpus

816 4096 1072 4169 Christi,
1121 4095 1543 4159 essentialiter
1590 4103 1687 4158 est
1735 4094 2025 4176 quaedam
2086 4094 2320 4157 irreve-

2426 3132 2619 3196 quam
2652 3112 2911 3196 indigne
2943 3112 3099 3175 illud
3132 3113 3512 3196 suscipienS,
3545 3113 3699 3196 quia
3728 3114 3943 3197 magis

2426 3230 2501 3276 eo
2541 3212 2929 3275 abuteretur.

2506 3310 2809 3373 Praeterea
2859 3310 2913 3373 si
2958 3318 3298 3392 quaeratur,
3341 3311 3487 3393 quis
3540 3311 3740 3393 magis
3786 3330 3943 3394 pec·

2426 3416 2617 3483 caret,
2669 3408 3007 3473 haereticus
3056 3408 3315 3490 indigne
3364 3409 3777 3483 manducans,
3826 3411 3941 3474 vel

2424 3514 2721 3590 peccator
2769 3507 3056 3581 credens,
3099 3507 3357 3588 indigne
3404 3507 3467 3569 id
3516 3507 3795 3585 faciens3
3836 3508 3941 3570 di-

2427 3604 2910 3687 cendum,quod
2943 3604 3008 3667 in
3042 3605 3465 3668 manducante
3496 3606 3757 3687 indigne
3788 3624 3943 3669 con-

2426 3703 2788 3767 siderantur
2825 3702 2952 3765 duo
2994 3710 3255 3785 peccata
3296 3720 3311 3765 ε
3354 3722 3554 3765 unum
3596 3720 3727 3786 quo
3765 3703 3941 3767 indi-

2424 3820 2591 3883 gnus
2649 3800 2935 3863 redditur
2990 3801 3068 3863 ad
3129 3801 3697 3880 manducandum;
3749 3800 3939 3865 aliud

2428 3918 2555 3982 quo
2604 3900 2861 3982 indigne
2910 3899 3269 3964 manducat.
3322 3900 3658 3982 Quumque
3706 3918 3941 3982 pecca-

2426 4007 2564 4061 tum
2608 3998 3007 4062 infidelitatis
3042 3999 3125 4062 sit
3150 3998 3408 4080 gravius
3442 3998 3585 4061 aliis
3625 4002 3937 4081 peccatiS,

2428 4097 2711 4160 infidelis
2744 4097 3495 4178 manducanS‚indignior
3520 4106 3619 4161 est
3644 4099 3725 4162 ad
3758 4118 3945 4162 man-

817 4195 1021 4259 rentia
1079 4202 1144 4257 et
1199 4202 1624 4276 contemptus.
1679 4193 1801 4256 Sed
1857 4191 2317 4255 advertendum
2349 4201 2400 4263 D
2428 4197 2812 4259 ducendum.
2842 4197 2963 4260 Sed
2995 4197 3146 4278 quia
3176 4214 3303 4259 non
3334 4196 3537 4260 eredit
3566 4196 3725 4260 illud
3758 4200 3937 4280 quod

817 4294 988 4376 quod
1033 4300 1437 4374 contemptus
1480 4310 1558 4355 ex
1601 4291 1842 4373 duplici
1893 4298 2070 4373 parte
2114 4296 2321 4373 potest

819 4393 1192 4457 mensurari.
1230 4392 1458 4466 Primo,
1493 4410 1572 4454 ex
1601 4398 1778 4474 parte
1809 4390 2315 4454 contemnentis:

817 4499 884 4554 et
924 4491 1011 4554 ita
1059 4509 1186 4553 non
1236 4496 1445 4573 potest
1492 4489 1637 4553 fieri
1688 4490 2077 4572 comparatio
2127 4490 2319 4553 unius

817 4590 1068 4671 generis
1111 4590 1355 4672 peccati
1394 4589 1472 4651 ad
1511 4588 1685 4651 aliud
1723 4606 1948 4669 geum,
1976 4590 2087 4652 sed
2127 4589 2318 4653 unius

817 4687 1222 4771 particularis
1270 4687 1513 4771 peccati
1559 4687 1636 4750 ad
1685 4686 1860 4750 aliud
1907 4704 1921 4749 :
1970 4688 2122 4769 quia
2170 4705 2318 4751 con·

816 4787 1006 4868 tingit
1047 4787 1116 4850 in
1166 4804 1294 4851 nno
1341 4794 1604 4870 peccato
1649 4786 1884 4850 veniali
1933 4804 2010 4849 ex
2061 4804 2315 4867 genere,

817 4886 1124 4969 majorem
1167 4904 1310 4949 esse
1352 4893 1791 4969 contemptum
1833 4903 2032 4968 quam
2077 4884 2145 4947 in
2192 4884 2319 4947 alio

816 4994 1076 5068 peccato
1104 4985 1484 5068 gravissimo
1515 4984 1764 5048 mortali
1796 5004 1873 5047 ex
1907 4984 2033 5047 alio
2058 5001 2313 5065 genere.

817 5085 1129 5160 Secundo,
1163 5102 1241 5147 ex
1281 5091 1458 5167 parte
1487 5084 1836 5167 contempti
1872 5102 1887 5146 z
1921 5082 2145 5164 sicque
2173 5081 2319 5144 talis

817 5192 914 5247 est
957 5184 1114 5249 ordo
1160 5192 1590 5267 peccatorum,
1641 5182 1814 5265 quod
1863 5181 2024 5245 illud
2074 5180 2144 5243 in
2191 5198 2319 5264 quo

819 5287 988 5349 Deus
1035 5285 1467 5353 contemnitur
1521 5283 1716 5347 etiam
1775 5283 1843 5345 in
1890 5300 1958 5345 se
2007 5282 2171 5365 ipso,
2222 5290 2323 5346 est

2428 4295 2625 4357 sumit
2678 4301 2865 4358 tantae
2914 4295 3261 4357 consistere
3312 4294 3639 4376 dignitatis
3690 4304 3759 4358 ut
3808 4304 3935 4373 est,

2428 4392 2572 4455 ideo
2619 4410 2748 4456 non
2796 4400 3040 4455 tantum
3092 4401 3312 4475 peccat
3360 4393 3427 4455 in
3474 4393 3679 4456 abusu
3728 4413 3939 4458 sacra-

2428 4490 2628 4554 menti
2683 4508 2695 4553 :
2750 4491 3052 4573 quoniam
3114 4492 3468 4573 ignorantia
3526 4480 3937 4558 infidelitatis

2427 4589 2721 4673 quamvis
2779 4608 2907 4653 non
2954 4597 3216 4653 excuset
3263 4599 3599 4673 peccatum
3650 4610 3935 4674 sequens

2424 4708 2462 4753 a
2492 4695 2645 4763 toto,
2678 4696 2939 4752 excusat
2973 4696 3189 4752 tamen
3226 4708 3263 4752 a
3296 4696 3493 4766 tanto,
3526 4698 3599 4753 ut
3638 4698 3814 4773 patet
3851 4692 3939 4755 de

2427 4796 2689 4870 peccato
2746 4787 3176 4851 occidentium
3226 4788 3570 4852 Christum.
3620 4788 3783 4853 Hinc
3836 4791 3939 4854 in-

2424 4886 2639 4949 fidelis
2688 4886 3010 4968 indignior
3058 4887 3420 4963 manducat,
3476 4890 3591 4952 sed
3632 4900 3939 4973 peccator

2424 4984 2741 5048 credendo
2782 4985 2987 5067 magis
3028 4985 3307 5067 indigne.

2501 5084 2797 5166 Amplius
2825 5084 3026 5166 quaeri
3064 5092 3294 5167 potest,
3328 5093 3545 5149 utrum
3582 5087 3931 5169 subjacens

2426 5189 2687 5265 peccato
2716 5183 2947 5257 carnis»,
2982 5183 3181 5265 magis
3221 5193 3444 5266 peccet
3472 5187 3837 5251 accedendo
3865 5195 3935 5251 et

2426 5282 2739 5346 sumendo
2780 5281 2901 5345 hoe
2942 5290 3436 5359 sacramentum,
3476 5303 3671 5367 quam
3712 5284 3939 5369 subja-
