4267 6250
705 531 932 590 QUAEST.
969 532 1012 579 V
1055 531 1070 577 :
1110 530 1254 588 Qum
1296 530 1390 579 sn·
1429 528 1851 587 nmmosYNA,
1893 528 1968 576 m·
2008 529 2185 579 cums
2225 532 2500 581 vm'rmls
2540 534 2635 582 sn·
2673 534 2886 596 AGwS,
2924 536 3053 584 me.

3313 519 3433 584 41⁷

323 700 799 766 restitutionem
857 710 1133 767 tenetur.
1185 701 1252 765 Si
1307 709 1523 765 autem
1583 701 1831 783 ignorat
1857 700 1910 765 A
1936 716 2317 785 synai-um
2360 706 2681 775 datores
2696 727 2717 790 ;
2755 710 2840 776 et
2885 709 2983 777 de
3022 709 3437 791 speciebus

317 799 475 875 hoc,
505 809 846 865 excusatur
870 819 1206 884 quousque
1235 799 1616 883 cognoverit.
1652 799 1828 872 Quod

317 898 375 960 si
425 900 676 962 noverit
711 900 880 963 bona
921 900 1033 962 illa
1073 918 1202 964 non
1245 917 1386 963 esse
1422 897 1504 962 ab
1549 898 1829 961 invicem

317 997 626 1061 distincta
651 1018 726 1062 ac
757 1006 1068 1083 separata,
1101 1017 1220 1062 nec
1249 1018 1453 1062 unum
1492 1015 1678 1080 posse
1705 997 1828 1061 dis-

317 1095 504 1158 cerni
530 1095 613 1158 ab
641 1096 790 1171 alio,
825 1097 1114 1179 peridem
1145 1104 1242 1159 est
1277 1114 1352 1159 ac
1391 1096 1444 1159 si
1482 1096 1698 1159 omnia
1735 1114 1828 1159 es-

319 1200 472 1256 sent
515 1194 774 1275 injusta.
828 1196 894 1258 Si
940 1202 1156 1258 autem
1215 1194 1372 1258 dans
1421 1194 1602 1257 alteri
1663 1193 1828 1257 bona

319 1292 586 1373 injusta,
623 1293 903 1356 intendit
937 1294 1018 1356 de
1060 1293 1244 1357 bonis
1279 1293 1414 1356 suis
1440 1293 1630 1374 justis
1660 1291 1827 1355 face-

319 1408 392 1453 re
443 1408 948 1475 recompensam,
997 1399 1206 1475 potest
1253 1390 1570 1473 recipiens
1609 1390 1825 1452 datum

317 1488 448 1551 sibi
491 1497 732 1553 tenere.
779 1490 844 1553 Si
889 1508 1044 1553 vero
1085 1490 1244 1553 dans
1287 1488 1560 1552 intendit
1599 1488 1827 1570 recipi-

319 1594 536 1650 entem
575 1588 864 1670 obligare
905 1606 1052 1651 cum
1100 1589 1266 1651 dono
1307 1587 1402 1649 illi
1441 1586 1606 1662 dato,
1647 1587 1726 1648 ad
1765 1587 1828 1648 id

319 1686 402 1749 ad
433 1686 604 1768 quod
639 1686 779 1769 ipse
820 1686 976 1749 dans
1019 1686 1260 1748 exstitit
1306 1685 1643 1766 obligatus,
1677 1684 1832 1747 reci-

325 1784 510 1866 piens
559 1784 902 1847 restituere
950 1783 1287 1865 obligatur.
1333 1783 1424 1846 De
1465 1783 1564 1846 his
1607 1782 1831 1845 scribit

323 1883 592 1965 prolixe.

411 1981 712 2064 Amplius
767 1981 1018 2063 quaerit,
1075 2001 1158 2044 an
1217 1980 1532 2062 recipiens
1587 1978 1829 2062 aliquid

325 2098 442 2161 pro
473 2087 702 2143 mutuo
729 2079 870 2142 sine
900 2080 1216 2162 pactione,
1249 2079 1327 2140 ad
1368 2078 1830 2140 restitutionem

326 2185 638 2241 teneatur.
691 2177 1076 2260 Respondet,
1127 2176 1298 2259 quod
1351 2176 1406 2238 si
1466 2174 1832 2238 intendebat

321 2276 568 2359 aliquid
601 2275 770 2339 ultra
800 2284 1098 2339 mutuum
1137 2293 1387 2358 capere,
1420 2273 1642 2337 illicite
1673 2274 1830 2337 reci-

323 2376 422 2458 pit
447 2374 620 2437 ultra
651 2382 1037 2437 mutuatum.
1075 2374 1138 2437 Si
1177 2380 1390 2437 autem
1431 2373 1551 2436 hoc
1581 2391 1708 2436 non
1741 2373 1832 2436 in-

322 2473 648 2548 tendebat,
676 2492 796 2536 nec
835 2474 1092 2536 attraxit
1119 2474 1199 2535 ad
1239 2472 1659 2535 mutuandum
1691 2490 1728 2533 a
1763 2489 1831 2534 se

323 2571 565 2634 intuitu
613 2570 936 2634 commodi
971 2570 1096 2646 sui,
1128 2577 1192 2634 et
1227 2569 1388 2633 alter
1425 2568 1549 2631 sibi
1587 2567 1830 2651 aliquid

325 2669 570 2753 praebet
601 2676 830 2752 sponte
859 2688 938 2732 ex
967 2668 1413 2732 benevolentia
1445 2668 1510 2729 in
1547 2666 1830 2748 recogni-

325 2768 572 2832 tionem
601 2766 904 2831 beneficii
937 2766 1062 2830 sibi
1104 2766 1402 2849 impensi,
1435 2772 1643 2849 potest
1673 2764 1830 2826 illud

67 2885 296 2943 emman.
324 2866 418 2929 ita
461 2864 904 2949 recipere.‘—
948 2865 1038 2927 De
1087 2864 1187 2927 his
1245 2864 1398 2946 quia
1439 2864 1570 2945 Jam
1631 2862 1832 2925 multa

123 3099 162 3142 q.
183 3088 246 3132 22.

323 2971 480 3027 sunt
523 2964 714 3039 dicta,
746 2970 1131 3046 pertranseo
1205 3006 1211 3013 -

1936 812 2028 865 ac
2071 800 2605 871 divisionibus
2644 805 3189 887 eleemosynae.

2015 897 2235 978 ltaque
2277 896 2683 983 eleemosyna
2730 902 2822 965 sic
2872 902 3181 965 definitur
3210 918 3225 963 z
3259 900 3441 965 Elee-

1938 1011 2203 1077 mosyna
2246 1004 2343 1059 est
2385 1015 2547 1080 opus
2590 1016 2718 1081 quo
2758 1000 3001 1083 aliquid
3048 1000 3235 1063 datur
3274 999 3439 1062 indi-

1935 1092 2109 1173 genti
2144 1112 2223 1155 ex
2266 1096 2729 1178 compassione,
2773 1105 3034 1182 propter
3070 1100 3293 1162 Deum.
3327 1099 3441 1163 Mi-

1937 1190 2207 1254 sericors
2248 1212 2526 1276 namque
2570 1213 2647 1257 ex
2686 1198 3125 1279 compassione
3160 1197 3436 1260 alienam

1937 1288 2265 1352 miseriam
2294 1292 2478 1373 quasi
2518 1294 2841 1376 propriam
2882 1302 3230 1378 computat,
3262 1302 3327 1358 et
3364 1296 3436 1358 il-

1937 1384 2064 1448 lam
2107 1406 2147 1449 a
2189 1390 2481 1470 proximo
2528 1391 2849 1473 expellere
2897 1392 3144 1467 nititur,
3177 1400 3436 1476 propter

1937 1485 2107 1565 quod
2138 1504 2253 1548 sua
2279 1487 2446 1551 bona
2474 1491 2905 1553 communicat
2934 1492 3029 1554 illi
3063 1508 3078 1554 :
3110 1493 3281 1574 quod
3313 1511 3438 1555 me-

1937 1582 2233 1646 ritorium
2265 1604 2392 1649 non
2422 1596 2518 1650 est
2555 1588 2681 1651 nisi
2722 1588 2837 1651 fiat
2864 1588 3147 1653 finaliter
3176 1599 3437 1673 propter

1940 1680 2162 1743 Deum.
2197 1682 2428 1766 Sicque
2467 1686 2588 1768 ipsi
2628 1694 2806 1749 actus
2844 1688 3080 1770 quibus
3112 1688 3257 1751 aliis
3286 1689 3434 1752 sub·

1939 1780 2218 1856 venitur,
2261 1783 2680 1867 eleemosyna»
2732 1786 3153 1868 appellantur.
3200 1788 3437 1851 Simili-

1865 1876 1913 1939 B
1941 1885 2040 1940 ter
2080 1879 2221 1961 ipsa
2256 1880 2398 1943 data
2447 1883 2881 1965 indigentibus
2920 1886 3387 1949 communicata
3420 1904 3435 1951 τ

1941 1974 2312 2059 frequenter
2347 1980 2521 2042 enim
2562 1999 2794 2044 nomen
2832 1990 3012 2045 actus
3041 2002 3153 2046 seu
3185 1984 3441 2049 habitus

1942 2091 2058 2156 pro
2103 2076 2368 2138 materia
2409 2095 2521 2139 seu
2562 2076 2818 2159 objecto
2854 2080 3186 2163 accipitur,
3220 2100 3441 2164 quem-

1942 2173 2285 2236 admodum
2316 2174 2480 2238 fides
2513 2194 2627 2258 pro
2657 2196 2725 2241 re
2764 2179 3023 2254 credita,
3058 2188 3121 2241 et
3150 2199 3295 2263 spes
3326 2198 3443 2264 pro

1942 2270 2112 2335 bono
2154 2281 2423 2355 sperato.
2458 2274 2529 2337 In
2579 2283 2874 2358 praetacta
2913 2296 3169 2361 quoque
3211 2279 3441 2343 desini·

1939 2370 2114 2433 tione
2164 2372 2523 2454 compassio
2566 2374 2843 2437 sumitur
2884 2376 3097 2458 potius
3136 2395 3251 2459 pro
3294 2396 3441 2442 con-

1940 2468 2221 2532 dolentia
2276 2472 2625 2553 superioris
2681 2474 3023 2555 appetituS,
3075 2494 3267 2557 quam
3323 2494 3439 2558 pro

1941 2567 2235 2649 passione
2274 2570 2594 2651 appetitus
2634 2571 2943 2634 sensitivi.
2977 2571 3191 2636 Nihilo
3221 2574 3435 2638 minus

1939 2684 2016 2728 ex
2048 2666 2449 2731 condolentia
2488 2670 2835 2751 superioris
2875 2672 3197 2753 appetitus
3234 2671 3315 2734 fit
3342 2692 3437 2735 re·

1939 2764 2290 2828 dundantia
2322 2772 2511 2847 atque
2552 2766 2888 2849 impressio
2932 2769 2998 2830 in
3044 2768 3438 2846 inferiorem,

1941 2882 2084 2945 quae
2124 2864 2381 2946 proprie
2417 2864 2628 2947 passio
2666 2874 2731 2928 et
2764 2868 3121 2949 compassio
3159 2869 3445 2931 nomina-

1941 2969 2066 3035 tur,
2099 2969 2166 3025 et
2206 2963 2285 3025 ad
2328 2962 2819 3028 subventionem
2862 2983 2974 3028 seu
3012 2966 3442 3051 eleemosyna-

409 3062 646 3138 Quaerit
693 3063 848 3126 item
895 3061 1273 3138 Quodlibeto
1319 3068 1561 3136 octav0,
1613 3068 1828 3122 utrum
1858 3058 1904 3125 G
1943 3078 2084 3122 rum
2119 3060 2516 3143 largitionem
2551 3062 2874 3126 concurrit
2902 3070 2967 3127 et
3003 3072 3233 3128 movet.
3270 3100 3346 3111 —
3376 3065 3441 3130 Si

325 3181 430 3225 res
461 3163 834 3245 praescripta
862 3161 1030 3225 bona
1060 3159 1210 3236 fide,
1245 3180 1443 3244 quum
1476 3159 1832 3224 constiterit

322 3261 408 3323 de
455 3259 624 3322 mala
671 3259 825 3334 fide,
858 3267 1084 3322 tenens
1128 3277 1272 3322 eam
1315 3265 1605 3322 teneatur
1655 3257 1832 3320 resti-

321 3367 509 3422 tuere
539 3377 678 3421 eam
714 3357 809 3420 illi
839 3359 919 3420 ad
949 3376 1143 3440 quem
1173 3357 1330 3420 alias
1366 3356 1714 3440 pertineret
1751 3356 1830 3418 de

321 3459 491 3539 jure.
525 3457 618 3519 Ad
651 3457 822 3538 quod
851 3455 1090 3519 diffuse
1125 3463 1188 3518 et
1219 3457 1540 3537 eleganter
1571 3473 1828 3537 respon-

80 3570 302 3628 αμα-ιο
327 3556 460 3628 det,
493 3555 812 3636 tangendo
858 3555 936 3618 de
987 3554 1108 3618 hoc
1153 3553 1489 3637 opiniones
1535 3552 1830 3636 superius

65 3637 140 3678 ets.

325 3661 576 3733 tacta-«33
625 3661 690 3716 et
741 3653 944 3735 magis
989 3652 1243 3716 videtur
1289 3652 1649 3716 consentire
1695 3650 1830 3733 opi—

325 3752 507 3816 nioni
555 3751 936 3825 dicentium,
969 3751 1139 3834 quod
1179 3757 1404 3813 tenens
1449 3767 1584 3812 rem
1627 3748 1827 3823 illam,

321 3859 580 3915 tenetur
609 3851 677 3915 in
710 3869 860 3913 casu
899 3850 1224 3933 proposito
1263 3849 1596 3912 restituere
1635 3866 1774 3911 eam
1810 3863 1824 3909 :

319 3957 390 4015 et
417 3951 560 4024 hoc,
585 3949 944 4013 secundum
971 3947 1076 4030 jus
1108 3947 1511 4021 canonicum,
1535 3945 1827 4029 quamvis

319 4066 450 4112 non
504 4047 862 4110 secundum
907 4045 1024 4128 ,jus
1071 4045 1286 4120 civile,
1337 4062 1456 4107 nec
1503 4043 1688 4106 aliter
1734 4050 1830 4106 tu-

317 4154 426 4211 tus
467 4146 569 4210 sit.

783 4461 1260 4538 QUAESTIO
1326 4459 1388 4522 V

465 4737 600 4801 Une
645 4735 728 4798 de
777 4733 1069 4817 partibus
1117 4731 1570 4796 satisfactionis
1615 4731 1828 4793 dicen-

493 4835 652 4897 dum
689 4840 811 4907 est,
843 4841 908 4896 et
945 4832 1157 4915 primo
1185 4831 1263 4895 de
1293 4830 1718 4913 eleemosyna,
1751 4829 1828 4892 de

323 4952 456 5016 qua
496 4932 828 5015 quaeritur,
858 4931 1066 5012 Quid
1109 4931 1244 5012 sit,
1281 4932 1365 4998 et
1400 4929 1633 5010 eujus
1671 4931 1830 4995 vir-

323 5033 531 5098 tutis
563 5033 676 5098 sit
703 5032 972 5113 actus3
1002 5029 1350 5111 qualiter
1381 5041 1688 5110 quoque
1722 5029 1835 5094 sit

327 5145 520 5213 pars
538 5127 1132 5208 satisfactionis,
1142 5141 1387 5209 quum
1409 5127 1654 5193 multi
1678 5127 1835 5208 qui·

329 5229 484 5296 bus
538 5227 927 5295 illicitum
979 5228 1105 5294 est
1158 5227 1346 5294 dare
1404 5226 1831 5307 eleemosy-

333 5341 503 5409 nas,
521 5324 1031 5394 satisfaciant
1060 5325 1223 5392 Deo
1253 5325 1466 5392 sicut
1502 5323 1832 5391 eleemo-

588 5457 654 5508 T.
688 5457 771 5509 24.

1942 3177 2092 3223 vero
2150 3159 2336 3222 dictis
2381 3161 2745 3242 objiciatur,
2799 3164 2967 3244 quod
3021 3164 3441 3248 eleemosynae

1941 3259 2173 3320 dantur
2211 3258 2523 3340 religiosis
2554 3267 2617 3321 et
2655 3259 2907 3323 clericis
2938 3280 3064 3324 non
3102 3262 3439 3344 indigenti-

1942 3354 2099 3434 bus3
2131 3357 2668 3438 respondendum,
2700 3358 2869 3439 quod
2910 3359 3141 3421 dantur
3179 3359 3271 3422 eis
3303 3367 3437 3423 tan-

1943 3471 2132 3535 quam
2169 3452 2478 3515 ministris
2508 3471 2888 3535 pauperum,
2922 3462 3235 3537 quatenus
3266 3457 3437 3539 quod

1943 3550 2099 3633 ipsis
2143 3557 2453 3632 superest,
2486 3551 2704 3633 egenis
2746 3552 3136 3635 dispensent.

2020 3649 2289 3730 Insuper
2338 3648 2741 3732 eleemosyna
2797 3658 2893 3713 est
2947 3659 3125 3714 actus
3182 3652 3439 3716 virtutis

1942 3764 2084 3827 quae
2141 3745 2577 3809 misericordia
2624 3755 3033 3834 nuncupatur
3082 3765 3097 3810 :
3149 3768 3292 3831 quae
3342 3757 3441 3813 est

1943 3861 2088 3924 pars
2134 3862 2247 3905 seu
2296 3844 2545 3925 species
2591 3844 3011 3922 liberalitatiS,
3044 3866 3187 3929 quae
3230 3848 3441 3929 conje-

1941 3947 2068 4003 ctat
2121 3940 2364 4004 bonum
2422 3943 2849 4005 communiter
2908 3943 2974 4007 in
3032 3943 3435 4026 dationibus3

1941 4038 2378 4102 misericordia
2413 4056 2565 4102 vero
2606 4040 2921 4122 conjectat
2963 4041 3030 4104 in
3072 4042 3437 4107 dationibus

1939 4135 2181 4199 bonum
2222 4135 2480 4218 aliquod
2520 4136 2819 4219 speciale,
2850 4139 3023 4221 quod
3064 4148 3161 4203 est
3198 4140 3435 4205 releva-

1855 4237 1908 4302 D
1939 4253 2086 4298 men
2133 4234 2405 4298 miseriae
2447 4235 2904 4317 proximorum.
2939 4237 3141 4302 Pietas
3180 4257 3435 4322 quoque

1937 4351 2066 4396 uno
2097 4333 2286 4397 modo
2316 4351 2433 4416 pro
2463 4335 2901 4398 misericordia
2930 4337 3227 4414 sumitur,
3248 4345 3315 4402 et
3342 4339 3436 4403 sic

1937 4432 2341 4515 eleemosyna
2388 4432 2624 4495 dicitur
2668 4451 2831 4517 opus
2880 4434 3153 4517 pietatis,
3192 4437 3326 4501 lmo
3372 4446 3438 4501 et

1939 4530 2375 4594 misericordia
2413 4531 2733 4595 interdum
2764 4550 2881 4615 pro
2913 4535 3209 4616 passione
3240 4535 3437 4618 partis

1938 4629 2258 4693 sensitivae
2295 4629 2629 4712 accipitur,
2662 4638 2726 4693 et
2770 4631 2855 4692 ita
2894 4650 3022 4696 non
3072 4641 3169 4696 est
3210 4634 3432 4696 virtus,

2016 4727 2335 4811 AmpliuS,
2368 4729 2772 4814 eleemosyna
2809 4738 3075 4794 vocatur
3108 4732 3439 4795 satisfacti-

1938 4828 2078 4892 onis
2130 4847 2297 4910 parS,
2340 4845 2469 4891 non
2512 4828 2859 4909 integralis,
2897 4829 3008 4892 sed
3059 4829 3436 4911 subjectiva,

1939 4927 2295 5010 praesertim
2324 4926 2720 5010 eleemosyna
2749 4927 2825 4990 ad
2856 4945 3045 5009 quam
3074 4929 3217 5010 quis
3246 4928 3445 4991 aliun-

1942 5027 2020 5088 de
2051 5043 2181 5088 non
2209 5023 2546 5106 obligatur,
2580 5045 2774 5108 quam
2813 5033 3067 5089 exercet
3095 5034 3160 5090 et
3192 5026 3442 5090 ordinat

1943 5125 2136 5189 homo
2195 5124 2275 5187 ad
2336 5122 2761 5207 expiationem
2828 5132 3039 5186 reatus
3106 5122 3439 5207 culparum

1943 5242 2223 5288 suarum.

2025 5321 2091 5385 Si
2119 5328 2336 5385 autem
2367 5328 2704 5404 quaeratur,
2736 5339 2816 5384 an
2846 5321 3027 5385 cadat
3056 5321 3177 5384 sub
3209 5341 3443 5405 praece-

3123 5454 3187 5506 27
