4267 6250
1221 495 1399 543 nmen
1439 495 1502 542 tv
1541 494 2026 542 summantur.
2048 474 2151 560 2-
2188 495 2343 542 msr.
2382 495 2490 542 nv
2828 474 2837 484 '
3280 477 3405 541 353

1135 730 1220 794 D.
1263 735 1366 795 De
1409 733 1700 798 solenni
1733 734 1805 796 et
1846 735 2070 799 unica
2111 733 2572 808 poenitentia.

441 963 610 1028 Illud
657 965 880 1028 autem
917 963 1095 1045 quod
1136 963 1530 1028 Ambrosius
1575 965 1690 1043 ait,
1720 964 2187 1046 Reperiuntur,
2220 966 2385 1046 etc.;
2424 966 2511 1044 et,
2550 961 2733 1028 Sicut
2780 979 2989 1027 unum
3033 960 3397 1043 Baptisma,
3425 985 3701 1044 amsa·-

318 1079 404 1142 ita
435 1081 498 1144 et
529 1096 666 1142 una
699 1080 1088 1161 poenitentia
1119 1101 1134 1141 ε
1175 1097 1310 1143 non
1353 1081 1718 1144 secundum
1762 1079 2157 1161 generalem,
2195 1081 2312 1144 sed
2352 1080 2713 1144 secundum
2758 1078 3109 1161 specialem
3147 1095 3401 1142 morem
3426 1047 3695 1164 :2332

314 1195 606 1260 Ecclesiae
643 1196 728 1259 de
764 1196 1021 1260 solenni
1065 1196 1452 1277 poenitentia
1487 1196 1738 1260 dictum
1781 1195 2195 1276 intelligitur,
2228 1213 2379 1278 quae
2420 1195 2594 1277 apud
2632 1195 2953 1277 quosdam
2995 1194 3201 1258 semel
3238 1194 3407 1258 cele-
3431 1176 3497 1218 ¹²·

311 1311 484 1374 brata
515 1329 650 1375 non
688 1313 982 1376 iteratur.
1018 1313 1188 1376 Item
1228 1311 1392 1375 illud
1429 1311 1611 1376 aliud
1647 1311 2007 1392 Ambrosii,
2047 1311 2445 1376 Poenitentia
2485 1311 2690 1376 semel
2726 1313 3043 1392 usurpata
3086 1327 3207 1374 nec
3248 1327 3402 1374 vere
3466 1324 3611 1400 Augur.
3634 1325 3699 1400 ρ.

312 1428 640 1509 celebrata,
682 1429 748 1493 et
789 1429 1078 1492 fructum
1123 1428 1364 1510 prioris
1401 1428 1637 1510 aufert,
1669 1429 1738 1492 et
1773 1446 1972 1494 usum
2009 1429 2348 1510 sequentis
2389 1429 2637 1491 amittit
2680 1449 2695 1488 :
2735 1427 2819 1491 de
2858 1427 3115 1491 solenni
3156 1426 3402 1492 intelli·
3428 1386 3694 1503 ffj‘ss'ssffij

309 1544 492 1624 gitur.
524 1544 830 1609 Solennis
867 1562 1022 1627 ergo
1058 1545 1468 1627 poenitentia,
1499 1547 1575 1608 ut
1603 1545 1997 1610 Ambrosius
2024 1545 2094 1607 in
2122 1546 2358 1609 eodem
2394 1545 2508 1624 ait,
2542 1546 2643 1609 est
2678 1561 2827 1626 quae
2863 1545 2940 1608 fit
2976 1546 3159 1608 extra
3196 1545 3401 1610 eccle-
3430 1515 3695 1622 ’ῗζξ,,,.,,.ο,

310 1662 464 1723 siam
487 1661 558 1724 in
582 1661 957 1742 manifesto,
975 1662 1046 1724 in
1074 1661 1290 1726 cinere
1319 1663 1384 1725 et
1406 1661 1622 1726 cilicio
1642 1682 1657 1723 :
1677 1679 1826 1744 quae
1851 1679 1970 1744 pro
2000 1661 2412 1744 gravioribus
2440 1661 2913 1742 horrendisque
2933 1677 3009 1724 ac
3032 1660 3403 1725 manifestis

309 1775 552 1841 delictis
597 1753 860 1841 tanturn
909 1779 1294 1860 imponitur.
1335 1779 1422 1842 Et
1457 1779 1575 1843 illa
1619 1796 1754 1843 non
1794 1780 1896 1842 est
1930 1779 2246 1859 iteranda,
2287 1794 2407 1860 pro
2458 1777 2820 1842 reverentia
2864 1778 3278 1858 sacramenti,
3327 1779 3405 1840 ut

310 1911 427 1957 non
445 1891 468 1914 ⁴*
495 1895 768 1958 vilescat
799 1897 864 1959 et
903 1895 1419 1977 contemptibilis
1453 1897 1570 1960 fiat
1607 1896 2012 1960 hominibus.
2048 1896 2235 1960 Unde
2263 1896 2678 1977 Augustinus
2712 1915 2726 1956 :
2761 1895 3081 1968 Quamvis
3118 1896 3305 1958 caute
3335 1897 3403 1959 et
3456 1910 3477 1930 ·
3502 1913 3549 1952 et
3568 1922 3627 1952 n.

311 2010 644 2075 salubriter
695 2013 1040 2093 provisum
1087 2011 1198 2092 sit,
1249 2013 1324 2076 ut
1370 2011 1554 2076 locus
1607 2012 1792 2076 illius
1846 2012 2241 2076 humillimae
2285 2011 2687 2093 poenitentiae
2734 2011 2938 2075 semel
2988 2011 3059 2073 in
3107 2011 3403 2076 Ecclesia
3428 1972 3694 2087 :As'ffi'ssifh

312 2127 711 2207 concedatur,
743 2145 826 2192 ne
863 2127 1192 2192 medicina
1227 2128 1382 2192 vilis
1419 2128 1524 2192 vel
1561 2129 1784 2193 minus
1820 2129 2006 2192 utilis
2043 2130 2216 2192 esset
2252 2128 2541 2210 aegrotiS,
2572 2145 2720 2209 quae
2759 2129 2941 2191 tanto
2980 2127 3192 2210 magis
3228 2128 3405 2192 salu-

311 2242 436 2306 bris
475 2245 596 2322 ost,
629 2247 878 2326 quanto
920 2245 1146 2308 minus
1181 2244 1698 2327 contemptibilis
1731 2244 1969 2326 fuerit3
2009 2245 2163 2326 quis
2201 2246 2423 2308 tamen
2460 2245 2699 2308 audeat
2732 2246 2874 2309 Deo
2915 2245 3155 2326 dicere,
3188 2246 3405 2319 Quare

313 2359 454 2422 huic
480 2360 761 2440 homini,
801 2361 918 2442 qui
955 2361 1108 2445 post
1139 2361 1596 2443 poenitentiam
1635 2361 1919 2442 primam
1959 2379 2189 2425 rursus
2224 2379 2296 2424 se
2334 2360 2587 2442 laqueis
2620 2361 2991 2442 iniquitatis
3028 2361 3401 2442 obstringit,

313 2475 511 2540 adhuc
547 2476 790 2540 iterum
827 2477 1088 2558 parcis?
1131 2477 1450 2558 Origenes
1485 2494 1750 2559 quoque
1790 2476 1872 2542 de
1909 2477 2032 2541 hac
2077 2476 2334 2540 solenni
2382 2476 2768 2558 poenitentia
2801 2494 2949 2558 quae
2988 2493 3107 2558 pro
3144 2477 3405 2558 gravio-

313 2590 480 2656 ribus
526 2593 916 2658 criminibus
950 2594 1344 2676 injungitur,
1383 2595 1478 2658 ait
1518 2613 1534 2656 ε
1576 2595 1646 2660 Si
1695 2611 1818 2658 nos
1853 2594 2080 2676 aliqua
2113 2593 2309 2677 culpa
2349 2593 2648 2657 mortalis
2690 2594 3035 2673 invenerit,
3077 2611 3227 2675 quae
3267 2611 3401 2658 non
3456 2614 3629 2670 ossa..
3650 2615 3698 2659 ει

316 2708 376 2770 in
419 2710 690 2773 crimine
737 2710 1003 2774 mortali
1047 2711 1153 2774 vel
1200 2711 1272 2773 in
1317 2710 1730 2793 blasphemia
1776 2710 1954 2792 fidei,
1995 2711 2112 2774 sed
2158 2711 2229 2773 in
2276 2709 2601 2775 sermonis
2648 2710 2750 2774 vel
2802 2711 2872 2773 in
2927 2727 3187 2774 morum
3234 2711 3399 2775 vitio
3428 2677 3695 2791 fffffff‘

315 2825 633 2906 consistat,
676 2827 820 2890 haec
861 2826 1055 2908 culpa
1097 2844 1359 2908 semper
1403 2827 1690 2908 reparari
1735 2828 1974 2909 potest,
2016 2844 2136 2892 nec
2183 2826 2592 2891 interdicitur
2636 2827 2987 2907 aliquando
3033 2827 3117 2890 de
3161 2827 3403 2908 hujus-

313 2942 478 3005 modi
526 2943 985 3023 poenitentiam
1031 2960 1262 3026 agere3
1312 2943 1430 3008 sed
1474 2961 1610 3007 non
1653 2943 1748 3007 ita
1792 2944 1876 3008 de
1929 2943 2343 3025 gravioribus
2398 2943 2809 3008 criminibus.
2864 2945 2942 3008 In
2991 2942 3405 3025 gravioribus

315 3057 478 3120 enim
523 3057 914 3122 criminibus
959 3059 1163 3123 semel
1201 3060 1459 3122 tantum
1508 3059 1910 3141 poenitentiae
1960 3059 2339 3122 conceditur
2383 3059 2607 3141 locus3
2650 3059 3052 3140 communia,
3084 3076 3233 3141 quae
3274 3058 3406 3123 fre·

313 3175 572 3254 quenter
599 3174 1024 3256 incurrimus,
1057 3191 1320 3256 semper
1355 3174 1808 3257 poenitentiam
1845 3174 2196 3256 recipiunt,
2228 3176 2294 3237 et
2328 3192 2590 3257 semper
2626 3166 3061 3239 redimuntur.
3088 3175 3405 3239 Commu-

232 3295 240 3301 ‘
311 3292 412 3353 nia
450 3291 610 3353 dicit
649 3290 936 3354 venialia
970 3292 1257 3372 peccata,
1295 3291 1363 3354 et
1399 3289 1567 3353 forte
1607 3289 1913 3354 mortalia
1947 3290 2253 3371 quaedam
2296 3290 2447 3354 aliis
2482 3291 2707 3355 minus
2742 3291 2967 3372 gravia
2998 3312 3013 3352 :
3048 3308 3197 3373 quae
3234 3291 3405 3354 sicut

311 3424 476 3489 saepe
503 3407 1032 3487 committuntur,
1063 3407 1159 3469 ita
1185 3406 1559 3487 frequenter
1595 3424 1712 3489 per
1747 3407 2203 3489 poenitentiam
2240 3406 2676 3470 redimuntur.
2710 3406 2839 3471 Sed
2874 3406 2958 3470 de
2992 3406 3405 3488 gravioribus

313 3522 687 3588 criminibus
733 3524 939 3587 semel
985 3524 1244 3587 tantum
1296 3523 1514 3603 agitur
1558 3522 1966 3605 poenitentia,
2015 3522 2268 3586 scilicet
2314 3522 2629 3585 solennis,
2680 3522 2851 3585 Nam
2903 3523 2970 3585 et
3016 3522 3099 3587 de
3144 3523 3303 3602 illis,
3345 3522 3405 3585 si

310 3639 637 3719 iterentur,
664 3641 940 3705 iteratur
963 3639 1372 3721 poenitentia,
1405 3639 1522 3704 sed
1557 3656 1691 3703 non
1727 3637 2042 3703 solennis.
2076 3637 2269 3712 Quod
2296 3639 2519 3702 tamen
2555 3638 2627 3701 in
2662 3636 3057 3720 quibusdam
3090 3638 3405 3703 Ecclesiis

311 3772 434 3820 non
472 3758 790 3821 servatur.

478 4014 554 4078 E.
593 4012 1188 4081 Auctoritatibus
1222 4016 1524 4093 probat,
1565 4019 1756 4093 quod
1799 4030 1952 4081 non
1995 4018 2226 4078 semet
2269 4015 2590 4090 tantum,
2627 4019 2756 4079 sed
2794 4016 3226 4093 frequenter

1041 4133 1352 4207 peccata
1399 4132 1882 4197 dimittantur
1917 4147 2060 4206 per
2095 4132 2639 4207 poenitentiam.

435 4362 628 4440 Quod
669 4378 826 4427 vero
864 4362 1250 4445 poenitentia
1283 4378 1420 4427 non
1459 4361 1665 4427 semel
1700 4361 1960 4425 tantum
1995 4360 2249 4441 agatur,
2290 4360 2407 4424 sed
2445 4360 2818 4443 frequenter
2852 4361 3147 4445 iteretur,
3190 4364 3256 4428 et
3290 4381 3407 4447 per

312 4498 448 4544 eam
496 4480 872 4563 frequenter
917 4480 1158 4543 iterum
1199 4480 1392 4544 venia
1436 4478 1805 4561 praestetur,
1846 4476 2149 4559 pluribus
2189 4476 2580 4541 Sanctorum
2623 4478 3023 4544 testimoniis
3067 4479 3400 4562 probatur.

311 4596 417 4659 Ait
466 4598 642 4662 enim
695 4597 1112 4679 Augustinus
1167 4595 1460 4660 scribens
1515 4595 1741 4659 contra
1793 4592 2115 4676 quosdam
2179 4594 2547 4675 haereticOS,
2600 4596 2714 4676 qui
2778 4596 3202 4677 peccantibus
3257 4598 3409 4679 post

309 4712 720 4796 Baptismum
769 4712 975 4777 semel
1021 4714 1282 4777 tantum
1327 4711 1632 4777 dicebant
1677 4710 1910 4776 utilem
1958 4727 2101 4775 esse
2144 4710 2624 4792 poenitentiam,
2674 4712 2768 4776 ita
2813 4732 2829 4774 :
2870 4712 3105 4777 Adhuc
3159 4713 3407 4776 instant
3434 4725 3699 4805 madefie-

309 4832 554 4913 perfidi,
588 4830 706 4913 qui
749 4830 1017 4911 sapiunt
1055 4829 1208 4911 plus
1248 4846 1448 4910 quam
1495 4830 1774 4910 oportet,
1813 4845 1947 4892 non
1991 4827 2219 4910 sobrii,
2260 4828 2376 4893 sed
2422 4828 2809 4893 excedentes
2853 4846 3264 4912 mensuram3
3302 4830 3409 4892 di-
3432 4796 3699 4901 amm

314 4952 460 5013 cunt
495 4949 674 5015 enim
717 4968 734 5009 z
777 4946 922 5011 Etsi
960 4947 1166 5019 semel
1203 4945 1627 5028 peccantibus
1663 4947 1814 5028 post
1848 4944 2267 5027 Baptismum
2306 4944 2522 5009 valeat
2558 4946 2963 5026 poenitentia,
3008 4962 3141 5008 non
3180 4948 3407 5009 tamen
3430 4922 3700 4973 ⁸⁰⁹⁸·¹¹¹’³·

312 5080 480 5146 saepe
517 5056 946 5147 peccantibus
988 5063 1281 5144 proderit
1321 5062 1554 5126 iterata
1593 5082 1610 5123 ε
1653 5061 1902 5144 alioqui
1945 5060 2251 5125 remissio
2298 5060 2381 5123 ad
2426 5060 2830 5142 peccandum
2877 5062 3049 5125 esset
3085 5059 3405 5125 incitatio.

311 5178 548 5245 Dicunt
584 5180 767 5246 enim
799 5200 814 5242 :
843 5180 1010 5253 Quis
1043 5196 1178 5243 non
1213 5194 1473 5260 semper
1511 5179 1827 5258 peccaret,
1859 5177 1920 5240 si
1957 5193 2219 5260 semper
2256 5194 2374 5258 per
2408 5176 2860 5258 poenitentiam
2897 5176 3109 5241 redire
3135 5176 3411 5259 posset?

318 5296 557 5363 Dicunt
606 5296 788 5362 enim
835 5296 1198 5361 Dominum
1251 5294 1666 5360 incitatorem
1719 5292 1902 5377 mali,
1948 5292 2006 5358 si
2057 5308 2319 5378 semper
2366 5290 2790 5376 peccantibus
2836 5290 3181 5377 subvenit3
3229 5294 3296 5360 et
3349 5292 3413 5360 ei

566 5436 635 5489 T.
668 5435 750 5487 ΞΑ.
3102 5433 3164 5485 23
