4267 6250
525 2556 716 2601 lloann.

511 2622 576 2662 10.

793 478 916 546 394

1447 502 1512 551 m
1551 502 1774 550 mmm(
1813 502 1877 551 w
1917 502 2400 551 smmum.
2442 522 2522 535 —
2561 505 2717 552 mar.
2759 494 2882 569 xv}
2924 505 3150 564 Qumsr.
3190 507 3261 555 111

797 670 995 734 ritum
1035 672 1311 748 virtutis,
1342 681 1408 737 et
1445 674 1524 737 ad
1563 675 1874 738 cautelam
1917 674 2162 757 peccati
2200 694 2295 737 se·
2325 675 2378 738 A
2487 676 2839 739 Concordat
2866 677 3237 751 Richardus,
3260 684 3326 741 et
3356 677 3569 741 addit:
3592 676 3766 759 Opus
3795 692 3919 739 vo-

799 771 1075 851 quentis.

879 868 968 931 De
997 870 1476 934 enumeratione
1517 870 1777 933 demum
1815 888 2085 953 operum
2119 872 2298 935 satis-

797 966 1210 1030 factoriorum
1255 968 1622 1044 dicendum,
1663 969 1831 1051 quod
1876 989 2074 1051 quum
2120 970 2299 1033 satis-

799 1064 994 1129 factio
1036 1065 1262 1129 debeat
1303 1066 1546 1148 aliquid
1584 1067 1769 1130 nobis
1809 1067 2181 1131 subtrahere
2217 1070 2297 1131 ad

801 1164 912 1227 Dei
961 1165 1292 1239 honorem,
1324 1172 1388 1228 et
1435 1181 1562 1227 non
1611 1165 1958 1229 habeamus
2005 1166 2132 1229 nisi
2178 1168 2299 1229 tria

801 1261 989 1338 bona,
1023 1262 1322 1325 videlicet
1368 1262 1534 1326 bona
1579 1264 1830 1339 animae,
1863 1264 2029 1327 bona
2079 1282 2299 1348 corpo-

801 1360 912 1435 riS,
945 1368 1009 1423 et
1039 1361 1205 1423 bona
1242 1362 1575 1437 exteriora,
1607 1382 1749 1445 quae
1785 1370 1935 1425 sunt
1972 1362 2142 1427 bona
2174 1362 2299 1425 for-

800 1466 972 1522 tunae
995 1476 1010 1521 ε
1035 1459 1186 1521 hinc
1216 1478 1293 1521 ex
1324 1458 1509 1522 bonis
1540 1459 1808 1523 fortunae
1841 1460 2084 1543 aliquid
2113 1460 2301 1524 nobis

801 1556 1237 1620 subtrahimus
1267 1576 1383 1640 per
1411 1557 1976 1639 eleemosynam,et
2004 1577 2081 1621 ex
2112 1558 2299 1621 bonis

801 1656 1089 1739 corporis
1145 1674 1261 1738 per
1302 1656 1644 1737 jejunium.
1701 1656 1789 1717 Ex
1843 1656 2029 1720 bonis
2083 1664 2296 1720 autem

799 1755 1030 1818 animae
1069 1772 1196 1817 non
1235 1760 1486 1836 oportet
1528 1762 1598 1816 ut
1636 1754 1878 1837 aliquid
1922 1755 2108 1819 nobis
2152 1756 2300 1818 sub-

2409 782 2588 837 eatur
2618 775 2867 857 poenale
2904 776 3265 858 dupliciter.
3301 775 3532 851 Prim0,
3564 794 3644 838 ex
3671 792 3923 856 genere

2410 872 2641 954 operis.
2694 872 3007 947 Secundo,
3056 892 3133 936 ex
3183 881 3360 955 parte
3406 873 3752 955 operantis..
3796 872 3931 935 Lo-

2409 970 2665 1053 quendo
2702 972 2783 1033 de
2820 988 3015 1053 opere
3054 972 3291 1054 poenali
3332 972 3544 1053 primo
3576 971 3782 1045 modo,
3812 990 3927 1033 sa-

2409 1068 2859 1132 tisfaciendum
2916 1076 3015 1133 est
3072 1086 3190 1152 pro
3252 1078 3515 1152 peccato
3574 1088 3691 1152 per
3746 1068 3931 1132 facta

2412 1167 2702 1249 poenalia,
2725 1174 2855 1230 tam
2892 1175 3153 1251 propter
3183 1168 3682 1231 emendationem
3710 1168 3931 1250 culpae

2411 1266 2969 1349 praeteritae,quam
3000 1273 3259 1349 propter
3288 1266 3847 1349 praeservationem
3883 1286 3932 1329 a

2410 1364 2599 1447 culpa
2634 1363 2864 1427 futura.
2901 1364 3118 1447 Culpae
3156 1383 3432 1447 namque
3470 1364 3738 1428 debetur
3776 1382 3927 1447 poe—

2410 1481 2519 1542 na3
2544 1481 2747 1545 poenae
2770 1480 3039 1546 quoque,
3056 1464 3409 1526 secundum
3433 1462 3921 1545 Philosophum,

2409 1569 2559 1624 sunt
2602 1560 2936 1625 medicinae
2976 1578 3104 1623 non
3148 1568 3395 1623 tantum
3440 1561 3761 1634 curativae,
3792 1560 3927 1624 sed

2410 1660 2564 1722 item
2623 1659 3101 1742 praeservativae.
3154 1659 3499 1742 Loquendo
3553 1665 3769 1722 autem
3826 1660 3927 1723 de

2410 1775 2603 1840 opere
2632 1757 2869 1840 poenali
2898 1758 3181 1820 secundo
3210 1758 3419 1833 modo,
3454 1775 3580 1821 non
3616 1766 3923 1840 oportet:

799 1852 1126 1915 trahamus
1156 1860 1466 1935 quantum
1496 1853 1575 1915 ad
1605 1852 1963 1928 essentiam,
1977 1852 2080 1915 vel
2109 1872 2303 1935 quan·
2332 1852 2380 1915 B
2412 1858 2564 1939 quia
2603 1856 2971 1938 frequenter
3005 1873 3198 1939 opera
3234 1874 3314 1918 ex
3351 1874 3584 1937 genere
3622 1873 3738 1919 suo
3776 1874 3931 1939 poe-

799 1958 939 2013 tum
964 1951 1041 2012 ad
1068 1949 1560 2012 diminutionem
1589 1949 1892 2031 ipsorum,
1907 1950 2057 2033 quia
2083 1969 2197 2033 per
2226 1970 2301 2013 ea

801 2047 1128 2112 efficimur
1172 2049 1300 2111 Deo
1339 2047 1626 2130 accepti3
1669 2049 1778 2111 sed
1819 2066 1933 2131 per
1970 2049 2090 2111 hoc
2129 2050 2301 2131 quod

802 2167 878 2212 ea
905 2148 1346 2211 submittimus
1375 2148 1505 2210 Deo
1534 2147 1810 2210 totaliter
1837 2165 1852 2209 ε
1879 2149 2048 2229 quod
2079 2147 2159 2210 fit
2188 2168 2302 2231 per

803 2246 1172 2309 orationem.
1208 2245 1526 2327 Competit
1563 2263 1817 2328 quoque
1854 2246 1960 2308 hic
1993 2265 2299 2309 numerus

803 2364 882 2408 ex
911 2364 985 2408 ea
1016 2352 1194 2427 parte
1222 2363 1348 2425 qua
1377 2344 1724 2406 satisfactio
1763 2362 1983 2407 causas
2017 2352 2303 2427 peccato-

803 2463 948 2507 rum
979 2443 1236 2518 excidit,
1260 2442 1411 2525 quia
1441 2442 1685 2506 radices
1716 2451 2122 2526 peccatorum
2154 2451 2303 2507 sunt

733 2572 772 2609 ιι,
801 2551 931 2605 tres
965 2560 980 2605 t
1015 2541 1534 2624 concupiscentia
1581 2542 1810 2617 carniS,
1843 2549 2060 2604 contra
2106 2561 2300 2624 quam

803 2650 900 2705 est
952 2641 1316 2723 jejunium3
1367 2640 1886 2723 concupiscentia
1941 2640 2297 2715 oculorum,

803 2748 1023 2804 contra
1053 2758 1246 2821 quam
1275 2738 1606 2801 ordinatur
1635 2738 2074 2821 eleemosyna3
2105 2746 2171 2801 et
2200 2758 2302 2801 su-

804 2838 1028 2922 perbia
1057 2838 1224 2911 vitae,
1250 2844 1468 2899 contra
1495 2856 1689 2919 quam
1717 2845 1814 2899 est
1841 2836 2058 2900 oratio.
2077 2837 2304 2911 Quam-

801 2938 901 3000 vis
959 2954 1212 3019 quoque
1269 2935 1471 2998 oratio
1528 2935 1734 2997 dulcis
1793 2935 1895 3008 sit,
1949 2936 2301 3017 praesertim

2411 1954 2600 2028 nalia,
2633 1962 2784 2017 sunt
2820 1953 3223 2018 delectabilia
3259 1972 3339 2017 ex
3370 1954 3629 2017 caritate
3667 1954 3934 2018 fervida

2409 2053 2753 2135 operantis
2788 2053 3055 2135 Insuper
3098 2052 3419 2115 sustinens
3468 2051 3740 2134 flagella,
3774 2053 3933 2116 sive

2413 2152 2703 2214 immissa
2750 2170 2865 2233 per
2909 2150 3146 2230 justam
3197 2151 3656 2233 operationem,
3696 2151 3936 2233 cujus-

2415 2250 2585 2313 modi
2636 2256 2787 2311 sunt
2834 2248 3050 2311 omnia
3092 2248 3203 2311 illa
3242 2268 3387 2330 quae
3436 2248 3603 2312 Deus
3650 2248 3932 2331 infligit,

2412 2347 2547 2410 sive
2597 2364 2711 2429 per
2758 2346 3073 2408 actionem
3133 2346 3461 2427 injustam,
3514 2354 3585 2408 ut
3638 2364 3713 2408 ea
3768 2365 3937 2429 quae

2415 2446 2579 2508 Deus
2634 2445 2806 2526 juste
2863 2444 3181 2526 permittit
3224 2444 3306 2507 ab
3360 2443 3618 2526 injustis
3677 2444 3933 2526 infligi,

2413 2557 2541 2602 non
2584 2537 2895 2601 satisfacit
2934 2557 3011 2601 ea
3054 2538 3451 2613 sustinend0,
3485 2538 3551 2601 in
3601 2545 3935 2620 quantum

2413 2638 2661 2720 patiens
2690 2644 2938 2700 tantum
2973 2654 2988 2699 :
3021 2636 3174 2720 quia
3210 2636 3303 2699 sic
3342 2656 3457 2699 sua
3484 2636 3775 2701 voluntas
3806 2654 3939 2699 neo-

2412 2756 2732 2820 quaquam
2794 2743 3173 2819 cooperatur
3226 2735 3305 2798 ad
3365 2754 3442 2799 ea
3500 2743 3570 2797 ut
3626 2736 3933 2798 activum

2411 2835 2849 2918 principium;
2908 2842 3157 2917 oportet
3212 2842 3428 2897 autem
3490 2841 3562 2896 ut
3618 2833 3937 2897 voluntas

2412 2935 2553 3015 ejus
2596 2932 2705 3015 qui
2744 2940 3045 3007 meretur,
3078 2932 3163 2994 sit
3196 2932 3478 2994 activum
3519 2932 3931 3013 principium

801 3036 1004 3099 oratio
1052 3032 1715 3116 contemplativorum,
1765 3039 2045 3095 attamen
2103 3034 2303 3097 oratio
2337 3029 2380 3096 C
2415 3031 2647 3095 meriti.
2682 3031 2802 3094 Sed
2837 3030 2899 3092 in
2935 3037 3243 3112 quantum
3272 3030 3567 3093 voluntas
3600 3029 3939 3112 patienter

806 3152 923 3218 pro
954 3134 1254 3217 peccatiS,
1287 3134 1351 3195 in
1383 3139 1691 3214 quantum
1721 3131 1998 3214 gemitus
2028 3140 2091 3194 et
2121 3133 2303 3195 lacri-

807 3251 941 3296 mas
972 3231 1183 3304 habet,
1216 3237 1312 3294 est
1348 3229 1710 3312 aliqualiter
1737 3229 2064 3293 afflictiva.
2098 3231 2167 3292 In
2209 3250 2303 3293 re-

803 3330 1160 3394 frenatione
1191 3346 1445 3411 quoque
1476 3328 1957 3391 distractionum
1990 3347 2064 3391 ac
2095 3330 2304 3392 cordis

803 3428 1090 3492 custodia
1141 3435 1431 3509 tempore
1488 3425 1814 3500 orationiS,
1866 3425 2045 3488 labor
2102 3427 2307 3488 consi-

801 3529 926 3592 stit.
942 3527 1243 3601 Quamvis
1271 3526 1464 3587 etiam
1495 3524 1828 3607 quodlibet
1856 3524 2079 3587 horum
2109 3523 2305 3586 trium

803 3645 920 3709 per
963 3624 1550 3707 appropriationem
1595 3629 1814 3686 contra
1860 3623 2118 3704 aliquod
2168 3640 2306 3704 spe-

804 3724 966 3788 ciale
1009 3722 1248 3786 malum
1289 3741 1402 3785 seu
1441 3720 1672 3784 vitium
1711 3721 2066 3802 adaptetur,
2099 3719 2307 3783 nihilo

805 3823 1017 3885 minus
1057 3821 1273 3884 omnia
1307 3820 1430 3882 tria
1471 3826 1690 3882 contra
1727 3817 1977 3900 singula
2015 3817 2172 3880 vitia
2200 3837 2307 3881 va-

803 3922 954 3985 lent.
989 3920 1136 3982 Ideo
1175 3919 1234 3982 ei
1275 3919 1384 4000 qui
1427 3936 1552 3981 non
1593 3925 1800 4001 potest
1839 3935 2042 3978 unum
2082 3933 2303 3978 eorum

803 4037 1126 4102 peragere,
1177 4017 1352 4080 aliud
1405 4015 1794 4097 injungatur.
1849 4015 1926 4076 Et
1982 4014 2306 4097 praecipue

802 4119 1202 4199 eleemosyna
1229 4121 1439 4197 potest
1467 4114 1736 4177 aliorum
1769 4112 1942 4176 vices
1972 4112 2302 4195 supplere:

2414 3140 2479 3194 et
2520 3131 2625 3214 pia
2664 3130 3017 3193 intentione
3056 3129 3329 3192 sustinet
3369 3147 3445 3191 ea
3482 3146 3599 3212 pro
3636 3129 3767 3190 suis
3806 3129 3938 3192 de-

2416 3229 2684 3305 meritiS,
2736 3229 2829 3292 sic
2878 3234 3029 3291 sunt
3076 3227 3415 3290 sustinenti
3462 3226 3937 3291 satisfactionis

2416 3329 2697 3391 materia.
2734 3326 3105 3390 Formaliter
3134 3333 3349 3389 autem
3390 3326 3530 3408 ipsa
3564 3324 3935 3390 satisfactio

2418 3427 2483 3489 in
2539 3434 2683 3489 actu
2732 3425 3077 3490 voluntatis
3125 3424 3435 3488 consistit.
3488 3423 3759 3505 Flagella
3805 3424 3937 3487 de-

2416 3543 2595 3587 mum
2628 3543 2769 3605 quae
2797 3523 3072 3605 ipsemet
3109 3523 3276 3585 Deus
3312 3521 3569 3604 infligit,
3604 3521 3937 3602 majorem

2417 3623 2655 3686 habent
2704 3620 3064 3684 efficaciam
3118 3619 3469 3683 inclinandi
3518 3619 3934 3683 voluntatem

2416 3723 2494 3785 ad
2538 3721 2803 3792 bonum,
2835 3737 3029 3814 quam
3078 3719 3187 3781 illa
3234 3737 3377 3801 quae
3424 3735 3553 3781 non
3602 3718 3933 3795 immittit,

2418 3820 2527 3882 sed
2579 3817 2893 3901 permittit
2934 3817 3176 3880 inferri.
3223 3817 3367 3880 Haec
3408 3816 3779 3879 RicharduS.

2497 3918 2576 3980 At
2603 3935 2756 3980 vero
2784 3917 3227 3979 Bonaventura
3248 3934 3263 3978 :
3288 3915 3669 3990 Satisfactio,
3702 3915 3813 3988 ait,
3840 3915 3867 3977 f
3874 3919 3939 3980 it

2417 4035 2531 4100 per
2556 4015 2834 4098 poenalia
2862 4032 3054 4097 opera
3084 4013 3489 4096 quadruplici
3522 4013 3780 4077 ratione.
3794 4015 3939 4078 Pri-

2418 4135 2541 4188 ma,
2565 4114 2717 4196 quia
2748 4114 2812 4175 in
2842 4112 3273 4176 satisfactione
3302 4118 3398 4174 est
3426 4111 3623 4174 ablati
3654 4112 3935 4177 honoris

802 4235 950 4279 nam
997 4222 1063 4278 et
1106 4214 1232 4277 alia
1281 4212 1731 4276 satisfactionis
1781 4229 1974 4293 opera
2026 4218 2308 4273 meretur
2337 4206 2385 4277 D
2416 4212 2705 4275 redditio.
2738 4211 2900 4274 Hinc
2932 4210 3248 4292 poenitens
3278 4209 3469 4273 debet
3495 4209 3805 4273 honorem
3836 4211 3937 4274 is-

801 4314 994 4376 homo
1023 4313 1147 4375 sibi
1179 4310 1628 4374 communicari
1659 4309 1739 4372 ab
1767 4309 1861 4372 eis
1890 4308 2121 4391 quibus
2152 4308 2308 4371 elee-

809 4429 1102 4494 mosynas
1133 4409 1380 4472 tribuit.
1400 4407 1538 4470 Alia
1566 4424 1822 4489 quoque
1853 4405 2306 4469 satisfactionis

802 4528 999 4594 opera
1045 4510 1121 4572 ad
1171 4508 1295 4570 tria
1342 4507 1478 4569 haec
1527 4505 1936 4568 reducuntur.
1985 4504 2305 4587 Quidquid

803 4610 977 4674 enim
1008 4608 1085 4670 ad
1117 4605 1538 4669 afflictionem
1569 4603 1850 4685 corporis
1882 4603 2179 4684 pertinet,
2212 4621 2305 4666 re·

803 4709 1008 4771 fertur
1036 4706 1113 4768 ad
1142 4703 1502 4786 jejunium3
1535 4709 1599 4765 et
1627 4701 1941 4784 quidquid
1979 4702 2058 4764 ad
2098 4701 2306 4783 proxi-

805 4806 893 4869 mi
935 4805 1274 4867 utilitatem
1315 4800 1717 4883 expenditur,
1751 4800 2172 4882 eleemosynae
2211 4819 2304 4862 ra-

801 4905 1043 4967 tionem
1075 4902 1337 4966 sortitur
1365 4907 1428 4964 et
1455 4899 1534 4963 ad
1564 4917 1706 4962 eam
1736 4898 2305 4978 reducitur30mnis

803 5003 998 5067 etiam
1037 5000 1236 5064 latriae
1274 4999 1484 5061 cultus
1525 4997 1646 5062 sub
1691 4997 1974 5060 oratione
2017 5015 2307 5079 compre-

804 5102 1125 5166 henditur.
1159 5100 1334 5162 Unde
1365 5106 1430 5162 et
1459 5119 1658 5161 unum
1689 5117 1762 5160 ac
1800 5097 1970 5160 idem
2001 5114 2166 5178 opus
2204 5114 2307 5179 po-

803 5209 929 5264 test
975 5199 1210 5262 habere
1261 5197 1477 5280 plures
1525 5197 1801 5259 rationes
1849 5194 2303 5258 satisfaciendi.

805 5334 886 5344 —
914 5299 1057 5361 Haec
1085 5295 1356 5359 Thomas
1389 5294 1456 5356 in
1490 5294 1755 5377 Scripto.
1791 5292 2024 5355 Eadem
2062 5293 2302 5355 Petrus.

2414 4319 2555 4374 tum
2586 4310 2851 4373 reddere
2880 4310 3010 4371 Deo
3041 4307 3263 4389 magiS,
3296 4327 3489 4390 quam
3530 4309 3585 4371 si
3616 4325 3745 4370 non
3772 4308 3935 4372 abs-

2416 4407 2666 4471 tulisset
2712 4407 3015 4471 eumdem
3068 4424 3082 4469 :
3134 4406 3305 4470 unde
3358 4414 3610 4488 oportet
3660 4414 3730 4468 ut
3788 4425 3935 4471 non

2416 4513 2663 4568 tantum
2708 4503 3055 4567 famuletur
3096 4505 3225 4568 Deo
3268 4523 3383 4587 per
3422 4503 3657 4566 bonam
3698 4521 3936 4586 opera-

2416 4605 2675 4676 tionem,
2693 4620 2917 4666 verum
2946 4602 3140 4665 etiam
3171 4621 3239 4665 se
3270 4603 3481 4685 ipsum
3514 4602 3773 4684 dejiciat
3802 4621 3937 4686 per

2417 4719 2750 4786 poenarum
2792 4707 3207 4782 spontaneam
3248 4701 3773 4783 assumptionem.
3812 4702 3936 4768 Se-

2417 4799 2625 4863 cunda
2662 4799 2843 4872 rati0,
2876 4797 3178 4880 quoniam
3220 4796 3571 4861 satisfactio
3608 4807 3705 4862 est
3734 4799 3931 4863 deor-

2416 4898 2613 4962 dinati
2646 4896 2959 4960 ordinatio
2993 4913 3007 4958 :
3042 4897 3210 4979 quod
3239 4915 3441 4978 quum
3471 4897 3933 4962 deordinatum

2416 5003 2513 5060 est
2540 5015 2655 5078 per
2686 4995 2964 5077 culpam,
2997 4994 3241 5077 optime
3278 4994 3609 5058 ordinatur
3642 5014 3758 5077 per
3788 5017 3933 5079 poe-

2418 5115 2584 5158 nam.
2610 5093 2841 5168 Tertia,
2874 5094 3027 5176 quia
3054 5100 3151 5156 est
3181 5092 3426 5155 infirmi
3458 5093 3703 5156 curatio
3735 5111 3751 5155 z
3786 5113 3931 5176 poe-

2418 5194 2630 5257 nitens
2677 5193 2852 5255 enim
2894 5199 3041 5254 ante
3086 5191 3453 5255 infirmatus
3496 5209 3612 5274 per
3652 5191 3937 5256 delecta-

2416 5292 2657 5356 tionem
2712 5291 2963 5366 caloriS,
3014 5298 3275 5353 curatur
3319 5309 3435 5374 per
3482 5290 3931 5373 poenalitatem
