4267 6250
779 465 868 513 AN
906 465 1272 514 Accmmu
1311 467 1563 516 Possm
1602 467 1804 514 aum
1843 467 1920 514 m·
1959 468 2102 514 PA‘rl
2144 467 2279 524 ΟΠΞ
2318 467 2480 514 ANTE
2521 467 3058 516 consumunmt!

3349 446 3471 512 327

365 652 606 717 corpus
645 635 902 700 Christi.
947 638 1122 701 Unde
1157 639 1326 702 sicut
1363 639 1872 702 dimensionibus
1899 639 1951 702 A
1983 647 2370 702 crumentum
2400 639 2521 704 hoc
2550 659 2660 702 seu
2688 639 2872 702 cibus
2902 639 3021 702 iste
3052 656 3171 702 non
3202 637 3472 700 transire

365 732 502 794 illis
531 734 838 798 collatum
867 745 966 799 est
996 756 1110 819 per
1139 756 1207 800 se
1235 737 1604 810 subsistere,
1637 746 1701 800 et
1729 737 1874 800 sub-

305 821 312 825 ’
363 849 512 894 esse
544 832 637 894 illi
671 851 810 897 esse
841 836 1011 917 quod
1042 843 1139 897 est
1178 836 1506 898 conforme
1538 854 1676 898 esse
1708 837 1872 918 prio-

367 929 462 990 ris
491 929 888 1006 substantiae,
922 940 985 994 et
1013 934 1446 996 terminationi
1478 934 1868 1015 quantitatiS‚

363 1035 436 1089 et
481 1028 788 1091 omnibus
833 1029 978 1092 aliis
1023 1031 1494 1111 accidentibus3
1545 1032 1631 1093 ita
1677 1032 1872 1094 etiam

367 1125 560 1188 datur
587 1127 706 1202 eis,
737 1129 907 1209 quod
939 1137 1208 1210 possunt
1235 1129 1499 1192 subesse
1533 1130 1714 1193 alteri
1745 1131 1874 1193 for-

369 1243 494 1288 mae
525 1225 798 1287 naturali
837 1233 902 1288 et
937 1226 1376 1290 accidentibus
1412 1228 1578 1300 aliis,
1610 1229 1762 1310 quia
1793 1229 1872 1291 de

366 1331 600 1385 natura
641 1342 759 1386 sua
795 1341 922 1388 non
965 1324 1200 1388 habent
1243 1327 1413 1409 quod
1451 1326 1705 1390 subsint
1738 1334 1872 1389 tan-

367 1429 510 1483 tum
555 1423 896 1498 accidenti,
929 1424 1042 1486 sed
1083 1425 1276 1487 etiam
1317 1425 1540 1488 formae
1581 1425 1872 1488 substan-

368 1520 530 1581 tiali.
567 1520 646 1582 Et
674 1527 828 1584 tunc
869 1523 970 1585 vel
1009 1542 1087 1586 ex
1128 1524 1542 1606 consequenti
1577 1523 1875 1587 adveniet

367 1618 564 1680 etiam
599 1620 864 1682 materia
891 1629 1152 1703 propter
1181 1620 1532 1685 naturalem
1565 1622 1876 1685 concomi-

368 1717 640 1780 tantiam
671 1717 894 1782 formae
921 1720 1001 1781 ad
1033 1719 1386 1796 materiam,
1418 1720 1586 1783 sicut
1615 1729 1876 1803 propter

1981 737 2046 798 in
2079 744 2392 812 ventrem,
2426 756 2543 800 nec
2579 737 2749 800 alere
2788 755 3045 800 carnem
3064 754 3083 815 ;
3114 735 3473 818 intelligen-

1981 835 2134 897 dum
2166 844 2263 898 est
2289 843 2598 918 quantum
2629 837 2708 898 ad
2739 855 2874 898 rem
2905 834 3475 916 contentam,quod

1981 941 2078 996 est
2121 951 2353 1017 corpus
2396 933 2629 997 Christi
2668 953 2915 1008 verum,
2947 935 3117 1016 quod
3163 951 3291 996 non
3332 950 3478 995 con-

1981 1030 2253 1093 vertitur
2282 1032 2347 1093 in
2380 1033 2889 1095 manducantem.
2921 1031 3291 1095 Accidentia
3326 1049 3480 1114 quo-

1979 1149 2106 1212 que
2138 1130 2455 1193 manendo
2492 1130 2557 1192 in
2589 1147 2706 1194 suo
2744 1149 2883 1193 esse
2920 1130 3317 1204 accidentali,
3349 1147 3478 1192 non

1981 1229 2295 1302 nutriunt,
2330 1231 2440 1292 sed
2473 1237 2661 1311 prout
2690 1229 2757 1292 in
2786 1229 2959 1292 aliud
2996 1236 3476 1303 convertuntur,

1983 1345 2094 1390 seu
2138 1326 2313 1390 aliud
2356 1327 2478 1390 sub
2520 1328 2615 1391 eis
2659 1336 2909 1391 creatur
2950 1336 3061 1390 aut
3104 1327 3285 1391 redit.

2061 1426 2367 1489 Praeterca
2397 1427 2817 1508 quaeritur,an
2846 1426 3078 1508 aliquis
3110 1426 3318 1508 liquor
3346 1444 3482 1509 pos·

1981 1523 2065 1585 sit
2102 1523 2439 1604 speciebus
2478 1522 3045 1586 sacramentalibus
3080 1523 3215 1587 vini
3262 1523 3483 1586 misce·

1982 1620 2165 1683 ri.Ad
2196 1622 2366 1702 quod
2396 1620 2595 1703 aliqui
2626 1621 2869 1695 dicunt,
2890 1622 3058 1704 quod
3089 1621 3482 1704 quicumque

1983 1719 2194 1800 liquor
2234 1719 2503 1781 addatur
2548 1719 2887 1801 speciebus
2932 1719 3059 1782 illis
3104 1719 3169 1781 in
3219 1727 3482 1802 quanta-

367 1815 728 1878 naturalem
771 1817 1328 1880 concomitantiam
1371 1819 1602 1882 animae
1640 1820 1872 1882 Christi
1899 1817 1946 1880 B
1985 1835 2261 1899 cumque
2310 1817 2684 1900 quantitate,
2733 1835 2878 1880 mox
2928 1817 3161 1880 desinit
3207 1817 3295 1879 ibi
3342 1835 3483 1879 esse

368 1914 447 1976 ad
479 1932 716 1996 corpus
747 1935 936 1978 suum
965 1924 1103 1979 erat
1131 1913 1344 1980 anima
1373 1917 1494 1979 sub
1523 1936 1874 1982 sacramen-

369 2020 436 2074 to
471 2013 568 2094 (et
611 2013 732 2075 hoc
773 2015 1244 2096 quodammodo
1287 2016 1452 2078 redit
1490 2016 1555 2078 in
1592 2016 1873 2098 primum

369 2110 642 2184 dictum,
697 2119 766 2173 ut
824 2112 1069 2175 scilicet
1119 2113 1383 2176 materia
1441 2113 1532 2176 ibi
1581 2114 1658 2177 de
1711 2133 1876 2178 novo

371 2207 559 2288 fiat);
613 2207 716 2270 vel
767 2209 890 2291 ipsi
939 2210 1326 2273 dimensioni
1377 2211 1612 2274 virtute
1659 2211 1876 2276 divina

369 2307 628 2369 dabitur
657 2314 884 2370 natura
914 2309 1192 2372 materiai
1223 2317 1482 2391 propter
1512 2310 1880 2392 propinqui-

373 2411 566 2468 tatem
598 2406 680 2468 ad
713 2405 941 2487 ipsam,
977 2413 1047 2467 ut
1075 2405 1359 2469 sic-illud
1394 2415 1762 2488 generatum
1795 2409 1878 2472 sit

372 2502 804 2586 compositum
851 2523 930 2566 ex
979 2505 1242 2567 materia
1293 2514 1355 2567 et
1398 2505 1623 2579 forma,
1657 2506 1876 2589 sicque

373 2600 696 2663 dimensio
744 2609 1054 2682 potestate
1102 2601 1319 2665 divina
1370 2605 1762 2666 convertitur
1810 2605 1876 2667 in

376 2699 710 2762 materiam
756 2699 1311 2774 dimensionatam,
1345 2708 1407 2763 et
1448 2701 1526 2763 rit
1568 2701 1695 2764 illa.

455 2798 546 2859 Ex
607 2797 710 2860 his
767 2798 1131 2881 aliqualiter
1177 2806 1350 2881 patet
1408 2801 1738 2880 responsio
1795 2803 1874 2863 ad

373 2897 796 2979 quaestionem
829 2915 954 2980 qua
991 2897 1317 2979 quaeritur,
1350 2916 1429 2960 an
1465 2899 1710 2981 species
1743 2899 1876 2963 istae

1983 1933 2215 1997 corpus
2256 1914 2510 1989 Christi,
2543 1915 2847 1998 quoniam
2886 1915 3317 1978 dimensiones
3357 1915 3483 1978 illae

1983 2031 2110 2076 non
2144 2020 2404 2076 manent
2432 2014 2703 2092 eaedem3
2723 2013 2934 2096 liquor
2964 2031 3205 2095 quoque
3234 2013 3483 2075 additus

1984 2131 2098 2194 per
2146 2119 2351 2174 totum
2400 2109 2807 2174 diffunditur.
2859 2113 3194 2194 Quumque
3252 2128 3483 2194 corpus

1985 2209 2217 2273 Christi
2278 2228 2403 2273 non
2455 2210 2540 2273 sit
2594 2210 2714 2273 sub
2762 2210 3101 2294 speciebus
3158 2209 3285 2272 illis
3335 2228 3484 2272 cum

1983 2306 2109 2370 alio
2148 2326 2435 2391 corpore,
2469 2315 2717 2391 oportet
2753 2309 2923 2391 quod
2966 2309 3030 2370 in
3070 2315 3202 2372 toto
3239 2307 3487 2372 desinat

1985 2406 2074 2468 ibi
2107 2425 2248 2470 esse
2278 2425 2511 2490 corpus
2542 2406 2794 2470 Christi.
2829 2407 2950 2470 Sed
2982 2407 3101 2468 ista
3128 2406 3348 2488 opinio
3372 2412 3487 2468 sta-

1987 2525 2053 2568 re
2092 2523 2221 2568 non
2261 2505 2445 2567 valet.
2492 2504 2749 2568 Constat
2796 2505 2992 2580 enim,
3032 2505 3202 2587 quod
3252 2522 3484 2586 corpus

1985 2603 2217 2667 Christi
2262 2611 2476 2666 manet
2516 2603 2606 2666 ibi
2647 2603 2953 2686 quamdiu
2994 2602 3103 2666 illa
3133 2602 3485 2665 accidentia

1985 2700 2395 2765 manent.llla
2424 2719 2576 2764 vero
2603 2701 2955 2765 accidentia
2984 2719 3110 2764 non
3142 2701 3327 2763 aliter
3356 2718 3488 2764 cor-

1984 2808 2377 2883 rumpuntur
2415 2819 2609 2882 quam
2650 2807 3167 2881 corrumperetur
3194 2799 3486 2862 substan-

1984 2901 2072 2962 tia
2113 2899 2297 2982 panis
2334 2907 2397 2962 et
2430 2899 2585 2962 vini.
2622 2898 2713 2960 Ex
2754 2915 2947 2981 parvo
2985 2905 3199 2960 autem
3239 2898 3486 2980 liquore

373 2994 864 3059 sacramentales
895 2995 1142 3077 possint
1170 2996 1432 3060 nutrire.
1459 2997 1552 3059 Ad
1581 2998 1751 3079 quod
1783 2998 1874 3060 di·
1904 2999 1948 3062 C
1983 2998 2290 3079 adjuncto
2318 3015 2444 3060 non
2477 2997 2909 3060 destrueretur
2937 2997 3338 3070 vinum‚ideo
3368 3016 3487 3060 nec

377 3096 676 3171 cendum,
701 3094 873 3177 quod
904 3093 1166 3177 quidam
1193 3094 1495 3157 dixerunt
1527 3096 1774 3178 species
1807 3096 1876 3159 il-

378 3195 466 3257 las
510 3213 638 3258 non
683 3194 952 3267 nutrire,
985 3195 1096 3256 sed
1135 3194 1344 3256 solum
1381 3192 1649 3257 reficere
1685 3202 1876 3277 atque

377 3293 696 3357 inebriare
727 3312 804 3355 ex
836 3291 969 3355 sola
997 3292 1440 3354 immutatione
1475 3293 1874 3367 accidentali,

374 3392 918 3475 quemadmodum
947 3390 1208 3473 quidam
1241 3390 1638 3453 inebriantur
1664 3392 1874 3467 odore,

374 3500 436 3555 et
465 3490 857 3554 reficiuntur
893 3508 964 3551 ac
1005 3487 1243 3551 famem
1283 3489 1585 3551 amittunt
1623 3509 1700 3552 ex
1735 3492 1880 3553 odo-

375 3610 442 3653 re
473 3598 538 3653 et
567 3606 816 3671 sapore.
841 3588 964 3651 Sed
994 3587 1114 3650 hoc
1145 3605 1270 3650 non
1303 3595 1698 3669 potestesse,
1722 3607 1878 3671 quo-

375 3690 548 3752 niam
593 3688 740 3751 talis
789 3686 1149 3749 immutatio
1194 3686 1488 3769 quamvis
1533 3688 1610 3750 ad
1655 3688 1878 3749 horam

377 3788 651 3862 reficiat,
702 3796 979 3850 attamen
1039 3793 1392 3849 sustentare
1452 3804 1578 3849 non
1632 3795 1874 3869 potest3

379 3889 545 3969 quod
580 3895 792 3949 tamen
823 3885 1071 3948 faciunt
1109 3884 1356 3967 species
1387 3884 1532 3959 illae,
1565 3885 1619 3947 si
1653 3886 1718 3947 in
1751 3906 1879 3948 ma-

375 4004 498 4065 gna
535 3986 890 4068 quantitate
934 3991 1286 4047 sumantur.
1319 4019 1400 4028 —
1428 3983 1552 4046 Alii
1598 4002 1747 4065 crgo
1784 3985 1876 4047 di-

379 4083 816 4165 xerunt,quod
849 4082 938 4144 ibi
971 4090 1183 4145 manet
1211 4082 1415 4144 forma
1443 4082 1878 4145 substantialis

1983 3096 2231 3179 species
2263 3095 2394 3159 vini
2441 3102 2861 3159 remanentes.
2896 3095 3023 3159 Nec
3063 3095 3365 3178 quaelibet
3392 3095 3485 3159 di·

1985 3195 2393 3258 mensionum
2424 3194 2750 3257 distinctio
2790 3194 2954 3257 tollit
2992 3202 3481 3256 sacramentum.

1985 3294 2163 3357 Sicut
2201 3294 2373 3355 enim
2413 3293 2674 3367 additio,
2710 3293 2796 3356 ita
2834 3292 3066 3356 divisio
3101 3292 3291 3355 aliam
3334 3290 3490 3356 facit

1985 3392 2472 3455 dimensionem.
2508 3392 2751 3454 Divisio
2778 3400 2993 3454 autem
3032 3408 3161 3453 non
3189 3390 3357 3453 tollit
3395 3410 3488 3454 sa-

1985 3490 2292 3553 cramenti
2341 3488 2696 3563 veritatem,
2733 3498 2802 3551 ut
2843 3497 3015 3573 patet
3059 3491 3124 3552 in
3166 3509 3329 3572 pane
3375 3492 3485 3574 qui

1985 3589 2299 3671 frangitur
2334 3606 2348 3650 ε
2382 3588 2551 3650 unde
2592 3607 2709 3651 nec
2748 3587 3008 3661 additio,
3041 3589 3344 3671 quoniam
3376 3588 3483 3651 illa

1983 3686 2460 3750 dimensionum
2492 3685 2761 3748 varietas
2800 3704 2989 3768 quam
3027 3685 3181 3748 facit
3209 3686 3352 3749 talis
3380 3687 3484 3749 ad-

1984 3785 2143 3848 ditio
2171 3792 2234 3847 et
2262 3784 2515 3858 divisio,
2540 3790 2637 3846 est
2665 3790 2975 3864 quantum
3005 3783 3083 3845 ad
3114 3783 3481 3848 indetermi-

1985 3884 2309 3947 nationem
2358 3882 2662 3965 ipsarum,
2715 3900 2841 3945 non
2889 3888 3200 3964 quantum
3248 3884 3325 3946 ad
3374 3885 3479 3947 de-

1983 3983 2398 4046 terminatum
2446 4000 2584 4044 csse
2632 4000 2873 4054 earum,
2907 3981 3261 4044 secundum
3310 3984 3526 4066 quod,

1986 4080 2293 4163 competit
2336 4081 2429 4143 eis
2473 4080 2855 4159 subsistere3
2888 4098 3005 4141 nec
3048 4087 3359 4162 quantum
3399 4082 3481 4145 ad

379 4183 582 4265 ipsius
613 4182 818 4265 panis,
852 4180 1094 4244 habens
1121 4180 1412 4244 eamdem
1443 4181 1873 4261 operationem
1908 4184 1957 4246 D
1987 4199 2125 4243 esse
2160 4180 2220 4241 in
2254 4196 2381 4261 quo
2410 4178 2768 4241 subsistunt
2796 4177 3155 4241 conformes
3192 4178 3483 4242 substan-

381 4302 568 4363 quam
611 4282 836 4343 habuit
874 4280 1058 4362 panis
1093 4298 1106 4343 ε
1144 4280 1284 4342 ideo
1322 4278 1541 4340 nutrit.
1587 4280 1708 4342 Sed
1757 4280 1877 4344 hoc

381 4399 516 4443 esse
557 4398 686 4442 non
725 4385 955 4461 potest,
988 4379 1291 4461 quoniam
1335 4378 1620 4460 operatio
1658 4379 1878 4441 formae

381 4488 474 4541 est
499 4497 710 4561 agere,
733 4484 798 4540 et
827 4494 955 4539 non
987 4477 1140 4559 pati.
1159 4476 1631 4540 Nutrimentum
1662 4483 1876 4539 autem

381 4595 501 4639 non
533 4576 736 4639 nutrit
765 4574 892 4637 nisi
922 4574 1272 4638 secundum
1298 4576 1464 4657 quod
1495 4575 1881 4639 convertitur

383 4676 444 4739 in
488 4675 717 4739 nutriti
748 4673 1168 4736 substantiam
1205 4690 1218 4735 :
1255 4674 1396 4737 ideo
1427 4676 1631 4737 nutrit
1657 4694 1880 4737 secun-

379 4776 530 4837 dum
575 4773 747 4856 quod
789 4772 1050 4854 patitur,
1083 4779 1147 4834 et
1189 4773 1542 4835 secundum
1588 4773 1755 4855 quod
1802 4792 1878 4835 ex

379 4892 454 4937 eo
481 4871 726 4955 aliquid
757 4876 1096 4952 generatur
1120 4886 1134 4932 :
1157 4870 1328 4952 quod
1358 4888 1484 4933 non
1516 4878 1726 4951 potest
1753 4870 1879 4932 dici

379 4973 454 5035 de
485 4970 706 5034 forma.
727 4968 1066 5031 —ldcirco
1095 4968 1458 5041 dicendum,
1479 4970 1648 5050 quod
1679 4988 1879 5051 quum

379 5090 455 5133 ex
496 5069 625 5132 illis
665 5067 1004 5150 speciebus
1043 5066 1332 5149 generari
1376 5067 1617 5149 aliquid
1658 5066 1878 5149 possit,

124 5169 548 5237 craeseusieut
597 5167 792 5230 modo
837 5183 1214 5247 expressum
1264 5172 1380 5238 est,
1423 5166 1644 5227 eodem
1697 5164 1886 5228 modo

391 5273 656 5349 possunt
699 5264 964 5326 nutrire.
999 5263 1204 5338 Quum
1255 5270 1468 5325 autem
1516 5264 1751 5325 dicitur
1790 5281 1884 5324 sa-

1988 4280 2090 4341 tia»,
2135 4276 2538 4359 praecedenti.
2572 4276 2699 4339 Nec
2748 4294 2983 4358 parvus
3026 4276 3234 4358 liquor
3279 4285 3486 4359 potest

1988 4395 2102 4458 per
2129 4393 2353 4437 omnes
2384 4374 2813 4437 dimensiones
2843 4373 3145 4448 diffundi,
3164 4374 3289 4438 nisi
3320 4394 3484 4439 rare-

1987 4475 2175 4537 fieret
2214 4481 2278 4536 et
2318 4480 2847 4536 transmutaretur
2884 4473 2950 4535 in
2988 4472 3177 4535 aliam
3218 4474 3483 4557 liquoris

1989 4573 2292 4655 speciem.
2335 4572 2481 4634 Ideo
2529 4590 2657 4633 non
2703 4578 2953 4653 oportet
2998 4572 3167 4653 quod
3212 4580 3485 4656 occupet

1989 4689 2211 4734 omnes
2253 4670 2703 4732 dimensiones

2068 4770 2214 4832 Ideo
2241 4768 2425 4830 aliter
2455 4775 2551 4829 est
2589 4766 2953 4841 dicendum,
2986 4767 3154 4848 quod
3194 4768 3315 4831 hoc
3356 4786 3483 4830 mo-

1989 4868 2071 4930 do
2112 4866 2501 4929 admiscetur
2544 4864 2753 4946 liquor
2799 4863 3191 4946 quicumque
3242 4866 3483 4947 specie·

1991 4967 2111 5029 bus
2172 4964 2321 5037 illis,
2382 4963 2549 5025 sicut
2602 4962 3061 5024 admisceretur
3116 4962 3485 5029 substantiae

1992 5064 2146 5126 vini.
2182 5063 2416 5144 Liquor
2444 5068 2655 5123 autem
2696 5059 2947 5121 additus
2984 5059 3039 5121 si
3077 5068 3244 5121 esset
3278 5080 3485 5143 aequa·

1995 5163 2073 5225 lis
2113 5160 2485 5243 quantitatis
2522 5166 2633 5221 aut
2670 5157 2949 5238 majoriS,
2985 5158 3371 5239 pertingeret
3409 5161 3487 5223 ad

1994 5279 2215 5325 omnes
2263 5258 2693 5322 dimensiones
2745 5255 2872 5319 vini
2920 5274 2933 5318 :
2974 5264 3039 5318 et
3088 5256 3173 5318 ita
3220 5256 3273 5318 si
3321 5265 3490 5321 esset
