4267 6250
578 3422 690 3469 Gen.
707 3436 752 3475 n,
772 3426 814 3477 7,

549 3488 617 3530 22.

843 466 966 532 21⁰

1485 481 1550 527 IN
1589 481 1812 527 mmm!
1856 481 1914 526 lv
1956 477 2441 526 smmmmnuu.
2482 493 2563 506 --
2604 477 2758 522 ὓὶὃΤ.
2800 477 2947 540 V1113
2988 477 3215 533 QUAEST.
3256 477 3325 522 111

845 653 1203 718 efficaciam
1263 659 1678 726 sacramento,
1741 670 1882 734 quae
1940 649 2343 732 significatur
2370 647 2422 712 A
2452 646 2827 729 potentiam,
2861 666 3003 728 quse
3036 645 3312 709 maxime
3344 645 3409 708 in
3442 645 3565 708 hoc
3594 643 3965 708 ostenditur

847 754 912 816 in
953 752 1260 833 sanguine
1301 750 1516 815 lateris
1553 750 1807 814 Christi.
1841 750 1984 813 Haec
2021 749 2343 812 Bonaven-

843 859 1003 914 tura.

1263 1167 1737 1242 QUAESTIO
1804 1167 1926 1230 III

971 1441 1145 1504 Ertio
1190 1440 1516 1523 quaeritur,
1549 1439 1847 1507 Utrum
1891 1438 2042 1505 hoo
2085 1451 2342 1504 saera·

998 1541 1360 1606 mentum
1403 1537 1562 1604 fuit
1602 1537 2171 1605 convenienter
2208 1550 2340 1616 op-

841 1639 1334 1718 portunoque
1375 1639 1731 1718 tempore
1772 1636 2259 1702 institutum.

920 1735 1186 1798 Videtur
1214 1736 1382 1817 quod
1413 1752 1564 1808 non,
1596 1733 1898 1816 quoniam
1926 1732 2139 1796 omnis
2171 1732 2343 1796 Chri·

2452 753 2867 820 sacramentO,
2910 753 2976 808 et
3024 745 3088 808 in
3140 744 3544 808 mirabilibus
3595 763 3737 826 quae
3784 743 3967 806 fiunt

2456 845 2520 909 in
2560 863 2654 908 eo.
2691 845 2956 927 Insuper
2994 844 3338 927 expediens
3382 843 3565 906 valde
3608 842 3733 904 fuit
3776 841 3965 905 insti-

2451 944 2613 1007 tutio
2644 943 3023 1006 sacramenti
3062 943 3259 1024 hujus
3296 949 3529 1006 nostrae
3564 940 3963 1014 infirmitati,

2456 1049 2714 1124 propter
2763 1041 3187 1123 multiplicem
3236 1040 3519 1104 fructum
3565 1047 3631 1102 et
3672 1039 3963 1102 saluber-

2453 1140 2648 1202 rimas
2704 1139 3009 1202 utilitates
3058 1158 3215 1221 quas
3276 1139 3423 1202 inde
3471 1137 3959 1219 consequimur.

2453 1237 2818 1300 institutum
2862 1245 2959 1300 est
3002 1237 3177 1314 enim
3222 1237 3286 1299 in
3330 1237 3706 1300 memoriam
3750 1235 3963 1298 domi-

2454 1336 2611 1399 nicae
2670 1335 3005 1419 passioniS,
3056 1343 3121 1398 et
3168 1335 3531 1399 dilectionis
3580 1333 3813 1398 Christi
3872 1333 3961 1396 ad

2453 1453 2588 1498 nos.
2624 1435 2893 1498 Maxime
2934 1443 3148 1497 autem
3193 1452 3637 1517 promeremur
3678 1440 3809 1496 tam
3860 1433 3961 1494 in-

2453 1532 3061 1615 comprehensibilia
3120 1532 3317 1614 hujus
3375 1531 3757 1595 sacramenti
3816 1549 3959 1593 cre·

2452 1630 2690 1711 dendo;
2720 1639 2909 1713 atque
2948 1649 3026 1694 ex
3066 1639 3197 1692 tam
3234 1630 3509 1711 gratiosa
3545 1637 3609 1693 et
3648 1629 3752 1712 pia
3798 1648 3961 1711 prae-

2452 1729 2656 1792 sentia
2704 1729 2935 1793 Christi
2984 1728 3345 1804 nobiscum,
3386 1729 3759 1792 sublevatur
3804 1747 3959 1810 spes

842 1834 922 1897 sti
950 1833 1139 1908 actio,
1163 1840 1376 1897 nostra
1405 1840 1503 1896 est
1533 1832 1886 1896 instructio.
1923 1832 1988 1894 Si
2019 1849 2170 1912 ergo
2201 1838 2343 1912 post
2376 1826 2423 1888 B
2452 1835 2687 1900 nostra,
2721 1826 2890 1910 quod
2928 1834 2991 1890 et
3034 1827 3282 1889 minora
3321 1826 3686 1909 petentibus
3726 1825 3961 1906 largie-

843 1949 1090 1995 coenam
1140 1932 1592 1996 convenienter
1641 1937 2111 1994 sacramentum
2170 1929 2342 1990 istud

843 2029 1139 2104 instituit,
1181 2038 1558 2112 sequeretur
1602 2029 1773 2112 quod
1816 2029 1983 2092 servi
2027 2035 2091 2090 et
2127 2026 2342 2090 subdi-

841 2127 890 2190 ti
939 2127 1081 2208 ejus
1143 2127 1451 2191 deberent
1505 2127 1663 2190 illud
1726 2133 1867 2209 post
1923 2125 2341 2189 refectionem

842 2242 1234 2300 consecrare,
1278 2225 1602 2289 celebrare
1649 2244 1723 2288 ac
1765 2243 2037 2288 sumere.
2070 2260 2153 2269 —
2189 2224 2343 2288 Rur-

842 2342 972 2396 suS,
1005 2331 1473 2386 sacramentum
1518 2323 1687 2386 istud
1733 2323 2097 2386 institutum
2139 2329 2235 2384 est
2273 2322 2339 2384 in

841 2421 1218 2485 memoriam
1255 2422 1568 2504 passionis
1609 2422 1958 2503 mortisque
1990 2421 2245 2495 Christi,
2277 2428 2342 2483 et

841 2519 1121 2582 caritatis
1152 2539 1346 2602 quam
1376 2520 1560 2584 nobis
1593 2521 1657 2583 in
1690 2539 1806 2584 sua
1835 2520 2129 2602 passione
2164 2537 2341 2582 mon·

841 2619 1111 2682 stravit:
1145 2636 1296 2700 ergo
1339 2627 1481 2702 post
1523 2618 1756 2682 Christi
1807 2618 2171 2700 passionem
2217 2617 2341 2680 fuit

842 2717 1328 2781 instituendum.

919 2913 1013 2976 Ad
1063 2913 1183 2976 hoc
1233 2913 1675 2977 Bonaventura
1722 2913 2064 2995 respondet
2105 2929 2120 2974 :
2163 2912 2343 2975 Insti-

841 3011 1004 3075 tutio
1040 3011 1222 3074 istius
1261 3011 1640 3074 sacramenti
1675 3010 1957 3074 divinam
1989 3010 2207 3074 decuit
2237 3010 2338 3073 bo-
2374 3012 2417 3076 C
2452 3009 2656 3071 ritatis
2711 3026 2726 3070 ε

843 3109 1131 3184 nitatem,
1184 3121 1326 3192 quoe
1377 3109 1477 3172 sui
1528 3116 1625 3172 est
1674 3107 2002 3183 diffusiva,
2054 3115 2125 3171 ut
2176 3107 2343 3171 sicut

843 3216 1096 3271 ostensa
1136 3207 1261 3270 fuit
1302 3208 1368 3271 in
1411 3215 1643 3272 nostrae
1683 3208 2118 3290 assumptione
2162 3214 2341 3270 natu-

844 3326 950 3381 rae,
995 3314 1058 3370 et
1101 3306 1166 3369 in
1217 3314 1488 3388 quatuor
1535 3306 1872 3369 modorum
1915 3305 2341 3386 generationis

845 3404 1239 3487 impletione,
1281 3405 1400 3469 hoc
1449 3413 1566 3480 est,
1610 3406 1675 3468 in
1727 3406 2146 3488 productione
2194 3406 2341 3469 Adae

844 3504 922 3567 de
971 3510 1157 3578 terra,
1207 3512 1270 3567 et
1329 3504 1394 3567 in
1449 3502 1832 3567 formatione
1877 3503 2023 3568 Evae
2070 3502 2339 3586 virginis

843 3602 922 3665 de
962 3610 1134 3665 costa
1170 3603 1437 3684 virginis
1475 3603 1647 3678 Adae,
1681 3610 1746 3665 et
1783 3604 1849 3665 in
1891 3604 2343 3685 propagatione

844 3708 1242 3784 posterorum
1281 3721 1359 3765 ex
1399 3702 1740 3785 complexu
1778 3702 1902 3765 viri
1944 3721 2018 3765 ac
2058 3702 2339 3777 feminae,

843 3809 904 3863 et
947 3800 1015 3863 in
1060 3800 1468 3882 generatione
1508 3801 1739 3865 Christi
1789 3818 1868 3863 ex
1917 3801 2343 3865 sacratissima

840 3898 1134 3981 Virgine3
1193 3900 1286 3962 sic
1347 3900 1563 3963 decuit
1623 3909 1694 3964 ut
1755 3900 2055 3982 impleret
2120 3900 2341 3963 modos

840 3997 1094 4061 essendi
1154 3998 1220 4060 in
1281 3997 1447 4072 aliis,
1496 3997 1608 4079 qui
1669 4005 1819 4060 sunt
1872 4006 2018 4061 tres.
2074 3998 2338 4081 Nempe,

841 4096 1196 4159 secundum
1251 4095 1552 4159 deitatem
1607 4103 1705 4159 est
1750 4096 1816 4157 in
1865 4095 2170 4159 omnibus
2228 4115 2343 4179 per

2451 1934 2577 2000 tur,
2619 1934 2683 1988 et
2724 1925 2980 1988 tandem
3026 1945 3095 1988 se
3141 1926 3354 2008 ipsum
3403 1925 3569 1988 clare
3620 1925 3687 1987 in
3736 1925 3961 2007 specie

2450 2031 2515 2087 et
2555 2043 2640 2086 re.
2676 2023 2767 2086 Ex
2808 2031 2979 2086 tanta
3018 2024 3211 2087 etiam
3254 2024 3486 2088 Christi
3528 2024 3605 2086 ad
3637 2041 3753 2087 nos
3798 2041 3963 2105 prae-

2449 2124 2747 2186 veniente
2794 2122 3074 2197 caritate,
3126 2122 3505 2186 liberalitate
3561 2141 3634 2185 ac
3694 2122 3960 2205 pietate,

2450 2221 2711 2284 dilectio
2749 2222 2814 2283 in
2851 2220 3039 2284 nobis
3080 2222 3158 2284 ad
3202 2221 3415 2303 ipsum
3452 2221 3851 2296 accenditur,
3882 2239 3961 2284 ac

2452 2320 2660 2383 valide
2705 2318 3164 2382 inflammatur.
3202 2319 3344 2384 Haec
3386 2320 3853 2383 Bonaventura.

2532 2418 2819 2500 Denique
2853 2435 2981 2481 non
3015 2417 3239 2480 debuit
3266 2425 3739 2482 sacramentum
3778 2418 3957 2482 istud

2451 2516 2697 2579 institui
2728 2524 2874 2579 ante
2903 2516 3243 2580 Salvatoris
3280 2517 3625 2580 adventum
3658 2535 3733 2579 ac
3760 2535 3959 2580 evan-

2450 2615 2721 2696 gelicam
2752 2615 2978 2697 legem,
3012 2634 3153 2698 quae
3184 2615 3285 2680 lex
3316 2615 3533 2697 gratiae
3562 2615 3949 2699 appellatur.

2450 2713 2561 2776 Est
2596 2713 2769 2777 enim
2810 2714 2929 2777 hoc
2968 2721 3439 2778 sacramentum
3478 2715 3775 2778 maximae
3812 2734 3957 2796 gra-

2450 2813 2555 2876 tiae
2594 2812 3055 2886 contentivam,
3086 2821 3276 2895 atque
3316 2812 3623 2876 dominici
3662 2813 3959 2895 corporis

2450 2928 2600 2972 vere
2642 2910 2897 2973 realiter
2934 2911 3350 2985 servativum,
3380 2918 3445 2972 et
3478 2910 3813 2973 vinculum
3854 2929 3961 2973 ca-

2782 3009 2925 3072 ideo
2972 3009 3244 3091 tempori
3296 3009 3577 3072 caritatis
3622 3005 3959 3090 et⁸gratiae

2452 3107 2758 3188 congruit,
2773 3127 2892 3171 nec
2920 3115 3067 3171 ante
3093 3108 3431 3171 adventum
3456 3107 3599 3171 Filii
3628 3107 3738 3171 Dei
3769 3117 3962 3171 erant

2451 3206 2734 3269 humano
2774 3208 2994 3287 generi
3038 3214 3167 3269 tam
3212 3208 3486 3288 gratiosa
3527 3207 3787 3281 auxilia,
3820 3215 3959 3271 tam

2452 3305 2735 3387 perfecta
2764 3313 3177 3381 sacramenta,
3200 3313 3331 3368 tam
3361 3306 3579 3369 divina
3606 3306 3959 3370 charisma-

2452 3410 2515 3465 ta
2554 3403 3001 3486 impendenda,
3036 3405 3201 3468 sicut
3239 3412 3381 3487 post
3419 3405 3951 3470 incarnationem.

2452 3503 2766 3585 AmpliuS,
2809 3523 3011 3585 quum
3061 3505 3181 3567 hoc
3230 3513 3700 3568 sacramentum
3748 3506 3957 3568 conti-

2452 3608 2601 3664 neat
2637 3621 2863 3665 verum
2908 3602 3139 3667 Christi
3179 3622 3412 3686 corpus
3450 3612 3513 3666 et
3550 3622 3701 3667 vere
3739 3604 3823 3667 sit
3862 3605 3956 3667 ci·

2453 3699 2596 3774 buS,
2627 3708 2818 3783 atque
2858 3702 3253 3784 praecipuum
3290 3704 3545 3785 signum
3582 3703 3843 3778 amoriS,
3875 3722 3955 3766 ac

2454 3800 2825 3863 memoriale
2854 3799 3192 3865 dominicae
3221 3802 3555 3884 passioniS,
3590 3802 3957 3885 praesertim

2454 3897 2791 3961 condecuit
2821 3898 3035 3981 ipsum
3067 3900 3358 3982 passione
3390 3900 3687 3975 instante,
3708 3902 3774 3964 in
3806 3902 3957 3983 ipso

2453 4002 2741 4079 tempore
2781 4016 2979 4062 coenae
3021 3998 3290 4073 institui,
3324 3999 3703 4063 imminente
3746 4018 3959 4063 reces-

2452 4112 2529 4155 su
2564 4111 2578 4155 :
2614 4094 2679 4156 in
2710 4114 2967 4157 recessu
2998 4116 3275 4179 namque
3308 4097 3515 4160 solent
3544 4097 3825 4160 caritatis
3858 4098 3958 4160 in·

843 4194 1207 4267 essentiam,
1257 4193 1664 4276 praesentiam
1711 4201 1777 4257 et
1823 4194 2217 4276 potentiam3
2276 4195 2341 4257 in
2372 4193 2421 4256 D
2452 4192 2621 4255 dicia
2657 4193 2964 4256 exhiberi.
2998 4194 3137 4258 Non
3174 4204 3389 4259 tamen
3428 4195 3815 4259 sumendum
3852 4205 3957 4260 est

841 4292 1076 4355 sanctis
1105 4310 1220 4375 per
1248 4291 1464 4372 gratiae
1494 4291 2141 4371 inhabitationem3in
2173 4293 2345 4356 Chri·

843 4398 941 4453 sto
993 4409 1108 4472 per
1161 4388 1624 4471 hypostaticam
1683 4388 2008 4453 unionem.
2061 4391 2139 4453 Ut
2186 4391 2340 4454 item

841 4488 1139 4570 impleret
1185 4494 1315 4549 tres
1365 4487 1585 4550 modos
1631 4488 1978 4551 exsistendi
2030 4490 2096 4552 in
2146 4489 2337 4553 rebus

841 4585 1195 4649 secundum
1223 4592 1617 4667 assumptam
1649 4586 2112 4650 humanitatem
2145 4605 2159 4649 :
2189 4588 2339 4670 quia

843 4684 1129 4749 localiter
1157 4691 1254 4747 est
1283 4683 1351 4747 in
1381 4684 1565 4758 coelo,
1589 4684 2006 4766 personaliter
2039 4686 2102 4748 in
2131 4686 2341 4749 Verbo

841 4792 1098 4857 aiterum
1139 4782 1679 4846 sacramentaliter
1719 4783 1783 4845 in
1825 4784 2029 4847 altari.
2073 4786 2343 4866 Insuper

840 4880 1057 4945 decuit
1085 4880 1408 4943 infinitam
1439 4881 1548 4943 Dei
1586 4881 1964 4963 sapientiam
2003 4882 2339 4965 providere

840 4978 1088 5044 homini
1131 4980 1308 5061 lapso
1353 4979 1646 5043 idoneam
1695 4980 2084 5043 medicinam
2129 4999 2144 5043 :
2187 4999 2339 5063 qua-

839 5087 1028 5142 tenus
1086 5077 1253 5141 sicut
1298 5078 1492 5141 homo
1550 5079 1765 5161 lapsus
1823 5078 1946 5143 fuit
1991 5098 2108 5162 per
2156 5098 2339 5143 esum

841 5176 997 5257 ligni
1056 5175 1361 5250 scientiae,
1423 5176 1510 5238 ita
1565 5184 1925 5257 resurgeret
1984 5196 2097 5259 per
2154 5196 2337 5241 esum

841 5275 996 5356 ligni
1047 5275 1214 5340 vitoe.
1257 5274 1429 5337 Idem
1479 5274 1738 5338 demum
1789 5276 2005 5339 decuit
2052 5276 2337 5339 divinam

2450 4290 2605 4353 hora
2641 4290 3008 4355 refectionis
3039 4311 3379 4375 corporeae,
3414 4313 3623 4376 neque
3654 4302 3797 4377 post
3826 4313 3957 4359 coe-

2451 4407 2623 4463 nam,
2656 4390 2765 4452 sed
2800 4408 2947 4453 cum
2990 4392 3344 4455 reverentia
3382 4392 3679 4467 maxima,
3714 4400 3954 4455 stoma-

2450 4487 2572 4550 cho
2619 4487 2833 4551 sobrio
2872 4508 2946 4551 ac
2984 4489 3227 4571 jejuno.
3272 4490 3399 4553 Nec
3446 4492 3669 4554 eadem
3716 4509 3953 4555 conve-

2451 4585 2639 4647 niunt
2676 4586 2768 4648 rei
2806 4586 3217 4663 institutioni,
3251 4607 3324 4651 ac
3364 4588 3795 4671 prosecutioni
3830 4608 3953 4653 seu

2449 4681 2966 4766 frequentationi.
3000 4685 3145 4750 Haec
3188 4685 3379 4750 idem.

2530 4783 2689 4845 Hinc
2732 4784 3002 4848 Thomas
3045 4804 3059 4849 :
3103 4785 3173 4847 In
3218 4785 3505 4867 quolibet
3540 4786 3807 4868 (inquit)
3844 4806 3953 4869 ge·

2450 4899 2601 4944 nere
2627 4882 2952 4947 actionum
2986 4884 3051 4945 in
3083 4902 3210 4966 quo
3239 4892 3389 4948 sunt
3415 4885 3635 4968 plures
3662 4885 3951 4950 actiones

2446 4980 2772 5054 ordinatae,
2804 4981 3074 5046 diversis
3105 4983 3440 5064 agentibus
3474 4983 3781 5047 ordinatis
3818 4985 3951 5048 dis-

2448 5078 2725 5155 tributae,
2782 5088 3033 5162 oportet
3090 5082 3259 5163 quod
3318 5082 3692 5165 principalis
3749 5084 3949 5147 actio-

2448 5197 2604 5241 num
2639 5178 2892 5241 illarum
2921 5179 3306 5244 attribuatur
3337 5180 3675 5265 principali
3704 5183 3945 5264 agenti,

2448 5276 2635 5358 cujus
2664 5278 2900 5341 virtute
2930 5278 3039 5341 alii
3068 5288 3283 5360 agunt.
3309 5280 3645 5363 Quumque
3672 5281 3947 5349 diversae
