4267 6250
519 4730 782 4792 (istum,

515 4812 562 4853 p.
591 4798 669 4840 522
690 4796 755 4847 θ’,

515 4860 730 4913 524Α,525
737 4858 782 4905 D.

1238 784 1711 860 QUAESTIO
1777 789 1902 854 III

953 1059 998 1122 T
1028 1058 1180 1141 quia
1204 1057 1337 1139 jam
1369 1066 1604 1122 tactum
1637 1067 1734 1122 est
1761 1060 1840 1124 de
1871 1059 2161 1141 subjecto
2190 1079 2320 1143 poe·

979 1155 1285 1231 nitentiae,
1335 1156 1642 1237 quaeritur
1689 1157 1966 1240 plenius,
2008 1159 2104 1225 In
2149 1160 2319 1240 qui-

818 1255 970 1322 bus
1010 1256 1326 1322 naturis
1362 1257 1445 1321 et
1481 1258 1840 1336 personis
1877 1257 2143 1324 locum
2180 1257 2321 1324 ha-

817 1352 1086 1419 buerit
1125 1355 1266 1419 aut
1306 1351 1601 1420 habeat
1643 1357 2117 1435 poenitentia
2158 1357 2320 1424 ista

817 1466 958 1518 seu
1000 1450 1491 1533 poenitenuae
1531 1454 1818 1522 virtus.

899 1550 961 1612 Si
994 1549 1167 1612 enim
1199 1550 1467 1613 virtutes
1508 1568 1808 1616 connexae
1839 1559 2009 1628 sunt,
2043 1570 2163 1616 nec
2196 1571 2321 1614 una

817 1647 958 1711 sine
1006 1648 1129 1711 alia
1176 1648 1383 1712 valeat
1434 1649 1678 1724 haberi,
1729 1651 1984 1714 videtur
2032 1651 2203 1734 quod
2252 1651 2318 1713 in

816 1747 1483 1828 comprehensor-ihm,
1521 1755 1588 1812 et
1630 1748 1697 1810 in
1733 1748 1982 1813 Christo
2018 1749 2319 1831 gloriosa-

1460 488 1524 534 m
1562 489 1785 536 mmm(
1828 490 1890 536 tv
1931 490 2417 538 smmmunuu.
2460 510 2541 520 —
2580 493 2735 540 ms'r.
2775 494 2920 559 xlv;
2958 495 3183 552 QUAEST.
3226 497 3295 544 111

2345 661 2396 725 A
2428 681 2613 746 agere
2643 665 2773 728 Deo
2803 683 2919 748 pro
2948 665 3375 731 misericordia
3402 666 3757 732 dimittente
3788 687 3951 751 pec-

2426 768 2583 824 cata.
2608 761 3050 839 —Postremo‚
3083 784 3284 848 quum
3318 765 3383 828 in
3416 765 3661 848 angelis
3690 766 3947 830 sanctis

2427 866 2762 942 peccatum
2801 877 2930 923 non
2968 861 3167 924 fuerit
3205 881 3325 926 nec
3354 881 3500 928 esse
3527 864 3750 946 possit,
3780 881 3949 928 con-

2427 964 2549 1020 stat
2594 957 2659 1020 in
2704 958 2863 1040 ipsis
2907 977 3034 1022 non
3083 977 3225 1024 esse
3266 961 3571 1024 virtutem
3618 962 3949 1044 poeniten-

2428 1055 2555 1129 tiae,
2587 1073 2707 1118 nec
2752 1063 2965 1118 actum
3010 1057 3323 1138 ejusdem,
3356 1059 3655 1122 similiter
3696 1077 3817 1122 nec
3862 1060 3945 1122 in

2428 1153 2642 1225 anima
2671 1153 2922 1218 Christi.
2955 1156 3026 1218 In
3055 1156 3454 1220 daemonibus
3484 1175 3635 1222 vero
3664 1166 3729 1220 et
3762 1166 3945 1221 cete-

2430 1251 2519 1314 ris
2567 1252 3025 1328 condemnatiS,
3075 1273 3277 1336 quum
3336 1256 3467 1318 sint
3508 1256 3809 1319 obstinati
3860 1257 3941 1320 in

2432 1350 2639 1424 maliS,
2672 1368 2799 1413 non
2850 1359 3057 1434 potest
3103 1371 3243 1416 esse
3292 1354 3669 1436 poenitentia
3713 1363 3785 1417 ut
3830 1363 3943 1418 est

2432 1448 2655 1523 virtuS,
2688 1449 2799 1512 sed
2845 1458 2916 1512 ut
2959 1457 3056 1514 est
3104 1452 3338 1534 passio,
3372 1460 3591 1536 utpote
3637 1452 3819 1517 dolor
3864 1461 3943 1516 et

2430 1548 2721 1629 quaedam
2762 1547 3019 1612 tristitia
3056 1550 3137 1613 de
3166 1551 3425 1633 propria
3464 1552 3673 1635 culpa,
3706 1571 3945 1615 secun-

2430 1647 2585 1708 dum
2616 1647 2783 1729 quod
2815 1654 2912 1710 est
2948 1647 3043 1712 eis
3074 1656 3265 1712 tantoe
3304 1649 3576 1715 miseriae
3609 1669 3817 1714 causa.
3854 1651 3945 1714 Et

2430 1745 2724 1827 quamvis
2754 1746 2817 1807 in
2851 1746 3185 1828 spiritibus
3222 1766 3349 1813 non
3390 1748 3474 1811 sit
3511 1749 3691 1814 dolor
3727 1757 3797 1812 ut
3834 1757 3947 1812 est

817 1863 936 1928 que
961 1845 1236 1926 Virgine,
1249 1853 1440 1928 atque
1469 1846 1536 1908 in
1567 1846 2016 1912 innocentibus
2048 1866 2157 1911 seu
2185 1867 2322 1931 par·
2354 1847 2403 1911 B
2432 1845 2643 1926 passio
2690 1844 2887 1926 partis
2930 1845 3286 1926 sensitivae3
3319 1854 3531 1910 tamen
3576 1847 3640 1910 in
3688 1848 3785 1910 eis
3832 1857 3945 1911 est

817 1944 984 2006 vulis
1027 1943 1358 2026 baptizatis
1398 1946 1776 2027 poenitentia
1812 1947 2043 2010 habeat
2081 1948 2314 2011 locum.

896 2141 990 2204 Ad
1021 2141 1142 2204 hoc
1171 2142 1442 2205 Thomas
1473 2144 1814 2224 respondet
1849 2161 1862 2207 :
1897 2145 2161 2209 Habitus
2194 2163 2321 2207 me-

818 2240 963 2302 dius
993 2247 1090 2302 est
1119 2239 1285 2303 inter
1313 2248 1527 2304 actum
1558 2249 1622 2304 et
1659 2243 2028 2323 potentiam.
2064 2244 2141 2306 Et
2170 2244 2322 2326 quia

821 2345 1066 2403 remoto
1115 2339 1335 2420 priori,
1391 2349 1756 2404 removetur
1803 2342 2141 2424 posteriuS,
2192 2361 2320 2406 non

819 2444 1110 2516 econtra3
1163 2437 1404 2500 idcirco
1459 2446 1701 2502 remota
1755 2441 2037 2522 potentia
2091 2441 2171 2504 ad
2222 2459 2321 2504 ac-

819 2543 978 2611 tum,
1012 2543 1376 2600 removetur
1401 2545 1466 2600 et
1507 2537 1784 2611 habituS,
1819 2557 1946 2602 non
1977 2548 2192 2602 autem
2225 2559 2319 2602 re·

819 2643 992 2700 moto
1018 2643 1184 2699 actu.
1220 2637 1298 2699 Et
1326 2636 1478 2719 quia
1507 2637 1854 2703 subtractio
1885 2639 2167 2704 materiai
2206 2640 2319 2703 tol-

820 2732 893 2797 lit
948 2741 1184 2808 actum,
1237 2743 1497 2817 propter
1544 2736 1664 2799 hoc
1725 2738 1894 2819 quod
1953 2746 2132 2801 actus
2193 2756 2319 2802 non

819 2838 1028 2915 potest
1054 2851 1193 2896 esse
1231 2833 1370 2896 sine
1411 2835 1675 2897 materia
1715 2835 1780 2896 in
1819 2854 2008 2917 quam
2052 2837 2318 2917 transit3

819 2932 962 2994 ideo
1009 2931 1263 2994 habitus
1311 2932 1568 2995 virtutis
1618 2936 1923 3016 competit
1970 2937 2165 2998 alicui
2214 2936 2319 2998 cui

2430 1942 2674 2025 aliquid
2722 1943 2955 2018 simile,
2986 1943 3289 2008 videlicet
3330 1953 3539 2009 motus
3580 1947 3941 2012 voluntatis

2430 2041 2748 2104 detestans
2790 2050 2855 2104 et
2896 2043 3275 2106 contristans
3320 2063 3431 2107 seu
3474 2045 3715 2109 dolens.
3750 2045 3939 2108 Unde

2432 2140 2495 2201 in
2548 2139 2712 2202 libro
2760 2141 3096 2224 Sapientiae
3146 2142 3377 2223 legitur
3422 2143 3503 2206 de
3548 2144 3867 2207 damnatis
3912 2162 3933 2207 ε

2430 2237 2759 2302 Gementes
2791 2239 2955 2303 intra
2984 2240 3520 2322 se,poenitentiam
3551 2250 3939 2324 agentes,—

2430 2338 2665 2400 Verum
2707 2338 2809 2401 his
2850 2338 3047 2419 objici
3092 2347 3320 2422 potest,
3352 2341 3504 2422 quia
3540 2341 3605 2404 in
3643 2341 3939 2425 Vitaspa-

2431 2442 2601 2498 trum
2640 2436 2901 2519 quidam
2930 2437 3183 2500 Patrum
3216 2437 3417 2500 fertur
3442 2439 3939 2504 dixissezAbra-

2429 2534 2577 2597 ham
2628 2534 2967 2617 poenitebit
3010 2535 3179 2618 quod
3228 2554 3355 2600 non
3404 2536 3589 2620 plura
3626 2547 3939 2621 operatus

2429 2641 2527 2696 est
2554 2633 2742 2708 bona,
2774 2652 2975 2715 quum
3006 2634 3237 2697 viderit
3263 2634 3529 2716 gloriam
3564 2637 3933 2700 Beatorum.

2430 2732 2805 2807 Dicendum,
2836 2733 3006 2815 quod
3036 2733 3329 2797 voluntas
3357 2734 3693 2799 Beatorum
3724 2735 3787 2798 in
3822 2756 3943 2818 pa·

2429 2830 2551 2894 tria
2588 2837 2685 2893 est
2721 2831 2985 2894 omnino
3028 2829 3375 2895 conformis
3413 2832 3725 2897 voluntati
3766 2834 3941 2896 divi-

2431 2947 2545 2991 nae.
2564 2927 2739 2990 Unde
2768 2929 2935 2991 sicut
2963 2928 3129 2992 Deus
3159 2929 3483 2993 voluntate
3508 2932 3939 2995 antecedente

818 3047 946 3092 non
999 3029 1284 3112 suppetit
1330 3031 1616 3104 materia,
1668 3039 1928 3114 propter
1974 3033 2094 3096 hoc
2147 3034 2319 3116 quod
2350 3035 2393 3099 C
2429 3024 2568 3088 vult
2608 3027 2825 3090 omnia
2867 3045 3007 3090 esse
3050 3025 3236 3103 bona,
3268 3046 3395 3092 non
3441 3037 3655 3093 autem
3704 3030 3939 3094 volun—

817 3136 1158 3212 suppetere
1187 3136 1417 3211 potest,
1450 3136 1514 3191 et
1544 3130 1630 3192 ita
1660 3130 1724 3191 in
1758 3138 1974 3194 actum
2004 3132 2315 3196 transire:

817 3227 1356 3309 quemadmodum
1407 3246 1650 3310 pauper
1691 3228 1884 3292 homo
1925 3230 2161 3294 habere
2209 3248 2318 3313 po-

817 3332 941 3387 test
976 3324 1268 3387 habitum
1310 3343 1423 3389 seu
1454 3327 1756 3389 virtutem
1800 3327 2315 3409 magnificentiae,

815 3424 1111 3505 quamvis
1152 3442 1276 3487 non
1322 3424 1550 3487 habeat
1593 3432 1829 3499 actum,
1862 3426 2167 3508 quoniam
2212 3446 2319 3511 po-

813 3529 938 3585 test
967 3521 1202 3585 habere
1235 3523 1739 3603 magnitudinem
1771 3523 2315 3608 divitiarum,quae

814 3629 962 3683 sunt
1007 3621 1275 3684 materia
1323 3621 1837 3704 magnificentiae.
1891 3624 2060 3698 Ideo,
2111 3642 2315 3706 quum

814 3720 1184 3785 innocentes
1245 3720 1311 3783 in
1363 3727 1530 3783 statu
1589 3720 1970 3785 innocentiae
2021 3739 2151 3785 non
2206 3723 2315 3785 ha-

813 3816 1004 3881 beant
1035 3826 1312 3902 peccata‚
1345 3837 1488 3901 quae
1518 3827 1669 3882 sunt
1698 3819 1962 3883 materia
1997 3820 2313 3902 poeniten-

813 3917 937 3991 tiae,
971 3918 1080 3980 sed
1111 3917 1360 3999 possint
1394 3917 1671 3997 habere3
1711 3926 1892 3981 actus
1921 3920 2314 4001 poenitentiae

811 4012 878 4075 in
909 4014 1003 4077 eis
1031 4033 1170 4077 esse
1202 4033 1329 4079 non
1359 4022 1586 4097 potest,
1619 4016 1730 4079 sed
1760 4015 2018 4079 habitus
2052 4034 2065 4078 :
2101 4024 2165 4079 et
2192 4017 2315 4080 hoc

811 4112 864 4175 si
896 4113 1164 4193 gratiam
1195 4113 1490 4188 habeant,
1526 4113 1590 4175 in
1623 4133 1752 4197 qua
1789 4133 2015 4178 omnes
2047 4116 2314 4179 virtutes

813 4210 1258 4275 infunduntur.

892 4310 1082 4373 Porro
1128 4311 1284 4373 dum
1328 4310 1654 4393 quaeritur,
1689 4330 1769 4374 an
1813 4313 2191 4395 poenitentia
2232 4312 2315 4376 sit

814 4408 879 4472 in
919 4408 1164 4487 Beatis3
1197 4409 1560 4483 dicendum,
1594 4412 1765 4492 quod
1805 4410 2073 4474 virtutes
2111 4412 2313 4475 cardi-

813 4507 990 4570 nales
1041 4515 1304 4570 manent
1357 4507 1422 4569 in
1472 4508 1676 4591 patria
1722 4510 2076 4572 secundum
2133 4518 2313 4573 actus

813 4622 973 4687 quos
1013 4605 1250 4668 habent
1288 4605 1354 4667 in
1395 4624 1510 4669 suo
1551 4605 1777 4669 ultimo
1817 4605 1971 4682 fine,
2005 4615 2075 4669 ut
2120 4626 2313 4691 super

811 4705 1076 4767 tertium
1114 4704 1356 4768 dictum
1395 4712 1509 4768 est.
1545 4706 1882 4788 Quumque
1920 4707 2313 4788 poenitentiae

811 4805 1016 4869 virtus
1047 4804 1130 4867 sit
1159 4822 1304 4887 pars
1329 4803 1614 4885 justitian,
1648 4824 1790 4887 quae
1819 4812 1916 4868 est
1944 4805 2149 4869 virtus
2179 4825 2311 4869 car·

810 4905 1073 4984 dinalis3
1098 4904 1336 4967 idcirco
1365 4903 1758 4986 quicumque
1787 4903 1978 4966 habet
2006 4904 2309 4968 virtutem

809 5003 1201 5087 poenitentiae
1241 5003 1308 5066 in
1347 5002 1466 5065 hac
1497 5003 1649 5077 vita,
1683 5012 2165 5086 perseveranter
2201 5005 2309 5066 ha·

808 5101 988 5165 bebit
1015 5120 1156 5166 eam
1188 5103 1254 5164 in
1287 5118 1483 5183 regno
1512 5100 1778 5176 coelesti,
1813 5119 1940 5165 non
1971 5109 2186 5165 tamen
2218 5121 2312 5165 se-

806 5201 1090 5264 cundum
1133 5201 1434 5264 eumdem
1479 5208 1692 5263 actum
1742 5218 1935 5282 quem
1979 5219 2153 5263 nunc
2200 5202 2308 5263 ha·

2431 3132 2556 3187 tate
2612 3133 3063 3211 consequente,
3114 3127 3201 3189 ita
3246 3128 3439 3191 etiam
3487 3137 3585 3192 est
3634 3130 3715 3193 de
3764 3130 3930 3193 Bea-

2427 3226 2529 3287 tis.
2565 3226 2644 3288 Et
2678 3226 2822 3289 talis
2846 3226 3137 3290 voluntas
3172 3228 3553 3290 antecedens
3584 3228 3935 3310 improprie

2428 3325 2805 3406 poenitentia
2842 3324 3201 3407 appellatur
3240 3344 3279 3387 a
3316 3333 3534 3389 sancto
3572 3326 3685 3389 illo
3720 3327 3926 3389 Patre.

2427 3422 2669 3486 —Haec
2697 3423 2966 3487 Thomas
2997 3423 3064 3485 in
3095 3423 3361 3507 Scripto.
3386 3425 3781 3489 concordant
3808 3424 3933 3489 Bo-

2427 3528 2780 3585 naventura
2822 3530 2885 3585 et
2924 3523 3163 3585 PetruS.

2505 3621 2696 3684 Porro
2734 3621 3005 3685 Thomas
3043 3621 3121 3683 de
3160 3620 3505 3702 Argentina
3535 3620 3616 3683 ab
3656 3620 3756 3683 his
3786 3640 3932 3704 par-

2426 3718 2543 3781 tim
2571 3719 2975 3794 dissentiens,
3008 3719 3097 3781 ait
3126 3720 3294 3801 quod
3327 3720 3594 3802 parvulo
3623 3720 3689 3782 in
3717 3720 3931 3803 Bapti-

2426 3835 2565 3881 smo
2626 3817 2987 3881 infunditur
3044 3818 3437 3901 poenitentiae
3491 3818 3718 3893 virtuS,
3775 3819 3929 3883 dato

2425 3916 2595 3998 quod
2655 3935 2983 3998 nunquam
3042 3923 3287 3998 peccet,
3337 3934 3457 3981 nec
3513 3917 3579 3979 in
3628 3916 3923 3981 futurum

2424 4013 2627 4097 possit
2654 4032 2936 4097 peccare.
2953 4015 3251 4080 Doctores
3282 4032 3535 4098 quoque
3566 4017 3927 4079 communi-

2424 4122 2519 4176 ter
2556 4113 2857 4187 fatentur,
2889 4114 3060 4196 quod
3090 4113 3295 4177 virtus
3335 4114 3727 4197 poenitentiae
3764 4135 3927 4179 nun-

2344 4219 2393 4280 Ι)
2423 4232 2617 4295 quam
2648 4212 2772 4275 suit
2802 4212 2865 4275 in
2898 4212 3179 4291 Christo;
3202 4220 3267 4275 et
3294 4221 3507 4276 tamen
3537 4212 3643 4276 hic
3672 4213 3922 4289 dicunt,

2422 4312 2593 4394 quod
2635 4319 2848 4374 manet
2890 4311 2959 4373 in
3000 4310 3337 4375 animabus
3380 4310 3582 4375 beatis
3622 4312 3701 4375 ad
3740 4330 3929 4377 orna-

2424 4417 2733 4473 mentum.
2782 4408 2872 4472 Ex
2919 4409 3155 4491 quibus
3204 4410 3496 4492 sequitur
3536 4412 3923 4488 necessario,

2423 4510 2593 4591 quod
2650 4508 2909 4591 aliquod
2968 4507 3197 4572 animae
3254 4517 3699 4573 ornamentum
3757 4510 3927 4573 desit

2420 4607 2651 4672 animae
2680 4607 2912 4671 Christi
2938 4624 2952 4669 :
2975 4608 3146 4689 quod
3178 4607 3635 4671 inconveniens
3663 4627 3805 4672 esse
3834 4610 3929 4672 vi·

2422 4708 2624 4769 detur.
2656 4706 2817 4769 Hinc
2860 4706 3035 4770 salvo
3078 4705 3329 4771 meliori
3366 4706 3635 4789 judicio,
3666 4708 3927 4772 videtur

2420 4804 2789 4879 dicendum,
2821 4806 2991 4887 quod
3020 4813 3201 4869 actus
3231 4806 3435 4887 magis
3464 4807 3761 4889 proprius
3792 4826 3927 4889 poe-

2421 4904 2703 4967 nitentiae
2752 4910 2849 4967 est
2890 4903 3201 4966 inclinare
3240 4905 3521 4967 animam
3562 4907 3641 4968 ad
3683 4904 3923 4968 facien·

2418 5004 2573 5065 dum
2604 5004 2938 5065 emendam
2972 5003 3101 5065 Deo
3130 5019 3246 5084 pro
3278 5003 3617 5066 relaxanda
3644 5002 3914 5067 offensa.

2415 5101 2509 5164 Ad
2549 5120 2740 5183 quem
2788 5109 3001 5163 actum
3046 5101 3279 5184 aliquis
3324 5108 3534 5185 potest
3572 5120 3640 5165 se
3678 5101 3917 5167 habere

2415 5200 2775 5285 dupliciter.
2810 5200 3023 5266 Primo
3064 5201 3372 5277 absolute,
3404 5202 3569 5265 sicut
3612 5202 3724 5284 qui
3768 5220 3917 5285 pec-

807 5298 937 5375 bet,
970 5300 1082 5363 sed
1124 5308 1302 5363 actus
1346 5299 1738 5383 poenitentiae
1781 5299 1904 5362 erit
1942 5298 2032 5362 ibi
2075 5300 2306 5381 gratias
2413 5302 2584 5365 cavit
2624 5307 2735 5364 aut
2776 5308 2997 5384 peccat
3014 5318 3035 5383 ;
3062 5308 3127 5365 et
3164 5300 3283 5365 iste
3318 5318 3447 5366 non
3488 5302 3787 5367 convenit
3822 5302 3919 5367 in·
