4267 6250
375 531 456 578 AN
491 532 870 580 cmcunmsto
909 535 1048 580 FUIT
1086 531 1534 580 saeuum
1577 530 1639 578 m
1675 529 1994 578 neutum!
2035 529 2273 578 CONTRA
2313 531 2641 578 nummati:
2682 529 3017 588 Pnccumt,
3058 529 3186 577 1¹:1¹0.
3280 512 3361 576 67

347 703 516 767 Circa
561 704 698 768 haec
745 705 974 768 scribit
1008 703 1305 768 Albertus
1349 719 1364 764 ι
1406 701 1750 765 Circumci-
1779 700 1832 764 A
1864 700 2182 783 posterius
2212 720 2403 784 poena
2430 702 2725 766 carentiae
2753 701 3021 765 visionis
3045 701 3109 763 in
3134 707 3283 774 toto,
3298 707 3363 763 ot

276 800 378 873 sio,
421 799 597 880 juxta
655 802 1118 865 Damascenum
1167 799 1332 861 libro
1378 805 1624 880 quarto,
1675 797 1756 860 si·

275 916 452 978 gnum
495 906 631 962 erat
673 901 1106 963 determinans
1147 897 1338 960 Israel
1377 915 1416 958 a
1456 895 1753 978 gentibus

276 1015 406 1058 cum
435 997 670 1079 quibus
697 997 1210 1062 conversabatur.
1245 994 1618 1076 Principalis
1649 1012 1757 1056 au-

277 1101 390 1155 tem
435 1103 610 1158 actus
659 1094 1170 1158 circumcisionis
1217 1091 1340 1155 fuit
1395 1092 1752 1156 remedium

275 1192 580 1272 originalis
615 1194 886 1274 peccati,
921 1201 984 1254 et
1021 1189 1445 1254 sanctificatio
1483 1190 1754 1253 circum-

277 1288 380 1348 cisi
409 1287 610 1370 qualis
650 1297 804 1351 tunc
844 1288 1052 1371 potuit
1087 1287 1230 1349 fieri
1272 1305 1381 1348 seu
1425 1285 1756 1348 circumci-

277 1385 434 1448 sione
463 1386 858 1468 praestari.Et
886 1385 1009 1448 fuit
1037 1387 1292 1466 signum
1323 1384 1754 1447 determinans

277 1484 788 1548 determinatione
857 1484 1354 1548 conversationis
1417 1501 1495 1544 ex
1555 1482 1754 1564 gratia

278 1582 788 1658 circumcisionis,
839 1590 904 1645 et
957 1600 1070 1665 per
1119 1599 1516 1664 consequens
1562 1599 1752 1663 expo-

277 1682 430 1743 nitur
475 1681 554 1743 de
599 1682 1133 1744 determinatione
1182 1699 1294 1743 seu
1343 1679 1752 1742 distinctione

277 1779 700 1843 habitationis:
725 1788 988 1863 propter
1017 1780 1185 1862 quod
1221 1779 1504 1860 loquitur
1533 1779 1753 1840 Dama-

1861 798 2102 862 fomitis
2146 799 2422 863 intensio
2451 800 2519 862 in
2559 809 2753 883 parte.
2804 801 3035 882 Sicque
3065 807 3365 883 operatur

1859 899 2222 982 Baptismus
2272 917 2287 961 z
2335 900 2487 983 quia
2534 900 2848 983 positione
2895 899 3113 981 gratiae
3156 896 3364 961 abluit

1860 999 2078 1060 sordes
2124 997 2331 1081 culpae
2377 999 2607 1080 prim0,
2649 998 2881 1060 deinde
2928 998 3164 1060 cadunt
3205 1013 3363 1079 quo-

1862 1114 1988 1178 que
2036 1114 2243 1177 poenae
2288 1096 2623 1176 adjunctae.
2679 1096 3098 1160 circumcisio
3144 1102 3359 1158 autem

1863 1194 2297 1256 causalitatem
2359 1195 2541 1275 ponit
2586 1201 2805 1257 contra
2850 1193 3095 1256 fomitis
3156 1193 3361 1255 inten-

1861 1291 2107 1354 sionem
2155 1310 2169 1353 :
2214 1291 2453 1354 idcirco
2497 1292 2737 1373 incepit
2773 1292 2987 1355 delere
3027 1297 3356 1374 peccatum

1860 1409 1898 1452 a
1937 1390 2290 1472 posteriori.
2326 1390 2612 1452 Remittit
2650 1409 2927 1472 namque
2971 1409 3084 1452 seu
3128 1388 3364 1452 minuit

1862 1488 2289 1551 intensionem
2322 1487 2583 1564 fomitis,
2618 1489 2729 1570 qui
2762 1508 2962 1572 quum
3001 1505 3129 1550 non
3160 1488 3362 1571 possit

1860 1586 2134 1649 diminui
2168 1587 2289 1649 nisi
2324 1595 2528 1650 cesset
2556 1595 2765 1650 reatus
2798 1587 2863 1649 in
2894 1594 3047 1660 tot0,
3079 1587 3221 1649 ideo
3252 1586 3361 1651 ille

1863 1683 1927 1745 in
1977 1690 2109 1748 toto
2157 1685 2538 1765 dimittitur;
2589 1693 2653 1747 et
2700 1685 3003 1766 quoniam
3054 1684 3163 1746 ille
3212 1702 3360 1747 con-

1862 1801 2064 1845 nexus
2104 1791 2203 1845 est
2231 1783 2458 1866 culpae,
2492 1784 2641 1846 hinc
2676 1792 2739 1846 et
2769 1783 2957 1865 culpa
2994 1783 3356 1845 dimittitur.

276 1897 506 1953 scenuS,
529 1880 698 1961 quod
728 1879 1146 1960 quadraginta
1173 1877 1360 1940 annis
1389 1876 1622 1959 quibus
1652 1876 1750 1938 fu·
1787 1877 1834 1940 B
1863 1881 2038 1944 Unde
2087 1881 2345 1963 quidam
2389 1881 2634 1965 antiqui
2675 1881 2993 1955 dixerunt,
3027 1881 3195 1963 quod
3240 1881 3360 1943 cir-

276 1985 446 2038 erunt
489 1977 550 2039 in
599 1978 874 2050 deserto,
925 1995 1054 2039 non
1103 1974 1749 2048 circumcidebantur,

276 2077 412 2156 quia
455 2085 602 2138 tunc
649 2077 794 2139 aliis
853 2075 1154 2157 gentibus
1204 2093 1330 2138 non
1385 2083 1563 2137 erant
1613 2093 1752 2156 pcr-

277 2175 480 2255 mixti;
511 2176 576 2238 in
624 2193 756 2258 quo
799 2183 1014 2238 tamen
1064 2176 1265 2256 tangit
1311 2175 1752 2237 secundariam

277 2291 510 2336 causam
541 2274 1124 2337 incircumcisionis
1155 2291 1270 2355 pro
1302 2281 1586 2355 tempore
1619 2272 1750 2346 illo,

276 2374 554 2452 quoniam
611 2392 802 2436 causa
851 2372 1176 2455 praecipua
1223 2379 1354 2434 erat
1402 2371 1570 2454 quod
1623 2369 1754 2432 fue-

277 2479 408 2532 runt
455 2471 570 2534 sub
617 2471 812 2545 nube,
860 2472 939 2533 ad
988 2470 1175 2552 cujus
1231 2477 1473 2533 motum
1525 2470 1618 2532 eis
1664 2469 1755 2531 in-

277 2579 500 2631 certum
547 2570 830 2652 oportuit
873 2587 982 2632 eos
1028 2569 1392 2651 procedere,
1433 2570 1510 2631 ad
1560 2586 1752 2650 quam

277 2666 712 2747 profectionem
752 2667 1030 2730 fuissent
1069 2667 1292 2750 inepti,
1333 2667 1598 2729 vulnere
1636 2665 1755 2729 cir-

277 2766 664 2829 cumcisionis
707 2783 836 2829 non
877 2772 1114 2828 curato.
1151 2765 1298 2828 Erat
1335 2783 1591 2848 quoque
1634 2765 1753 2827 cir·

277 2865 564 2926 cumcisio
603 2865 864 2946 signum
913 2865 1049 2927 sive
1093 2864 1494 2944 signaculum
1531 2879 1752 2945 corpo-

275 2961 412 3034 rale,
457 2979 579 3025 non
627 2960 984 3044 spirituale,
1029 2961 1270 3024 idcirco
1323 2961 1752 3024 characterem

1862 1978 2175 2042 cumcisio
2215 1979 2294 2041 de
2336 1999 2404 2042 se
2448 1986 2749 2062 operatur
2790 1997 2993 2061 poenae
3036 1979 3362 2041 diminuti-

1860 2096 2071 2152 onem,
2105 2085 2169 2141 et
2198 2079 2401 2141 virtus
2438 2078 2592 2141 fidei
2623 2086 2925 2160 operatur
2955 2079 3019 2140 in
3050 2096 3125 2140 ea
3154 2078 3361 2160 culpae

1861 2176 2325 2240 remissionem.
2362 2177 2504 2240 Fuit
2532 2177 2793 2239 demum
2826 2176 3234 2239 circumcisio
3262 2193 3361 2238 or-

1861 2275 2076 2337 dinata
2115 2282 2335 2338 contra
2373 2275 2681 2355 originale
2723 2282 3078 2356 peccatum,
3114 2292 3239 2338 non
3274 2282 3364 2337 ta-

1865 2391 2010 2436 men
2049 2373 2554 2436 substantialiter
2585 2394 2599 2436 :
2636 2380 2897 2455 propter
2932 2374 3101 2456 quod
3138 2391 3215 2434 ex
3253 2372 3364 2435 ali-

1861 2491 1984 2553 qua
2013 2490 2199 2533 causa
2228 2478 2468 2554 poterat
2498 2471 2841 2533 intermitti.
2857 2471 3145 2545 Quamvis
3174 2472 3365 2533 etiam

1863 2569 2122 2632 morbus
2154 2570 2483 2651 originalis
2513 2569 2635 2630 fuit
2668 2569 3362 2642 universaliS,attamen

1861 2669 2231 2750 propagatio
2269 2668 2474 2729 active
2509 2674 2607 2729 est
2639 2667 2700 2728 in
2732 2667 2892 2738 viro,
2927 2674 2990 2728 et
3022 2667 3088 2728 in
3124 2665 3365 2729 femina

1862 2766 2070 2828 solum
2103 2766 2354 2847 passive
2386 2783 2399 2827 :
2430 2765 2573 2827 ideo
2602 2764 2957 2827 remedium
2988 2764 3109 2827 hoc
3140 2764 3365 2827 debuit

1861 2863 2012 2946 poni
2059 2864 2122 2925 in
2170 2863 2326 2926 viro.
2870 2865 2880 2872 '

1943 2964 2247 3026 Praeterea
2285 2961 2613 3043 quaeritur,
2647 2979 2763 3023 cur
2791 2960 3048 3024 feminae
3082 2978 3211 3025 non
3242 2961 3362 3024 cir-

275 3077 388 3121 non
418 3060 774 3143 impressit:
801 3060 954 3143 quia
983 3059 1308 3123 character
1335 3066 1433 3122 est
1461 3059 1756 3142 spiritua·
1784 3054 1829 3119 C
1863 3059 2409 3122 cumcidebantur.
2466 3059 2843 3135 Dicendum,
2895 3059 3063 3142 quod
3124 3059 3360 3142 triplici

279 3158 346 3219 lis
373 3158 788 3241 configuratio
818 3159 1122 3222 trinitatis
1153 3165 1379 3221 creatae
1409 3159 1756 3221 consisten-

277 3256 348 3318 tis
393 3258 454 3320 in
502 3258 778 3338 imagine
824 3258 902 3319 ad
965 3256 1310 3319 increatam
1358 3255 1747 3318 Trinitatem.

277 3354 378 3415 Per
415 3355 968 3419 circumcisionem
1008 3363 1223 3417 autem
1271 3352 1754 3435 significabatur

279 3452 595 3517 diminutio
623 3452 1158 3535 concupiscentiae
1189 3471 1266 3513 ex
1297 3452 1582 3534 corporis
1613 3472 1750 3534 par-

280 3558 348 3613 te.
395 3552 514 3615 Nec
571 3551 922 3614 iterabatur
971 3550 1398 3624 circumcisio,
1449 3550 1751 3632 quoniam

278 3657 446 3730 typus
476 3649 600 3711 fuit
631 3647 963 3730 Baptismi,
995 3648 1107 3729 qui
1151 3666 1278 3710 non
1320 3648 1619 3727 iteratur;
1650 3647 1754 3710 vel

283 3747 468 3827 potius
505 3746 812 3829 quoniam
853 3745 1114 3808 morbus
1154 3745 1480 3827 originalis
1510 3746 1753 3828 peccati

283 3844 338 3907 in
363 3847 578 3909 eodem
608 3863 738 3908 non
769 3846 1051 3908 iteratur.
1085 3845 1274 3908 Porro
1305 3845 1358 3907 si
1387 3844 1533 3927 quis
1565 3844 1754 3906 fictus

282 3944 814 4007 circumcisionem
853 3944 1122 4025 accepit,
1156 3942 1417 4006 fictione
1457 3943 1755 4006 receden-

281 4048 354 4115 te,
397 4042 797 4106 circumcisio
847 4041 1042 4124 coepit
1087 4040 1299 4104 valere
1348 4059 1362 4103 :
1409 4060 1536 4104 non
1585 4041 1754 4123 quod

279 4143 454 4221 gratia
497 4144 563 4205 in
609 4142 972 4204 charactere
1015 4138 1422 4213 fundabatur,
1455 4140 1566 4203 sed
1605 4140 1758 4223 quia

1864 3158 2124 3221 ratione.
2163 3158 2396 3231 Primo,
2430 3158 2582 3239 quia
2612 3166 2837 3220 natura
2867 3166 3081 3222 nostra
3110 3176 3235 3222 non
3267 3166 3363 3221 est

1862 3266 1992 3321 tota
2030 3264 2327 3339 corrupta
2370 3257 2434 3318 in
2474 3256 2765 3331 muliere,
2796 3257 2907 3319 sed
2950 3256 3016 3318 in
3056 3257 3195 3320 viro
3228 3265 3363 3320 tan-

1863 3375 2054 3438 quam
2105 3355 2174 3416 in
2222 3354 2432 3416 radice
2474 3362 2540 3416 et
2583 3355 2791 3436 primo
2836 3361 3077 3419 naturae
3127 3356 3363 3437 princi-

1863 3454 1972 3536 pio
2007 3474 2020 3517 :
2055 3452 2204 3515 hinc
2250 3452 2314 3514 in
2358 3452 2515 3514 filiis
2560 3452 2882 3515 similibus
2924 3452 3082 3527 vir0,
3124 3472 3251 3516 non
3296 3455 3362 3516 in

1863 3549 2123 3613 feminis
2183 3549 2589 3613 circumcisio
2647 3548 2811 3612 facta
2868 3558 2982 3611 est.
3047 3550 3358 3627 Secunde,

1864 3649 2167 3730 quoniam
2207 3648 2308 3710 vir
2352 3647 2725 3730 principalis
2768 3655 2865 3709 est
2908 3648 2973 3709 in
3016 3649 3365 3728 generatio-

1864 3766 1966 3820 ne,
1999 3754 2190 3827 atque
2222 3746 2286 3807 in
2320 3745 2460 3825 ejus
2499 3744 2744 3807 semine
2775 3746 2978 3807 virtus
3008 3754 3105 3808 est
3134 3745 3361 3809 forma-

1866 3844 2027 3924 tiva3
2061 3862 2281 3905 semen
2313 3860 2462 3905 vero
2490 3841 2779 3904 mulieris
2808 3850 2904 3904 est
2934 3843 3259 3906 materiale
3288 3864 3360 3907 ac

1866 3941 2193 4025 passivum
2241 3940 2635 4022 principium
2681 3957 2694 4001 :
2744 3948 3002 4022 propter
3052 3942 3220 4022 quod
3268 3962 3361 4005 se-

1866 4041 2147 4103 cundum
2190 4040 2498 4111 doctoreS,
2531 4038 2585 4100 si
2626 4038 2824 4101 Adam
2864 4057 2991 4102 non
3034 4048 3356 4122 peccante,
3392 4068 3653 4125 ςμχχῃ,

1867 4137 2099 4201 mulier
2129 4137 2263 4200 sola
2292 4144 2637 4219 peccasset,
2670 4154 2798 4200 non
2828 4135 3055 4200 fuisset
3081 4138 3362 4202 transfu-
3388 4136 3526 4188 ⁹⁴³⁰
3538 4133 3587 4178 0·

283 4240 718 4323 impedimento
754 4246 1042 4302 cessante
1081 4245 1146 4301 et
1187 4245 1430 4302 remoto
1466 4238 1755 4302 obstacu·
1784 4237 1835 4302 D
1865 4255 2008 4299 sum
2050 4236 2114 4298 in
2157 4242 2445 4318 posteros
2484 4234 2791 4317 originale
2830 4236 3035 4317 quoad
3076 4236 3357 4319 culpam,

285 4337 358 4411 lo,
395 4340 554 4403 Deus
592 4338 862 4421 gratiam
908 4335 1185 4399 influxit.

353 4436 639 4500 Praeterea
668 4441 1004 4518 peccatum
1045 4434 1112 4496 in
1153 4433 1642 4496 circumcisione
1673 4434 1760 4495 di-

287 4535 665 4614 mittebatur3
715 4534 808 4597 sic
857 4541 1094 4605 tamen,
1136 4532 1306 4615 quod
1351 4532 1757 4596 circumcisio

288 4652 387 4713 per
415 4634 720 4717 posterius
751 4631 1138 4715 operabatur
1166 4631 1409 4713 peccati
1441 4630 1760 4693 remissio-

287 4750 433 4794 nem.
456 4732 641 4796 Verbi
673 4732 895 4813 gratia,
915 4730 980 4792 in
1014 4737 1274 4813 peccato
1303 4738 1454 4792 sunt
1481 4730 1603 4792 tria
1631 4729 1754 4792 sibi

289 4847 566 4905 connexa,
599 4837 820 4913 utpote
851 4829 1064 4911 culpa,
1097 4828 1330 4891 divinae
1358 4828 1625 4891 visionis
1655 4847 1756 4891 ca-

289 4931 486 5003 rentia,
533 4928 907 5011 fomitisque
955 4926 1232 4990 intensio
1283 4945 1396 4988 seu
1454 4944 1756 5008 augmen-

289 5032 426 5088 tum.
467 5028 542 5089 Et
581 5029 636 5089 si
680 5026 926 5108 aliquid
971 5024 1200 5087 debeat
1252 5025 1492 5087 directe
1545 5026 1756 5088 delere

291 5134 615 5205 peccatum,
665 5130 917 5207 oportet
962 5124 1132 5205 quod
1191 5123 1474 5204 primum
1530 5123 1760 5186 habeat

291 5224 694 5288 causalitatem
727 5223 806 5285 ad
843 5222 1049 5304 culpae
1077 5221 1497 5299 deletionem3
1529 5240 1757 5303 quum-

292 5338 402 5403 que
427 5322 542 5386 alia
568 5323 698 5386 duo
727 5338 1016 5384 connexa
1045 5319 1174 5382 sint
1203 5318 1322 5393 illi,
1345 5318 1759 5382 remittuntur

1865 4336 1976 4398 sed
2021 4335 2227 4417 quoad
2275 4334 2672 4417 poenalitates
2714 4342 2981 4397 secutas.
3018 4336 3248 4411 Tertio,
3280 4338 3358 4400 ad

1863 4434 2331 4498 ostendendum
2378 4432 2931 4516 imperfectionem
2980 4437 3360 4499 sacramenti

1866 4534 2062 4607 illius,
2095 4540 2408 4614 quatenus
2453 4532 2626 4595 aliud
2678 4533 2972 4613 generale
3014 4553 3087 4597 ac
3132 4535 3360 4598 melius

1864 4632 2048 4713 (puta
2075 4630 2425 4714 Baptisma)
2452 4638 2965 4713 exspectaretur:
2991 4652 3183 4715 quam
3215 4652 3359 4696 cau-

1867 4749 2002 4793 sam
2047 4729 2291 4793 aestimo
2336 4728 2686 4792 meliorem.
2720 4764 2801 4775 —
2839 4730 3057 4793 Fiebat
3098 4732 3359 4795 demum

1865 4826 2269 4890 circumcisio
2308 4827 2658 4902 circularis,
2692 4835 2762 4889 ut
2800 4828 3079 4891 circulus
3118 4838 3361 4893 notare-

1866 4933 1970 4988 tur
2018 4926 2286 5009 peccati,
2328 4926 2499 5007 quod
2547 4926 2757 5008 primo
2805 4925 2929 4988 fuit
2975 4927 3038 4989 in
3090 4946 3359 5010 persona

1867 5025 2011 5099 viri,
2057 5031 2123 5086 et
2169 5024 2401 5087 deinde
2448 5043 2711 5107 serpens
2760 5034 2830 5087 ut
2871 5043 3101 5088 cancer
3147 5044 3359 5091 corru-

1868 5123 1963 5206 pit
1995 5130 2287 5185 naturam
2327 5123 2393 5185 in
2434 5123 2658 5206 primis
2698 5123 3068 5206 parentibus
3082 5142 3099 5204 ;
3131 5143 3207 5186 ex
3248 5125 3359 5187 illa

1865 5240 2122 5304 quoque
2160 5221 2444 5305 corrupit
2489 5228 2780 5285 naturam
2821 5222 2887 5284 in
2928 5222 3243 5304 parvulis3
3294 5232 3359 5288 et

1867 5328 2167 5403 corrupta
2212 5326 2437 5383 natura
2483 5320 2552 5383 in
2608 5320 2909 5403 parvuliS,
2960 5319 3053 5385 sic
3102 5338 3358 5407 quoque
