4267 6250
863 491 948 558 32
1941 508 2290 558 tuomum(
2328 509 2889 559 commmonuu

867 679 934 742 in
971 678 1208 762 quibus
1245 679 1568 744 dominica
1612 677 1914 743 recolitur
1956 681 2187 763 passio.
2235 681 2384 756 Quae
2422 681 2613 746 etiam
2658 689 3054 746 sacramenta
3098 688 3249 746 sunt
3288 680 3623 745 unctiones
3674 689 3969 744 curantes

871 788 1174 852 vitiorum
1213 789 1566 872 languores.
1613 789 1952 853 Unctiones
1991 807 2143 853 vero
2188 809 2329 872 quae
2372 799 2553 854 erant
2594 791 2662 854 in
2707 790 2864 872 lege,
2906 789 3169 853 fuerunt
3210 788 3585 870 figurativae,
3619 806 3746 852 non
3790 807 3970 852 cura-

870 895 1035 958 tivae.
1067 894 1163 958 Ad
1207 896 1327 959 hoc
1365 913 1516 978 ergo
1553 895 1723 978 quod
1767 895 2002 978 aliquis
2044 896 2284 962 faceret
2328 906 2651 979 unguenta
2691 897 3085 979 hujusmodi,
3126 896 3459 979 oportebat
3498 897 3669 979 quod
3708 894 3973 959 afferret

873 1002 1242 1065 unctionem
1273 1001 1691 1084 spiritualem,
1711 1009 1776 1064 et
1803 1003 2107 1066 virtutem
2138 1005 2419 1068 vitalem.
2456 1005 2533 1068 Et
2562 1005 2679 1068 iste
2708 1013 2806 1068 est
2834 1004 3142 1079 Christus,
3162 1021 3413 1066 summe
3442 1011 3507 1066 et
3534 1021 3683 1066 vere
3714 1010 3969 1078 unctus,

571 1134 652 1179 Pe.
673 1138 836 1187 xuv‚e.
867 1109 1050 1190 juxta
1088 1109 1247 1172 illud
1287 1109 1354 1172 in
1385 1110 1633 1173 Psalmo
1667 1128 1682 1172 ε
1716 1109 1906 1173 Unxit
1934 1118 1997 1173 te
2027 1111 2217 1186 DeuS,
2251 1113 2418 1176 Deus
2448 1120 2619 1186 tuus,
2652 1113 2793 1176 oleo
2828 1112 3059 1177 laetitiae
3096 1130 3227 1194 prae
3260 1110 3684 1194 participibus
3712 1110 3861 1174 tuis.
3897 1111 3975 1173 Et

611 1243 843 1298 amna.
871 1217 1024 1300 quia
1065 1217 1132 1280 in
1171 1235 1240 1279 se
1279 1216 1504 1278 habuit
1541 1217 1737 1280 vitam
1785 1218 2330 1300 quemadmodum
2374 1219 2573 1294 Pater,
2618 1226 2899 1282 mortuos
2937 1217 3271 1281 vivificare
3313 1224 3594 1301 poterat3
3636 1217 3779 1280 ideo
3820 1216 3975 1280 fecit

573 1308 642 1358 ²⁶·
665 1309 733 1352 ²¹·
869 1331 1265 1388 sacramenta
1304 1324 1587 1389 curativa
1625 1343 1662 1386 a
1702 1325 1928 1388 morbo
1967 1324 2159 1388 letali.
2192 1325 2435 1409 Nempe
2475 1325 2629 1390 dum
2672 1333 2951 1390 nostram
2992 1325 3440 1390 mortalitatem
3478 1344 3611 1388 suae
3654 1324 3976 1388 immorta-

870 1433 1032 1495 litati
1071 1431 1301 1507 univit,
1334 1438 1398 1495 et
1437 1431 1544 1494 ille
1584 1432 1695 1514 qui
1734 1431 1867 1495 vita
1900 1431 2045 1507 fuit,
2079 1440 2369 1496 mortuus
2406 1441 2525 1510 est,
2557 1434 2725 1496 facta
2762 1441 2859 1496 est
2897 1433 3217 1497 confectio
3254 1433 3320 1495 in
3359 1451 3486 1515 qua
3523 1439 3586 1495 et
3624 1450 3741 1515 per
3777 1451 3972 1514 quam

871 1540 1106 1603 mortui
1139 1539 1564 1620 reviviscunt3
1596 1546 1767 1603 etex
1798 1547 2003 1603 morte
2033 1538 2239 1622 ipsius
2268 1549 2663 1604 sacramenta
2690 1541 3051 1605 efficaciam
3086 1541 3458 1605 sortiuntur.
3490 1574 3573 1586 —
3600 1539 3744 1603 flaeo
3774 1540 3973 1603 Bona-

868 1656 1156 1712 ventura.

573 1896 637 1941 1„
653 1911 724 1950 m,
743 1900 783 1950 2,
796 1901 835 1942 ⁴.
986 1865 1067 1928 At
1107 1882 1260 1929 vero
1305 1864 1524 1928 Petrus
1571 1881 1690 1947 pro
1731 1864 1993 1947 prologo
2035 1862 2143 1926 hic
2186 1862 2434 1925 inducit
2466 1879 2483 1925 z
2510 1863 2861 1925 Hauriecis
2902 1881 3109 1943 aquas
3151 1865 3225 1924 in
3259 1865 3508 1942 qaudio
3556 1866 3638 1926 de
3675 1865 3973 1942 sontibus

865 1974 1274 2041 Salvatoris:
1300 1981 1360 2032 et
1399 1973 1631 2034 dicetis
1667 1974 1742 2032 in
1779 1973 1888 2032 die
1923 1973 2068 2042 illa,
2101 1971 2521 2048 Confitemini
2546 1971 2825 2032 Domino
2862 1978 2924 2030 et
2965 1971 3256 2030 invocate
3294 1991 3527 2031 nomen
3564 1972 3727 2049 ejus.
3760 1971 3831 2033 In
3868 1969 3970 2032 his

864 2078 1102 2161 duplex
1133 2077 1408 2142 effectus
1445 2087 2011 2152 sacramentorum,
2043 2078 2123 2140 de
2154 2076 2391 2160 quibus
2429 2077 2533 2140 hic
2568 2077 2797 2159 agitur,
2830 2076 3234 2140 sufficienter
3262 2078 3664 2160 exprimitur.
3696 2078 3971 2141 Mundus

569 2213 836 2266 ammas.
865 2185 1107 2268 quippe
1148 2185 1392 2268 duplici
1443 2187 1846 2250 incommodo
1888 2184 2245 2260 tenebatur,
2277 2183 2580 2248 videlicet
2622 2185 2829 2268 culpae
2869 2193 2933 2248 et
2976 2204 3181 2268 poenae
3222 2186 3359 2251 sive
3392 2187 3665 2251 miseriae
3696 2205 3712 2249 ε
3744 2205 3971 2250 omnes

865 2293 1040 2356 enim
1090 2301 1537 2376 peccaverunt,
1577 2302 1643 2356 et
1684 2292 1958 2375 egebant
1997 2292 2201 2374 gloria
2246 2293 2378 2356 Dei.
2422 2291 2711 2356 Christus
2748 2311 2901 2356 vero
2942 2301 3163 2356 contra
3201 2294 3457 2377 culpam
3497 2295 3713 2358 attulit
3750 2295 3970 2376 gratiae

864 2401 1369 2478 exuberantiam,
1401 2409 1593 2484 atque
1634 2401 1916 2465 laetitiam
1956 2400 2174 2482 gloriae
2212 2407 2433 2463 contra
2472 2399 2817 2463 miseriam.
2851 2399 2981 2463 Hoc
3020 2400 3258 2483 duplex
3300 2401 3695 2465 beneficium
3736 2400 3971 2466 Christi

866 2509 1160 2591 praedixit
1187 2509 1380 2573 Isaias
1415 2509 1516 2573 his
1545 2509 1782 2584 verbis,
1815 2507 2197 2591 promittens
2237 2505 2449 2589 primo
2486 2506 2553 2568 in
2593 2506 2889 2588 praesenti
2928 2506 3381 2569 abundantiam
3419 2508 3637 2588 gratioe
3667 2508 3971 2573 salvantis

863 2635 902 2678 a
931 2617 1141 2700 culpa,
1175 2618 1394 2681 dicens
1427 2635 1442 2680 :
1479 2639 1514 2677 «
1543 2616 1859 2680 Haurietis
1897 2633 2095 2698 aquas
2125 2631 2199 2694 »3
2234 2614 2536 2689 secundo,
2572 2612 2639 2676 in
2670 2613 2886 2677 futuro
2918 2613 3203 2679 laetitiam
3241 2614 3531 2696 gloriosae
3564 2617 3973 2681 resurrectio-

865 2725 966 2786 nis
1006 2725 1338 2788 liberantis
1377 2725 1458 2788 ab
1495 2725 1673 2789 omni
1705 2723 1983 2799 miseria,
2017 2723 2257 2786 addens
2291 2740 2307 2786 ε
2342 2745 2376 2783 α
2406 2722 2484 2786 Et
2512 2722 2738 2785 dicetis
2768 2723 2835 2785 in
2862 2722 2968 2784 die
3000 2721 3130 2797 illa,
3164 2723 3576 2787 Confitemini
3607 2725 3879 2789 Domino
3908 2748 3964 2789 n.

864 2833 1152 2896 Declarat
1191 2851 1449 2917 quoque
1484 2842 1616 2897 tres
1655 2832 2052 2896 conditiones
2091 2831 2309 2913 gratiae
2353 2830 2621 2894 lavantis
2658 2848 2696 2892 a
2734 2829 2945 2913 culpa,
2980 2830 3298 2905 videlicet,
3328 2831 3546 2912 gratiae
3585 2832 3964 2916 largitatem,

867 2939 956 3002 ibi
983 2957 998 3002 ε
1025 2941 1388 3004 «Haurietis
1417 2960 1614 3024 aquas
1636 2958 1709 3021 »3
1742 2939 1960 3021 gratiae
1990 2938 2679 3014 utilitatem,dicendo:
2707 2960 2741 2997 α
2759 2938 2824 2999 in
2852 2937 3085 3018 gaudio
3104 2955 3178 3017 »3
3210 2946 3273 3000 et
3302 2938 3443 3019 ejus
3474 2939 3965 3022 perennitatem,

605 3071 808 3119 aea-au.
861 3047 1224 3129 adjiciens:
1260 3071 1294 3109 α
1325 3050 1404 3112 de
1448 3047 1732 3112 fontibus
1777 3046 2118 3111 Salvatoris
2150 3069 2205 3109 ».
2259 3046 2639 3129 Lat-gitatem
2681 3045 2943 3128 quidem
2979 3065 2993 3109 :
3028 3064 3175 3107 nam
3224 3046 3391 3109 sicut
3438 3046 3665 3111 diebus
3708 3048 3838 3112 Noe
3886 3050 3967 3112 ad

865 3157 1089 3219 mundi
1130 3158 1571 3239 purgationem
1602 3157 1841 3220 factum
1873 3162 1970 3219 est
1997 3155 2317 3219 diluvium
2352 3153 2783 3238 corporalium
2819 3172 3152 3236 aquarum,
3186 3154 3273 3215 ita
3300 3153 3701 3237 temporibus
3732 3156 3967 3221 Christi

863 3265 942 3327 ad
982 3262 1205 3328 mundi
1248 3264 1664 3328 salvationem
1703 3263 1945 3326 factum
1990 3270 2088 3326 est
2128 3262 2448 3326 diluvium
2486 3280 2797 3345 aquarum
2836 3261 3294 3343 spiritualium,
3321 3260 3505 3342 juxta
3547 3262 3707 3325 illud
3750 3264 3968 3327 Eccle-

583 3401 834 3453 aecana.
865 3372 1103 3435 siastici
1138 3391 1153 3436 :
1187 3372 1257 3435 In
1294 3371 1524 3434 diebus
1563 3370 1690 3433 illis
1729 3377 2191 3433 emanaverunt
2221 3370 2397 3453 putei
2435 3388 2765 3452 aquarum.
2801 3369 2871 3431 ln
2900 3367 3089 3449 cujus
3128 3369 3382 3450 signum
3421 3368 3615 3432 fluxit
3650 3370 3731 3433 de
3770 3370 3967 3435 latere

565 3465 836 3571 ‘52⁰''⁸·¹¹⁸’
864 3478 1096 3542 Christi
1124 3497 1290 3560 aqua
1319 3478 1386 3541 in
1418 3477 1811 3542 ablutionem
1849 3485 2281 3560 peccatorum.
2315 3476 2490 3540 Unde
2520 3476 2847 3538 Zacharias
2881 3492 2896 3537 ε
2928 3474 3153 3538 Factus
3184 3482 3281 3538 est
3311 3474 3452 3539 fons
3491 3484 3714 3558 patens
3742 3477 3965 3542 domui

572 3558 834 3697 ‚lech-¹¹¹¹·
865 3586 1063 3649 David
1079 3586 1174 3667 (id
1205 3593 1300 3649 est
1325 3585 1558 3649 vulnus
1587 3592 1880 3668 apertum
1915 3585 1980 3647 in
2014 3584 2207 3647 latere
2238 3582 2521 3664 Christi),
2537 3583 2603 3645 in
2634 3582 3027 3645 ablutionem
3059 3582 3411 3665 peccatoris
3438 3589 3503 3645 et
3534 3592 3959 3650 menstruatae.

599 3683 614 3696 ⁶
862 3692 1304 3757 Necessarium
1353 3692 1478 3755 fuit
1523 3692 1840 3756 diluvium
1887 3692 2115 3755 harum
2164 3709 2497 3774 aquarum,
2539 3689 2844 3773 quoniam
2892 3688 3227 3752 inundavit
3273 3689 3587 3753 diluvium
3632 3691 3958 3755 vitiorum.

861 3801 985 3865 Has
1026 3820 1222 3883 aquas
1265 3801 1512 3884 antiqui
1551 3801 1808 3863 haurire
1845 3818 1972 3863 non
2017 3805 2329 3883 poterant,
2362 3797 2511 3879 quia
2552 3814 2680 3861 non
2718 3794 3164 3858 continebatur
3204 3814 3411 3879 neque
3453 3796 3723 3860 dabatur
3760 3799 3965 3879 gratia

593 3882 832 3983 lev-‚usia
863 3907 930 3970 in
969 3908 1382 3970 sacramentis
1412 3926 1656 3971 eorum.
1692 3907 1885 3969 Erant
1913 3923 2191 3988 namque
2222 3904 2389 3967 sicut
2420 3903 2710 3967 cisternae
2742 3902 3086 3984 dissipatae,
3110 3906 3260 3985 'quoe
3290 3904 3619 3967 continere
3648 3923 3777 3968 non
3818 3924 3965 3987 pos-

863 4020 1014 4076 sunt
1053 4032 1272 4096 aquaS,
1315 4014 1380 4077 id
1421 4021 1520 4077 est
1561 4014 1907 4096 gratiarum
1956 4011 2220 4074 fluenta.
2264 4011 2527 4093 Propter
2568 4011 2737 4093 quod
2780 4010 3194 4092 conqueritur
3236 4011 3541 4074 Dominus
3583 4012 3663 4075 de
3702 4012 3960 4087 Judaeis,

617 4144 809 4190 mam,
865 4118 1090 4201 legalia
1130 4127 1272 4202 post
1302 4119 1534 4183 Christi
1575 4120 1920 4183 adventum
1961 4116 2389 4191 servantibuS,
2421 4118 2591 4199 apud
2625 4117 2963 4182 Ieremiam
2999 4138 3013 4183 ε
3048 4118 3537 4201 Dereliquerunt
3575 4138 3679 4184 me
3715 4120 3963 4185 fontem

861 4244 1043 4310 aquae
1085 4226 1269 4302 vivie,
1313 4234 1378 4290 et
1419 4226 1720 4290 foderunt
1767 4224 1890 4288 sibi
1935 4224 2261 4287 cisternas.
2296 4224 2700 4289 Sacramenta
2740 4234 2955 4290 autem
3004 4225 3386 4307 evangelicae
3432 4225 3591 4307 legis
3633 4230 3965 4294 continent

592 4360 803 4413 tamn.
859 4334 1317 4398 abundantiam
1354 4335 1726 4417 gratiarum,
1758 4334 1838 4397 de
1877 4333 2114 4415 quibus
2155 4333 2452 4396 admonet
2481 4333 2671 4396 lsaias
2705 4351 2720 4396 ε
2754 4333 2987 4397 Omnes
3027 4334 3335 4408 sitienteS,
3368 4334 3582 4399 venite
3622 4336 3699 4399 ad
3738 4356 3959 4420 aquaS.

860 4443 1051 4507 Porro
1099 4442 1441 4505 utilitatem
1496 4441 1715 4522 gratiae
1761 4441 2238 4505 sacramentalis
2286 4442 2583 4517 ostendit,
2632 4442 2925 4506 addendo
2976 4462 2991 4506 ε
3045 4464 3080 4503 «
3121 4442 3187 4505 in
3235 4442 3470 4523 gaudio
3508 4465 3569 4505 ».
3622 4445 3959 4511 Peccatum

860 4570 1138 4633 namque
1182 4550 1393 4613 aufert
1432 4548 1739 4631 gaudium
1783 4548 2041 4631 duplex,
2075 4549 2377 4613 videlicet
2420 4566 2435 4611 ε
2476 4550 2782 4630 gaudium
2824 4550 3041 4631 gratiae
3083 4549 3150 4613 in
3193 4551 3512 4633 praesenti,
3546 4558 3611 4614 et
3649 4554 3959 4633 gaudium

581 4676 828 4729 roa-«az.
859 4660 1174 4723 beatificae
1204 4658 1469 4722 visionis
1501 4657 1568 4720 in
1597 4656 1833 4720 futuro.
1869 4657 2044 4720 Unde
2074 4655 2302 4721 Tobias
2330 4657 2421 4719 ait
2454 4676 2469 4721 ε
2502 4657 2697 4731 Quale
2732 4657 2892 4719 mihi
2920 4658 3225 4739 gaudium
3258 4657 3400 4733 erit,
3434 4660 3548 4741 qui
3580 4660 3647 4721 in
3675 4661 3961 4725 tenebris

857 4768 1068 4844 sedeo,
1100 4775 1166 4831 et
1197 4768 1414 4831 lumen
1445 4766 1591 4831 coeli
1630 4783 1757 4829 non
1788 4765 2019 4829 video?
2051 4765 2171 4830 Sed
2210 4768 2411 4849 gratia
2450 4767 2920 4831 sacramentalis
2948 4766 3116 4829 tollit
3146 4767 3420 4831 tristitiae
3454 4787 3733 4843 causam,
3768 4769 3830 4832 id
3861 4783 3963 4837 est

571 4900 654 4945 1³2.
672 4913 768 4952 ω,
785 4903 826 4945 s.
855 4885 1214 4959 peccatum,
1261 4884 1325 4939 et
1370 4882 1716 4957 utrumque
1763 4873 2042 4937 restituit
2091 4876 2420 4956 gaudium,
2468 4875 2651 4956 juxta
2700 4875 2860 4938 illud
2914 4892 2929 4937 :
2982 4876 3293 4939 Fluminis
3344 4877 3621 4960 impetus
3672 4878 3961 4945 laetificat

853 4983 1179 5048 civitatem
1208 4983 1340 5047 Dei.
1374 4981 1840 5046 Perennitatem
1870 4983 2131 5045 demum
2160 4982 2377 5064 gratiae
2406 4983 2649 5064 pandit,
2680 4983 2969 5046 addendo
3001 5002 3016 5047 z
3052 5006 3089 5043 «
3108 4985 3187 5046 de
3216 4984 3503 5049 fontibus
3534 4986 3875 5052 Salvatoris
3896 5011 3953 5053 n.

853 5091 1400 5165 Quemadmodum
1429 5089 1605 5152 enim
1643 5108 1807 5171 aqua
1836 5088 2112 5152 fontium
2148 5089 2387 5171 jugiter
2416 5088 2587 5165 fluit,
2620 5090 2712 5152 sic
2741 5089 3257 5170 evangelicorum
3296 5092 3498 5173 gratia
3530 5104 3957 5160 sacramento-

585 5212 825 5268 Joann.1v.
853 5219 998 5264 rum
1036 5200 1159 5263 erit
1185 5198 1507 5282 perennis,
1534 5198 1717 5279 juxta
1757 5196 1915 5260 illud
1943 5198 2200 5260 Joannis
2234 5218 2249 5263 ε
2282 5198 2401 5273 Qui
2438 5196 2677 5261 biberit
2714 5216 2793 5261 ex
2830 5216 2995 5281 aqua
3038 5198 3178 5273 hac,
3212 5199 3329 5263 fiet
3370 5200 3436 5263 in
3475 5220 3553 5265 eo
3592 5202 3737 5267 fons
3774 5224 3956 5287 aquae

561 5280 714 5329 ¹³⁹¹⁴'
853 5307 1138 5373 salientis
1187 5306 1253 5369 in
1295 5306 1490 5369 vitam
1533 5312 1856 5369 aeternam.
1897 5303 2003 5366 Ait
2045 5311 2259 5367 autem
2303 5304 2382 5369 de
2430 5304 2716 5369 fontibus
2760 5304 3113 5388 pluraliter,
3156 5308 3462 5390 quoniam
3508 5318 3756 5393 septem
3805 5320 3957 5375 sunt
