<?xml version="1.0" encoding="UTF-8"?>
<!DOCTYPE html PUBLIC "-//W3C//DTD XHTML 1.0 Transitional//EN"
    "http://www.w3.org/TR/xhtml1/DTD/xhtml1-transitional.dtd">
<html xmlns="http://www.w3.org/1999/xhtml" xml:lang="en" lang="en">
 <head>
  <title>
</title>
<meta http-equiv="Content-Type" content="text/html;charset=utf-8" />
  <meta name='ocr-system' content='tesseract 3.04.00' />
  <meta name='ocr-capabilities' content='ocr_page ocr_carea ocr_par ocr_line ocrx_word'/>
</head>
<body>
  <div class='ocr_page' id='page_1' title='image "./doctorisecstati04unkngoog_0212.png"; bbox 0 0 4267 6250; ppageno 0'>
   <div class='ocr_carea' id='block_1_1' title="bbox 527 1976 794 2084">
    <p class='ocr_par' dir='ltr' id='par_1_1' title="bbox 527 1976 794 2084">
     <span class='ocr_line' id='line_1_1' title="bbox 563 1976 794 2028; baseline -0.009 -8"><span class='ocrx_word' id='word_1_1' title='bbox 563 1977 600 2020; x_wconf 83' lang='lat'><strong>11</strong></span> <span class='ocrx_word' id='word_1_2' title='bbox 627 1976 731 2021; x_wconf 78' lang='lat' dir='ltr'><strong>Cor.</strong></span> <span class='ocrx_word' id='word_1_3' title='bbox 751 1989 794 2028; x_wconf 79' lang='lat' dir='ltr'><strong>v,</strong></span> 
     </span>
     <span class='ocr_line' id='line_1_2' title="bbox 527 2042 597 2084; baseline 0 -1"><span class='ocrx_word' id='word_1_4' title='bbox 527 2042 597 2084; x_wconf 80' lang='lat'><strong>2⁰.</strong></span> 
     </span>
    </p>
   </div>
   <div class='ocr_carea' id='block_1_2' title="bbox 822 491 940 556">
    <p class='ocr_par' dir='ltr' id='par_1_2' title="bbox 822 491 940 556">
     <span class='ocr_line' id='line_1_3' title="bbox 822 491 940 556; baseline 0.008 -1"><span class='ocrx_word' id='word_1_5' title='bbox 822 491 940 556; x_wconf 82' lang='lat'><strong>196</strong></span> 
     </span>
    </p>
   </div>
   <div class='ocr_carea' id='block_1_3' title="bbox 1487 506 3271 572">
    <p class='ocr_par' dir='ltr' id='par_1_3' title="bbox 1487 506 3271 572">
     <span class='ocr_line' id='line_1_4' title="bbox 1487 506 3271 572; baseline -0.003 -14"><span class='ocrx_word' id='word_1_6' title='bbox 1487 511 1552 558; x_wconf 77' lang='lat' dir='ltr'><strong>m</strong></span> <span class='ocrx_word' id='word_1_7' title='bbox 1591 512 1816 559; x_wconf 71' lang='lat' dir='ltr'><strong>mmm!</strong></span> <span class='ocrx_word' id='word_1_8' title='bbox 1855 511 1916 558; x_wconf 84' lang='lat' dir='ltr'><strong>lv</strong></span> <span class='ocrx_word' id='word_1_9' title='bbox 1958 509 2443 558; x_wconf 60' lang='lat' dir='ltr'><strong>SENTENTIARUI.</strong></span> <span class='ocrx_word' id='word_1_10' title='bbox 2482 527 2563 538; x_wconf 94' lang='grc'>-</span> <span class='ocrx_word' id='word_1_11' title='bbox 2600 509 2755 556; x_wconf 71' lang='lat' dir='ltr'><strong>msr.</strong></span> <span class='ocrx_word' id='word_1_12' title='bbox 2796 507 2921 572; x_wconf 81' lang='lat' dir='ltr'>v113</span> <span class='ocrx_word' id='word_1_13' title='bbox 2964 507 3189 564; x_wconf 71' lang='lat' dir='ltr'><strong>QUAEST.</strong></span> <span class='ocrx_word' id='word_1_14' title='bbox 3230 506 3271 552; x_wconf 78' lang='lat' dir='ltr'>V</span> 
     </span>
    </p>
   </div>
   <div class='ocr_carea' id='block_1_4' title="bbox 823 670 3931 763">
    <p class='ocr_par' dir='ltr' id='par_1_4' title="bbox 823 670 3931 763">
     <span class='ocr_line' id='line_1_5' title="bbox 823 670 3931 763; baseline -0.003 -19"><span class='ocrx_word' id='word_1_15' title='bbox 823 679 1213 763; x_wconf 88' lang='lat' dir='ltr'><strong>pontificalis</strong></span> <span class='ocrx_word' id='word_1_16' title='bbox 1271 680 1486 743; x_wconf 91' lang='lat' dir='ltr'><strong>minus</strong></span> <span class='ocrx_word' id='word_1_17' title='bbox 1531 682 1795 744; x_wconf 82' lang='lat' dir='ltr'>excedat</span> <span class='ocrx_word' id='word_1_18' title='bbox 1841 681 2318 757; x_wconf 85' lang='lat' dir='ltr'><strong>sacerdotalem,</strong></span> <span class='ocrx_word' id='word_1_19' title='bbox 2350 681 2404 745; x_wconf 80' lang='lat' dir='ltr'>A</span> <span class='ocrx_word' id='word_1_20' title='bbox 2431 699 2511 743; x_wconf 88' lang='lat' dir='ltr'><strong>va</strong></span> <span class='ocrx_word' id='word_1_21' title='bbox 2556 687 2620 743; x_wconf 93' lang='lat' dir='ltr'><strong>et</strong></span> <span class='ocrx_word' id='word_1_22' title='bbox 2660 685 3143 742; x_wconf 90' lang='lat' dir='ltr'><strong>sacramentum.</strong></span> <span class='ocrx_word' id='word_1_23' title='bbox 3172 692 3570 760; x_wconf 90' lang='lat' dir='ltr'><strong>supremum,</strong></span> <span class='ocrx_word' id='word_1_24' title='bbox 3602 678 3820 735; x_wconf 87' lang='lat' dir='ltr'><strong>tamen</strong></span> <span class='ocrx_word' id='word_1_25' title='bbox 3864 670 3931 734; x_wconf 83' lang='lat' dir='ltr'><strong>id</strong></span> 
     </span>
    </p>
   </div>
   <div class='ocr_carea' id='block_1_5' title="bbox 823 779 2321 940">
    <p class='ocr_par' dir='ltr' id='par_1_5' title="bbox 823 779 2321 940">
     <span class='ocr_line' id='line_1_6' title="bbox 823 779 2321 861; baseline 0.001 -21"><span class='ocrx_word' id='word_1_26' title='bbox 823 797 1016 860; x_wconf 89' lang='lat' dir='ltr'><strong>quam</strong></span> <span class='ocrx_word' id='word_1_27' title='bbox 1075 779 1482 843; x_wconf 86' lang='lat' dir='ltr'><strong>sacerdotalis</strong></span> <span class='ocrx_word' id='word_1_28' title='bbox 1539 787 1775 843; x_wconf 87' lang='lat' dir='ltr'><strong>statum</strong></span> <span class='ocrx_word' id='word_1_29' title='bbox 1821 780 2152 861; x_wconf 85' lang='lat' dir='ltr'><strong>vulgarem</strong></span> <span class='ocrx_word' id='word_1_30' title='bbox 2208 799 2321 843; x_wconf 93' lang='lat' dir='ltr'><strong>seu</strong></span> 
     </span>
     <span class='ocr_line' id='line_1_7' title="bbox 824 876 1136 940; baseline 0.003 -1"><span class='ocrx_word' id='word_1_31' title='bbox 824 876 1136 940; x_wconf 81' lang='lat' dir='ltr'><strong>laicalem.</strong></span> 
     </span>
    </p>
   </div>
   <div class='ocr_carea' id='block_1_6' title="bbox 821 1073 2329 1846">
    <p class='ocr_par' dir='ltr' id='par_1_6' title="bbox 821 1073 2329 1846">
     <span class='ocr_line' id='line_1_8' title="bbox 901 1073 2325 1158; baseline 0 -22"><span class='ocrx_word' id='word_1_32' title='bbox 901 1073 993 1136; x_wconf 84' lang='lat' dir='ltr'><strong>Ad</strong></span> <span class='ocrx_word' id='word_1_33' title='bbox 1037 1075 1158 1136; x_wconf 92' lang='lat' dir='ltr'><strong>hoc</strong></span> <span class='ocrx_word' id='word_1_34' title='bbox 1186 1074 1723 1138; x_wconf 87' lang='lat' dir='ltr'><strong>Antisiodorensis</strong></span> <span class='ocrx_word' id='word_1_35' title='bbox 1764 1077 2105 1158; x_wconf 82' lang='lat' dir='ltr'><strong>respondet</strong></span> <span class='ocrx_word' id='word_1_36' title='bbox 2140 1093 2325 1157; x_wconf 90' lang='lat' dir='ltr'><strong>quar-</strong></span> 
     </span>
     <span class='ocr_line' id='line_1_9' title="bbox 821 1171 2323 1257; baseline 0.002 -24"><span class='ocrx_word' id='word_1_37' title='bbox 821 1179 887 1234; x_wconf 91' lang='lat' dir='ltr'><strong>to</strong></span> <span class='ocrx_word' id='word_1_38' title='bbox 916 1171 1081 1235; x_wconf 92' lang='lat' dir='ltr'><strong>libro</strong></span> <span class='ocrx_word' id='word_1_39' title='bbox 1111 1192 1240 1236; x_wconf 81' lang='lat' dir='ltr'><strong>suae</strong></span> <span class='ocrx_word' id='word_1_40' title='bbox 1272 1172 1551 1237; x_wconf 82' lang='lat' dir='ltr'><strong>Summae</strong></span> <span class='ocrx_word' id='word_1_41' title='bbox 1571 1193 1584 1237; x_wconf 92' lang='lat'><strong>:</strong></span> <span class='ocrx_word' id='word_1_42' title='bbox 1606 1175 1837 1237; x_wconf 89' lang='lat' dir='ltr'><strong>Dicunt</strong></span> <span class='ocrx_word' id='word_1_43' title='bbox 1866 1174 2141 1257; x_wconf 90' lang='lat' dir='ltr'><strong>quidam,</strong></span> <span class='ocrx_word' id='word_1_44' title='bbox 2156 1174 2323 1256; x_wconf 92' lang='lat' dir='ltr'><strong>quod</strong></span> 
     </span>
     <span class='ocr_line' id='line_1_10' title="bbox 823 1270 2329 1354; baseline 0.002 -22"><span class='ocrx_word' id='word_1_45' title='bbox 823 1270 974 1334; x_wconf 91' lang='lat' dir='ltr'><strong>solis</strong></span> <span class='ocrx_word' id='word_1_46' title='bbox 1004 1271 1324 1354; x_wconf 88' lang='lat' dir='ltr'><strong>episcopis</strong></span> <span class='ocrx_word' id='word_1_47' title='bbox 1355 1271 1604 1334; x_wconf 90' lang='lat' dir='ltr'><strong>licitum</strong></span> <span class='ocrx_word' id='word_1_48' title='bbox 1635 1281 1733 1335; x_wconf 87' lang='lat' dir='ltr'><strong>est</strong></span> <span class='ocrx_word' id='word_1_49' title='bbox 1757 1271 2159 1346; x_wconf 88' lang='lat' dir='ltr'><strong>confirmare,</strong></span> <span class='ocrx_word' id='word_1_50' title='bbox 2176 1290 2329 1354; x_wconf 91' lang='lat' dir='ltr'><strong>quo-</strong></span> 
     </span>
     <span class='ocr_line' id='line_1_11' title="bbox 822 1368 2327 1452; baseline 0.002 -23"><span class='ocrx_word' id='word_1_51' title='bbox 822 1368 995 1430; x_wconf 89' lang='lat' dir='ltr'><strong>niam</strong></span> <span class='ocrx_word' id='word_1_52' title='bbox 1027 1377 1494 1432; x_wconf 90' lang='lat' dir='ltr'><strong>sacramentum</strong></span> <span class='ocrx_word' id='word_1_53' title='bbox 1525 1369 2040 1433; x_wconf 79' lang='lat' dir='ltr'><strong>confirmationis</strong></span> <span class='ocrx_word' id='word_1_54' title='bbox 2068 1378 2167 1433; x_wconf 90' lang='lat' dir='ltr'><strong>est</strong></span> <span class='ocrx_word' id='word_1_55' title='bbox 2191 1390 2327 1452; x_wconf 88' lang='lat' dir='ltr'><strong>per·</strong></span> 
     </span>
     <span class='ocr_line' id='line_1_12' title="bbox 821 1465 2323 1549; baseline 0.002 -21"><span class='ocrx_word' id='word_1_56' title='bbox 821 1465 1130 1528; x_wconf 75' lang='lat' dir='ltr'><strong>sectivum</strong></span> <span class='ocrx_word' id='word_1_57' title='bbox 1172 1475 1235 1529; x_wconf 91' lang='lat' dir='ltr'><strong>et</strong></span> <span class='ocrx_word' id='word_1_58' title='bbox 1273 1467 1488 1549; x_wconf 86' lang='lat' dir='ltr'><strong>gratiae</strong></span> <span class='ocrx_word' id='word_1_59' title='bbox 1528 1469 2128 1531; x_wconf 89' lang='lat' dir='ltr'><strong>consummativum.</strong></span> <span class='ocrx_word' id='word_1_60' title='bbox 2167 1467 2323 1532; x_wconf 95' lang='lat' dir='ltr'><strong>Con-</strong></span> 
     </span>
     <span class='ocr_line' id='line_1_13' title="bbox 823 1565 2321 1648; baseline 0.002 -23"><span class='ocrx_word' id='word_1_61' title='bbox 823 1565 1167 1627; x_wconf 91' lang='lat' dir='ltr'><strong>summatio</strong></span> <span class='ocrx_word' id='word_1_62' title='bbox 1196 1572 1408 1628; x_wconf 87' lang='lat' dir='ltr'><strong>autem</strong></span> <span class='ocrx_word' id='word_1_63' title='bbox 1433 1584 1472 1628; x_wconf 88' lang='lat' dir='ltr'><strong>a</strong></span> <span class='ocrx_word' id='word_1_64' title='bbox 1495 1565 1630 1629; x_wconf 92' lang='lat' dir='ltr'><strong>solo</strong></span> <span class='ocrx_word' id='word_1_65' title='bbox 1653 1574 1751 1628; x_wconf 90' lang='lat' dir='ltr'><strong>est</strong></span> <span class='ocrx_word' id='word_1_66' title='bbox 1773 1566 2044 1648; x_wconf 85' lang='lat' dir='ltr'><strong>Christ03</strong></span> <span class='ocrx_word' id='word_1_67' title='bbox 2063 1566 2321 1629; x_wconf 91' lang='lat' dir='ltr'><strong>initium</strong></span> 
     </span>
     <span class='ocr_line' id='line_1_14' title="bbox 822 1663 2323 1745; baseline 0.002 -21"><span class='ocrx_word' id='word_1_68' title='bbox 822 1681 976 1725; x_wconf 88' lang='lat' dir='ltr'><strong>vero</strong></span> <span class='ocrx_word' id='word_1_69' title='bbox 1019 1663 1172 1725; x_wconf 92' lang='lat' dir='ltr'><strong>boni</strong></span> <span class='ocrx_word' id='word_1_70' title='bbox 1218 1670 1426 1745; x_wconf 90' lang='lat' dir='ltr'><strong>potest</strong></span> <span class='ocrx_word' id='word_1_71' title='bbox 1463 1683 1501 1726; x_wconf 89' lang='lat' dir='ltr'><strong>a</strong></span> <span class='ocrx_word' id='word_1_72' title='bbox 1537 1664 1724 1727; x_wconf 90' lang='lat' dir='ltr'><strong>nobis</strong></span> <span class='ocrx_word' id='word_1_73' title='bbox 1767 1683 1928 1740; x_wconf 91' lang='lat' dir='ltr'><strong>esse,</strong></span> <span class='ocrx_word' id='word_1_74' title='bbox 1971 1666 2123 1727; x_wconf 90' lang='lat' dir='ltr'><strong>dum</strong></span> <span class='ocrx_word' id='word_1_75' title='bbox 2171 1663 2323 1727; x_wconf 86' lang='lat' dir='ltr'><strong>faci-</strong></span> 
     </span>
     <span class='ocr_line' id='line_1_15' title="bbox 825 1761 2320 1846; baseline 0.001 -24"><span class='ocrx_word' id='word_1_76' title='bbox 825 1781 968 1824; x_wconf 88' lang='lat' dir='ltr'><strong>mus</strong></span> <span class='ocrx_word' id='word_1_77' title='bbox 1017 1761 1187 1843; x_wconf 91' lang='lat' dir='ltr'><strong>quod</strong></span> <span class='ocrx_word' id='word_1_78' title='bbox 1237 1763 1302 1825; x_wconf 91' lang='lat' dir='ltr'><strong>in</strong></span> <span class='ocrx_word' id='word_1_79' title='bbox 1350 1762 1536 1825; x_wconf 91' lang='lat' dir='ltr'><strong>nobis</strong></span> <span class='ocrx_word' id='word_1_80' title='bbox 1587 1771 1701 1825; x_wconf 91' lang='lat' dir='ltr'><strong>est.</strong></span> <span class='ocrx_word' id='word_1_81' title='bbox 1756 1763 2056 1846; x_wconf 83' lang='lat' dir='ltr'>Episcopi</span> <span class='ocrx_word' id='word_1_82' title='bbox 2106 1772 2320 1825; x_wconf 86' lang='lat' dir='ltr'><strong>autem</strong></span> 
     </span>
    </p>
   </div>
   <div class='ocr_carea' id='block_1_7' title="bbox 2430 769 3935 1840">
    <p class='ocr_par' dir='ltr' id='par_1_7' title="bbox 2430 769 3935 1840">
     <span class='ocr_line' id='line_1_16' title="bbox 2430 769 3933 860; baseline -0.007 -18"><span class='ocrx_word' id='word_1_83' title='bbox 2430 779 2601 860; x_wconf 91' lang='lat' dir='ltr'><strong>quod</strong></span> <span class='ocrx_word' id='word_1_84' title='bbox 2644 779 2709 841; x_wconf 89' lang='lat' dir='ltr'><strong>in</strong></span> <span class='ocrx_word' id='word_1_85' title='bbox 2748 779 2887 859; x_wconf 90' lang='lat' dir='ltr'><strong>ipsa</strong></span> <span class='ocrx_word' id='word_1_86' title='bbox 2924 784 3021 839; x_wconf 92' lang='lat' dir='ltr'><strong>est</strong></span> <span class='ocrx_word' id='word_1_87' title='bbox 3056 779 3527 838; x_wconf 86' lang='lat' dir='ltr'><strong>sacramentum</strong></span> <span class='ocrx_word' id='word_1_88' title='bbox 3565 778 3631 835; x_wconf 88' lang='lat' dir='ltr'><strong>et</strong></span> <span class='ocrx_word' id='word_1_89' title='bbox 3668 789 3791 846; x_wconf 78' lang='lat' dir='ltr'><strong>reS,</strong></span> <span class='ocrx_word' id='word_1_90' title='bbox 3826 769 3933 832; x_wconf 90' lang='lat' dir='ltr'><strong>ha-</strong></span> 
     </span>
     <span class='ocr_line' id='line_1_17' title="bbox 2430 869 3933 955; baseline -0.005 -17"><span class='ocrx_word' id='word_1_91' title='bbox 2430 876 2541 940; x_wconf 89' lang='lat' dir='ltr'><strong>bet</strong></span> <span class='ocrx_word' id='word_1_92' title='bbox 2588 877 2653 939; x_wconf 90' lang='lat' dir='ltr'><strong>in</strong></span> <span class='ocrx_word' id='word_1_93' title='bbox 2705 895 2795 951; x_wconf 90' lang='lat' dir='ltr'><strong>se,</strong></span> <span class='ocrx_word' id='word_1_94' title='bbox 2838 893 2964 939; x_wconf 91' lang='lat' dir='ltr'><strong>non</strong></span> <span class='ocrx_word' id='word_1_95' title='bbox 3016 875 3081 936; x_wconf 89' lang='lat' dir='ltr'><strong>in</strong></span> <span class='ocrx_word' id='word_1_96' title='bbox 3133 872 3523 955; x_wconf 82' lang='lat' dir='ltr'><strong>suscipiente</strong></span> <span class='ocrx_word' id='word_1_97' title='bbox 3566 891 3579 934; x_wconf 75' lang='grc' dir='ltr'><strong>ε</strong></span> <span class='ocrx_word' id='word_1_98' title='bbox 3622 869 3766 932; x_wconf 90' lang='lat' dir='ltr'><strong>ideo</strong></span> <span class='ocrx_word' id='word_1_99' title='bbox 3814 885 3933 950; x_wconf 91' lang='lat' dir='ltr'><strong>per</strong></span> 
     </span>
     <span class='ocr_line' id='line_1_18' title="bbox 2430 967 3935 1058; baseline -0.005 -20"><span class='ocrx_word' id='word_1_100' title='bbox 2430 976 2901 1058; x_wconf 82' lang='lat' dir='ltr'><strong>susceptionem</strong></span> <span class='ocrx_word' id='word_1_101' title='bbox 2928 972 3339 1036; x_wconf 78' lang='lat' dir='ltr'><strong>Eucharistiae</strong></span> <span class='ocrx_word' id='word_1_102' title='bbox 3366 988 3495 1034; x_wconf 92' lang='lat' dir='ltr'><strong>non</strong></span> <span class='ocrx_word' id='word_1_103' title='bbox 3522 967 3799 1051; x_wconf 77' lang='lat' dir='ltr'><strong>acquirit</strong></span> <span class='ocrx_word' id='word_1_104' title='bbox 3826 967 3935 1030; x_wconf 91' lang='lat' dir='ltr'><strong>ho-</strong></span> 
     </span>
     <span class='ocr_line' id='line_1_19' title="bbox 2432 1071 3927 1157; baseline -0.006 -21"><span class='ocrx_word' id='word_1_105' title='bbox 2432 1092 2538 1137; x_wconf 91' lang='lat' dir='ltr'><strong>mo</strong></span> <span class='ocrx_word' id='word_1_106' title='bbox 2562 1073 3020 1157; x_wconf 88' lang='lat' dir='ltr'><strong>perfectionem</strong></span> <span class='ocrx_word' id='word_1_107' title='bbox 3050 1071 3215 1134; x_wconf 91' lang='lat' dir='ltr'><strong>ultra</strong></span> <span class='ocrx_word' id='word_1_108' title='bbox 3242 1076 3473 1134; x_wconf 90' lang='lat' dir='ltr'><strong>statum</strong></span> <span class='ocrx_word' id='word_1_109' title='bbox 3504 1085 3927 1138; x_wconf 88' lang='lat' dir='ltr'><strong>communem,</strong></span> 
     </span>
     <span class='ocr_line' id='line_1_20' title="bbox 2432 1165 3930 1255; baseline -0.006 -20"><span class='ocrx_word' id='word_1_110' title='bbox 2432 1192 2631 1255; x_wconf 90' lang='lat' dir='ltr'><strong>quum</strong></span> <span class='ocrx_word' id='word_1_111' title='bbox 2663 1189 2791 1235; x_wconf 88' lang='lat' dir='ltr'><strong>non</strong></span> <span class='ocrx_word' id='word_1_112' title='bbox 2823 1171 3229 1254; x_wconf 80' lang='lat' dir='ltr'><strong>imprimatur</strong></span> <span class='ocrx_word' id='word_1_113' title='bbox 3258 1169 3323 1230; x_wconf 92' lang='lat' dir='ltr'><strong>in</strong></span> <span class='ocrx_word' id='word_1_114' title='bbox 3352 1187 3428 1231; x_wconf 92' lang='grc' dir='ltr'><strong>θα</strong></span> <span class='ocrx_word' id='word_1_115' title='bbox 3458 1167 3797 1240; x_wconf 82' lang='lat' dir='ltr'><strong>character,</strong></span> <span class='ocrx_word' id='word_1_116' title='bbox 3816 1165 3930 1227; x_wconf 88' lang='lat' dir='ltr'><strong>sed</strong></span> 
     </span>
     <span class='ocr_line' id='line_1_21' title="bbox 2434 1261 3929 1353; baseline -0.005 -22"><span class='ocrx_word' id='word_1_117' title='bbox 2434 1268 2690 1353; x_wconf 83' lang='lat' dir='ltr'><strong>perficit</strong></span> <span class='ocrx_word' id='word_1_118' title='bbox 2734 1284 3261 1350; x_wconf 89' lang='lat' dir='ltr'><strong>unumquemque</strong></span> <span class='ocrx_word' id='word_1_119' title='bbox 3322 1265 3385 1326; x_wconf 90' lang='lat' dir='ltr'><strong>in</strong></span> <span class='ocrx_word' id='word_1_120' title='bbox 3444 1271 3611 1326; x_wconf 87' lang='lat' dir='ltr'><strong>statu</strong></span> <span class='ocrx_word' id='word_1_121' title='bbox 3668 1279 3803 1325; x_wconf 89' lang='lat' dir='ltr'><strong>suo.</strong></span> <span class='ocrx_word' id='word_1_122' title='bbox 3858 1261 3929 1323; x_wconf 91' lang='lat' dir='ltr'><strong>ln</strong></span> 
     </span>
     <span class='ocr_line' id='line_1_22' title="bbox 2435 1360 3933 1442; baseline -0.005 -13"><span class='ocrx_word' id='word_1_123' title='bbox 2435 1365 2930 1430; x_wconf 89' lang='lat' dir='ltr'><strong>Confirmatione</strong></span> <span class='ocrx_word' id='word_1_124' title='bbox 2959 1382 3111 1428; x_wconf 88' lang='lat' dir='ltr'><strong>vero</strong></span> <span class='ocrx_word' id='word_1_125' title='bbox 3143 1371 3209 1426; x_wconf 88' lang='lat' dir='ltr'><strong>et</strong></span> <span class='ocrx_word' id='word_1_126' title='bbox 3237 1362 3490 1437; x_wconf 84' lang='lat' dir='ltr'><strong>Ordine,</strong></span> <span class='ocrx_word' id='word_1_127' title='bbox 3524 1361 3588 1423; x_wconf 89' lang='lat' dir='ltr'><strong>id</strong></span> <span class='ocrx_word' id='word_1_128' title='bbox 3628 1360 3797 1442; x_wconf 91' lang='lat' dir='ltr'><strong>quod</strong></span> <span class='ocrx_word' id='word_1_129' title='bbox 3830 1367 3933 1422; x_wconf 90' lang='lat' dir='ltr'><strong>est</strong></span> 
     </span>
     <span class='ocr_line' id='line_1_23' title="bbox 2434 1459 3931 1543; baseline -0.005 -15"><span class='ocrx_word' id='word_1_130' title='bbox 2434 1473 2901 1528; x_wconf 87' lang='lat' dir='ltr'><strong>sacramentum</strong></span> <span class='ocrx_word' id='word_1_131' title='bbox 2940 1472 3005 1526; x_wconf 84' lang='lat' dir='ltr'><strong>et</strong></span> <span class='ocrx_word' id='word_1_132' title='bbox 3047 1483 3169 1538; x_wconf 89' lang='lat' dir='ltr'><strong>res,</strong></span> <span class='ocrx_word' id='word_1_133' title='bbox 3202 1469 3300 1525; x_wconf 93' lang='lat' dir='ltr'><strong>est</strong></span> <span class='ocrx_word' id='word_1_134' title='bbox 3336 1461 3577 1543; x_wconf 91' lang='lat' dir='ltr'><strong>aliquid</strong></span> <span class='ocrx_word' id='word_1_135' title='bbox 3621 1460 3687 1522; x_wconf 90' lang='lat' dir='ltr'><strong>in</strong></span> <span class='ocrx_word' id='word_1_136' title='bbox 3728 1459 3931 1522; x_wconf 91' lang='lat' dir='ltr'><strong>susci-</strong></span> 
     </span>
     <span class='ocr_line' id='line_1_24' title="bbox 2435 1557 3931 1645; baseline -0.003 -20"><span class='ocrx_word' id='word_1_137' title='bbox 2435 1564 2651 1645; x_wconf 90' lang='lat' dir='ltr'><strong>piente</strong></span> <span class='ocrx_word' id='word_1_138' title='bbox 2687 1563 3074 1645; x_wconf 90' lang='lat' dir='ltr'><strong>acquisitum</strong></span> <span class='ocrx_word' id='word_1_139' title='bbox 3112 1567 3177 1623; x_wconf 90' lang='lat' dir='ltr'><strong>et</strong></span> <span class='ocrx_word' id='word_1_140' title='bbox 3213 1561 3271 1622; x_wconf 90' lang='lat' dir='ltr'><strong>ei</strong></span> <span class='ocrx_word' id='word_1_141' title='bbox 3315 1560 3701 1641; x_wconf 87' lang='lat' dir='ltr'><strong>impressum</strong></span> <span class='ocrx_word' id='word_1_142' title='bbox 3734 1574 3749 1620; x_wconf 72' lang='grc' dir='ltr'><strong>ε</strong></span> <span class='ocrx_word' id='word_1_143' title='bbox 3783 1557 3931 1620; x_wconf 91' lang='lat' dir='ltr'><strong>ideo</strong></span> 
     </span>
     <span class='ocr_line' id='line_1_25' title="bbox 2432 1659 3931 1745; baseline -0.006 -19"><span class='ocrx_word' id='word_1_144' title='bbox 2432 1668 2809 1745; x_wconf 91' lang='lat' dir='ltr'><strong>promovent</strong></span> <span class='ocrx_word' id='word_1_145' title='bbox 2838 1661 3294 1743; x_wconf 89' lang='lat' dir='ltr'><strong>suscipientem</strong></span> <span class='ocrx_word' id='word_1_146' title='bbox 3324 1659 3491 1720; x_wconf 90' lang='lat' dir='ltr'><strong>ultra</strong></span> <span class='ocrx_word' id='word_1_147' title='bbox 3519 1674 3931 1720; x_wconf 87' lang='lat' dir='ltr'><strong>communem</strong></span> 
     </span>
     <span class='ocr_line' id='line_1_26' title="bbox 2433 1755 3931 1840; baseline -0.005 -17"><span class='ocrx_word' id='word_1_148' title='bbox 2433 1769 2666 1824; x_wconf 88' lang='lat' dir='ltr'><strong>statum</strong></span> <span class='ocrx_word' id='word_1_149' title='bbox 2710 1759 3023 1823; x_wconf 88' lang='lat' dir='ltr'><strong>fidelium.</strong></span> <span class='ocrx_word' id='word_1_150' title='bbox 3060 1758 3345 1840; x_wconf 91' lang='lat' dir='ltr'><strong>Denique</strong></span> <span class='ocrx_word' id='word_1_151' title='bbox 3386 1755 3674 1838; x_wconf 87' lang='lat' dir='ltr'><strong>episcopi</strong></span> <span class='ocrx_word' id='word_1_152' title='bbox 3712 1761 3931 1818; x_wconf 86' lang='lat' dir='ltr'><strong>aucto·</strong></span> 
     </span>
    </p>
   </div>
   <div class='ocr_carea' id='block_1_8' title="bbox 823 1853 3933 1944">
    <p class='ocr_par' dir='ltr' id='par_1_8' title="bbox 823 1853 3933 1944">
     <span class='ocr_line' id='line_1_27' title="bbox 823 1853 3933 1944; baseline -0.002 -22"><span class='ocrx_word' id='word_1_153' title='bbox 823 1876 1224 1922; x_wconf 89' lang='lat' dir='ltr'><strong>successores</strong></span> <span class='ocrx_word' id='word_1_154' title='bbox 1269 1867 1420 1923; x_wconf 89' lang='lat' dir='ltr'><strong>sunt</strong></span> <span class='ocrx_word' id='word_1_155' title='bbox 1466 1860 1937 1942; x_wconf 89' lang='lat' dir='ltr'><strong>Apostolorum,</strong></span> <span class='ocrx_word' id='word_1_156' title='bbox 1983 1863 2094 1944; x_wconf 92' lang='lat' dir='ltr'><strong>qui</strong></span> <span class='ocrx_word' id='word_1_157' title='bbox 2142 1869 2323 1924; x_wconf 89' lang='lat' dir='ltr'><strong>erant</strong></span> <span class='ocrx_word' id='word_1_158' title='bbox 2359 1860 2404 1923; x_wconf 91' lang='lat' dir='ltr'>B</span> <span class='ocrx_word' id='word_1_159' title='bbox 2436 1861 2687 1922; x_wconf 88' lang='lat' dir='ltr'><strong>ritatem</strong></span> <span class='ocrx_word' id='word_1_160' title='bbox 2718 1865 2782 1922; x_wconf 94' lang='lat' dir='ltr'><strong>et</strong></span> <span class='ocrx_word' id='word_1_161' title='bbox 2809 1857 3253 1922; x_wconf 88' lang='lat' dir='ltr'><strong>excellentiam</strong></span> <span class='ocrx_word' id='word_1_162' title='bbox 3294 1856 3533 1918; x_wconf 85' lang='lat' dir='ltr'><strong>habent</strong></span> <span class='ocrx_word' id='word_1_163' title='bbox 3558 1873 3753 1938; x_wconf 91' lang='lat' dir='ltr'><strong>super</strong></span> <span class='ocrx_word' id='word_1_164' title='bbox 3780 1853 3933 1916; x_wconf 87' lang='lat' dir='ltr'><strong>sim-</strong></span> 
     </span>
    </p>
   </div>
   <div class='ocr_carea' id='block_1_9' title="bbox 815 1956 2322 3027">
    <p class='ocr_par' dir='ltr' id='par_1_9' title="bbox 815 1956 2322 3027">
     <span class='ocr_line' id='line_1_28' title="bbox 823 1956 2322 2042; baseline 0.003 -23"><span class='ocrx_word' id='word_1_165' title='bbox 823 1956 1044 2020; x_wconf 85' lang='lat' dir='ltr'><strong>vicarii</strong></span> <span class='ocrx_word' id='word_1_166' title='bbox 1095 1957 1350 2032; x_wconf 89' lang='lat' dir='ltr'><strong>Christi,</strong></span> <span class='ocrx_word' id='word_1_167' title='bbox 1388 1959 1569 2040; x_wconf 87' lang='lat' dir='ltr'><strong>juxta</strong></span> <span class='ocrx_word' id='word_1_168' title='bbox 1617 1960 1775 2022; x_wconf 93' lang='lat' dir='ltr'><strong>illud</strong></span> <span class='ocrx_word' id='word_1_169' title='bbox 1819 1960 2104 2042; x_wconf 85' lang='lat' dir='ltr'><strong>Apostoli</strong></span> <span class='ocrx_word' id='word_1_170' title='bbox 2148 1978 2163 2024; x_wconf 88' lang='lat'>:</span> <span class='ocrx_word' id='word_1_171' title='bbox 2205 1961 2322 2024; x_wconf 90' lang='lat' dir='ltr'><strong>Pro</strong></span> 
     </span>
     <span class='ocr_line' id='line_1_29' title="bbox 822 2055 2321 2138; baseline 0.002 -19"><span class='ocrx_word' id='word_1_172' title='bbox 822 2055 1070 2119; x_wconf 92' lang='lat' dir='ltr'><strong>Christo</strong></span> <span class='ocrx_word' id='word_1_173' title='bbox 1106 2056 1417 2137; x_wconf 86' lang='lat' dir='ltr'><strong>legatione</strong></span> <span class='ocrx_word' id='word_1_174' title='bbox 1447 2056 1796 2138; x_wconf 84' lang='lat' dir='ltr'><strong>fungimur.</strong></span> <span class='ocrx_word' id='word_1_175' title='bbox 1833 2059 1954 2122; x_wconf 90' lang='lat' dir='ltr'><strong>Sed</strong></span> <span class='ocrx_word' id='word_1_176' title='bbox 1995 2058 2115 2120; x_wconf 88' lang='lat' dir='ltr'><strong>ista</strong></span> <span class='ocrx_word' id='word_1_177' title='bbox 2154 2059 2321 2122; x_wconf 91' lang='lat' dir='ltr'><strong>solu-</strong></span> 
     </span>
     <span class='ocr_line' id='line_1_30' title="bbox 819 2140 2319 2237; baseline 0.002 -21"><span class='ocrx_word' id='word_1_178' title='bbox 819 2155 912 2217; x_wconf 91' lang='lat' dir='ltr'><strong>tio</strong></span> <span class='ocrx_word' id='word_1_179' title='bbox 943 2154 1119 2216; x_wconf 88' lang='lat' dir='ltr'><strong>nulla</strong></span> <span class='ocrx_word' id='word_1_180' title='bbox 1147 2155 1423 2230; x_wconf 91' lang='lat' dir='ltr'><strong>videtur,</strong></span> <span class='ocrx_word' id='word_1_181' title='bbox 1458 2156 1761 2237; x_wconf 89' lang='lat' dir='ltr'><strong>quoniam</strong></span> <span class='ocrx_word' id='word_1_182' title='bbox 1805 2156 1972 2219; x_wconf 88' lang='lat' dir='ltr'><strong>sieut</strong></span> <span class='ocrx_word' id='word_1_183' title='bbox 2009 2140 2319 2220; x_wconf 83' lang='lat' dir='ltr'><strong>Dominus</strong></span> 
     </span>
     <span class='ocr_line' id='line_1_31' title="bbox 819 2251 2320 2337; baseline 0.001 -21"><span class='ocrx_word' id='word_1_184' title='bbox 819 2252 1125 2334; x_wconf 84' lang='lat' dir='ltr'><strong>praecepit</strong></span> <span class='ocrx_word' id='word_1_185' title='bbox 1168 2251 1292 2315; x_wconf 91' lang='lat' dir='ltr'><strong>sibi</strong></span> <span class='ocrx_word' id='word_1_186' title='bbox 1336 2253 1472 2316; x_wconf 90' lang='lat' dir='ltr'><strong>dari</strong></span> <span class='ocrx_word' id='word_1_187' title='bbox 1517 2254 1819 2328; x_wconf 89' lang='lat' dir='ltr'><strong>decimas,</strong></span> <span class='ocrx_word' id='word_1_188' title='bbox 1861 2255 1955 2317; x_wconf 87' lang='lat' dir='ltr'><strong>sic</strong></span> <span class='ocrx_word' id='word_1_189' title='bbox 1996 2262 2059 2318; x_wconf 88' lang='lat' dir='ltr'><strong>et</strong></span> <span class='ocrx_word' id='word_1_190' title='bbox 2096 2255 2320 2337; x_wconf 89' lang='lat' dir='ltr'><strong>primi-</strong></span> 
     </span>
     <span class='ocr_line' id='line_1_32' title="bbox 816 2350 2320 2435; baseline 0.003 -23"><span class='ocrx_word' id='word_1_191' title='bbox 816 2351 961 2424; x_wconf 73' lang='lat' dir='ltr'><strong>tiaS,</strong></span> <span class='ocrx_word' id='word_1_192' title='bbox 1013 2350 1091 2412; x_wconf 94' lang='lat' dir='ltr'><strong>ad</strong></span> <span class='ocrx_word' id='word_1_193' title='bbox 1143 2351 1541 2415; x_wconf 91' lang='lat' dir='ltr'><strong>innuendum</strong></span> <span class='ocrx_word' id='word_1_194' title='bbox 1591 2353 1761 2435; x_wconf 90' lang='lat' dir='ltr'><strong>quod</strong></span> <span class='ocrx_word' id='word_1_195' title='bbox 1811 2353 1979 2416; x_wconf 91' lang='lat' dir='ltr'><strong>sicut</strong></span> <span class='ocrx_word' id='word_1_196' title='bbox 2023 2371 2320 2417; x_wconf 88' lang='lat' dir='ltr'><strong>consum-</strong></span> 
     </span>
     <span class='ocr_line' id='line_1_33' title="bbox 819 2449 2319 2534; baseline 0.004 -24"><span class='ocrx_word' id='word_1_197' title='bbox 819 2449 1017 2511; x_wconf 86' lang='lat' dir='ltr'><strong>matio</strong></span> <span class='ocrx_word' id='word_1_198' title='bbox 1067 2455 1131 2511; x_wconf 92' lang='lat' dir='ltr'><strong>et</strong></span> <span class='ocrx_word' id='word_1_199' title='bbox 1179 2449 1490 2531; x_wconf 80' lang='lat' dir='ltr'><strong>perfectio</strong></span> <span class='ocrx_word' id='word_1_200' title='bbox 1537 2450 1688 2514; x_wconf 90' lang='lat' dir='ltr'><strong>boni</strong></span> <span class='ocrx_word' id='word_1_201' title='bbox 1739 2452 1819 2514; x_wconf 90' lang='lat' dir='ltr'><strong>ab</strong></span> <span class='ocrx_word' id='word_1_202' title='bbox 1870 2451 2010 2534; x_wconf 90' lang='lat' dir='ltr'><strong>ipso</strong></span> <span class='ocrx_word' id='word_1_203' title='bbox 2058 2461 2175 2526; x_wconf 90' lang='lat' dir='ltr'><strong>est,</strong></span> <span class='ocrx_word' id='word_1_204' title='bbox 2226 2453 2319 2516; x_wconf 89' lang='lat' dir='ltr'><strong>sic</strong></span> 
     </span>
     <span class='ocr_line' id='line_1_34' title="bbox 817 2547 2318 2633; baseline 0.003 -23"><span class='ocrx_word' id='word_1_205' title='bbox 817 2555 882 2610; x_wconf 92' lang='lat' dir='ltr'><strong>et</strong></span> <span class='ocrx_word' id='word_1_206' title='bbox 929 2547 1186 2610; x_wconf 90' lang='lat' dir='ltr'><strong>initium</strong></span> <span class='ocrx_word' id='word_1_207' title='bbox 1236 2549 1408 2613; x_wconf 93' lang='lat' dir='ltr'><strong>boni.</strong></span> <span class='ocrx_word' id='word_1_208' title='bbox 1459 2551 1607 2612; x_wconf 92' lang='lat' dir='ltr'><strong>Ideo</strong></span> <span class='ocrx_word' id='word_1_209' title='bbox 1655 2550 2094 2632; x_wconf 89' lang='lat' dir='ltr'><strong>respondetur,</strong></span> <span class='ocrx_word' id='word_1_210' title='bbox 2147 2551 2318 2633; x_wconf 91' lang='lat' dir='ltr'><strong>quod</strong></span> 
     </span>
     <span class='ocr_line' id='line_1_35' title="bbox 817 2651 2315 2732; baseline 0 -20"><span class='ocrx_word' id='word_1_211' title='bbox 817 2651 1108 2731; x_wconf 83' lang='lat' dir='ltr'><strong>quaedam</strong></span> <span class='ocrx_word' id='word_1_212' title='bbox 1141 2656 1536 2712; x_wconf 85' lang='lat' dir='ltr'><strong>sacramenta</strong></span> <span class='ocrx_word' id='word_1_213' title='bbox 1565 2657 1716 2712; x_wconf 89' lang='lat' dir='ltr'><strong>sunt</strong></span> <span class='ocrx_word' id='word_1_214' title='bbox 1745 2668 1972 2732; x_wconf 86' lang='lat' dir='ltr'><strong>magna</strong></span> <span class='ocrx_word' id='word_1_215' title='bbox 2002 2658 2315 2732; x_wconf 89' lang='lat' dir='ltr'><strong>quantum</strong></span> 
     </span>
     <span class='ocr_line' id='line_1_36' title="bbox 815 2747 2319 2831; baseline 0 -21"><span class='ocrx_word' id='word_1_216' title='bbox 815 2749 896 2811; x_wconf 91' lang='lat' dir='ltr'><strong>ad</strong></span> <span class='ocrx_word' id='word_1_217' title='bbox 926 2749 1405 2831; x_wconf 73' lang='lat' dir='ltr'><strong>praerogativam</strong></span> <span class='ocrx_word' id='word_1_218' title='bbox 1437 2747 1710 2811; x_wconf 88' lang='lat' dir='ltr'><strong>effectus</strong></span> <span class='ocrx_word' id='word_1_219' title='bbox 1738 2767 1812 2811; x_wconf 89' lang='lat' dir='ltr'><strong>ac</strong></span> <span class='ocrx_word' id='word_1_220' title='bbox 1842 2748 2319 2830; x_wconf 88' lang='lat' dir='ltr'><strong>dignitatem,ut</strong></span> 
     </span>
     <span class='ocr_line' id='line_1_37' title="bbox 817 2846 2319 2928; baseline -0.001 -18"><span class='ocrx_word' id='word_1_221' title='bbox 817 2846 983 2911; x_wconf 92' lang='lat' dir='ltr'><strong>Ordo</strong></span> <span class='ocrx_word' id='word_1_222' title='bbox 1029 2855 1092 2910; x_wconf 91' lang='lat' dir='ltr'><strong>et</strong></span> <span class='ocrx_word' id='word_1_223' title='bbox 1139 2846 1577 2920; x_wconf 83' lang='lat' dir='ltr'><strong>ConfirmatiO,</strong></span> <span class='ocrx_word' id='word_1_224' title='bbox 1619 2865 1763 2928; x_wconf 81' lang='lat' dir='ltr'><strong>quae</strong></span> <span class='ocrx_word' id='word_1_225' title='bbox 1805 2866 1842 2909; x_wconf 88' lang='lat' dir='ltr'><strong>a</strong></span> <span class='ocrx_word' id='word_1_226' title='bbox 1885 2847 2038 2910; x_wconf 91' lang='lat' dir='ltr'><strong>solis</strong></span> <span class='ocrx_word' id='word_1_227' title='bbox 2069 2847 2319 2910; x_wconf 88' lang='lat' dir='ltr'><strong>·dantur</strong></span> 
     </span>
     <span class='ocr_line' id='line_1_38' title="bbox 816 2944 2316 3027; baseline 0.001 -20"><span class='ocrx_word' id='word_1_228' title='bbox 816 2945 1153 3027; x_wconf 80' lang='lat' dir='ltr'><strong>episeopis.</strong></span> <span class='ocrx_word' id='word_1_229' title='bbox 1199 2944 1660 3026; x_wconf 87' lang='lat' dir='ltr'><strong>Episcoporum</strong></span> <span class='ocrx_word' id='word_1_230' title='bbox 1711 2963 1988 3027; x_wconf 88' lang='lat' dir='ltr'><strong>namque</strong></span> <span class='ocrx_word' id='word_1_231' title='bbox 2030 2953 2128 3008; x_wconf 93' lang='lat' dir='ltr'><strong>est</strong></span> <span class='ocrx_word' id='word_1_232' title='bbox 2168 2963 2316 3008; x_wconf 88' lang='lat' dir='ltr'><strong>con-</strong></span> 
     </span>
    </p>
   </div>
   <div class='ocr_carea' id='block_1_10' title="bbox 2425 1952 3935 3027">
    <p class='ocr_par' dir='ltr' id='par_1_10' title="bbox 2430 1952 3935 2428">
     <span class='ocr_line' id='line_1_39' title="bbox 2434 1952 3931 2041; baseline -0.005 -20"><span class='ocrx_word' id='word_1_233' title='bbox 2434 1959 2634 2041; x_wconf 90' lang='lat' dir='ltr'><strong>plices</strong></span> <span class='ocrx_word' id='word_1_234' title='bbox 2692 1958 3050 2022; x_wconf 87' lang='lat' dir='ltr'><strong>sacerdotes</strong></span> <span class='ocrx_word' id='word_1_235' title='bbox 3097 1961 3406 2039; x_wconf 89' lang='lat' dir='ltr'><strong>quantum</strong></span> <span class='ocrx_word' id='word_1_236' title='bbox 3456 1955 3536 2017; x_wconf 88' lang='lat' dir='ltr'><strong>ad</strong></span> <span class='ocrx_word' id='word_1_237' title='bbox 3586 1952 3931 2036; x_wconf 80' lang='lat' dir='ltr'><strong>mysticum</strong></span> 
     </span>
     <span class='ocr_line' id='line_1_40' title="bbox 2432 2051 3933 2139; baseline -0.005 -20"><span class='ocrx_word' id='word_1_238' title='bbox 2432 2074 2663 2139; x_wconf 91' lang='lat' dir='ltr'><strong>corpus</strong></span> <span class='ocrx_word' id='word_1_239' title='bbox 2712 2055 2963 2119; x_wconf 87' lang='lat' dir='ltr'><strong>Christi.</strong></span> <span class='ocrx_word' id='word_1_240' title='bbox 3014 2054 3175 2117; x_wconf 88' lang='lat' dir='ltr'><strong>Hinc</strong></span> <span class='ocrx_word' id='word_1_241' title='bbox 3225 2054 3395 2116; x_wconf 87' lang='lat' dir='ltr'><strong>circa</strong></span> <span class='ocrx_word' id='word_1_242' title='bbox 3441 2051 3669 2115; x_wconf 86' lang='lat' dir='ltr'><strong>fideles</strong></span> <span class='ocrx_word' id='word_1_243' title='bbox 3726 2051 3933 2113; x_wconf 81' lang='lat' dir='ltr'><strong>multa</strong></span> 
     </span>
     <span class='ocr_line' id='line_1_41' title="bbox 2432 2151 3929 2235; baseline -0.005 -17"><span class='ocrx_word' id='word_1_244' title='bbox 2432 2155 2822 2218; x_wconf 88' lang='lat' dir='ltr'><strong>conveniunt</strong></span> <span class='ocrx_word' id='word_1_245' title='bbox 2859 2153 3011 2217; x_wconf 91' lang='lat' dir='ltr'><strong>solis</strong></span> <span class='ocrx_word' id='word_1_246' title='bbox 3048 2151 3389 2235; x_wconf 90' lang='lat' dir='ltr'><strong>episcopis,</strong></span> <span class='ocrx_word' id='word_1_247' title='bbox 3422 2157 3494 2213; x_wconf 93' lang='lat' dir='ltr'><strong>ut</strong></span> <span class='ocrx_word' id='word_1_248' title='bbox 3532 2166 3929 2235; x_wconf 86' lang='lat' dir='ltr'><strong>promovere,</strong></span> 
     </span>
     <span class='ocr_line' id='line_1_42' title="bbox 2430 2248 3935 2327; baseline -0.005 -10"><span class='ocrx_word' id='word_1_249' title='bbox 2430 2272 2824 2327; x_wconf 90' lang='lat' dir='ltr'><strong>consecrare,</strong></span> <span class='ocrx_word' id='word_1_250' title='bbox 2865 2252 3100 2326; x_wconf 89' lang='lat' dir='ltr'><strong>velare,</strong></span> <span class='ocrx_word' id='word_1_251' title='bbox 3140 2251 3434 2315; x_wconf 88' lang='lat' dir='ltr'><strong>ordinare</strong></span> <span class='ocrx_word' id='word_1_252' title='bbox 3478 2257 3545 2312; x_wconf 92' lang='lat' dir='ltr'><strong>et</strong></span> <span class='ocrx_word' id='word_1_253' title='bbox 3592 2248 3935 2312; x_wconf 84' lang='lat' dir='ltr'><strong>confirma-</strong></span> 
     </span>
     <span class='ocr_line' id='line_1_43' title="bbox 2431 2351 3141 2428; baseline -0.004 -13"><span class='ocrx_word' id='word_1_254' title='bbox 2431 2372 2521 2428; x_wconf 89' lang='lat' dir='ltr'><strong>re,</strong></span> <span class='ocrx_word' id='word_1_255' title='bbox 2553 2360 2625 2415; x_wconf 93' lang='lat' dir='ltr'><strong>ut</strong></span> <span class='ocrx_word' id='word_1_256' title='bbox 2666 2351 2833 2415; x_wconf 89' lang='lat' dir='ltr'><strong>infra</strong></span> <span class='ocrx_word' id='word_1_257' title='bbox 2874 2351 3141 2413; x_wconf 90' lang='lat' dir='ltr'><strong>dicetur.</strong></span> 
     </span>
    </p>

    <p class='ocr_par' dir='ltr' id='par_1_11' title="bbox 2425 2448 3933 3027">
     <span class='ocr_line' id='line_1_44' title="bbox 2510 2448 3932 2535; baseline -0.004 -20"><span class='ocrx_word' id='word_1_258' title='bbox 2510 2453 2631 2516; x_wconf 90' lang='lat' dir='ltr'><strong>Sed</strong></span> <span class='ocrx_word' id='word_1_259' title='bbox 2664 2452 2862 2535; x_wconf 85' lang='lat' dir='ltr'><strong>quaeri</strong></span> <span class='ocrx_word' id='word_1_260' title='bbox 2903 2457 3130 2532; x_wconf 90' lang='lat' dir='ltr'><strong>potest,</strong></span> <span class='ocrx_word' id='word_1_261' title='bbox 3164 2458 3379 2512; x_wconf 90' lang='lat' dir='ltr'><strong>utrum</strong></span> <span class='ocrx_word' id='word_1_262' title='bbox 3414 2468 3493 2511; x_wconf 92' lang='lat' dir='ltr'><strong>ex</strong></span> <span class='ocrx_word' id='word_1_263' title='bbox 3532 2448 3932 2512; x_wconf 90' lang='lat' dir='ltr'><strong>commissio—</strong></span> 
     </span>
     <span class='ocr_line' id='line_1_45' title="bbox 2428 2548 3933 2632; baseline -0.003 -18"><span class='ocrx_word' id='word_1_264' title='bbox 2428 2571 2509 2614; x_wconf 91' lang='lat' dir='ltr'><strong>ne</strong></span> <span class='ocrx_word' id='word_1_265' title='bbox 2552 2551 2795 2615; x_wconf 90' lang='lat' dir='ltr'><strong>domini</strong></span> <span class='ocrx_word' id='word_1_266' title='bbox 2840 2550 3020 2632; x_wconf 82' lang='lat' dir='ltr'><strong>Papae</strong></span> <span class='ocrx_word' id='word_1_267' title='bbox 3068 2549 3342 2630; x_wconf 87' lang='lat' dir='ltr'><strong>simplex</strong></span> <span class='ocrx_word' id='word_1_268' title='bbox 3387 2548 3679 2611; x_wconf 87' lang='lat' dir='ltr'><strong>sacerdos</strong></span> <span class='ocrx_word' id='word_1_269' title='bbox 3720 2548 3933 2610; x_wconf 84' lang='lat' dir='ltr'><strong>valeat</strong></span> 
     </span>
     <span class='ocr_line' id='line_1_46' title="bbox 2428 2647 3933 2732; baseline -0.001 -20"><span class='ocrx_word' id='word_1_270' title='bbox 2428 2650 2834 2714; x_wconf 86' lang='lat' dir='ltr'><strong>confirmare.</strong></span> <span class='ocrx_word' id='word_1_271' title='bbox 2877 2647 3436 2732; x_wconf 88' lang='lat' dir='ltr'><strong>Respondendum,</strong></span> <span class='ocrx_word' id='word_1_272' title='bbox 3479 2647 3647 2728; x_wconf 88' lang='lat' dir='ltr'><strong>quod</strong></span> <span class='ocrx_word' id='word_1_273' title='bbox 3686 2647 3767 2709; x_wconf 87' lang='lat' dir='ltr'><strong>de</strong></span> <span class='ocrx_word' id='word_1_274' title='bbox 3806 2647 3933 2710; x_wconf 88' lang='lat' dir='ltr'><strong>hoc</strong></span> 
     </span>
     <span class='ocr_line' id='line_1_47' title="bbox 2428 2744 3931 2832; baseline -0.001 -22"><span class='ocrx_word' id='word_1_275' title='bbox 2428 2748 2765 2832; x_wconf 87' lang='lat' dir='ltr'><strong>multiplex</strong></span> <span class='ocrx_word' id='word_1_276' title='bbox 2812 2747 3062 2810; x_wconf 88' lang='lat' dir='ltr'><strong>exsistit</strong></span> <span class='ocrx_word' id='word_1_277' title='bbox 3102 2745 3341 2829; x_wconf 90' lang='lat' dir='ltr'><strong>opinio.</strong></span> <span class='ocrx_word' id='word_1_278' title='bbox 3384 2745 3541 2808; x_wconf 85' lang='lat' dir='ltr'><strong>Nam</strong></span> <span class='ocrx_word' id='word_1_279' title='bbox 3588 2744 3789 2827; x_wconf 87' lang='lat' dir='ltr'><strong>aliqui</strong></span> <span class='ocrx_word' id='word_1_280' title='bbox 3834 2745 3931 2808; x_wconf 84' lang='lat' dir='ltr'><strong>di-</strong></span> 
     </span>
     <span class='ocr_line' id='line_1_48' title="bbox 2426 2842 3933 2929; baseline -0.004 -20"><span class='ocrx_word' id='word_1_281' title='bbox 2426 2855 2581 2909; x_wconf 91' lang='lat' dir='ltr'><strong>cunt</strong></span> <span class='ocrx_word' id='word_1_282' title='bbox 2618 2846 2788 2929; x_wconf 91' lang='lat' dir='ltr'><strong>quod</strong></span> <span class='ocrx_word' id='word_1_283' title='bbox 2828 2864 2975 2909; x_wconf 91' lang='lat' dir='ltr'><strong>non.</strong></span> <span class='ocrx_word' id='word_1_284' title='bbox 3012 2846 3085 2908; x_wconf 80' lang='lat' dir='ltr'><strong>Et</strong></span> <span class='ocrx_word' id='word_1_285' title='bbox 3125 2845 3295 2928; x_wconf 89' lang='lat' dir='ltr'><strong>quod</strong></span> <span class='ocrx_word' id='word_1_286' title='bbox 3335 2846 3403 2907; x_wconf 93' lang='lat' dir='ltr'><strong>in</strong></span> <span class='ocrx_word' id='word_1_287' title='bbox 3443 2844 3651 2907; x_wconf 91' lang='lat' dir='ltr'><strong>littera</strong></span> <span class='ocrx_word' id='word_1_288' title='bbox 3689 2842 3933 2905; x_wconf 90' lang='lat' dir='ltr'><strong>dicitur</strong></span> 
     </span>
     <span class='ocr_line' id='line_1_49' title="bbox 2425 2941 3931 3027; baseline -0.004 -19"><span class='ocrx_word' id='word_1_289' title='bbox 2425 2946 2503 3008; x_wconf 94' lang='lat' dir='ltr'><strong>de</strong></span> <span class='ocrx_word' id='word_1_290' title='bbox 2534 2945 2854 3026; x_wconf 84' lang='lat' dir='ltr'><strong>Gregorio,</strong></span> <span class='ocrx_word' id='word_1_291' title='bbox 2888 2952 3215 3027; x_wconf 88' lang='lat' dir='ltr'><strong>exponunt</strong></span> <span class='ocrx_word' id='word_1_292' title='bbox 3245 2943 3415 3025; x_wconf 92' lang='lat' dir='ltr'><strong>quod</strong></span> <span class='ocrx_word' id='word_1_293' title='bbox 3445 2942 3539 3004; x_wconf 90' lang='lat' dir='ltr'><strong>illi</strong></span> <span class='ocrx_word' id='word_1_294' title='bbox 3569 2941 3931 3024; x_wconf 76' lang='lat' dir='ltr'><strong>presbyteri</strong></span> 
     </span>
    </p>
   </div>
   <div class='ocr_carea' id='block_1_11' title="bbox 815 3041 3930 3125">
    <p class='ocr_par' dir='ltr' id='par_1_12' title="bbox 815 3041 3930 3125">
     <span class='ocr_line' id='line_1_50' title="bbox 815 3041 3930 3125; baseline -0 -21"><span class='ocrx_word' id='word_1_295' title='bbox 815 3041 1100 3118; x_wconf 83' lang='lat' dir='ltr'><strong>firmare,</strong></span> <span class='ocrx_word' id='word_1_296' title='bbox 1133 3043 1448 3116; x_wconf 90' lang='lat' dir='ltr'><strong>ordinare,</strong></span> <span class='ocrx_word' id='word_1_297' title='bbox 1481 3042 1862 3105; x_wconf 90' lang='lat' dir='ltr'><strong>benedicere</strong></span> <span class='ocrx_word' id='word_1_298' title='bbox 1894 3050 1957 3105; x_wconf 91' lang='lat' dir='ltr'><strong>et</strong></span> <span class='ocrx_word' id='word_1_299' title='bbox 1987 3061 2315 3106; x_wconf 90' lang='lat' dir='ltr'><strong>consecra·</strong></span> <span class='ocrx_word' id='word_1_300' title='bbox 2346 3044 2389 3109; x_wconf 97' lang='lat' dir='ltr'><strong>C</strong></span> <span class='ocrx_word' id='word_1_301' title='bbox 2426 3063 2504 3106; x_wconf 91' lang='lat' dir='ltr'><strong>ex</strong></span> <span class='ocrx_word' id='word_1_302' title='bbox 2545 3044 2839 3106; x_wconf 87' lang='lat' dir='ltr'><strong>mandato</strong></span> <span class='ocrx_word' id='word_1_303' title='bbox 2882 3043 3061 3125; x_wconf 81' lang='lat' dir='ltr'><strong>Papae</strong></span> <span class='ocrx_word' id='word_1_304' title='bbox 3101 3060 3227 3106; x_wconf 87' lang='lat' dir='ltr'><strong>non</strong></span> <span class='ocrx_word' id='word_1_305' title='bbox 3270 3041 3684 3104; x_wconf 88' lang='lat' dir='ltr'><strong>conferebant</strong></span> <span class='ocrx_word' id='word_1_306' title='bbox 3718 3059 3930 3103; x_wconf 88' lang='lat' dir='ltr'><strong>sacra-</strong></span> 
     </span>
    </p>
   </div>
   <div class='ocr_carea' id='block_1_12' title="bbox 813 3142 2317 4209">
    <p class='ocr_par' dir='ltr' id='par_1_13' title="bbox 813 3142 2317 3895">
     <span class='ocr_line' id='line_1_51' title="bbox 816 3142 2317 3225; baseline 0.001 -21"><span class='ocrx_word' id='word_1_307' title='bbox 816 3160 908 3216; x_wconf 91' lang='lat' dir='ltr'><strong>re,</strong></span> <span class='ocrx_word' id='word_1_308' title='bbox 940 3150 1242 3223; x_wconf 90' lang='lat' dir='ltr'><strong>tanquam</strong></span> <span class='ocrx_word' id='word_1_309' title='bbox 1275 3142 1613 3223; x_wconf 86' lang='lat' dir='ltr'><strong>majorum.</strong></span> <span class='ocrx_word' id='word_1_310' title='bbox 1648 3142 1824 3205; x_wconf 92' lang='lat' dir='ltr'><strong>Unde</strong></span> <span class='ocrx_word' id='word_1_311' title='bbox 1853 3149 1918 3206; x_wconf 89' lang='lat' dir='ltr'><strong>et</strong></span> <span class='ocrx_word' id='word_1_312' title='bbox 1948 3142 2013 3205; x_wconf 88' lang='lat' dir='ltr'><strong>in</strong></span> <span class='ocrx_word' id='word_1_313' title='bbox 2044 3143 2317 3225; x_wconf 90' lang='lat' dir='ltr'><strong>primiti-</strong></span> 
     </span>
     <span class='ocr_line' id='line_1_52' title="bbox 815 3240 2315 3323; baseline 0.001 -21"><span class='ocrx_word' id='word_1_314' title='bbox 815 3259 896 3303; x_wconf 84' lang='lat' dir='ltr'><strong>va</strong></span> <span class='ocrx_word' id='word_1_315' title='bbox 943 3240 1246 3315; x_wconf 87' lang='lat' dir='ltr'><strong>Ecclesia,</strong></span> <span class='ocrx_word' id='word_1_316' title='bbox 1300 3258 1416 3322; x_wconf 89' lang='lat' dir='ltr'><strong>per</strong></span> <span class='ocrx_word' id='word_1_317' title='bbox 1471 3258 1780 3302; x_wconf 90' lang='lat' dir='ltr'><strong>manuum</strong></span> <span class='ocrx_word' id='word_1_318' title='bbox 1832 3240 2315 3323; x_wconf 89' lang='lat' dir='ltr'><strong>impositionem</strong></span> 
     </span>
     <span class='ocr_line' id='line_1_53' title="bbox 816 3337 2315 3420; baseline 0.002 -20"><span class='ocrx_word' id='word_1_319' title='bbox 816 3337 1286 3401; x_wconf 86' lang='lat' dir='ltr'><strong>confirmabant</strong></span> <span class='ocrx_word' id='word_1_320' title='bbox 1315 3338 1684 3420; x_wconf 80' lang='lat' dir='ltr'><strong>baptizatos,</strong></span> <span class='ocrx_word' id='word_1_321' title='bbox 1713 3339 1782 3401; x_wconf 90' lang='lat' dir='ltr'><strong>In</strong></span> <span class='ocrx_word' id='word_1_322' title='bbox 1814 3338 2315 3403; x_wconf 89' lang='lat' dir='ltr'><strong>Confirmatione</strong></span> 
     </span>
     <span class='ocr_line' id='line_1_54' title="bbox 816 3435 2316 3501; baseline 0.002 -3"><span class='ocrx_word' id='word_1_323' title='bbox 816 3442 1030 3499; x_wconf 88' lang='lat' dir='ltr'><strong>autem</strong></span> <span class='ocrx_word' id='word_1_324' title='bbox 1070 3435 1148 3498; x_wconf 88' lang='lat' dir='ltr'><strong>fit</strong></span> <span class='ocrx_word' id='word_1_325' title='bbox 1181 3436 1571 3499; x_wconf 88' lang='lat' dir='ltr'><strong>consecratio</strong></span> <span class='ocrx_word' id='word_1_326' title='bbox 1610 3443 1675 3500; x_wconf 91' lang='lat' dir='ltr'><strong>et</strong></span> <span class='ocrx_word' id='word_1_327' title='bbox 1705 3438 2171 3501; x_wconf 89' lang='lat' dir='ltr'><strong>consummatio</strong></span> <span class='ocrx_word' id='word_1_328' title='bbox 2210 3438 2316 3501; x_wconf 88' lang='lat' dir='ltr'><strong>ba-</strong></span> 
     </span>
     <span class='ocr_line' id='line_1_55' title="bbox 817 3534 2313 3619; baseline 0.002 -23"><span class='ocrx_word' id='word_1_329' title='bbox 817 3535 1194 3616; x_wconf 88' lang='lat' dir='ltr'><strong>ptizatorum</strong></span> <span class='ocrx_word' id='word_1_330' title='bbox 1223 3535 1301 3597; x_wconf 90' lang='lat' dir='ltr'><strong>ad</strong></span> <span class='ocrx_word' id='word_1_331' title='bbox 1331 3534 1746 3598; x_wconf 88' lang='lat' dir='ltr'><strong>arduissimos</strong></span> <span class='ocrx_word' id='word_1_332' title='bbox 1772 3543 1975 3611; x_wconf 89' lang='lat' dir='ltr'><strong>actus,</strong></span> <span class='ocrx_word' id='word_1_333' title='bbox 2009 3555 2124 3619; x_wconf 88' lang='lat' dir='ltr'><strong>per</strong></span> <span class='ocrx_word' id='word_1_334' title='bbox 2153 3553 2313 3618; x_wconf 90' lang='lat' dir='ltr'><strong>quos</strong></span> 
     </span>
     <span class='ocr_line' id='line_1_56' title="bbox 815 3632 2313 3698; baseline 0.002 -4"><span class='ocrx_word' id='word_1_335' title='bbox 815 3632 883 3695; x_wconf 92' lang='lat' dir='ltr'><strong>in</strong></span> <span class='ocrx_word' id='word_1_336' title='bbox 931 3652 1076 3697; x_wconf 88' lang='lat' dir='ltr'><strong>arce</strong></span> <span class='ocrx_word' id='word_1_337' title='bbox 1119 3652 1193 3696; x_wconf 88' lang='lat' dir='ltr'><strong>ac</strong></span> <span class='ocrx_word' id='word_1_338' title='bbox 1235 3633 1372 3695; x_wconf 91' lang='lat' dir='ltr'><strong>acie</strong></span> <span class='ocrx_word' id='word_1_339' title='bbox 1419 3634 1893 3697; x_wconf 88' lang='lat' dir='ltr'><strong>constituuntur</strong></span> <span class='ocrx_word' id='word_1_340' title='bbox 1939 3643 2161 3698; x_wconf 91' lang='lat' dir='ltr'><strong>contra</strong></span> <span class='ocrx_word' id='word_1_341' title='bbox 2206 3636 2313 3697; x_wconf 91' lang='lat' dir='ltr'><strong>ad-</strong></span> 
     </span>
     <span class='ocr_line' id='line_1_57' title="bbox 814 3731 2313 3797; baseline 0 -2"><span class='ocrx_word' id='word_1_342' title='bbox 814 3732 1127 3795; x_wconf 87' lang='lat' dir='ltr'><strong>versarios</strong></span> <span class='ocrx_word' id='word_1_343' title='bbox 1177 3751 1308 3795; x_wconf 78' lang='lat' dir='ltr'><strong>suae</strong></span> <span class='ocrx_word' id='word_1_344' title='bbox 1355 3731 1579 3794; x_wconf 90' lang='lat' dir='ltr'><strong>salutis</strong></span> <span class='ocrx_word' id='word_1_345' title='bbox 1621 3751 1695 3795; x_wconf 90' lang='lat' dir='ltr'><strong>ac</strong></span> <span class='ocrx_word' id='word_1_346' title='bbox 1737 3731 1913 3797; x_wconf 89' lang='lat' dir='ltr'><strong>fidei.</strong></span> <span class='ocrx_word' id='word_1_347' title='bbox 1956 3733 2102 3797; x_wconf 83' lang='lat' dir='ltr'><strong>Haec</strong></span> <span class='ocrx_word' id='word_1_348' title='bbox 2138 3734 2313 3797; x_wconf 84' lang='lat' dir='ltr'><strong>Anti-</strong></span> 
     </span>
     <span class='ocr_line' id='line_1_58' title="bbox 813 3831 1218 3895; baseline 0 -2"><span class='ocrx_word' id='word_1_349' title='bbox 813 3831 1218 3895; x_wconf 88' lang='lat' dir='ltr'><strong>siodorensis.</strong></span> 
     </span>
    </p>

    <p class='ocr_par' dir='ltr' id='par_1_14' title="bbox 813 3930 2317 4209">
     <span class='ocr_line' id='line_1_59' title="bbox 885 3930 2310 3996; baseline 0.002 -3"><span class='ocrx_word' id='word_1_350' title='bbox 885 3930 1076 3994; x_wconf 90' lang='lat' dir='ltr'><strong>Porro</strong></span> <span class='ocrx_word' id='word_1_351' title='bbox 1104 3931 1182 3993; x_wconf 89' lang='lat' dir='ltr'><strong>de</strong></span> <span class='ocrx_word' id='word_1_352' title='bbox 1212 3930 1332 3993; x_wconf 91' lang='lat' dir='ltr'><strong>hoc</strong></span> <span class='ocrx_word' id='word_1_353' title='bbox 1361 3930 1626 3994; x_wconf 88' lang='lat' dir='ltr'><strong>Thomas</strong></span> <span class='ocrx_word' id='word_1_354' title='bbox 1655 3930 1941 3995; x_wconf 87' lang='lat' dir='ltr'><strong>scribens</strong></span> <span class='ocrx_word' id='word_1_355' title='bbox 1971 3930 2310 3996; x_wconf 88' lang='lat' dir='ltr'><strong>diffusius:</strong></span> 
     </span>
     <span class='ocr_line' id='line_1_60' title="bbox 813 4029 2315 4112; baseline 0.001 -21"><span class='ocrx_word' id='word_1_356' title='bbox 813 4029 884 4091; x_wconf 92' lang='lat' dir='ltr'><strong>In</strong></span> <span class='ocrx_word' id='word_1_357' title='bbox 932 4029 1236 4092; x_wconf 89' lang='lat' dir='ltr'><strong>omnibus</strong></span> <span class='ocrx_word' id='word_1_358' title='bbox 1281 4029 1426 4111; x_wconf 90' lang='lat' dir='ltr'><strong>(ait)</strong></span> <span class='ocrx_word' id='word_1_359' title='bbox 1472 4030 1715 4091; x_wconf 90' lang='lat' dir='ltr'><strong>artibus</strong></span> <span class='ocrx_word' id='word_1_360' title='bbox 1773 4037 1963 4111; x_wconf 90' lang='lat' dir='ltr'><strong>atque</strong></span> <span class='ocrx_word' id='word_1_361' title='bbox 2012 4031 2315 4112; x_wconf 91' lang='lat' dir='ltr'><strong>potentiis</strong></span> 
     </span>
     <span class='ocr_line' id='line_1_61' title="bbox 814 4127 2317 4209; baseline 0.001 -19"><span class='ocrx_word' id='word_1_362' title='bbox 814 4127 1123 4191; x_wconf 87' lang='lat' dir='ltr'><strong>ordinatis</strong></span> <span class='ocrx_word' id='word_1_363' title='bbox 1153 4146 1226 4190; x_wconf 95' lang='lat' dir='ltr'><strong>ac</strong></span> <span class='ocrx_word' id='word_1_364' title='bbox 1256 4127 1605 4201; x_wconf 87' lang='lat' dir='ltr'><strong>habitibus,</strong></span> <span class='ocrx_word' id='word_1_365' title='bbox 1625 4127 1852 4189; x_wconf 88' lang='lat' dir='ltr'><strong>ultima</strong></span> <span class='ocrx_word' id='word_1_366' title='bbox 1883 4127 2193 4209; x_wconf 87' lang='lat' dir='ltr'><strong>perfectio</strong></span> <span class='ocrx_word' id='word_1_367' title='bbox 2224 4147 2317 4191; x_wconf 92' lang='lat' dir='ltr'><strong>re-</strong></span> 
     </span>
    </p>
   </div>
   <div class='ocr_carea' id='block_1_13' title="bbox 2423 3139 3937 4213">
    <p class='ocr_par' dir='ltr' id='par_1_15' title="bbox 2423 3139 3937 4213">
     <span class='ocr_line' id='line_1_62' title="bbox 2427 3139 3933 3222; baseline -0.002 -17"><span class='ocrx_word' id='word_1_368' title='bbox 2427 3150 2715 3206; x_wconf 89' lang='lat' dir='ltr'><strong>mentum</strong></span> <span class='ocrx_word' id='word_1_369' title='bbox 2749 3141 3288 3215; x_wconf 80' lang='lat' dir='ltr'><strong>ConfirmationiS,</strong></span> <span class='ocrx_word' id='word_1_370' title='bbox 3312 3140 3424 3204; x_wconf 91' lang='lat' dir='ltr'><strong>sed</strong></span> <span class='ocrx_word' id='word_1_371' title='bbox 3452 3139 3695 3222; x_wconf 89' lang='lat' dir='ltr'><strong>aliquid</strong></span> <span class='ocrx_word' id='word_1_372' title='bbox 3728 3158 3933 3203; x_wconf 87' lang='lat' dir='ltr'><strong>sacra-</strong></span> 
     </span>
     <span class='ocr_line' id='line_1_63' title="bbox 2426 3239 3937 3316; baseline -0.002 -12"><span class='ocrx_word' id='word_1_373' title='bbox 2426 3242 2724 3316; x_wconf 83' lang='lat' dir='ltr'><strong>mentale,</strong></span> <span class='ocrx_word' id='word_1_374' title='bbox 2749 3248 3147 3304; x_wconf 85' lang='lat' dir='ltr'><strong>sacramento</strong></span> <span class='ocrx_word' id='word_1_375' title='bbox 3176 3239 3696 3303; x_wconf 87' lang='lat' dir='ltr'><strong>Confirmationis</strong></span> <span class='ocrx_word' id='word_1_376' title='bbox 3726 3240 3937 3302; x_wconf 87' lang='lat' dir='ltr'><strong>consi-</strong></span> 
     </span>
     <span class='ocr_line' id='line_1_64' title="bbox 2426 3338 3935 3422; baseline -0.001 -20"><span class='ocrx_word' id='word_1_377' title='bbox 2426 3340 2600 3415; x_wconf 89' lang='lat' dir='ltr'><strong>mile,</strong></span> <span class='ocrx_word' id='word_1_378' title='bbox 2616 3341 2783 3403; x_wconf 87' lang='lat' dir='ltr'><strong>sicut</strong></span> <span class='ocrx_word' id='word_1_379' title='bbox 2804 3340 2999 3403; x_wconf 89' lang='lat' dir='ltr'><strong>alicui</strong></span> <span class='ocrx_word' id='word_1_380' title='bbox 3022 3339 3371 3422; x_wconf 82' lang='lat' dir='ltr'><strong>porrigitur</strong></span> <span class='ocrx_word' id='word_1_381' title='bbox 3395 3338 3578 3421; x_wconf 88' lang='lat' dir='ltr'><strong>panis</strong></span> <span class='ocrx_word' id='word_1_382' title='bbox 3604 3355 3935 3401; x_wconf 88' lang='lat' dir='ltr'><strong>consecra-</strong></span> 
     </span>
     <span class='ocr_line' id='line_1_65' title="bbox 2424 3436 3929 3520; baseline -0.001 -18"><span class='ocrx_word' id='word_1_383' title='bbox 2424 3447 2527 3503; x_wconf 90' lang='lat' dir='ltr'><strong>tus</strong></span> <span class='ocrx_word' id='word_1_384' title='bbox 2558 3440 2696 3502; x_wconf 91' lang='lat' dir='ltr'><strong>loco</strong></span> <span class='ocrx_word' id='word_1_385' title='bbox 2722 3438 3153 3502; x_wconf 81' lang='lat' dir='ltr'><strong>Eucharistiae.</strong></span> <span class='ocrx_word' id='word_1_386' title='bbox 3172 3437 3293 3501; x_wconf 91' lang='lat' dir='ltr'><strong>Sed</strong></span> <span class='ocrx_word' id='word_1_387' title='bbox 3319 3455 3446 3501; x_wconf 90' lang='lat' dir='ltr'><strong>non</strong></span> <span class='ocrx_word' id='word_1_388' title='bbox 3476 3436 3730 3499; x_wconf 85' lang='lat' dir='ltr'><strong>videtur</strong></span> <span class='ocrx_word' id='word_1_389' title='bbox 3752 3439 3929 3520; x_wconf 91' lang='lat' dir='ltr'><strong>quod</strong></span> 
     </span>
     <span class='ocr_line' id='line_1_66' title="bbox 2423 3522 3931 3617; baseline -0.001 -16"><span class='ocrx_word' id='word_1_390' title='bbox 2423 3537 2896 3602; x_wconf 88' lang='lat' dir='ltr'><strong>simulationem</strong></span> <span class='ocrx_word' id='word_1_391' title='bbox 2926 3536 3120 3600; x_wconf 90' lang='lat' dir='ltr'><strong>talem</strong></span> <span class='ocrx_word' id='word_1_392' title='bbox 3154 3522 3476 3599; x_wconf 87' lang='lat' dir='ltr'><strong>induxerit</strong></span> <span class='ocrx_word' id='word_1_393' title='bbox 3504 3536 3564 3598; x_wconf 92' lang='lat' dir='ltr'><strong>S.</strong></span> <span class='ocrx_word' id='word_1_394' title='bbox 3582 3534 3931 3617; x_wconf 88' lang='lat' dir='ltr'><strong>Gregorius</strong></span> 
     </span>
     <span class='ocr_line' id='line_1_67' title="bbox 2425 3636 3935 3719; baseline -0.003 -18"><span class='ocrx_word' id='word_1_395' title='bbox 2425 3638 2491 3701; x_wconf 93' lang='lat' dir='ltr'><strong>in</strong></span> <span class='ocrx_word' id='word_1_396' title='bbox 2522 3636 3000 3719; x_wconf 90' lang='lat' dir='ltr'><strong>dispensatione</strong></span> <span class='ocrx_word' id='word_1_397' title='bbox 3026 3641 3714 3708; x_wconf 88' lang='lat' dir='ltr'><strong>sacramentorum,aut</strong></span> <span class='ocrx_word' id='word_1_398' title='bbox 3744 3636 3935 3697; x_wconf 89' lang='lat' dir='ltr'><strong>susti·</strong></span> 
     </span>
     <span class='ocr_line' id='line_1_68' title="bbox 2424 3734 3932 3818; baseline -0.001 -19"><span class='ocrx_word' id='word_1_399' title='bbox 2424 3736 2637 3799; x_wconf 91' lang='lat' dir='ltr'><strong>nuerit</strong></span> <span class='ocrx_word' id='word_1_400' title='bbox 2670 3754 2684 3800; x_wconf 91' lang='lat'><strong>:</strong></span> <span class='ocrx_word' id='word_1_401' title='bbox 2718 3736 3023 3818; x_wconf 84' lang='lat' dir='ltr'><strong>quoniam</strong></span> <span class='ocrx_word' id='word_1_402' title='bbox 3066 3734 3459 3817; x_wconf 88' lang='lat' dir='ltr'><strong>dispensatio</strong></span> <span class='ocrx_word' id='word_1_403' title='bbox 3500 3742 3932 3798; x_wconf 86' lang='lat' dir='ltr'><strong>sacramento-</strong></span> 
     </span>
     <span class='ocr_line' id='line_1_69' title="bbox 2424 3832 3933 3917; baseline -0.001 -19"><span class='ocrx_word' id='word_1_404' title='bbox 2424 3855 2570 3898; x_wconf 92' lang='lat' dir='ltr'><strong>rum</strong></span> <span class='ocrx_word' id='word_1_405' title='bbox 2606 3834 2686 3897; x_wconf 89' lang='lat' dir='ltr'><strong>ad</strong></span> <span class='ocrx_word' id='word_1_406' title='bbox 2725 3834 3030 3898; x_wconf 80' lang='lat' dir='ltr'><strong>doctrinae</strong></span> <span class='ocrx_word' id='word_1_407' title='bbox 3068 3832 3345 3917; x_wconf 89' lang='lat' dir='ltr'><strong>pertinet</strong></span> <span class='ocrx_word' id='word_1_408' title='bbox 3382 3832 3738 3906; x_wconf 86' lang='lat' dir='ltr'><strong>veritatem,</strong></span> <span class='ocrx_word' id='word_1_409' title='bbox 3782 3852 3933 3915; x_wconf 82' lang='lat' dir='ltr'><strong>quae</strong></span> 
     </span>
     <span class='ocr_line' id='line_1_70' title="bbox 2425 3930 3926 4016; baseline -0.002 -20"><span class='ocrx_word' id='word_1_410' title='bbox 2425 3952 2552 3996; x_wconf 91' lang='lat' dir='ltr'><strong>non</strong></span> <span class='ocrx_word' id='word_1_411' title='bbox 2609 3940 2707 3997; x_wconf 85' lang='lat' dir='ltr'><strong>est</strong></span> <span class='ocrx_word' id='word_1_412' title='bbox 2769 3940 3029 4016; x_wconf 92' lang='lat' dir='ltr'><strong>propter</strong></span> <span class='ocrx_word' id='word_1_413' title='bbox 3088 3932 3458 3995; x_wconf 87' lang='lat' dir='ltr'><strong>scandalum</strong></span> <span class='ocrx_word' id='word_1_414' title='bbox 3520 3930 3926 3995; x_wconf 85' lang='lat' dir='ltr'><strong>dimittenda.</strong></span> 
     </span>
     <span class='ocr_line' id='line_1_71' title="bbox 2425 4030 3935 4113; baseline -0.002 -18"><span class='ocrx_word' id='word_1_415' title='bbox 2425 4032 2585 4096; x_wconf 88' lang='lat' dir='ltr'><strong>Hinc</strong></span> <span class='ocrx_word' id='word_1_416' title='bbox 2614 4031 2724 4094; x_wconf 90' lang='lat' dir='ltr'><strong>alii</strong></span> <span class='ocrx_word' id='word_1_417' title='bbox 2754 4031 2977 4093; x_wconf 88' lang='lat' dir='ltr'><strong>dicunt</strong></span> <span class='ocrx_word' id='word_1_418' title='bbox 3003 4038 3245 4093; x_wconf 87' lang='lat' dir='ltr'><strong>tantam</strong></span> <span class='ocrx_word' id='word_1_419' title='bbox 3276 4048 3417 4093; x_wconf 89' lang='lat' dir='ltr'><strong>esse</strong></span> <span class='ocrx_word' id='word_1_420' title='bbox 3446 4030 3627 4113; x_wconf 81' lang='lat' dir='ltr'><strong>Papae</strong></span> <span class='ocrx_word' id='word_1_421' title='bbox 3654 4031 3935 4093; x_wconf 89' lang='lat' dir='ltr'><strong>auctori-</strong></span> 
     </span>
     <span class='ocr_line' id='line_1_72' title="bbox 2425 4128 3931 4213; baseline -0.002 -19"><span class='ocrx_word' id='word_1_422' title='bbox 2425 4139 2619 4194; x_wconf 88' lang='lat' dir='ltr'><strong>tatem</strong></span> <span class='ocrx_word' id='word_1_423' title='bbox 2662 4130 2833 4213; x_wconf 92' lang='lat' dir='ltr'><strong>quod</strong></span> <span class='ocrx_word' id='word_1_424' title='bbox 2878 4129 3020 4213; x_wconf 91' lang='lat' dir='ltr'><strong>ejus</strong></span> <span class='ocrx_word' id='word_1_425' title='bbox 3066 4130 3364 4191; x_wconf 90' lang='lat' dir='ltr'><strong>mandato</strong></span> <span class='ocrx_word' id='word_1_426' title='bbox 3402 4128 3675 4211; x_wconf 89' lang='lat' dir='ltr'><strong>quilibet</strong></span> <span class='ocrx_word' id='word_1_427' title='bbox 3714 4136 3931 4210; x_wconf 89' lang='lat' dir='ltr'><strong>potest</strong></span> 
     </span>
    </p>
   </div>
   <div class='ocr_carea' id='block_1_14' title="bbox 815 4225 3933 4310">
    <p class='ocr_par' dir='ltr' id='par_1_16' title="bbox 815 4225 3933 4310">
     <span class='ocr_line' id='line_1_73' title="bbox 815 4225 3933 4310; baseline 0.001 -22"><span class='ocrx_word' id='word_1_428' title='bbox 815 4233 1104 4289; x_wconf 89' lang='lat' dir='ltr'><strong>servatur</strong></span> <span class='ocrx_word' id='word_1_429' title='bbox 1147 4225 1506 4288; x_wconf 89' lang='lat' dir='ltr'><strong>inducenda</strong></span> <span class='ocrx_word' id='word_1_430' title='bbox 1546 4244 1661 4307; x_wconf 90' lang='lat' dir='ltr'><strong>per</strong></span> <span class='ocrx_word' id='word_1_431' title='bbox 1703 4244 2068 4307; x_wconf 89' lang='lat' dir='ltr'><strong>supremam</strong></span> <span class='ocrx_word' id='word_1_432' title='bbox 2111 4234 2313 4289; x_wconf 87' lang='lat' dir='ltr'><strong>artem</strong></span> <span class='ocrx_word' id='word_1_433' title='bbox 2345 4230 2395 4293; x_wconf 90' lang='lat' dir='ltr'>D</span> <span class='ocrx_word' id='word_1_434' title='bbox 2426 4228 2716 4293; x_wconf 88' lang='lat' dir='ltr'><strong>conferre</strong></span> <span class='ocrx_word' id='word_1_435' title='bbox 2756 4228 2925 4310; x_wconf 92' lang='lat' dir='ltr'><strong>quod</strong></span> <span class='ocrx_word' id='word_1_436' title='bbox 2967 4228 3179 4301; x_wconf 91' lang='lat' dir='ltr'><strong>habet,</strong></span> <span class='ocrx_word' id='word_1_437' title='bbox 3214 4233 3285 4289; x_wconf 93' lang='lat' dir='ltr'><strong>ut</strong></span> <span class='ocrx_word' id='word_1_438' title='bbox 3321 4226 3743 4290; x_wconf 87' lang='lat' dir='ltr'><strong>confirmatus</strong></span> <span class='ocrx_word' id='word_1_439' title='bbox 3777 4245 3933 4291; x_wconf 89' lang='lat' dir='ltr'><strong>con-</strong></span> 
     </span>
    </p>
   </div>
   <div class='ocr_carea' id='block_1_15' title="bbox 809 4323 2317 5391">
    <p class='ocr_par' dir='ltr' id='par_1_17' title="bbox 809 4323 2317 5391">
     <span class='ocr_line' id='line_1_74' title="bbox 814 4323 2314 4407; baseline 0.001 -22"><span class='ocrx_word' id='word_1_440' title='bbox 814 4330 925 4385; x_wconf 91' lang='lat' dir='ltr'><strong>aut</strong></span> <span class='ocrx_word' id='word_1_441' title='bbox 973 4330 1350 4405; x_wconf 83' lang='lat' dir='ltr'><strong>potestatem</strong></span> <span class='ocrx_word' id='word_1_442' title='bbox 1400 4324 1465 4386; x_wconf 92' lang='lat' dir='ltr'><strong>in</strong></span> <span class='ocrx_word' id='word_1_443' title='bbox 1513 4341 1746 4404; x_wconf 90' lang='lat' dir='ltr'><strong>genere</strong></span> <span class='ocrx_word' id='word_1_444' title='bbox 1794 4323 1923 4386; x_wconf 91' lang='lat' dir='ltr'><strong>illo.</strong></span> <span class='ocrx_word' id='word_1_445' title='bbox 1978 4324 2314 4407; x_wconf 91' lang='lat' dir='ltr'><strong>Quumque</strong></span> 
     </span>
     <span class='ocr_line' id='line_1_75' title="bbox 814 4420 2317 4504; baseline 0.001 -20"><span class='ocrx_word' id='word_1_446' title='bbox 814 4422 1101 4504; x_wconf 89' lang='lat' dir='ltr'><strong>episcopi</strong></span> <span class='ocrx_word' id='word_1_447' title='bbox 1151 4422 1216 4484; x_wconf 94' lang='lat' dir='ltr'><strong>in</strong></span> <span class='ocrx_word' id='word_1_448' title='bbox 1264 4421 1698 4485; x_wconf 88' lang='lat' dir='ltr'><strong>ecclesiastica</strong></span> <span class='ocrx_word' id='word_1_449' title='bbox 1745 4420 2103 4485; x_wconf 88' lang='lat' dir='ltr'><strong>hierarchia</strong></span> <span class='ocrx_word' id='word_1_450' title='bbox 2144 4430 2317 4486; x_wconf 88' lang='lat' dir='ltr'><strong>tene-</strong></span> 
     </span>
     <span class='ocr_line' id='line_1_76' title="bbox 812 4519 2313 4602; baseline 0.001 -21"><span class='ocrx_word' id='word_1_451' title='bbox 812 4527 924 4582; x_wconf 89' lang='lat' dir='ltr'><strong>ant</strong></span> <span class='ocrx_word' id='word_1_452' title='bbox 973 4520 1186 4583; x_wconf 91' lang='lat' dir='ltr'><strong>locum</strong></span> <span class='ocrx_word' id='word_1_453' title='bbox 1233 4537 1633 4602; x_wconf 90' lang='lat' dir='ltr'><strong>supremum,</strong></span> <span class='ocrx_word' id='word_1_454' title='bbox 1681 4519 1744 4582; x_wconf 89' lang='lat' dir='ltr'><strong>id</strong></span> <span class='ocrx_word' id='word_1_455' title='bbox 1792 4521 1962 4602; x_wconf 89' lang='lat' dir='ltr'><strong>quod</strong></span> <span class='ocrx_word' id='word_1_456' title='bbox 2011 4520 2313 4584; x_wconf 89' lang='lat' dir='ltr'><strong>ultimum</strong></span> 
     </span>
     <span class='ocr_line' id='line_1_77' title="bbox 814 4617 2315 4682; baseline 0 -1"><span class='ocrx_word' id='word_1_457' title='bbox 814 4626 911 4681; x_wconf 91' lang='lat' dir='ltr'><strong>est</strong></span> <span class='ocrx_word' id='word_1_458' title='bbox 953 4618 1020 4681; x_wconf 93' lang='lat' dir='ltr'><strong>in</strong></span> <span class='ocrx_word' id='word_1_459' title='bbox 1067 4618 1428 4681; x_wconf 87' lang='lat' dir='ltr'><strong>actionibus</strong></span> <span class='ocrx_word' id='word_1_460' title='bbox 1477 4617 1893 4681; x_wconf 87' lang='lat' dir='ltr'><strong>hierarchicis</strong></span> <span class='ocrx_word' id='word_1_461' title='bbox 1935 4618 2029 4681; x_wconf 90' lang='lat' dir='ltr'><strong>eis</strong></span> <span class='ocrx_word' id='word_1_462' title='bbox 2071 4620 2315 4682; x_wconf 91' lang='lat' dir='ltr'><strong>exstitit</strong></span> 
     </span>
     <span class='ocr_line' id='line_1_78' title="bbox 813 4716 2313 4798; baseline 0.001 -19"><span class='ocrx_word' id='word_1_463' title='bbox 813 4718 1287 4780; x_wconf 87' lang='lat' dir='ltr'><strong>reservandum.</strong></span> <span class='ocrx_word' id='word_1_464' title='bbox 1332 4716 1410 4779; x_wconf 90' lang='lat' dir='ltr'><strong>Et</strong></span> <span class='ocrx_word' id='word_1_465' title='bbox 1450 4716 1752 4798; x_wconf 90' lang='lat' dir='ltr'><strong>quoniam</strong></span> <span class='ocrx_word' id='word_1_466' title='bbox 1797 4716 2113 4798; x_wconf 88' lang='lat' dir='ltr'><strong>perficere</strong></span> <span class='ocrx_word' id='word_1_467' title='bbox 2154 4718 2313 4781; x_wconf 90' lang='lat' dir='ltr'><strong>alios</strong></span> 
     </span>
     <span class='ocr_line' id='line_1_79' title="bbox 810 4815 2310 4899; baseline 0 -20"><span class='ocrx_word' id='word_1_468' title='bbox 810 4816 888 4879; x_wconf 88' lang='lat' dir='ltr'><strong>ad</strong></span> <span class='ocrx_word' id='word_1_469' title='bbox 937 4816 1057 4879; x_wconf 94' lang='lat' dir='ltr'><strong>hoc</strong></span> <span class='ocrx_word' id='word_1_470' title='bbox 1104 4815 1275 4898; x_wconf 91' lang='lat' dir='ltr'><strong>quod</strong></span> <span class='ocrx_word' id='word_1_471' title='bbox 1332 4816 1461 4877; x_wconf 91' lang='lat' dir='ltr'><strong>sint</strong></span> <span class='ocrx_word' id='word_1_472' title='bbox 1508 4832 1700 4899; x_wconf 90' lang='lat' dir='ltr'><strong>supra</strong></span> <span class='ocrx_word' id='word_1_473' title='bbox 1757 4822 1991 4878; x_wconf 91' lang='lat' dir='ltr'><strong>statum</strong></span> <span class='ocrx_word' id='word_1_474' title='bbox 2039 4816 2310 4879; x_wconf 90' lang='lat' dir='ltr'><strong>aliorum</strong></span> 
     </span>
     <span class='ocr_line' id='line_1_80' title="bbox 812 4913 2313 4989; baseline 0.001 -12"><span class='ocrx_word' id='word_1_475' title='bbox 812 4932 1244 4989; x_wconf 89' lang='lat' dir='ltr'><strong>communem,</strong></span> <span class='ocrx_word' id='word_1_476' title='bbox 1278 4914 1362 4976; x_wconf 92' lang='lat' dir='ltr'><strong>sit</strong></span> <span class='ocrx_word' id='word_1_477' title='bbox 1395 4914 1462 4975; x_wconf 92' lang='lat' dir='ltr'><strong>in</strong></span> <span class='ocrx_word' id='word_1_478' title='bbox 1500 4913 1858 4977; x_wconf 90' lang='lat' dir='ltr'><strong>actionibus</strong></span> <span class='ocrx_word' id='word_1_479' title='bbox 1898 4914 2313 4978; x_wconf 88' lang='lat' dir='ltr'><strong>hierarchicis</strong></span> 
     </span>
     <span class='ocr_line' id='line_1_81' title="bbox 811 5011 2315 5086; baseline 0 -11"><span class='ocrx_word' id='word_1_480' title='bbox 811 5031 1161 5086; x_wconf 90' lang='lat' dir='ltr'><strong>summum,</strong></span> <span class='ocrx_word' id='word_1_481' title='bbox 1221 5019 1617 5075; x_wconf 85' lang='lat' dir='ltr'><strong>sacramenta</strong></span> <span class='ocrx_word' id='word_1_482' title='bbox 1673 5011 2191 5076; x_wconf 76' lang='lat' dir='ltr'><strong>confirmationis</strong></span> <span class='ocrx_word' id='word_1_483' title='bbox 2249 5020 2315 5076; x_wconf 95' lang='lat' dir='ltr'><strong>et</strong></span> 
     </span>
     <span class='ocr_line' id='line_1_82' title="bbox 810 5109 2315 5193; baseline 0 -20"><span class='ocrx_word' id='word_1_484' title='bbox 810 5110 1085 5185; x_wconf 80' lang='lat' dir='ltr'><strong>Ordinis,</strong></span> <span class='ocrx_word' id='word_1_485' title='bbox 1125 5110 1362 5193; x_wconf 89' lang='lat' dir='ltr'><strong>quibus</strong></span> <span class='ocrx_word' id='word_1_486' title='bbox 1406 5112 1526 5173; x_wconf 92' lang='lat' dir='ltr'><strong>hoc</strong></span> <span class='ocrx_word' id='word_1_487' title='bbox 1570 5109 1667 5185; x_wconf 90' lang='lat' dir='ltr'><strong>fit,</strong></span> <span class='ocrx_word' id='word_1_488' title='bbox 1709 5110 1860 5174; x_wconf 88' lang='lat' dir='ltr'><strong>solis</strong></span> <span class='ocrx_word' id='word_1_489' title='bbox 1908 5118 2315 5174; x_wconf 88' lang='lat' dir='ltr'><strong>reservantur</strong></span> 
     </span>
     <span class='ocr_line' id='line_1_83' title="bbox 809 5208 2314 5293; baseline 0 -19"><span class='ocrx_word' id='word_1_490' title='bbox 809 5210 1129 5293; x_wconf 88' lang='lat' dir='ltr'><strong>episcopis</strong></span> <span class='ocrx_word' id='word_1_491' title='bbox 1172 5209 1615 5292; x_wconf 88' lang='lat' dir='ltr'><strong>dispensanda.</strong></span> <span class='ocrx_word' id='word_1_492' title='bbox 1649 5208 1778 5271; x_wconf 94' lang='lat' dir='ltr'><strong>Nec</strong></span> <span class='ocrx_word' id='word_1_493' title='bbox 1822 5209 1990 5273; x_wconf 88' lang='lat' dir='ltr'><strong>valet</strong></span> <span class='ocrx_word' id='word_1_494' title='bbox 2030 5208 2314 5291; x_wconf 88' lang='lat' dir='ltr'><strong>objectio</strong></span> 
     </span>
     <span class='ocr_line' id='line_1_84' title="bbox 811 5307 2311 5391; baseline -0.001 -19"><span class='ocrx_word' id='word_1_495' title='bbox 811 5310 890 5373; x_wconf 87' lang='lat' dir='ltr'><strong>de</strong></span> <span class='ocrx_word' id='word_1_496' title='bbox 923 5308 1341 5384; x_wconf 88' lang='lat' dir='ltr'><strong>Eucharistia,</strong></span> <span class='ocrx_word' id='word_1_497' title='bbox 1373 5327 1517 5390; x_wconf 79' lang='lat' dir='ltr'><strong>quae</strong></span> <span class='ocrx_word' id='word_1_498' title='bbox 1556 5307 1850 5390; x_wconf 88' lang='lat' dir='ltr'><strong>quamvis</strong></span> <span class='ocrx_word' id='word_1_499' title='bbox 1891 5308 1976 5371; x_wconf 91' lang='lat' dir='ltr'><strong>sit</strong></span> <span class='ocrx_word' id='word_1_500' title='bbox 2014 5307 2311 5391; x_wconf 88' lang='lat' dir='ltr'><strong>perfecti-</strong></span> 
     </span>
    </p>
   </div>
   <div class='ocr_carea' id='block_1_16' title="bbox 2422 4324 3933 5393">
    <p class='ocr_par' dir='ltr' id='par_1_18' title="bbox 2422 4324 3933 5393">
     <span class='ocr_line' id='line_1_85' title="bbox 2425 4324 3933 4399; baseline -0.001 -10"><span class='ocrx_word' id='word_1_501' title='bbox 2425 4326 2881 4399; x_wconf 85' lang='lat' dir='ltr'><strong>firmationem,</strong></span> <span class='ocrx_word' id='word_1_502' title='bbox 2918 4326 3223 4388; x_wconf 89' lang='lat' dir='ltr'><strong>diaconus</strong></span> <span class='ocrx_word' id='word_1_503' title='bbox 3260 4324 3688 4399; x_wconf 89' lang='lat' dir='ltr'><strong>diaconatum,</strong></span> <span class='ocrx_word' id='word_1_504' title='bbox 3720 4342 3933 4387; x_wconf 88' lang='lat' dir='ltr'><strong>sacer-</strong></span> 
     </span>
     <span class='ocr_line' id='line_1_86' title="bbox 2424 4422 3931 4504; baseline -0.002 -16"><span class='ocrx_word' id='word_1_505' title='bbox 2424 4426 2538 4488; x_wconf 93' lang='lat' dir='ltr'><strong>dos</strong></span> <span class='ocrx_word' id='word_1_506' title='bbox 2571 4424 3030 4503; x_wconf 86' lang='lat' dir='ltr'><strong>sacerdotium3</strong></span> <span class='ocrx_word' id='word_1_507' title='bbox 3064 4440 3192 4486; x_wconf 91' lang='lat' dir='ltr'><strong>non</strong></span> <span class='ocrx_word' id='word_1_508' title='bbox 3221 4429 3435 4485; x_wconf 90' lang='lat' dir='ltr'><strong>autem</strong></span> <span class='ocrx_word' id='word_1_509' title='bbox 3464 4422 3635 4504; x_wconf 91' lang='lat' dir='ltr'><strong>quod</strong></span> <span class='ocrx_word' id='word_1_510' title='bbox 3664 4439 3791 4485; x_wconf 92' lang='lat' dir='ltr'><strong>non</strong></span> <span class='ocrx_word' id='word_1_511' title='bbox 3820 4422 3931 4485; x_wconf 92' lang='lat' dir='ltr'><strong>ha-</strong></span> 
     </span>
     <span class='ocr_line' id='line_1_87' title="bbox 2425 4520 3921 4597; baseline -0.001 -13"><span class='ocrx_word' id='word_1_512' title='bbox 2425 4522 2554 4597; x_wconf 91' lang='lat' dir='ltr'><strong>bet,</strong></span> <span class='ocrx_word' id='word_1_513' title='bbox 2606 4530 2677 4585; x_wconf 92' lang='lat' dir='ltr'><strong>ut</strong></span> <span class='ocrx_word' id='word_1_514' title='bbox 2724 4522 3029 4585; x_wconf 89' lang='lat' dir='ltr'><strong>diaconus</strong></span> <span class='ocrx_word' id='word_1_515' title='bbox 3086 4521 3379 4584; x_wconf 91' lang='lat' dir='ltr'><strong>ordinem</strong></span> <span class='ocrx_word' id='word_1_516' title='bbox 3438 4520 3921 4583; x_wconf 87' lang='lat' dir='ltr'><strong>sacerdotalem.</strong></span> 
     </span>
     <span class='ocr_line' id='line_1_88' title="bbox 2425 4618 3927 4703; baseline -0.001 -20"><span class='ocrx_word' id='word_1_517' title='bbox 2425 4622 2662 4684; x_wconf 88' lang='lat' dir='ltr'><strong>Verum</strong></span> <span class='ocrx_word' id='word_1_518' title='bbox 2702 4621 2837 4685; x_wconf 85' lang='lat' dir='ltr'><strong>haec</strong></span> <span class='ocrx_word' id='word_1_519' title='bbox 2875 4620 3097 4703; x_wconf 90' lang='lat' dir='ltr'><strong>opinio</strong></span> <span class='ocrx_word' id='word_1_520' title='bbox 3144 4627 3240 4683; x_wconf 91' lang='lat' dir='ltr'><strong>est</strong></span> <span class='ocrx_word' id='word_1_521' title='bbox 3280 4618 3475 4681; x_wconf 89' lang='lat' dir='ltr'><strong>nimis</strong></span> <span class='ocrx_word' id='word_1_522' title='bbox 3504 4618 3739 4700; x_wconf 89' lang='lat' dir='ltr'><strong>ampla,</strong></span> <span class='ocrx_word' id='word_1_523' title='bbox 3774 4618 3927 4682; x_wconf 90' lang='lat' dir='ltr'><strong>ideo</strong></span> 
     </span>
     <span class='ocr_line' id='line_1_89' title="bbox 2424 4716 3930 4783; baseline -0.003 -2"><span class='ocrx_word' id='word_1_524' title='bbox 2424 4719 2635 4782; x_wconf 89' lang='lat' dir='ltr'><strong>media</strong></span> <span class='ocrx_word' id='word_1_525' title='bbox 2664 4719 2769 4781; x_wconf 89' lang='lat' dir='ltr'><strong>via</strong></span> <span class='ocrx_word' id='word_1_526' title='bbox 2796 4719 3151 4783; x_wconf 90' lang='lat' dir='ltr'><strong>secundum</strong></span> <span class='ocrx_word' id='word_1_527' title='bbox 3188 4717 3346 4781; x_wconf 87' lang='lat' dir='ltr'><strong>alios</strong></span> <span class='ocrx_word' id='word_1_528' title='bbox 3390 4723 3487 4780; x_wconf 92' lang='lat' dir='ltr'><strong>est</strong></span> <span class='ocrx_word' id='word_1_529' title='bbox 3516 4716 3803 4779; x_wconf 88' lang='lat' dir='ltr'><strong>tenenda.</strong></span> <span class='ocrx_word' id='word_1_530' title='bbox 3840 4752 3930 4763; x_wconf 92' lang='lat'>—</span> 
     </span>
     <span class='ocr_line' id='line_1_90' title="bbox 2424 4815 3927 4898; baseline -0.001 -18"><span class='ocrx_word' id='word_1_531' title='bbox 2424 4818 2599 4881; x_wconf 89' lang='lat' dir='ltr'><strong>Unde</strong></span> <span class='ocrx_word' id='word_1_532' title='bbox 2648 4818 3003 4890; x_wconf 91' lang='lat' dir='ltr'><strong>sciendum,</strong></span> <span class='ocrx_word' id='word_1_533' title='bbox 3046 4816 3216 4898; x_wconf 92' lang='lat' dir='ltr'><strong>quod</strong></span> <span class='ocrx_word' id='word_1_534' title='bbox 3264 4835 3465 4898; x_wconf 89' lang='lat' dir='ltr'><strong>quum</strong></span> <span class='ocrx_word' id='word_1_535' title='bbox 3513 4815 3927 4898; x_wconf 88' lang='lat' dir='ltr'><strong>episcopatus</strong></span> 
     </span>
     <span class='ocr_line' id='line_1_91' title="bbox 2424 4914 3931 4997; baseline -0.001 -19"><span class='ocrx_word' id='word_1_536' title='bbox 2424 4934 2553 4980; x_wconf 88' lang='lat' dir='ltr'><strong>non</strong></span> <span class='ocrx_word' id='word_1_537' title='bbox 2592 4916 2781 4979; x_wconf 90' lang='lat' dir='ltr'><strong>addat</strong></span> <span class='ocrx_word' id='word_1_538' title='bbox 2816 4914 3059 4997; x_wconf 90' lang='lat' dir='ltr'><strong>aliquid</strong></span> <span class='ocrx_word' id='word_1_539' title='bbox 3100 4932 3295 4997; x_wconf 90' lang='lat' dir='ltr'><strong>super</strong></span> <span class='ocrx_word' id='word_1_540' title='bbox 3338 4914 3762 4978; x_wconf 85' lang='lat' dir='ltr'><strong>sacerdotium</strong></span> <span class='ocrx_word' id='word_1_541' title='bbox 3804 4932 3931 4995; x_wconf 90' lang='lat' dir='ltr'><strong>per</strong></span> 
     </span>
     <span class='ocr_line' id='line_1_92' title="bbox 2425 5012 3929 5095; baseline -0.001 -18"><span class='ocrx_word' id='word_1_542' title='bbox 2425 5015 2799 5077; x_wconf 88' lang='lat' dir='ltr'><strong>relationem</strong></span> <span class='ocrx_word' id='word_1_543' title='bbox 2847 5014 2923 5076; x_wconf 90' lang='lat' dir='ltr'><strong>ad</strong></span> <span class='ocrx_word' id='word_1_544' title='bbox 2973 5030 3206 5095; x_wconf 90' lang='lat' dir='ltr'><strong>corpus</strong></span> <span class='ocrx_word' id='word_1_545' title='bbox 3250 5012 3483 5076; x_wconf 89' lang='lat' dir='ltr'><strong>Christi</strong></span> <span class='ocrx_word' id='word_1_546' title='bbox 3518 5030 3765 5085; x_wconf 84' lang='lat' dir='ltr'><strong>verum,</strong></span> <span class='ocrx_word' id='word_1_547' title='bbox 3806 5012 3929 5075; x_wconf 89' lang='lat' dir='ltr'><strong>sed</strong></span> 
     </span>
     <span class='ocr_line' id='line_1_93' title="bbox 2422 5110 3931 5195; baseline -0.002 -20"><span class='ocrx_word' id='word_1_548' title='bbox 2422 5113 2631 5175; x_wconf 90' lang='lat' dir='ltr'><strong>solum</strong></span> <span class='ocrx_word' id='word_1_549' title='bbox 2662 5130 2777 5195; x_wconf 90' lang='lat' dir='ltr'><strong>per</strong></span> <span class='ocrx_word' id='word_1_550' title='bbox 2806 5112 3347 5194; x_wconf 87' lang='lat' dir='ltr'><strong>comparationem</strong></span> <span class='ocrx_word' id='word_1_551' title='bbox 3377 5112 3457 5173; x_wconf 90' lang='lat' dir='ltr'><strong>ad</strong></span> <span class='ocrx_word' id='word_1_552' title='bbox 3486 5129 3719 5193; x_wconf 91' lang='lat' dir='ltr'><strong>corpus</strong></span> <span class='ocrx_word' id='word_1_553' title='bbox 3748 5110 3931 5173; x_wconf 88' lang='lat' dir='ltr'><strong>Chri-</strong></span> 
     </span>
     <span class='ocr_line' id='line_1_94' title="bbox 2422 5209 3925 5295; baseline -0.003 -21"><span class='ocrx_word' id='word_1_554' title='bbox 2422 5212 2504 5275; x_wconf 92' lang='lat' dir='ltr'><strong>sti</strong></span> <span class='ocrx_word' id='word_1_555' title='bbox 2540 5211 2904 5295; x_wconf 78' lang='lat' dir='ltr'><strong>mysticum,</strong></span> <span class='ocrx_word' id='word_1_556' title='bbox 2937 5211 3102 5293; x_wconf 89' lang='lat' dir='ltr'><strong>Papa</strong></span> <span class='ocrx_word' id='word_1_557' title='bbox 3128 5229 3245 5293; x_wconf 89' lang='lat' dir='ltr'><strong>per</strong></span> <span class='ocrx_word' id='word_1_558' title='bbox 3274 5210 3394 5273; x_wconf 93' lang='lat' dir='ltr'><strong>hoc</strong></span> <span class='ocrx_word' id='word_1_559' title='bbox 3424 5209 3593 5292; x_wconf 93' lang='lat' dir='ltr'><strong>quod</strong></span> <span class='ocrx_word' id='word_1_560' title='bbox 3622 5217 3721 5272; x_wconf 91' lang='lat' dir='ltr'><strong>est</strong></span> <span class='ocrx_word' id='word_1_561' title='bbox 3748 5226 3925 5271; x_wconf 86' lang='lat' dir='ltr'><strong>sum-</strong></span> 
     </span>
     <span class='ocr_line' id='line_1_95' title="bbox 2426 5306 3932 5393; baseline -0.003 -20"><span class='ocrx_word' id='word_1_562' title='bbox 2426 5328 2570 5373; x_wconf 90' lang='lat' dir='ltr'><strong>mus</strong></span> <span class='ocrx_word' id='word_1_563' title='bbox 2600 5308 3068 5393; x_wconf 89' lang='lat' dir='ltr'><strong>episcoporum,</strong></span> <span class='ocrx_word' id='word_1_564' title='bbox 3102 5325 3228 5371; x_wconf 93' lang='lat' dir='ltr'><strong>non</strong></span> <span class='ocrx_word' id='word_1_565' title='bbox 3264 5307 3499 5371; x_wconf 92' lang='lat' dir='ltr'><strong>dicitur</strong></span> <span class='ocrx_word' id='word_1_566' title='bbox 3528 5306 3763 5370; x_wconf 88' lang='lat' dir='ltr'><strong>habere</strong></span> <span class='ocrx_word' id='word_1_567' title='bbox 3792 5306 3932 5389; x_wconf 86' lang='lat' dir='ltr'><strong>ple-</strong></span> 
     </span>
    </p>
   </div>
   <div class='ocr_carea' id='block_1_17' title="bbox 3962 2861 4211 2936">
    <p class='ocr_par' dir='ltr' id='par_1_19' title="bbox 3962 2861 4211 2936">
     <span class='ocr_line' id='line_1_96' title="bbox 3962 2861 4211 2936; baseline -0.008 -32"><span class='ocrx_word' id='word_1_568' title='bbox 3962 2925 3973 2936; x_wconf 49' lang='lat'><strong>·</strong></span> <span class='ocrx_word' id='word_1_569' title='bbox 3990 2861 4067 2916; x_wconf 71' lang='lat' dir='ltr'><strong>CI.</strong></span> <span class='ocrx_word' id='word_1_570' title='bbox 4086 2874 4129 2916; x_wconf 75' lang='lat' dir='ltr'><strong>p.</strong></span> <span class='ocrx_word' id='word_1_571' title='bbox 4150 2863 4211 2904; x_wconf 76' lang='lat' dir='ltr'><strong>m</strong></span> 
     </span>
    </p>
   </div>
  </div>
 </body>
</html>
