4267 6250
761 511 850 558 An
889 511 1211 561 Noc-ruam
1250 509 1536 558 routmo
1575 509 1618 556 A
1660 508 2110 558 emmona
2151 511 2225 557 m
2266 509 2661 559 conluuione
2700 512 2992 558 urrunnu
3304 490 3419 558 241

340 679 716 744 nerationem
756 683 978 746 sortita
1011 689 1108 747 est
1136 701 1252 766 pro
1289 682 1458 746 bono
1493 681 1632 763 ejus
1665 680 1824 744 desi·
1850 680 1996 745 Ain
2047 681 2371 764 vigilando
2412 701 2426 744 ε
2468 681 2619 765 quia
2662 701 2739 746 ex
2787 701 2914 765 quo
2962 681 3027 744 in
3070 679 3425 746 dormiente

339 777 501 841 derio
528 777 594 840 in
624 779 850 861 vigilia
881 781 1122 855 habito,
1157 781 1326 863 quod
1358 780 1421 842 in
1454 796 1678 844 somno
1707 798 1822 862 per

339 875 576 957 signum
605 886 842 942 sanctae
869 879 1196 961 petitionis
1226 887 1379 941 tunc
1410 877 1658 951 claruit,
1691 895 1819 941 non

338 975 493 1056 quod
519 983 674 1039 tunc
704 977 770 1038 in
801 997 1028 1042 somno
1056 977 1380 1041 meruerit.
1415 1013 1496 1022 —
1523 977 1616 1038 Ad
1647 976 1820 1039 aliud

338 1074 863 1154 respondendum,
905 1077 1074 1158 quod
1121 1094 1302 1138 mens
1345 1075 1626 1138 humana
1661 1074 1822 1137 duos

338 1169 514 1232 habet
559 1179 890 1253 respectus
936 1193 952 1237 :
1003 1192 1204 1236 unum
1256 1173 1335 1236 ad
1384 1173 1734 1256 superiora,
1786 1191 1823 1234 a

338 1268 558 1351 quibus
608 1270 1045 1352 illuminatur3
1096 1272 1294 1335 alium
1349 1273 1427 1335 ad
1479 1290 1733 1355 corpuS,
1784 1291 1822 1334 a

338 1383 453 1448 quo
492 1369 723 1450 recipit
759 1377 823 1431 et
861 1370 1030 1452 quod
1069 1370 1248 1451 regit.
1289 1369 1377 1432 Ex
1411 1377 1588 1452 parte
1630 1369 1822 1451 igitur

339 1484 450 1548 qua
487 1485 523 1528 a
565 1467 1006 1550 superioribus
1046 1469 1402 1531 illustratur
1443 1476 1508 1530 et
1551 1467 1823 1531 influen-

339 1563 476 1626 tiam
505 1565 758 1647 recipit,
783 1585 900 1649 per
927 1585 1222 1631 somnum
1257 1584 1383 1630 non
1414 1566 1667 1648 ligatur,
1691 1566 1823 1629 imo

339 1661 584 1727 liberior
613 1665 1162 1747 redditur‚quanto
1189 1685 1228 1728 a
1255 1665 1694 1748 corporalibus
1725 1683 1824 1727 cu-

339 1760 415 1821 ris
449 1767 509 1822 et
543 1761 1070 1825 distractionibus
1112 1763 1313 1844 magis
1359 1763 1440 1825 fit
1479 1762 1770 1826 absoluta
1803 1782 1817 1827 :

1931 780 2241 843 excitatus
2284 789 2382 844 est
2423 788 2633 844 motus
2683 780 2791 844 ille
2838 779 3071 854 carniS,
3112 796 3241 843 non
3282 777 3429 841 sub-

1926 877 2096 959 jacet
2123 879 2435 942 voluntati
2466 879 2828 960 evigilantis
2862 877 3153 954 ulteriuS‚
3188 895 3307 941 nec
3336 895 3431 939 re-

1932 982 2191 1057 putatur
2218 977 2553 1058 evigilasse
2593 994 2926 1059 quousque
2966 975 3153 1039 liberi
3182 972 3431 1038 arbitrii

1933 1090 2119 1134 usum
2152 1073 2623 1156 recuperaverit
2653 1073 2954 1156 perfecte.
2979 1073 3187 1137 Potest
3214 1081 3432 1135 tamen

1931 1170 2319 1251 contingere,
2354 1171 2524 1253 quod
2557 1171 2622 1233 in
2655 1172 2794 1253 ipsa
2828 1170 3235 1252 evigilatione
3271 1170 3433 1233 oria-

1932 1275 2036 1328 tur
2072 1276 2429 1349 peccatum,
2463 1268 2517 1331 si
2557 1269 2827 1352 pollutio
2867 1277 3128 1352 propter
3160 1269 3432 1331 delecta—

1931 1365 2172 1429 tionem
2215 1366 2460 1448 placeat
2492 1384 2507 1429 ε
2540 1366 2710 1449 quod
2752 1367 2875 1429 erit
2916 1357 3163 1430 veniale
3212 1385 3432 1449 pecca-

1931 1471 2090 1538 tum,
2142 1464 2197 1526 si
2244 1483 2323 1527 ex
2378 1464 2793 1548 subreptione
2840 1467 2923 1529 sit
2971 1465 3433 1549 complacentia

1934 1562 2072 1640 illa3
2114 1563 2377 1626 mortale
2416 1581 2590 1640 vero,
2624 1564 2679 1626 si
2722 1565 2806 1626 sit
2846 1583 2994 1627 cum
3034 1564 3429 1628 deliberante

1931 1677 2269 1736 consensu,
2320 1663 2643 1745 praecipue
2692 1650 2841 1726 cum
2892 1663 3178 1746 appetitu
3225 1662 3428 1725 futuri

1931 1759 2374 1823 delectamenti
2404 1761 2505 1825 vel
2535 1768 2715 1824 actus
2746 1761 3134 1842 hujusmodi.
3168 1755 3292 1823 Ista
3318 1780 3429 1823 au·

339 1859 467 1921 ideo
503 1879 581 1922 ex
627 1859 964 1925 influentia
999 1861 1345 1944 superioris
1392 1862 1676 1938 luminiS,
1709 1861 1820 1924 ali·
1855 1859 1904 1922 B
1933 1865 2062 1920 tem
2104 1859 2419 1941 placentia
2457 1879 2585 1924 non
2619 1859 2773 1923 facit
2801 1861 3187 1943 praeteritam
3226 1859 3429 1942 pollu-

339 1975 452 2039 qua
484 1957 562 2020 de
601 1957 838 2022 futuris
879 1967 1087 2042 potest
1125 1961 1455 2044 percipere
1497 1960 1822 2024 dormiens

339 2075 466 2137 quae
493 2057 767 2139 vigilans
801 2059 966 2122 scire
995 2076 1121 2122 non
1157 2066 1390 2142 posset.
1425 2059 1548 2124 Sed
1577 2079 1656 2122 ex
1686 2079 1826 2143 par-

341 2162 394 2217 te
421 2155 526 2218 illa
556 2175 688 2238 qua
715 2176 754 2219 a
781 2174 1046 2240 corpore
1081 2157 1330 2241 recipit,
1367 2158 1600 2238 ligatur
1630 2177 1826 2241 quan-

341 2260 463 2316 tum
498 2255 578 2316 ad
613 2255 934 2336 judicium
975 2256 1275 2320 ultimum
1311 2263 1376 2320 et
1404 2257 1820 2340 completum,

340 2350 528 2433 ligatis
585 2352 908 2430 sensibuS,
958 2373 996 2416 a
1053 2354 1290 2437 quibus
1347 2355 1488 2436 ejus
1546 2355 1824 2437 cognitio

338 2451 517 2514 sumit
561 2452 845 2528 initium,
877 2454 1172 2537 quamvis
1215 2453 1408 2516 etiam
1453 2454 1823 2536 imaginatio

338 2549 466 2630 ejus
493 2568 620 2614 non
658 2551 912 2634 ligetur,
945 2571 1088 2635 quae
1113 2552 1344 2616 rationi
1379 2551 1826 2616 subministrat

340 2647 692 2712 immediate
724 2650 970 2732 species
1000 2669 1233 2714 rerum.
1253 2651 1582 2726 Praeterea,
1602 2669 1824 2715 secun-

339 2747 478 2810 dum
517 2749 690 2830 quod
729 2767 956 2812 sensus
993 2748 1194 2830 magis
1232 2749 1586 2812 autminus
1631 2749 1825 2830 ligan-

337 2851 431 2906 tur
473 2865 510 2908 a
555 2846 854 2928 passione
903 2846 1406 2932 impressioneve
1454 2847 1686 2922 somni,
1732 2865 1824 2910 se-

339 2945 606 3006 cundum
649 2945 771 3007 hoc
807 2944 1126 3026 judicium
1166 2944 1430 3008 rationis
1473 2945 1674 3026 magis
1713 2951 1836 3008 aut·

1934 1955 2171 2020 tionem
2215 1977 2353 2020 esse
2395 1967 2751 2041 peccatum,
2794 1959 2944 2042 quia
2994 1959 3195 2041 ipsius
3238 1976 3429 2022 causa

1931 2072 2058 2118 non
2101 2063 2219 2130 est,
2258 2055 2367 2118 sed
2419 2057 2556 2139 ipsa
2601 2058 2667 2120 iu
2715 2077 2783 2122 se
2825 2065 3161 2140 peccatum
3202 2065 3317 2120 est.
3360 2055 3428 2120 Si

1931 2171 2083 2216 vero
2144 2155 2387 2236 placeat
2449 2156 2515 2218 in
2577 2165 2887 2239 quantum
2946 2156 3309 2220 exoneratio
3366 2162 3431 2218 et

1930 2253 2252 2317 alleviatio
2308 2262 2405 2318 est
2450 2263 2713 2330 naturae,
2765 2274 2893 2320 non
2951 2256 3234 2320 creditur
3288 2274 3429 2318 esse

1932 2360 2286 2434 peccatum.

2012 2451 2505 2534 Consequenter,
2520 2453 2601 2516 ad
2631 2455 3006 2529 secundum,
3019 2453 3320 2518 videlicet
3346 2470 3428 2515 an

1933 2550 2239 2633 impediat
2275 2569 2312 2612 a
2349 2551 2715 2634 sumptione
2744 2551 3177 2626 Eucharistiae,
3210 2559 3308 2614 est
3342 2551 3433 2612 di·

1933 2648 2229 2724 cendum,
2263 2650 2434 2732 quod
2472 2652 2551 2713 ad
2588 2651 2845 2732 dignam
2887 2649 3299 2713 Eucharistiae
3328 2669 3431 2712 su-

1932 2748 2329 2830 sceptionem
2388 2749 2509 2813 tria
2567 2749 2927 2832 exiguntur.
2988 2748 3271 2812 Primum
3332 2755 3433 2812 est

1934 2845 2249 2909 munditia
2294 2847 2723 2922 conscientiae,
2778 2867 2921 2930 quae
2967 2866 3096 2911 non
3144 2847 3269 2910 nisi
3316 2865 3432 2931 per

1932 2952 2266 3027 peccatum
2310 2945 2615 3010 aufertur.
2651 2947 3015 3010 Secundum
3058 2954 3155 3010 est
3194 2946 3433 3010 erectio

339 3041 538 3105 minus
587 3043 942 3127 impeditur
985 3043 1052 3105 in
1109 3060 1352 3106 somno.
1405 3042 1582 3106 Unde
1629 3043 1822 3105 inter·
1860 3044 1905 3109 C
1935 3043 2169 3105 mentis
2198 3043 2265 3105 in
2296 3044 2493 3107 Deum
2521 3063 2638 3129 per
2664 3045 2977 3108 actualem
3006 3045 3427 3120 devotionem,

338 3140 478 3203 dum
518 3142 846 3205 dormiens
874 3141 1166 3217 attendit,
1199 3160 1274 3205 ea
1309 3161 1449 3224 quae
1479 3141 1604 3204 sibi
1634 3160 1824 3224 appa-

339 3246 484 3315 rent,
517 3239 768 3304 somnia
796 3258 954 3303 esse.
991 3240 1112 3304 Sed
1151 3240 1303 3323 quia
1345 3241 1412 3303 in
1451 3239 1825 3303 dormiendo

337 3356 656 3421 nunquam
683 3345 834 3402 sunt
862 3357 1088 3402 sensus
1119 3357 1198 3401 ex
1227 3346 1359 3403 toto
1388 3338 1603 3413 soluti,
1638 3338 1825 3401 idcir-

339 3452 406 3497 co
442 3456 556 3499 nec
596 3436 861 3500 rationis
895 3436 1214 3517 judicium
1255 3456 1332 3500 ex
1371 3444 1502 3501 toto
1540 3444 1638 3500 est
1671 3435 1827 3498 libe-

339 3552 469 3597 rum
496 3554 511 3599 :
547 3535 692 3598 ideo
719 3552 870 3597 cum
901 3534 1114 3617 aliqua
1144 3534 1417 3598 falsitate
1447 3553 1702 3618 semper
1730 3541 1828 3597 est

339 3631 484 3696 illud
530 3633 799 3697 rationis
851 3633 1194 3714 judicium,
1247 3634 1543 3715 quamvis
1590 3633 1824 3716 partim

337 3732 413 3792 sit
445 3750 690 3794 verum.
727 3732 802 3794 Et
832 3732 981 3794 inde
1013 3731 1344 3812 contingit,
1378 3732 1549 3813 quod
1587 3731 1824 3814 aliquis

337 3830 396 3892 in
431 3848 658 3893 somno
693 3830 1038 3913 aliquando
1070 3831 1388 3893 consentit
1414 3830 1821 3914 turpitudini,

336 3928 668 4012 aliquando
705 3946 854 3992 non.
895 3929 1370 4004 Verumtamen,
1401 3948 1604 4012 quum
1642 3930 1826 3993 ratio-

338 4026 428 4089 nis
463 4026 786 4109 judicium
827 4045 955 4089 non
995 4026 1079 4089 sit
1116 4027 1394 4091 totaliter
1430 4026 1729 4102 liberum,
1763 4036 1826 4091 et

338 4144 442 4208 per
481 4143 884 4209 consequens
932 4143 1051 4187 nec
1099 4125 1285 4189 liberi
1333 4125 1582 4188 arbitrii
1632 4144 1821 4207 usus;

1934 3161 2077 3223 quae
2119 3160 2234 3225 per
2274 3143 2753 3219 hebetudinem,
2786 3145 3271 3227 occupationem
3317 3162 3432 3207 seu

1935 3239 2372 3320 evagationem
2412 3241 2647 3304 mentis
2688 3242 3008 3305 interdum
3046 3242 3185 3305 sine
3214 3259 3433 3325 pecca·

1935 3344 1998 3399 to
2037 3336 2369 3400 amittitur.
2404 3338 2689 3401 Tertium
2722 3347 2820 3402 est
2852 3339 3046 3402 etiam
3086 3339 3432 3423 corporalis

1937 3434 2271 3509 munditia,
2322 3443 2583 3518 propter
2639 3438 2808 3519 quod
2868 3436 3262 3500 celebrantes
3318 3454 3433 3500 seu

1935 3539 2403 3595 sacramentum
2469 3531 2727 3613 aliquod
2790 3534 3141 3610 tractaturi,
3204 3553 3432 3597 manus

1935 3648 2082 3693 suas
2130 3636 2389 3712 propter
2436 3630 2812 3693 sacramenti
2874 3632 3295 3695 reverentiam
3346 3630 3432 3693 la-

1936 3734 2106 3790 vant.
2150 3727 2308 3790 Hinc
2358 3734 2691 3809 peccatum
2741 3728 2952 3810 primo
2995 3748 3070 3792 ac
3117 3730 3435 3812 principa-

1938 3827 2083 3889 liter
2113 3825 2408 3908 impedit3
2430 3826 2713 3889 secundo
2742 3826 3064 3890 indevotio
3091 3827 3435 3891 hebetudo-

1938 3944 2062 4008 que
2095 3924 2361 4005 mentis3
2402 3924 2589 3987 tertio
2623 3924 3031 3987 immunditia
3062 3926 3428 4009 corporalis·

1939 4024 2014 4087 Et
2041 4025 2177 4088 haec
2206 4023 2328 4086 tria
2356 4023 2677 4087 interdum
2707 4031 3094 4087 concurrunt
3123 4024 3189 4086 in
3219 4024 3434 4107 aliqua

1937 4122 2288 4207 pollutione
2318 4130 2649 4198 nocturna,
2682 4122 3025 4205 aliquando
3053 4122 3201 4197 duo,
3234 4142 3431 4205 quan·

337 4224 566 4289 idcirco
613 4243 730 4288 nec
769 4223 918 4287 talis
965 4241 1312 4289 consensus
1355 4225 1456 4288 vel
1499 4225 1824 4288 dissensus
1854 4234 1903 4295 D
1935 4222 2144 4304 doque
2202 4239 2403 4283 unum
2456 4227 2741 4301 tantum3
2790 4230 2855 4284 et
2900 4221 3254 4285 secundum
3312 4222 3434 4285 hoc

338 4332 534 4405 potest
561 4342 702 4388 esse
737 4322 1104 4387 meritorius
1134 4324 1237 4387 vel
1274 4323 1720 4387 demeritorius
1759 4324 1825 4386 in

338 4441 416 4485 se.
456 4423 784 4486 Interdum
832 4429 1049 4485 tamen
1097 4422 1312 4485 illusio
1361 4420 1469 4483 illa
1516 4429 1827 4485 nocturna

339 4521 664 4586 inchoatur
703 4522 770 4585 in
808 4538 1056 4597 somne,
1090 4528 1153 4584 et
1186 4521 1253 4584 in
1283 4519 1503 4602 vigilia
1532 4520 1826 4585 termina-

340 4628 452 4683 tur.
493 4621 803 4696 Quocirca
849 4622 1206 4695 sciendum,
1247 4620 1418 4702 quod
1468 4620 1826 4703 corporales

341 4728 542 4783 motus
587 4738 714 4784 non
757 4719 1083 4803 pertinent
1116 4719 1195 4782 ad
1239 4718 1542 4782 meritum
1581 4719 1682 4781 vel
1721 4721 1826 4781 de-

341 4819 657 4893 meritum,
689 4817 814 4880 nisi
851 4817 1206 4880 secundum
1239 4818 1410 4900 quod
1437 4836 1475 4879 a
1503 4816 1825 4880 voluntate

339 4924 630 5001 tanquam
673 4936 712 4980 a
751 4915 1070 5000 principio
1118 4924 1477 4981 causantur.
1519 4916 1679 4978 Hinc
1721 4933 1828 4979 no-

339 5024 554 5081 cturna
583 5016 874 5099 pollutio,
905 5023 1219 5099 ‘quantum
1251 5017 1328 5079 ad
1359 5016 1668 5079 rationem
1701 5034 1827 5079 me-

341 5115 436 5178 riti
464 5124 528 5179 et
555 5116 871 5191 demeriti,
889 5116 1100 5199 potius
1125 5114 1452 5196 judicatur
1478 5116 1828 5179 secundum

341 5232 520 5278 suum
557 5215 954 5298 principium
987 5212 1156 5296 quod
1193 5219 1290 5275 est
1323 5213 1390 5275 in
1429 5212 1824 5290 dormiendo,

343 5329 525 5395 quam
564 5313 923 5378 secundum
960 5310 1310 5374 terminum
1352 5329 1543 5373 suum
1581 5312 1694 5395 qui
1732 5319 1830 5376 est

579 5447 646 5500 T.
683 5446 766 5499 24.

1935 4320 2126 4383 homo
2162 4320 2361 4401 magis
2392 4318 2497 4382 vel
2536 4318 2750 4383 minus
2791 4319 3140 4403 impeditur
3168 4338 3205 4383 a
3233 4338 3435 4383 sacra·

1937 4420 2134 4482 menti
2176 4420 2605 4502 perceptione.
2637 4418 2784 4482 Ideo
2812 4418 3247 4500 distinguendi
3286 4427 3436 4483 sunt

1935 4518 2107 4582 modi
2151 4518 2543 4601 pollutionis.
2586 4518 3011 4598 Distinguitur
3055 4525 3271 4581 autem
3319 4517 3433 4581 du—

1935 4617 2189 4701 pliciter
2218 4624 2528 4679 nocturna
2556 4616 2843 4699 pollutio.
2868 4617 3101 4693 Primo,
3121 4624 3431 4698 quantum

1933 4718 2010 4779 ad
2043 4736 2323 4791 causam,
2349 4716 2501 4799 quia
2527 4733 2749 4779 eorum
2779 4734 2921 4799 quae
2951 4716 3018 4778 in
3047 4716 3292 4780 somnis
3322 4736 3431 4798 ap-

1935 4824 2180 4898 parent,
2220 4816 2455 4899 triplex
2492 4824 2588 4879 est
2625 4834 2815 4879 causa
2858 4835 2871 4879 :
2916 4834 3043 4879 una
3080 4816 3432 4899 spiritualis

1935 4915 2309 4990 extrinseca,
2354 4923 2424 4977 ut
2464 4915 2531 4977 in
2577 4915 2677 4977 bis
2716 4934 2859 4998 quae
2906 4932 3021 4998 per
3067 4915 3433 4997 spirituales

1936 5014 2321 5077 substantias
2370 5013 2556 5077 nobis
2604 5014 3002 5093 revelantur3
3041 5013 3167 5077 alia
3209 5013 3433 5076 intrin-

1935 5132 2082 5177 seca
2119 5112 2491 5195 spiritualiS‚
2525 5112 2778 5194 quando
2814 5112 3256 5195 phantasmata
3287 5130 3432 5195 quae

1937 5221 2247 5297 apparent
2273 5211 2759 5288 dormientibuS,
2790 5218 2940 5275 sunt
2966 5212 3251 5295 reliquiae
3282 5230 3437 5294 prae-

1940 5312 2307 5376 cedentium
2344 5310 2834 5393 cogitationum3
2866 5311 3052 5375 tertia
3086 5318 3185 5376 est
3214 5328 3434 5395 corpo-

3120 5450 3184 5499 16
