4267 6250
809 481 932 548 222

1452 501 1516 547 IN
1558 502 1781 548 unhul!
1823 501 1884 546 lv
1927 498 2412 546 SENTEN'HARUM.
2455 514 2536 528 -
2578 499 2729 545 ΒῙΒΤ.
2774 500 2924 562 vnl3
2968 500 3193 556 QUAEST.
3238 501 3277 546 V

811 679 982 734 stans
1046 670 1368 735 orationis.
1433 673 1524 734 Ex
1583 690 1710 754 quo
1769 670 2079 754 sequitur,
2140 669 2312 752 quod
2341 670 2392 731 A
2424 676 2604 732 neret
2640 688 2755 751 per
2794 670 2987 734 verba
3027 670 3137 732 illa
3177 669 3447 752 intelligi
3485 687 3717 751 corpus
3746 668 3939 732 Chri-

812 769 980 832 istud
1026 788 1401 852 pronomen,
1446 771 1587 845 hoc,
1630 771 2022 834 demonstrat
2063 786 2181 851 pro
2222 768 2315 828 ul-

810 868 968 932 timo
1018 869 1278 932 instanti
1329 869 1662 952 completae
1708 867 2014 932 orationis
2057 884 2071 930 ε
2115 872 2175 929 et
2227 866 2313 928 ita

808 966 1062 1029 videtur
1105 974 1456 1031 monstrare
1496 967 1655 1029 illud
1699 967 1867 1050 quod
1911 983 2028 1048 pro
2069 965 2182 1027 illo
2221 964 2315 1026 in-

809 1065 1000 1126 stanti
1031 1064 1153 1127 sub
1185 1065 1311 1128 illis
1343 1073 1438 1128 est
1468 1065 1826 1149 speciebus,
1847 1070 1916 1126 ut
1946 1064 2030 1127 sit
2057 1064 2315 1126 demon·

809 1164 1030 1226 stratio
1079 1165 1309 1247 partim
1367 1165 1446 1228 ad
1505 1183 1787 1237 sensum,
1836 1169 1903 1225 et
1950 1163 2179 1244 partim
2230 1161 2309 1223 ad

811 1254 1228 1325 intellectum.
1282 1263 1410 1326 Nec
1458 1271 1672 1326 tamen
1733 1280 1958 1324 sensus
2011 1268 2128 1336 est,
2182 1261 2309 1323 Hoc

813 1378 1044 1443 corpus
1077 1380 1292 1423 meum
1324 1369 1417 1424 est
1449 1361 1570 1425 hoc
1599 1378 1832 1443 corpus
1863 1377 2079 1422 meum
2111 1377 2124 1421 :
2160 1376 2311 1441 quo-

815 1459 986 1522 niam
1047 1459 1211 1523 alius
1269 1468 1367 1524 est
1425 1479 1540 1543 per
1595 1479 1664 1523 se
1721 1458 2082 1522 intellectus
2134 1464 2311 1520 ante·

813 1558 1118 1632 cedentis,
1171 1567 1234 1622 et
1281 1559 1444 1621 alius
1492 1557 1965 1640 consequentis,
2015 1557 2309 1638 quamvis

809 1655 1176 1737 subjectum
1206 1657 1638 1720 antecedentis
1674 1662 1992 1739 supponat
2020 1672 2136 1738 pro
2166 1653 2311 1717 sub-

805 1755 977 1836 jecto
1021 1757 1470 1838 consequentis
1509 1775 1524 1820 :
1566 1755 1720 1838 quia
1767 1761 2114 1837 conceptus
2166 1771 2311 1816 con-

2422 768 2525 842 sti,
2558 769 2667 832 sed
2712 770 3055 832 sacerdotis
3099 769 3293 832 verba
3335 769 3471 832 haec
3514 767 3929 851 proferentis.

2419 866 2593 928 Idem
2644 867 2950 950 probatur
2990 888 3069 932 ex
3117 868 3513 931 connexione
3560 867 3935 930 orationum

2423 965 2919 1047 praecedentium
2968 966 3165 1030 verba
3210 965 3727 1040 consecrationis,
3776 983 3935 1047 quae

2424 1063 2510 1124 ita
2544 1073 3011 1128 connectuntur
3042 1065 3211 1146 quod
3250 1064 3610 1127 necessario
3646 1063 3936 1146 praemit-

2420 1161 2627 1225 tendae
2656 1163 3088 1243 designantur.
3124 1163 3214 1226 Ex
3245 1163 3458 1226 verbis
3488 1179 3743 1244 quoque
3770 1162 3931 1223 Am-

2422 1259 2614 1324 brosii
2655 1263 3017 1336 asserentiS,
3052 1262 3275 1324 Sermo
3301 1261 3535 1324 Christi
3563 1269 3929 1323 creaturam

2422 1365 2655 1439 mutat3
2688 1359 2924 1442 quibus
2962 1359 3177 1424 verbis
3216 1359 3295 1423 fit
3330 1360 3497 1422 hoc?
3528 1359 3817 1441 Accipite
3856 1367 3931 1422 et

2420 1457 2588 1521 edite
2628 1477 2707 1520 ex
2751 1459 2869 1521 hoc
2908 1476 3153 1533 omneS,
3188 1459 3307 1522 hoc
3344 1465 3441 1521 est
3476 1459 3653 1522 enim
3686 1476 3929 1541 corpus

2422 1575 2657 1619 meum.
2694 1557 2810 1620 Ubi
2860 1557 3241 1632 insinuatur,
3273 1557 3470 1620 verba
3512 1557 3642 1630 illa,
3673 1556 3932 1639 Accipi-

2418 1663 2503 1729 te,
2534 1663 2681 1729 etc„
2715 1663 3006 1739 oportere
3050 1656 3371 1738 praemitti.
3413 1655 3573 1718 Hinc
3614 1657 3925 1730 concedo,

2421 1754 2589 1836 quod
2632 1763 2880 1836 oportet
2918 1773 2995 1817 ex
3034 1755 3269 1816 virtute
3310 1753 3623 1817 sermonis
3662 1755 3929 1817 denota-

810 1855 1135 1937 sequentis
1166 1862 1375 1937 potest
1403 1873 1541 1918 esse
1573 1862 1806 1928 certuS,
1838 1861 1904 1917 et
1930 1852 2306 1915 anteceden-
2344 1854 2391 1916 B
2422 1854 2499 1928 ri,
2522 1853 2595 1936 ly
2630 1873 2843 1916 meum
2884 1853 3111 1917 referri
3148 1855 3226 1916 ad
3264 1871 3601 1936 personam
3632 1853 3864 1916 Christi
3902 1874 3921 1918 ε

808 1952 891 2016 tis
929 1953 1288 2035 ambiguus.
1326 1954 1434 2016 Est
1470 1953 1644 2016 enim
1686 1952 1842 2015 ordo
1884 1950 2305 2032 singularium

809 2053 1161 2114 secundum
1192 2051 1483 2115 ordinem
1515 2050 1996 2124 universalium,
2023 2049 2110 2112 ita
2140 2049 2309 2131 quod

811 2149 1269 2212 universaliora
1306 2150 1546 2213 habent
1577 2149 1923 2230 singularia
1963 2149 2178 2210 minus
2218 2166 2312 2209 ar-

811 2255 997 2323 ctata,
1031 2247 1200 2311 sicut
1226 2248 1347 2311 hoe
1385 2267 1499 2312 ens
1535 2255 1631 2311 est
1659 2248 1874 2310 minus
1913 2253 2307 2310 contractum

811 2365 1004 2428 quam
1055 2348 1176 2410 hoc
1225 2367 1458 2431 corpus
1501 2366 1514 2411 :
1558 2356 1623 2411 et
1668 2348 1752 2411 ita
1799 2367 2000 2431 quum
2049 2347 2305 2421 dicitur,

811 2445 940 2508 Hoc
983 2453 1081 2508 est
1119 2465 1350 2530 corpus
1395 2465 1632 2520 meum,
1677 2465 1794 2529 per
1835 2447 1898 2529 ly
1939 2446 2082 2520 hoc,
2125 2444 2310 2507 intel-

809 2544 1027 2625 ligitur
1055 2545 1377 2627 singulare
1407 2546 1620 2608 minus
1655 2553 1965 2608 arctatum
1999 2564 2192 2628 quam
2227 2544 2311 2607 sit

807 2661 1039 2726 corpus
1084 2644 1336 2707 Christi.
1379 2645 1531 2708 Tota
1578 2652 1794 2707 autem
1839 2643 2186 2727 disputatio
2228 2643 2307 2705 de

807 2743 1071 2805 veritate
1115 2743 1569 2825 propositionis
1619 2743 1823 2817 istius,
1865 2742 2066 2825 logica
2114 2749 2305 2824 atque

805 2840 1060 2904 subtilis
1099 2849 1226 2920 est3
1254 2842 1365 2904 sed
1407 2842 1698 2922 theologo
1737 2839 1984 2903 sufficit
2012 2841 2182 2922 quod
2223 2840 2304 2903 is—

805 2946 870 3000 ta
901 2940 1120 3014 oratio,
1151 2947 1222 3002 ut
1260 2947 1358 3002 est
1393 2940 1518 3002 tale
1560 2939 1815 3020 signum
1855 2938 2182 3013 sensibile,
2216 2939 2308 3001 in-

2423 1955 2589 2036 quod
2639 1971 2765 2017 non
2814 1952 2912 2028 fit,
2966 1954 3089 2016 nisi
3150 1953 3329 2036 prius
3390 1955 3629 2017 mentio
3678 1953 3793 2016 fiat
3840 1955 3927 2017 de

2419 2052 2686 2115 Christo.
2718 2087 2800 2098 -
2826 2053 2971 2116 Haec
3012 2053 3256 2116 Scotus.

2510 2151 2703 2233 Cujus
2762 2151 2883 2214 hoc
2939 2150 3240 2214 ultimum
3302 2149 3545 2214 dictum
3605 2157 3925 2233 repugnat

2420 2249 2828 2332 praeinductae
2870 2249 3269 2332 responsioni
3312 2250 3589 2324 Thomae,
3620 2249 3925 2312 Richardi

2420 2355 2483 2410 et
2534 2347 2806 2411 aliorum
2861 2347 3308 2422 communiter,
3361 2347 3599 2430 quibus
3654 2365 3925 2411 consen—

2418 2445 2527 2509 tio.
2550 2445 2629 2507 Et
2656 2446 3100 2529 persuasiones
3130 2446 3227 2510 hae
3258 2446 3427 2509 Scoti
3458 2445 3763 2528 perfacile
3790 2445 3925 2508 dis-

2420 2544 2773 2607 solvuntur.
2816 2545 2922 2607 Ait
2968 2544 3210 2627 quippe
3254 2544 3605 2607 Richardus
3648 2561 3663 2606 :
3712 2545 3777 2608 Si
3826 2564 3927 2607 sa—

2420 2643 2643 2706 cerdos
2686 2642 3008 2706 omitteret
3048 2643 3265 2706 omnia
3310 2643 3435 2705 alia
3477 2663 3617 2726 quae
3660 2651 3809 2706 sunt
3853 2643 3925 2704 in

2420 2760 2662 2805 canone
2700 2748 2766 2804 et
2798 2741 2862 2804 in
2894 2741 3100 2816 Missa,
3134 2748 3198 2804 et
3233 2741 3476 2805 diceret
3507 2749 3755 2804 tantum
3796 2743 3926 2805 ista

2418 2839 2635 2914 verba,
2670 2840 2797 2903 Hoc
2830 2848 2928 2902 est
2959 2857 3191 2922 corpus
3228 2859 3465 2914 meum,
3499 2858 3694 2923 super
3722 2847 3925 2902 mate-

2418 2939 2577 3001 riam
2614 2939 2917 3014 debitam,
2950 2957 3099 3001 cum
3142 2939 3491 3003 intentione
3525 2938 3739 3002 debita
3766 2957 3927 3003 con-

806 3039 1026 3100 stituta
1071 3046 1168 3101 est
1214 3057 1251 3099 a
1300 3038 1548 3102 Christo
1597 3039 1675 3100 ad
1735 3038 2301 3111 consecrationem,
2338 3039 2381 3103 C
2418 3038 2899 3112 secrandi,vere
2929 3046 3349 3101 consecraret.
3371 3038 3532 3100 Hinc
3562 3038 3728 3102 sicut
3756 3037 3923 3102 Tho-

806 3156 950 3219 quae
988 3137 1279 3219 sequitur
1318 3137 1382 3199 in
1423 3138 1650 3200 ultimo
1693 3136 1973 3210 instanti,
2007 3137 2093 3198 ita
2132 3137 2304 3219 quod

807 3236 974 3298 Deus
1029 3236 1280 3299 adsistit
1333 3235 1455 3298 sibi
1509 3244 1813 3317 tanquam
1872 3235 2125 3297 cuidam
2178 3235 2306 3298 dis-

806 3333 1107 3417 positioni
1154 3334 1426 3416 praeviae,
1470 3341 1540 3396 ut
1583 3352 1659 3396 ea
1708 3334 2043 3417 completa,
2087 3341 2306 3396 causet

811 3432 996 3495 illum
1039 3432 1368 3496 effectum.

887 3532 1192 3595 Praeterea
1231 3531 1428 3614 quaeri
1476 3538 1703 3614 potest,
1735 3550 1816 3593 an
1853 3531 2304 3614 ‘praetermissis

807 3629 949 3692 aliis
993 3630 1205 3693 verbis
1252 3630 1780 3712 praecedentibuS,
1823 3630 2116 3693 sacerdos
2160 3646 2306 3692 con-

807 3728 1032 3791 ficeret
1089 3747 1202 3811 per
1261 3728 1396 3793 haee
1454 3729 1586 3793 sola
1641 3736 1915 3811 quatuor
1963 3728 2173 3793 verba.
2229 3728 2307 3790 Et

807 3828 1229 3909 respondetur
1257 3827 1429 3910 quod
1469 3827 1584 3902 sic,
1620 3827 1922 3909 quoniam
1963 3834 2111 3890 sunt
2150 3846 2306 3909 prae-

807 3926 940 3989 cisa
979 3925 1185 3989 forma
1231 3925 1727 3989 consecrationis
1775 3926 2059 4008 eorporis
2102 3925 2307 3989 Domi·

806 4025 893 4087 ni.
922 4024 1063 4087 Alia
1091 4042 1244 4087 vero
1271 4032 1421 4087 sunt
1450 4032 1710 4107 propter
1748 4024 2169 4087 reverentiam
2201 4023 2304 4086 vel

806 4131 1069 4206 propter
1095 4123 1385 4186 ordinem
1417 4122 1874 4203 praemittenda.
1899 4157 1980 4167 —
2009 4122 2128 4186 Sed
2160 4140 2308 4185 con-

2420 3156 2554 3199 mas
2603 3143 2668 3199 et
2716 3137 2911 3199 ceteri
2960 3137 3202 3212 dicunt,
3256 3138 3523 3201 intentio
3572 3137 3925 3200 sacerdotis

2417 3234 2664 3298 sufficit
2720 3236 2798 3298 ad
2856 3235 2977 3298 hoc
3033 3236 3202 3317 quod
3262 3226 3458 3299 verba
3512 3254 3591 3298 ex
3647 3253 3925 3318 persona

2420 3333 2651 3397 Christi
2702 3334 3015 3408 dicantur,
3059 3341 3122 3396 et
3162 3334 3243 3396 ad
3284 3332 3425 3415 ejus
3475 3352 3707 3417 corpus
3754 3334 3923 3398 rese·

2418 3438 2655 3493 rantur.
2682 3432 3017 3514 Quumque
3046 3431 3387 3495 verborum
3422 3430 3808 3512 significatio
3838 3451 3922 3496 ex

2418 3530 2771 3594 intentione
2800 3529 3009 3594 cordis
3037 3530 3364 3612 potissime
3394 3532 3769 3603 attendatur,
3784 3549 3923 3594 ver-

2419 3628 2499 3691 ba
2542 3629 2697 3702 haec,
2730 3629 2859 3692 Hoc
2899 3636 2995 3691 est
3034 3646 3265 3711 corpus
3309 3647 3545 3703 meum,
3580 3636 3651 3691 ut
3687 3648 3766 3692 ex
3803 3630 3920 3692 tali

2420 3728 2771 3791 intentione
2816 3728 3079 3810 prolata,
3112 3735 3175 3789 et
3216 3727 3294 3789 ad
3340 3726 3539 3789 finem
3593 3726 3775 3790 illum
3819 3747 3919 3790 re—

2420 3826 2562 3898 lata,
2596 3844 2743 3889 vere
2783 3825 3154 3907 significant
3192 3825 3352 3888 illud
3392 3826 3561 3908 quod
3603 3825 3691 3888 ibi
3731 3844 3811 3889 ex
3854 3828 3921 3891 vi

2418 3925 2789 3988 sacramenti
2822 3943 2929 3987 seu
2960 3924 3455 3987 consecrationis
3482 3923 3779 3988 efficitur.
3792 3925 3921 3989 Sed

2419 4023 2715 4086 illicitum
2766 4031 2863 4086 est
2909 4024 3121 4086 taliter
3167 4041 3557 4097 consecrare,
3608 4042 3727 4086 nec
3776 4024 3921 4087 sine

2414 4122 2640 4203 grandi
2680 4128 2941 4203 peccato
2970 4121 3392 4203 praecedentia
3422 4140 3497 4184 ac
3525 4138 3921 4205 consequen-

807 4230 903 4284 tra
945 4222 1116 4297 istud
1159 4219 1486 4301 objicitur,
1519 4221 1823 4302 quoniam
1864 4221 2057 4283 verba
2099 4239 2304 4284 sacra·
2336 4228 2385 4291 D
2417 4222 2504 4283 tia
2534 4221 2728 4283 verba
2756 4227 2903 4283 sunt
2932 4220 3302 4294 omittenda,
3334 4220 3485 4301 quia
3514 4219 3799 4283 Ecclesia
3830 4221 3919 4285 ita

810 4319 1223 4393 mentalia,ex
1251 4318 1316 4380 vi
1347 4316 1688 4381 verborum
1722 4318 1959 4381 debent
1983 4319 2306 4401 significa-

809 4436 878 4481 re
919 4418 983 4479 id
1020 4416 1190 4499 quod
1231 4435 1308 4479 ex
1346 4416 1411 4478 vi
1452 4416 1830 4479 sacramenti
1873 4416 2177 4479 efficitur.
2216 4418 2305 4481 Ex

809 4517 871 4580 vi
931 4523 1144 4578 autem
1206 4516 1702 4579 consecrationis
1764 4514 1959 4597 hujus
2019 4516 2306 4580 efficitur

808 4615 978 4699 quod
1023 4612 1113 4677 ibi
1157 4615 1239 4677 sit
1279 4632 1501 4677 verum
1547 4613 1778 4677 Christi
1821 4632 2053 4698 corpus
2096 4635 2110 4680 ε
2156 4633 2305 4697 ergo

808 4714 1005 4778 verba
1047 4712 1448 4775 sufficienter
1483 4713 1719 4776 debent
1754 4714 1876 4778 hoc
1915 4713 2299 4795 significare.

809 4812 984 4888 Quod
1035 4812 1170 4875 haec
1216 4818 1488 4893 quatuor
1529 4810 1724 4874 verba
1771 4829 1886 4894 per
1926 4830 1993 4873 se
2038 4812 2302 4894 prolata,

809 4930 939 4975 non
992 4910 1358 4993 significant
1406 4909 1715 4984 absolute,
1770 4910 1900 4973 imo
1951 4910 2012 4993 ly
2062 4930 2301 4985 meum,

809 5011 1132 5093 significat
1179 5010 1402 5073 referri
1450 5010 1528 5072 ad
1577 5028 1913 5093 personam
1965 5010 2301 5093 loquentiS,

809 5112 1112 5195 quoniam
1171 5110 1321 5172 licet
1369 5110 1661 5173 minister
1714 5118 1926 5193 posset
1975 5110 2305 5173 intendere

811 5210 988 5293 loqui
1037 5210 1103 5271 iu
1152 5207 1382 5272 Christi
1441 5227 1732 5290 persona,
1783 5227 1910 5272 non
1959 5215 2174 5272 tamen
2222 5208 2306 5271 ob

810 5311 932 5375 hoc
978 5306 1366 5391 significatio
1413 5306 1670 5371 illorum
1712 5307 2056 5371 verborum
2105 5308 2307 5372 conti-

2416 4319 2759 4383 connexuit
2806 4319 3123 4382 orationes
3170 4326 3235 4380 et
3280 4318 3476 4381 verba
3522 4318 3652 4395 illa,
3693 4320 3917 4404 sicque

2416 4426 2565 4482 sunt
2610 4419 2688 4481 de
2736 4419 3113 4481 necessitate
3170 4417 3663 4481 consecrationis
3710 4426 3773 4480 et
3818 4438 3919 4482 sa·

2418 4518 2726 4580 cramenti
2775 4524 3084 4600 quantum
3132 4517 3209 4579 ad
3254 4516 3394 4598 ejus
3442 4517 3913 4595 solennitatem,

2417 4636 2545 4680 non
2586 4624 2895 4699 quantum
2942 4616 3020 4678 ad
3060 4615 3202 4697 ejus
3240 4616 3597 4689 veritatem,
3628 4616 3795 4679 sicut
3834 4618 3915 4682 de

2414 4716 2737 4798 Baptismo
2780 4723 2844 4777 et
2882 4714 3025 4777 aliis
3067 4713 3302 4777 dicitur
3342 4716 3774 4779 sacramentis.

2495 4814 2656 4877 Hinc
2688 4814 2914 4877 scribit
2942 4814 3275 4877 Durandus
3310 4830 3324 4876 :
3358 4814 3593 4877 Dicunt
3626 4815 3911 4897 quidam,

2415 4913 2586 4996 quod
2630 4912 2825 4975 verba
2866 4911 3346 4975 sacramentalia
3394 4912 3630 4977 debent
3670 4915 3917 4996 signifi-

2415 5031 2560 5075 care
2590 5011 2654 5073 id
2688 5012 2858 5093 quod
2897 5012 3259 5073 continetur
3298 5012 3365 5073 in
3403 5011 3523 5075 hoc
3556 5031 3916 5078 sacramen-

2414 5118 2516 5191 to;
2548 5111 2659 5173 sed
2696 5111 2831 5175 haec
2862 5109 3078 5186 verba,
3112 5111 3241 5174 Hoc
3270 5118 3369 5173 est
3397 5128 3628 5193 corpus
3670 5132 3911 5190 meum,

2416 5210 2556 5273 sine
2615 5208 3125 5292 praecedentibus
3186 5210 3449 5273 canonis
3506 5210 3721 5274 verbis
3782 5231 3913 5277 non

2416 5308 2786 5391 significant
2814 5326 3046 5390 corpus
3077 5306 3309 5371 Christi
3348 5307 3439 5370 ibi
3479 5308 3735 5373 realiter
3762 5328 3915 5375 con-
