4267 6250
18 1036 31 1125 .:
137 1080 204 1118 el..
223 1079 262 1118 9.

145 1961 210 1999 art.
229 1959 268 2000 ⁶.

756 491 981 550 Qusssr.
1023 493 1068 541 n
1109 493 1126 540 :
1165 493 1312 552 Qum
1351 493 1446 542 sn·
1485 493 1742 543 PROPROE
1781 493 2078 553 Εωὸῑδ,
2117 494 2195 542 m·
2233 494 2379 551 Qum
2418 494 2641 545 nour
2678 494 3043 544 nmmum(

3332 477 3453 546 345

341 668 502 726 sunt
531 681 688 747 ergo
715 665 1059 741 conficere,
1091 665 1446 750 prasertim
1475 685 1679 750 quum
1707 684 1855 731 cou—
1884 666 1937 730 A
1965 664 2181 748 retici3
2212 674 2310 732 est
2338 667 2668 732 vinculum
2699 667 3001 744 caritatis,
3035 668 3179 732 ideo
3206 674 3273 731 et
3298 667 3461 732 schi-

343 763 648 827 secrandi
699 773 977 848 potestas
1017 766 1097 828 ad
1137 766 1570 830 characterem
1613 772 1858 848 spectet

343 861 599 924 ordinis
649 865 1078 928 sacerdotalis.
1117 864 1338 929 Omnis
1384 873 1602 928 autem
1643 865 1858 928 chara-

345 967 490 1022 cter
545 964 1030 1027 sacramentalis
1086 963 1451 1027 indelebilis
1507 970 1625 1038 est,
1674 964 1858 1045 juxta

345 1058 726 1140 praehabita.
773 1061 930 1124 Hinc
974 1063 1236 1125 demum
1276 1080 1403 1126 non
1441 1063 1594 1126 licet
1629 1061 1854 1125 talium

341 1156 605 1220 Missam
637 1159 884 1234 audire,
917 1179 1036 1224 nec
1064 1160 1145 1223 ab
1176 1161 1268 1224 eis
1297 1169 1690 1224 sacramenta
1719 1181 1854 1224 sus-

343 1257 568 1338 cipere
610 1275 626 1320 :
669 1257 821 1339 quia
868 1259 990 1322 hoc
1037 1268 1205 1322 esset
1245 1259 1340 1322 eis
1381 1259 1854 1323 communicare

343 1353 416 1416 in
445 1356 651 1430 vitiis,
677 1356 996 1440 loquendo
1024 1358 1104 1420 de
1135 1357 1474 1432 haereticis,
1501 1358 1856 1420 schismati-

341 1453 462 1528 cis»,
507 1455 1108 1531 excommunicatiS,
1157 1456 1534 1537 degradatiS,
1579 1457 1690 1538 qui
1740 1475 1856 1539 per

342 1552 738 1615 sententiam
785 1553 1085 1618 Ecclesiae
1131 1563 1284 1617 sunt
1322 1554 1404 1617 ab
1446 1553 1854 1618 exsecutione

343 1652 770 1715 consecrandi
797 1654 1113 1736 suspensi.
1137 1655 1504 1718 Peccatores
1531 1671 1706 1730 vero,
1725 1671 1853 1718 non

345 1748 434 1812 ita
473 1768 596 1832 per
633 1752 1016 1814 sententiam
1047 1753 1346 1817 Ecclesiae
1381 1753 1463 1817 ab
1502 1753 1853 1817 exsecutio·

1966 765 2217 828 smatici
2232 783 2250 846 ;
2278 773 2375 829 est
2402 785 2512 830 vas
2540 768 2777 850 gratiae‚
2802 768 2946 830 ideo
2970 765 3327 842 simoniaci,
3348 765 3463 850 qui

1964 863 2234 945 gratiam
2275 865 2562 928 vendunt
2597 873 2663 929 et
2702 873 2962 945 emunt3
2998 873 3065 929 et
3106 866 3315 930 elevat
3352 865 3463 928 ho-

1967 961 2209 1024 minem
2239 963 2319 1025 ad
2353 970 2586 1026 statum
2625 963 3048 1046 spiritualem,
3082 964 3226 1027 ideo
3260 962 3461 1026 iorni-

1967 1067 2211 1124 catores
2241 1061 2495 1136 notorii,
2529 1069 2831 1145 tauquam
2860 1063 3125 1126 omnino
3154 1060 3458 1125 carnales.

2045 1160 2358 1242 Denique,
2382 1160 2550 1224 sicut
2582 1160 2775 1223 refert
2805 1161 3177 1236 Richardus,
3200 1161 3463 1245 quidam

1965 1257 2265 1320 dixerunt
2310 1258 2679 1339 degradatos
2739 1259 2880 1341 ipso
2936 1259 3289 1323 sacerdotio
3348 1276 3463 1321 seu

1966 1356 2377 1419 consecrandi
2427 1363 2737 1438 potestate
2779 1376 2921 1421 esse
2961 1357 3265 1440 privatOS,
3308 1373 3463 1439 quo-

1965 1453 2138 1515 niam
2196 1453 2645 1536 relinquuntur
2700 1455 2989 1520 saeculari
3043 1455 3289 1537 judicio
3346 1477 3462 1542 pu·

1963 1552 2203 1614 niendi.
2240 1552 2362 1615 Sed
2402 1553 2521 1616 hoc
2561 1561 2725 1616 stare
2760 1571 2887 1617 non
2928 1561 3157 1637 potest,
3191 1563 3263 1618 ut
3290 1565 3465 1638 patet

1963 1669 2042 1714 ex
2090 1649 2299 1713 dictis.
2351 1651 2481 1714 Nec
2538 1652 2867 1734 persuasio
2914 1653 3103 1728 valet,
3156 1655 3461 1736 quoniam

1963 1766 2092 1811 uon
2130 1747 2393 1812 subesse
2420 1749 2622 1830 judici
2662 1750 2974 1826 saeculari,
3006 1768 3136 1813 non
3166 1762 3264 1815 est
3295 1753 3463 1816 ordi-

345 1866 428 1910 ne
467 1847 572 1910 sui
613 1847 820 1912 officii
861 1852 1258 1933 sequestrati,
1292 1869 1420 1915 non
1458 1859 1608 1914 sunt
1636 1852 1716 1914 de
1749 1869 1854 1914 ne·
1887 1848 1936 1912 B
1963 1846 2030 1910 ui
2079 1846 2439 1922 essentiale,
2492 1848 2602 1910 sed
2649 1866 2727 1910 ex
2774 1848 3114 1930 privilegio
3163 1852 3464 1914 convenit

345 1945 649 2009 cessitate
697 1947 786 2009 ita
826 1947 1091 2010 vitandi.
1122 1985 1203 1994 —
1241 1949 1714 2012 Advertendum
1757 1956 1856 2012 est

345 2043 566 2118 etiam,
599 2046 774 2126 quod
813 2047 1109 2127 quamvis
1149 2047 1336 2110 Missa
1373 2046 1522 2109 mali
1565 2048 1852 2110 sacerdo-

345 2142 427 2204 tis
471 2143 696 2205 minus
737 2143 946 2206 valeat
982 2163 1176 2226 quam
1227 2144 1415 2208 Missa
1464 2144 1616 2208 boni
1657 2164 1854 2228 quan·

345 2249 483 2304 tum
515 2241 596 2303 ad
629 2241 951 2305 orationes
981 2250 1045 2305 et
1075 2250 1284 2306 cetera
1319 2251 1716 2308 sacramento
1744 2264 1852 2308 an-

345 2358 532 2414 nexa,
567 2347 644 2402 ut
671 2348 826 2402 sunt
853 2341 1208 2405 devotionis
1236 2341 1510 2406 affectus
1540 2351 1604 2405 et
1633 2344 1850 2406 laudes

347 2438 482 2512 Dei,
541 2446 828 2502 attamen
887 2440 1204 2505 orationes
1267 2441 1451 2523 impii
1506 2442 1850 2505 sacerdotis

346 2537 840 2600 considerantur
868 2538 1228 2620 dupliciter.
1248 2539 1478 2613 Primo,
1494 2548 1684 2622 prout
1710 2558 1850 2623 pro·

345 2636 584 2698 cedunt
613 2635 697 2697 ab
729 2635 872 2719 ipso
899 2636 967 2698 in
1001 2637 1262 2720 propria
1290 2656 1406 2700 sua
1436 2654 1705 2721 persona
1738 2657 1752 2700 :
1787 2646 1850 2701 et

345 2733 429 2795 ita
468 2752 602 2796 non
643 2742 797 2796 sunt
826 2735 955 2797 Deo
982 2743 1276 2817 acceptae.
1311 2737 1626 2810 Secundo,
1661 2745 1850 2819 prout

343 2830 779 2894 effunduntur
807 2839 872 2894 et
901 2831 1266 2896 offeruntur
1302 2834 1432 2896 Deo
1471 2833 1538 2896 in
1577 2852 1848 2916 persona

344 2929 538 2992 totius
590 2929 919 3004 Ecclesiae,
969 2929 1156 3011 cujus
1201 2933 1496 2995 sacerdos
1543 2933 1687 2995 talis
1735 2933 1849 2995 mi-

1963 1945 2216 2008 clericis
2258 1965 2272 2010 ε
2315 1963 2444 2029 quo
2491 1963 2607 2009 suo
2655 1945 2937 2010 facinore
2988 1957 3316 2011 merentur
3357 1950 3464 2012 de-

1961 2043 2202 2126 gradati
2246 2044 2501 2126 privari.

2041 2142 2539 2225 Amplius,sicut
2566 2144 2858 2218 ThomaS,
2878 2144 3229 2208 Richardus
3258 2154 3321 2209 et
3348 2146 3459 2210 alii

1961 2240 2222 2324 quidam
2281 2241 2387 2304 hic
2434 2241 2677 2311 dieunt.
2729 2242 3099 2325 dispensare
3147 2263 3259 2306 seu
3317 2245 3460 2308 aliis

1961 2339 2326 2402 ministrare
2373 2338 2495 2401 hoc
2542 2347 3035 2414 sacramentum,
3087 2342 3461 2422 regulariter

1961 2444 2207 2519 spectat
2231 2436 2312 2498 ad
2342 2436 2721 2512 sacerdotes,
2745 2437 2858 2520 qui
2879 2437 3085 2511 medii
3115 2447 3265 2501 sunt
3294 2441 3460 2504 inter

1960 2535 2163 2600 Deum
2203 2541 2269 2596 et
2303 2534 2638 2617 populum,
2671 2544 3256 2620 repraesentantque
3288 2538 3462 2602 Chri-

1959 2640 2131 2696 stum
2150 2651 2168 2712 ;
2203 2640 2267 2695 et
2297 2633 2583 2715 ipsorum
2622 2641 3003 2698 consecratae
3042 2643 3193 2697 sunt
3232 2655 3460 2700 manus

1958 2731 2036 2793 ad
2068 2731 2466 2794 tractandum
2496 2749 2728 2813 corpus
2759 2732 3177 2808 dominicum,
3197 2752 3325 2797 non
3352 2753 3461 2798 au-

1957 2838 2088 2892 tem
2119 2830 2532 2894 diaconorum
2567 2847 2581 2892 :
2616 2829 2760 2894 ideo
2789 2829 2947 2913 ipsis
2979 2849 3107 2894 non
3137 2833 3455 2908 convenit,

1958 2927 2084 2990 nisi
2132 2935 2397 3008 cogente
2442 2927 2841 3002 necessitate,
2882 2937 2993 2990 aut
3032 2948 3111 2992 ex
3160 2931 3457 2994 commis-

345 3027 546 3090 nister
598 3034 698 3090 est
740 3046 754 3090 ε
797 3029 968 3110 quod
1018 3028 1468 3104 ministerium,
1509 3030 1676 3093 sicut
1712 3030 1845 3112 jam
1882 3031 1924 3096 C
1958 3025 2138 3089 sione
2176 3026 2485 3109 episcopi,
2518 3045 2633 3089 seu
2671 3027 2995 3090 sacerdote
3031 3028 3217 3111 longe
3252 3029 3459 3112 posito

345 3133 592 3188 tactum
637 3135 756 3201 est,
789 3135 1003 3190 manet
1045 3127 1110 3190 in
1159 3129 1371 3209 pravis
1415 3128 1744 3192 ministris.

424 3226 668 3287 Iterum
712 3225 1022 3307 quaeritur
1063 3225 1189 3300 hic,
1233 3232 1448 3289 utrum
1496 3226 1711 3309 plures
1753 3246 1846 3290 sa-

345 3322 636 3385 cerdotes
675 3322 924 3405 possint
952 3324 1242 3387 eamdem
1279 3342 1547 3387 numero
1574 3325 1848 3388 hostiam

343 3439 740 3484 consecrare.
795 3420 1172 3497 Dicendum,
1221 3424 1392 3506 quod
1439 3425 1732 3487 sacerdos
1780 3424 1844 3486 in

343 3537 458 3581 sua
497 3518 901 3582 ordinatione
944 3520 1354 3584 constituitur
1397 3522 1461 3584 in
1502 3522 1700 3603 gradu
1743 3540 1847 3585 eo-

343 3638 490 3681 rum
547 3620 662 3701 qui
717 3628 1107 3701 acceperunt
1151 3639 1185 3682 a
1235 3620 1486 3683 Christo
1541 3619 1606 3682 in
1659 3620 1849 3683 Coena

341 3724 726 3799 potestatem
755 3718 1168 3781 consecrandi
1198 3719 1319 3781 hoc
1349 3727 1842 3781 sacramentum:

343 3816 512 3890 ideo,
563 3817 921 3879 secundum
969 3817 1392 3899 quarumdam
1441 3818 1848 3879 consuetudi-

341 3932 492 3977 nem
545 3914 1000 3989 Ecclesiarum,
1051 3914 1219 3977 sicut
1262 3914 1548 3997 Apostoli
1599 3914 1846 3978 Christo

342 4012 625 4078 coenanti
667 4020 1226 4087 concoenaverunt,
1262 4012 1348 4074 ita
1386 4012 1531 4075 novi
1571 4012 1845 4076 ordinati

339 4113 650 4195 episcopo
697 4110 1017 4173 ordinanti
1071 4110 1536 4173 concelebrant.
1588 4111 1716 4174 Nec
1763 4112 1845 4174 ob

1957 3132 2022 3187 et
2048 3125 2327 3188 absente.
2346 3125 2685 3208 participat
2707 3144 2985 3208 namque
3013 3128 3319 3192 diaconus
3345 3129 3459 3192 ali·

1959 3223 2114 3305 quid
2145 3224 2222 3286 de
2254 3232 2561 3306 potestate
2591 3232 2655 3286 et
2683 3224 3033 3287 eminentia
3061 3227 3452 3290 sacerdotali.

1956 3358 2037 3367 —
2075 3322 2140 3385 Si
2187 3329 2401 3385 autem
2449 3321 2811 3403 objiciatur,
2863 3324 3014 3405 quia
3060 3326 3139 3387 de
3186 3326 3252 3387 B.
3296 3326 3457 3389 Lau-

1958 3420 2165 3483 rentio
2204 3420 2528 3495 recitatur,
2562 3420 2753 3502 quod„
2776 3420 3080 3485 dominici
3124 3424 3455 3505 sanguinis

1958 3518 2350 3600 dispensatio
2387 3518 2511 3580 fuit
2547 3518 2605 3581 ei
2648 3520 3011 3594 commissa,
3043 3520 3154 3602 qui
3192 3538 3321 3585 non
3364 3540 3458 3585 sa-

1959 3617 2203 3691 cerdoS,
2238 3617 2348 3679 sed
2389 3616 2695 3680 diaconus
2736 3617 2859 3680 fuit
2892 3637 2906 3681 :
2940 3618 3197 3699 sanguis
3239 3628 3455 3683 autem

1956 3714 2036 3777 ad
2084 3714 2255 3777 istud
2316 3713 2594 3796 pertinet
2640 3723 3129 3792 sacramentum,
3180 3717 3349 3780 sicut
3394 3726 3458 3780 et

1957 3830 2225 3895 corpus3
2272 3813 2712 3895 respondetur,
2756 3813 2926 3895 quod
2976 3814 3036 3876 S.
3078 3814 3457 3880 Laurentius

1957 3929 2086 3974 non
2118 3909 2349 3991 legitur
2379 3910 2685 3973 dominici
2718 3911 3023 3993 corporiS,
3058 3912 3166 3975 sed
3200 3914 3454 3995 sangui-

1957 4008 2056 4071 nis
2087 4008 2487 4090 dispensator
2516 4008 2735 4072 fuisse.
2759 4008 2886 4072 Nec
2916 4017 3015 4073 est
3042 4010 3263 4073 eadem
3296 4012 3455 4077 ratio

1954 4107 2032 4169 de
2081 4114 2376 4188 utroque,
2430 4107 2581 4189 quia
2624 4107 3000 4190 dispensans
3050 4110 3449 4191 sanguinem,

341 4211 462 4274 hoc
493 4210 760 4272 iteratur
787 4208 1178 4271 consecratio
1208 4227 1402 4291 super
1429 4209 1722 4272 eamdem
1743 4210 1846 4271 ho-
1875 4209 1924 4271 Ι)
1955 4223 2080 4268 non
2115 4206 2315 4287 tangit
2342 4205 2468 4267 nisi
2498 4206 2861 4287 vasculum3
2883 4208 2993 4291 qui
3023 4226 3176 4271 vero
3204 4208 3453 4292 dispeu-

339 4308 552 4384 stiam‚
586 4306 740 4389 quia
771 4314 842 4368 ut
869 4306 1278 4369 Innocentius
1302 4307 1381 4368 III
1411 4312 1697 4381 testatur,
1715 4324 1846 4369 om-

338 4406 522 4468 nium
555 4404 830 4467 intentio
859 4403 1012 4467 ferri
1043 4404 1120 4467 ad
1153 4404 1322 4467 idem
1355 4403 1597 4467 instans
1627 4422 1844 4467 conse-

340 4504 646 4567 crationis
677 4502 1138 4566 debet—Haec
1163 4502 1435 4565 Thomas
1462 4502 1528 4565 in
1559 4502 1838 4566 Summa.

415 4603 634 4676 Porr0,
687 4610 759 4663 ut
801 4601 1246 4665 Bonaventura
1299 4600 1538 4683 aliique
1595 4601 1839 4678 dicunt,

338 4708 604 4785 propter
641 4700 776 4763 haec
814 4706 1087 4781 quatuor
1124 4698 1303 4772 vitia,
1335 4718 1480 4781 quae
1521 4707 1690 4775 sunt,
1723 4700 1846 4765 hae—

339 4800 520 4876 resis,
553 4798 856 4872 schisma,
881 4797 1480 4871 excommunicatiO,
1509 4797 1844 4863 fornicatio

337 4897 608 4969 notoria,
661 4895 1061 4978 repelluntur
1105 4896 1464 4960 sacerdotes
1519 4895 1602 4958 ab
1648 4896 1843 4978 hujus

337 4994 770 5059 celebratione
819 4994 1198 5057 sacramenti
1246 5011 1260 5055 ε
1308 4993 1458 5075 quia
1505 4993 1640 5057 haec
1688 4994 1842 5058 vitia

336 5094 683 5176 specialem
732 5091 972 5154 habent
1012 5090 1499 5174 repugnantiam
1548 5090 1628 5153 ad
1672 5084 1838 5156 istud

335 5197 830 5255 sacramentum.
877 5190 946 5253 In
994 5190 1116 5253 hoc
1160 5190 1402 5272 quippe
1444 5199 1840 5255 sacramento

336 5298 432 5355 est
479 5295 800 5354 secretum
847 5287 1026 5363 fidei,
1079 5288 1223 5352 ideo
1268 5288 1668 5371 repelluntur
1714 5289 1840 5355 hae·

1955 4311 2050 4367 sat
2079 4321 2311 4385 corpus
2351 4303 2770 4381 dominicum,
2794 4305 2997 4387 tangit
3028 4305 3207 4369 illud.
3232 4308 3452 4371 Manus

1953 4408 2167 4464 autem
2217 4402 2631 4465 diaconorum
2690 4421 2818 4466 non
2872 4412 3021 4467 sunt
3071 4414 3453 4471 consecratae

1954 4501 2032 4563 ad
2063 4500 2451 4581 tangendum
2484 4502 2605 4564 hoc
2635 4511 3123 4566 sacramentum.
3157 4504 3302 4569 Haec
3333 4506 3447 4569 illi.

2386 4818 2861 4893 QUAESTIO
2926 4820 3006 4884 11

1949 5090 2291 5254 DEinde
2333 5090 2439 5153 hic
2482 5090 2809 5172 quaeritur,
2854 5091 3062 5171 Quid
3112 5095 3223 5160 sit
3273 5110 3448 5176 pro-

2116 5190 2288 5272 prie
2317 5190 2668 5273 hoeresis,
2689 5193 2771 5257 et
2798 5191 2989 5274 quid
3016 5191 3261 5260 faciat
3289 5195 3447 5263 11ae-

1947 5292 2313 5359 reticum.
