4267 6250
747 484 955 533 mnu
993 485 1201 532 ronnA
1243 484 1754 532 consuannoms
1797 483 2121 530 sANGmms
2166 483 2425 530 mmmm
2465 483 2875 541 Exrnmssun,
2914 483 3041 530 mc.

3327 463 3451 528 227

343 651 675 716 sufficiens
705 653 1052 718 auctoritas
1082 671 1210 718 non
1243 653 1532 717 habetur.
1565 653 1703 718 Non
1733 672 1842 715 au·
1872 652 1923 716 A
2032 653 2336 716 Praeterea
2364 653 2623 735 quidam
2656 652 2760 716 hic
2790 653 3213 728 sciscitantur,
3238 659 3449 715 utrum

343 759 472 812 tem
511 751 947 834 periculosum
993 759 1090 816 est
1133 752 1300 814 istud
1349 752 1659 834 ignorare,
1693 752 1844 834 quia

341 849 594 911 videtur
640 850 1000 930 ignorantia
1056 849 1472 912 invincibilis,
1525 849 1672 914 Ideo
1729 849 1844 912 im-

341 945 674 1028 probabile
703 956 802 1010 est
828 949 998 1030 quod
1039 948 1300 1030 qnidam
1341 948 1589 1011 locutus
1623 956 1721 1010 est
1751 949 1843 1010 in-

341 1045 636 1120 discrete,
671 1046 841 1127 quod
873 1045 1123 1108 scilicet
1159 1064 1420 1109 necesse
1449 1053 1546 1108 est
1586 1046 1648 1108 in
1691 1062 1843 1128 quo·

345 1143 502 1205 libet
557 1151 956 1208 sacramento
1003 1145 1168 1210 scire
1223 1145 1394 1227 quod
1448 1145 1710 1227 praecise
1765 1144 1844 1207 ad

340 1241 485 1321 ejus
516 1241 830 1323 pertineat
861 1242 1152 1305 formam.
1185 1243 1344 1306 Nam
1373 1251 1440 1305 et
1476 1242 1712 1306 diversi
1751 1243 1846 1304 di-

341 1339 542 1402 versis
572 1340 788 1404 verbis
829 1348 1098 1404 utuntur
1125 1341 1191 1403 in
1221 1342 1613 1406 Poenitentiae
1642 1359 1845 1404 sacra-

341 1447 578 1502 mento.
613 1440 790 1513 Quod
839 1457 992 1521 ergo
1039 1440 1426 1503 consilium?
1457 1440 1632 1514 Dice,
1675 1441 1845 1522 quod

341 1538 635 1600 sacerdos
681 1536 1022 1601 intendens
1065 1539 1276 1601 facere
1320 1539 1488 1620 quod
1536 1539 1689 1602 facit
1737 1539 1848 1600 Ec-

341 1637 556 1712 clesia,
592 1635 808 1718 legens
838 1637 1137 1700 distincte
1167 1637 1428 1700 canonis
1458 1636 1674 1710 verba,
1696 1656 1846 1702 vere

341 1735 625 1798 conficit.
659 1735 788 1798 Nec
835 1743 932 1798 est
977 1741 1188 1798 tutum
1238 1734 1432 1797 alicui
1479 1735 1846 1818 (quantum-

1953 749 2018 812 in
2049 750 2263 814 verbis
2294 750 2645 814 formarum
2677 753 2938 815 istarum
2971 751 3055 815 sit
3082 751 3297 833 aliqua
3324 751 3451 812 vir·

1951 855 2056 911 tus
2108 849 2629 932 supernaturaiiS,
2681 851 3001 914 causativa
3048 849 3445 914 sacramenti.

1953 945 2044 1008 Ad
2089 946 2257 1027 quod
2304 945 2455 1007 satis
2499 963 2641 1008 reor
2680 954 2895 1028 patere
2942 965 3321 1029 responsum
3370 964 3449 1008 ex

1953 1042 2054 1105 his
2103 1063 2245 1125 quae
2286 1044 2453 1106 dicta
2494 1051 2643 1106 sunt
2684 1063 2876 1127 supra
2922 1045 2985 1106 in
3034 1043 3337 1127 generali,
3370 1044 3448 1105 de
3476 1059 3728 1118 anama,

1953 1142 2190 1204 virtute
2218 1142 2456 1205 causali
2495 1151 3036 1206 sacramentorum
3068 1142 3465 1225 evangelicis,

1956 1240 2131 1322 legiS.

2033 1339 2214 1402 Multi
2245 1356 2499 1422 quoque
2531 1341 2635 1404 hic
2676 1341 3079 1422 investigant,
3113 1360 3195 1403 an
3232 1339 3453 1407 formae

1958 1437 2092 1500 istae
2134 1444 2505 1520 exspectent
2550 1459 2617 1502 se
2666 1441 2731 1503 in
2780 1439 3124 1522 operando,
3164 1439 3287 1502 hoc
3335 1445 3451 1512 est,

1956 1555 2034 1597 an
2076 1536 2339 1618 prolatis
2380 1536 2592 1600 verbis
2637 1537 3130 1601 consecrationis
3171 1536 3455 1619 corporis

1959 1633 2213 1708 Christi,
2250 1652 2395 1699 mox
2440 1644 2503 1698 et
2550 1636 2915 1699 immediate
2957 1642 3263 1717 sequatur
3300 1633 3457 1697 effe-

1958 1741 2120 1809 ctus,
2145 1734 2209 1795 id
2240 1741 2339 1796 est
2364 1734 2988 1798 transsubstantiatio
3017 1735 3198 1816 panis
3229 1733 3295 1795 in
3328 1752 3459 1796 cor·

342 1852 622 1916 cumque
662 1841 920 1916 reputet
959 1852 1028 1896 se
1080 1834 1386 1915 peritum)
1422 1834 1656 1909 dicere,
1688 1835 1844 1899 Volo
1885 1835 1931 1896 B
1962 1852 2082 1915 pus
2126 1833 2546 1909 dominicum,
2596 1834 2699 1896 vel
2747 1833 3082 1897 differatur
3122 1849 3455 1915 quousque

341 1933 608 2015 praecise
648 1932 739 1994 uti
781 1931 998 1994 verbis
1037 1932 1176 1994 istis
1215 1950 1331 2015 pro
1371 1934 1844 1997 consecratione

340 2030 672 2112 sanguinis
727 2048 740 2092 :
794 2029 926 2095 imo
981 2032 1266 2095 securior
1313 2040 1410 2095 est
1467 2031 1846 2114 simplicitas

339 2148 469 2211 qua
507 2129 778 2204 dicatur,
809 2125 966 2193 Volo
1006 2130 1200 2193 verba
1242 2130 1364 2192 ista
1402 2131 1687 2212 proferre
1729 2131 1848 2194 ista

340 2228 698 2290 intentione
745 2247 874 2311 qua
921 2228 1208 2291 Christus
1256 2248 1334 2292 ea
1385 2229 1662 2294 instituit
1707 2249 1846 2293 esse

339 2326 726 2408 proferenda
768 2342 784 2388 :
829 2326 914 2389 ita
964 2327 1134 2408 quod
1181 2345 1256 2390 ea
1303 2346 1444 2409 quae
1493 2346 1570 2390 ex
1613 2327 1844 2391 Christi

341 2425 744 2487 institutione
771 2433 924 2488 sunt
949 2425 1030 2488 de
1061 2424 1285 2500 forma,
1305 2425 1448 2488 dico
1479 2443 1593 2507 pro
1620 2426 1843 2501 forma,

340 2531 404 2584 et
433 2541 580 2605 quae
609 2529 762 2585 sunt
785 2523 866 2586 ad
905 2523 1349 2599 reverentiam,
1380 2523 1525 2586 dico
1561 2524 1640 2586 ad
1671 2543 1848 2588 reve-

341 2620 636 2683 rentiam.
673 2619 736 2683 Si
775 2628 988 2682 autem
1031 2621 1326 2685 sacerdos
1367 2621 1681 2705 inciperet
1708 2642 1847 2686 ver-

341 2718 424 2781 ba
475 2717 698 2781 formae
755 2717 1064 2800 proferre,
1115 2737 1236 2783 nec
1261 2720 1666 2802 ·compleret‚
1718 2738 1845 2784 non

339 2824 514 2880 esset
559 2816 954 2880 adorandum
1001 2816 1127 2880 nisi
1177 2817 1297 2880 sub
1345 2819 1732 2895 conditione,
1784 2826 1848 2882 et

341 2915 614 2978 materia
637 2915 754 2977 illa
781 2916 1092 2978 sumenda
1125 2923 1293 2979 esset
1329 2935 1366 2979 a
1395 2918 1719 2980 sacerdote
1751 2936 1844 2979 se-

1960 1932 2206 2014 prolata
2233 1932 2316 1994 sit
2356 1931 2559 1995 forma
2596 1932 3090 1996 consecrationis
3128 1931 3456 2013 sanguinis

1960 2029 2319 2115 Salvatoris.
2354 2030 2433 2092 Et
2462 2031 2753 2113 quamvis
2788 2031 3048 2113 quidam
3088 2029 3333 2112 antiqui
3363 2029 3455 2091 di·

1960 2136 2211 2201 xerunt,
2245 2129 2415 2210 quod
2454 2128 2677 2192 formae
2706 2129 2795 2191 ita
2840 2135 3209 2212 exspectent
3244 2146 3333 2200 se,
3366 2134 3457 2188 ta-

1962 2245 2106 2289 men
2172 2227 2463 2291 doctores
2529 2228 2717 2291 modo
2780 2227 3178 2291 concorditer
3234 2226 3459 2288 dicunt

1958 2325 2369 2400 contrarium,
2406 2327 2574 2407 quod
2620 2333 2683 2389 et
2725 2326 2877 2389 satis
2925 2326 3095 2390 lucet
3142 2345 3217 2388 ex
3268 2325 3459 2388 intro-
3526 2345 3529 2348 ’

1958 2423 2184 2486 ductis.
2220 2425 2359 2487 Mox
2388 2425 2562 2487 enim
2594 2425 2855 2507 prolatis
2884 2423 3099 2488 verbis
3130 2441 3459 2487 consecra·

1956 2522 2150 2585 tionis
2209 2523 2493 2605 corporis
2552 2523 2737 2597 sacri,
2789 2523 3001 2606 ipsum
3060 2523 3344 2586 elevatur
3393 2527 3459 2584 et

1956 2621 2271 2684 adoratur.
2306 2621 2434 2684 Nec
2476 2621 2624 2684 inde
2658 2621 3090 2704 consequitur,
3124 2620 3294 2703 quod
3324 2637 3459 2682 cor-

1958 2738 2078 2802 pus
2111 2720 2175 2781 in
2207 2719 2421 2802 specie
2462 2719 2645 2802 panis
2684 2737 3003 2801 exsangue
3042 2720 3145 2794 sit,
3178 2718 3330 2802 quia
3358 2720 3460 2802 (ut

1959 2817 2124 2880 infra
2172 2816 2443 2900 patebit)
2490 2818 2553 2880 in
2602 2817 2811 2880 hostia
2857 2827 3221 2881 consecrata
3268 2836 3346 2881 ex
3394 2819 3458 2880 vi

1957 2917 2395 2980 conversionis
2443 2926 2538 2980 est
2588 2936 2839 3000 corpuS,
2892 2917 3149 3000 sanguis
3197 2935 3349 2980 vero
3397 2925 3461 2980 et

339 3032 588 3087 orsum,
623 3013 708 3075 ita
737 3013 908 3095 quod
937 3013 1180 3076 diceret
1211 3014 1375 3077 intra
1405 3034 1494 3089 se,
1528 3015 1592 3078 Si
1631 3033 1847 3078 conse·
1877 3017 1921 3081 C
1957 3014 2170 3076 anima
2218 3033 2291 3078 ac
2338 3014 2538 3078 deitas
2586 3014 2799 3090 Verbi,
2836 3033 2913 3078 ex
2963 3015 3459 3078 concomitantia

341 3119 518 3176 crata
565 3118 683 3185 est,
731 3130 919 3175 sumo
965 3131 1104 3175 eam
1159 3119 1228 3175 ut
1273 3119 1746 3194 consecratam3
1791 3113 1846 3177 si

340 3228 498 3284 non,
529 3228 678 3273 non.
716 3210 794 3271 Et
822 3210 942 3272 hoc
979 3211 1298 3293 agendum
1339 3230 1414 3275 eo
1443 3212 1650 3274 adhuc
1685 3212 1848 3293 jeju-

339 3327 448 3383 no,
482 3308 783 3372 videlicet
817 3316 963 3372 ante
995 3311 1470 3393 perceptionem
1500 3309 1848 3375 ablutionis

339 3406 500 3470 vini.
532 3443 618 3453 -
641 3406 786 3471 Haec
817 3406 1062 3483 ScotuS,
1095 3408 1332 3490 quibus
1362 3410 1700 3473 concordat
1728 3410 1850 3472 Du-

339 3507 604 3569 randus.
639 3504 716 3567 Et
756 3526 898 3588 quae
935 3506 1159 3569 dicunt
1197 3506 1275 3569 de
1314 3508 1588 3570 essentia
1627 3508 1848 3571 sormae

340 3604 843 3667 consecrationis
889 3603 1050 3677 vini,
1101 3612 1166 3667 et
1211 3605 1288 3667 de
1339 3604 1690 3669 intentione
1740 3607 1847 3668 ha-

341 3702 555 3765 benda
587 3702 754 3764 circa
795 3700 1212 3784 prolationem
1243 3702 1585 3767 verborum
1627 3703 1848 3769 formae

342 3801 546 3875 illius,
595 3799 892 3863 videntur
933 3800 1254 3882 sapienter
1295 3820 1614 3885 expressa.

426 3900 752 3962 Postremo
783 3898 950 3961 inter
977 3906 1070 3961 tot
1099 3899 1606 3983 opinioneS,quae
1637 3909 1847 3963 tamen

345 3999 567 4060 minus
597 3997 962 4060 discordant
992 3998 1056 4059 in
1099 4015 1166 4060 re
1205 4017 1398 4080 quam
1439 3998 1503 4060 in
1543 4006 1846 4083 apparatu

1957 3113 2253 3176 naturali.

2035 3213 2479 3276 Bonaventura
2514 3213 2706 3276 etiam
2738 3212 2909 3275 circa
2947 3213 3080 3276 haec
3122 3211 3404 3295 loquitur
3438 3230 3455 3276 ι

1958 3311 2182 3373 Forma
2226 3311 2367 3385 ista,
2402 3311 2515 3374 Hic
2566 3318 2661 3373 est
2710 3310 2875 3374 calix
2924 3310 3251 3393 sanguinis
3303 3312 3455 3386 mei,

1957 3416 2054 3471 est
2091 3408 2297 3471 forma
2334 3417 2506 3472 recta
2543 3417 2607 3472 et
2646 3427 2923 3490 congrua
2962 3410 3456 3473 consecrationis

1958 3507 2305 3589 sanguinis.
2340 3508 2461 3570 Sed
2494 3515 2705 3570 utrum
2740 3507 2824 3569 sit
2859 3500 3009 3582 tota,
3043 3527 3123 3570 an
3164 3508 3334 3590 quod
3366 3528 3459 3571 se·

1957 3606 2178 3687 quitur
2206 3605 2289 3667 sit
2318 3604 2397 3667 de
2430 3604 2570 3685 ejus
2611 3604 2991 3686 integritate,
3026 3613 3124 3668 est
3161 3605 3452 3668 dubium.

1959 3703 2249 3766 Creditur
2304 3710 2518 3764 tamen
2576 3701 2744 3784 quod
2802 3710 2896 3765 est
2954 3709 3125 3783 tota3
3178 3710 3457 3766 attamen

1958 3801 2127 3882 quod
2159 3801 2449 3883 sequitur
2477 3817 2603 3863 non
2633 3799 2869 3862 frustra
2898 3809 2995 3863 est
3020 3800 3324 3875 additum,
3340 3820 3458 3863 nec

1959 3900 2396 3963 resecandum.
2452 3898 2547 3960 An
2608 3915 2759 3961 vero
2816 3898 3023 3961 forma
3076 3916 3114 3959 a
3168 3898 3460 3980 quolibet

1960 3997 2361 4079 Evangelista
2386 3996 2725 4079 descripta,
2760 3996 2843 4059 sit
2869 3995 2949 4058 ad
2980 3996 3454 4060 conficiendum

75 4111 128 4167 cx
142 4112 314 4169 ..21⁵0
343 4094 718 4171 verborum,
749 4095 1004 4159 videtur
1031 4096 1362 4179 responsio
1399 4097 1561 4160 Petri
1602 4098 1852 4180 planior
1959 4096 2317 4171 sufficienS‚
2350 4096 2496 4178 quis
2533 4095 2758 4158 audeat
2796 4113 3045 4177 negare,
3078 4102 3189 4157 aut
3226 4113 3459 4179 praesu-

17 4223 20 4246 ι
65 4182 156 4217 ²¹⁸·
344 4200 664 4277 qnantum
695 4194 773 4256 ad
804 4192 1078 4257 formam
1108 4194 1601 4279 consecrationis
1631 4213 1848 4280 corpo-
1879 4198 1930 4261 D
1961 4194 2194 4258 mendo
2231 4202 2533 4269 asserere,
2566 4202 2765 4277 quum
2807 4194 3165 4257 nesciamus
3212 4212 3291 4257 an
3333 4194 3457 4278 ipsi

345 4295 438 4356 ris
471 4292 726 4355 Christi.
751 4292 1059 4355 Similiter
1087 4292 1419 4375 responsio
1446 4294 1740 4357 Richardi
1772 4295 1850 4358 de
1961 4280 2352 4357 intenderint
2398 4293 2667 4357 formam
2714 4292 3098 4369 describere,
3135 4312 3215 4357 an
3264 4295 3458 4359 verba

345 4393 408 4456 S.
443 4392 699 4454 Victore
739 4399 890 4473 apta
931 4398 1244 4454 censetur.
1925 4392 2050 4479 ‚rei
2092 4400 2285 4475 gestae
2327 4394 2621 4456 narrare?
2663 4392 3305 4475 naeeBonaventm-a.
