4267 6250
840 504 959 570 146

1528 524 1593 570 IN
1632 523 1855 571 miltun
1897 524 1958 569 lv
1998 520 2483 569 sammuntm.
2523 538 2604 549 -
2643 519 2798 567 ms'r.
2838 520 2918 583 V}
2960 520 3186 577 QuAES'r.
3229 522 3274 567 11

838 690 1013 755 facili
1059 700 1324 774 possunt
1360 691 1610 775 objecta
1656 712 1797 776 quae
1843 692 1951 755 hic
1987 693 2065 755 ad
2102 699 2338 755 utram·
2365 688 2417 755 A
2445 699 2746 774 operatur
2785 690 2978 753 homo
3015 691 3145 754 Deo
3181 696 3492 772 quantum
3528 688 3608 751 ad
3647 686 3946 769 gratiam,

839 810 965 873 que
1009 800 1276 873 possunt
1317 800 1561 874 partem
1606 792 1887 856 formari.

917 890 1242 965 Praeterea‚
1293 891 1449 955 dum
1504 893 1833 975 quaeritur,
1881 911 2026 975 quae
2084 892 2167 953 sit
2227 890 2336 953 illa

839 996 1116 1072 potestas
1155 1009 1346 1072 quam
1388 992 1595 1074 potuit
1632 990 1918 1054 Christus
1958 991 2107 1053 dare
2154 989 2337 1053 mini-

838 1088 986 1150 stris
1024 1106 1144 1151 nec
1183 1089 1387 1169 dedit3
1419 1090 1784 1163 dicendum,
1817 1090 1987 1171 quod
2026 1090 2196 1151 circa
2223 1088 2336 1151 Ba-

840 1186 1149 1268 ptismum
1202 1196 1470 1270 possunt
1516 1207 1625 1251 sex
1674 1188 1943 1251 virtutes
1998 1207 2108 1251 seu
2166 1196 2336 1270 pote·

840 1291 1032 1347 states
1075 1286 1301 1360 notari,
1332 1294 1402 1348 ut
1446 1287 1775 1350 videamus
1818 1304 2010 1369 quam
2048 1286 2337 1349 Christus

840 1384 1049 1465 potuit
1086 1384 1235 1447 dare
1282 1403 1400 1447 nec
1442 1385 1633 1448 dedit.
1677 1385 1885 1447 Prima
1926 1392 2022 1447 est
2060 1392 2338 1466 potestas

840 1481 1256 1557 auctoritatiS,
1281 1500 1405 1563 qua
1436 1483 1603 1545 Deus
1633 1502 1670 1545 a
1698 1502 1765 1545 se
1798 1482 1957 1565 ipso,
1980 1501 2108 1547 non
2139 1483 2342 1545 aliun-

842 1579 944 1654 de,
975 1579 1167 1642 habet
1197 1588 1571 1661 potestatem
1610 1581 1961 1644 mundandi
2002 1581 2270 1643 interius
2304 1600 2343 1643 a

842 1678 1141 1759 peccatis.
1175 1678 1466 1741 Secunda
1501 1688 1596 1742 est
1637 1687 1913 1762 potestas
1957 1679 2342 1762 cooperatio-

842 1775 967 1849 niS,
1000 1783 1071 1837 ut
1098 1776 1289 1839 homo
1318 1776 1627 1839 divinitus
1658 1785 1920 1859 accepta
1956 1778 2240 1860 potentia
2273 1777 2338 1839 in

2446 808 2514 852 se
2543 789 2940 871 disponendo
2967 790 3045 852 ad
3079 788 3274 851 illam.
3294 787 3506 850 Primo
3535 785 3951 868 modo,quid-

2448 888 2602 969 quid
2633 887 2924 969 Magister
2952 886 3165 949 dicere
3195 886 3506 960 videatur,
3537 886 3702 948 Deus
3740 884 3953 947 homi-

2447 986 2512 1048 ni
2559 986 2710 1049 dare
2753 1004 2880 1048 non
2921 985 3124 1067 potuit
3164 984 3521 1066 hujusmodi
3567 988 3948 1066 potestatem

2447 1085 2938 1166 cooperativum,
3001 1084 3152 1165 quia
3209 1090 3498 1147 creatura
3551 1102 3748 1165 capax
3813 1100 3948 1145 non

2445 1182 2589 1245 fuit.
2632 1183 2761 1245 Nec
2810 1184 2898 1245 ita
2944 1182 3244 1264 intelligit
3282 1181 3695 1263 AugustinuS‚
3737 1188 3810 1242 ut
3853 1188 3950 1241 ta-

2449 1290 2623 1344 ctum
2662 1290 2760 1343 est
2789 1282 2999 1364 primo
3037 1280 3221 1355 libro,
3253 1280 3660 1343 distinctione
3696 1279 3954 1341 decima
4001 1293 4236 1349 cnam,

2447 1387 2688 1462 quarta.
2724 1380 2844 1443 Sed
2883 1379 3165 1443 secundo
3187 1379 3394 1443 ‘modo
3431 1378 3640 1461 potuit
3671 1378 3842 1452 dare,
3875 1383 3953 1439 ut
3975 1357 4238 1412 *ww*

2449 1479 2695 1541 scilicet
2756 1479 2948 1541 homo
3009 1478 3254 1540 homini
3316 1478 3584 1559 gratiam
3647 1476 3952 1559 impetret

2447 1576 2822 1660 dispositive
2865 1594 2880 1639 :
2925 1577 3092 1639 sicut
3132 1576 3308 1639 dedit
3350 1576 3598 1639 homini
3647 1575 3956 1640 virtutem

2449 1673 2724 1737 faciendi
2786 1675 3114 1749 miracula,
3168 1692 3294 1738 non
3355 1674 3523 1757 quod
3573 1694 3649 1737 ea
3705 1674 3956 1737 efficiat

2451 1774 2663 1848 homo,
2699 1774 2809 1837 sed
2839 1774 3072 1836 virtute
3113 1772 3237 1835 sibi
3277 1772 3505 1836 collata
3544 1773 3845 1855 impetret
3875 1790 3958 1834 ea

841 1874 952 1937 tali
983 1882 1127 1938 actu
1158 1884 1327 1939 esset
1354 1885 1741 1959 cooperator.
1776 1876 1985 1939 Tertia
2014 1885 2110 1940 est
2139 1876 2339 1939 abun·
2373 1872 2420 1935 B
2453 1872 2727 1954 desuper
2755 1870 2920 1934 fieri.
2938 1871 3028 1933 Ex
3057 1871 3296 1954 quibus
3325 1872 3680 1946 innotescit,
3694 1888 3959 1953 quomo-

843 1972 1051 2035 dantis
1079 1973 1495 2048 excellentiae,
1532 1983 1602 2036 ut
1629 1974 1983 2037 secundum
2012 1974 2340 2037 abundan-

844 2078 972 2133 tem
1033 2072 1301 2152 gratiam
1361 2072 1426 2134 in
1485 2071 1843 2153 baptizante
1901 2071 2337 2144 exsistentem,

844 2168 1147 2249 maJ’orem
1176 2168 1495 2232 conferret
1519 2170 1787 2250 gratiam
1818 2169 2344 2252 baptizatoouar-

844 2274 907 2328 ta
955 2273 1051 2327 est
1100 2266 1539 2341 invocationiS,
1591 2276 1662 2329 ut
1719 2266 1912 2331 homo
1961 2268 2028 2328 in
2082 2266 2342 2329 nomine

845 2364 1009 2426 Petri
1071 2364 1389 2447 baptizare
1453 2366 1673 2447 possit,
1736 2366 1904 2428 sicut
1960 2366 2026 2427 in
2085 2365 2344 2427 nomine

847 2462 1078 2526 Christi
1124 2483 1238 2527 seu
1278 2463 1621 2526 Trinitatis,
1655 2464 1887 2538 Quinta
1928 2471 2024 2527 est
2068 2469 2344 2546 potestas

844 2561 1285 2638 institutioniS,
1316 2571 1387 2625 ut
1431 2563 1597 2626 sicut
1638 2563 1925 2627 Christus
1968 2562 2195 2625 habuit
2236 2579 2344 2645 po-

846 2666 1137 2723 testatem
1184 2661 1560 2725 instituendi
1600 2661 2000 2743 Baptismum
2046 2661 2111 2724 in
2155 2680 2342 2743 aqua,

848 2760 935 2823 ita
962 2768 1027 2822 et
1056 2761 1220 2824 alius
1254 2761 1442 2824 talem
1473 2761 1734 2824 haberet
1766 2761 2135 2843 potentiam.
2161 2761 2349 2824 Sexta

846 2865 942 2921 est
973 2858 1336 2935 ministerii,
1370 2878 1497 2942 qua
1535 2878 1703 2922 unus
1741 2861 1924 2923 alteri
1964 2859 2224 2923 exhibet
2256 2878 2351 2921 sa-

848 2964 1265 3020 cramentum.
1316 2957 1593 3020 Primam
1652 2957 1939 3021 Christus
1996 2976 2116 3021 nec
2174 2958 2346 3020 dedit

2451 1970 2533 2032 do
2574 1970 2984 2051 intelligenda
3021 1977 3172 2032 sunt
3202 1969 3394 2033 verba
3431 1968 3768 2051 Augustini
3807 1989 3956 2052 quae

2451 2067 2682 2150 allegat
2708 2068 3036 2150 Magister3
3073 2077 3136 2131 et
3172 2069 3344 2151 quod
3384 2087 3606 2131 rursus
3643 2086 3837 2151 super
3875 2068 3956 2130 il-

2455 2166 2564 2228 lud
2592 2167 2871 2241 somnis,
2903 2167 3018 2229 Hic
3051 2174 3148 2230 est
3181 2167 3292 2249 qui
3327 2166 3624 2249 baptizat,
3655 2166 3956 2248 Augusti·
3979 2192 4242 2239 :mmm

2455 2285 2575 2328 nus
2604 2273 2871 2328 testatur
2891 2282 2904 2327 :
2922 2267 3192 2329 Ioannes
3224 2265 3449 2328 didicit
3476 2266 3646 2348 quod
3677 2273 3956 2349 potesta-

2453 2372 2586 2427 tem
2631 2364 2979 2427 mundandi
3017 2383 3055 2427 a
3098 2364 3373 2447 peccatis
3413 2364 3700 2428 Christus
3745 2366 3960 2447 potuit

2452 2462 2604 2525 dare
2645 2462 2978 2537 ministris,
3009 2463 3120 2525 sed
3163 2481 3290 2525 non
3328 2462 3520 2525 dedit.
3555 2498 3637 2509 -
3663 2463 3808 2527 Haec
3837 2464 3958 2527 Bo·

2455 2568 2822 2623 naventura.

2537 2660 2653 2733 Qui
2694 2667 2758 2722 et
2796 2660 2966 2723 circa
3005 2660 3070 2722 id
3110 2662 3280 2743 quod
3321 2661 3564 2724 dictum
3603 2668 3700 2724 est
3732 2662 3812 2724 de
3841 2662 3958 2725 Ba-

2460 2758 2696 2840 ptismo
2733 2776 2860 2821 non
2905 2759 3313 2842 suscipiendo
3349 2779 3388 2823 a
3425 2760 3593 2823 malo
3636 2760 3958 2837 ministr-0,

2459 2857 2761 2920 disseruit
2813 2875 2826 2919 :
2881 2858 2994 2920 Ille
3051 2858 3164 2941 qui
3223 2858 3519 2942 baptizat,
3571 2868 3680 2923 aut
3737 2868 3834 2923 est
3891 2860 3962 2922 in

2461 2964 2722 3038 peccato
2764 2956 3035 3031 notorio,
3078 2966 3188 3019 aut
3229 2958 3516 3038 occulto;
3557 2966 3619 3021 et
3663 2958 3798 3021 sive
3839 2958 3961 3034 sic,

848 3074 967 3117 nec
1016 3056 1165 3119 dare
1216 3056 1424 3139 potuit
1466 3055 1621 3130 suiS,
1662 3056 1965 3139 quoniam
2016 3056 2348 3139 incapaces
2383 3056 2427 3120 C
2461 3055 2596 3117 sive
2641 3054 2755 3129 sic,
2796 3054 3003 3117 adhuc
3051 3055 3573 3137 distinguendum
3613 3065 3712 3119 est
3753 3074 3768 3119 ε
3811 3056 3968 3140 quia

848 3154 1129 3218 fuerunt.
1165 3155 1462 3219 Ultimam
1504 3156 1713 3239 potuit
1750 3156 1900 3218 dare
1937 3166 2001 3219 et
2032 3156 2224 3218 dedit.
2261 3156 2348 3219 De

848 3253 1151 3317 omuibus
1181 3271 1333 3319 vero
1363 3253 1759 3317 intermediis
1790 3254 2014 3317 dicunt
2042 3254 2346 3336 magistri,

849 3352 1021 3434 quod
1073 3371 1179 3414 eas
1222 3351 1557 3435 discipulis
1601 3352 1750 3414 dare
1794 3352 2019 3434 potuit,
2062 3353 2173 3415 sed
2222 3370 2348 3416 non

850 3450 1044 3513 dedit.
1096 3449 1339 3534 Nempe
1396 3450 1743 3513 secundam
1794 3457 1859 3514 et
1911 3451 2162 3513 tertiam
2224 3469 2350 3514 non

850 3548 1133 3623 donavit,
1167 3567 1249 3611 ne
1287 3567 1434 3631 spes
1478 3548 1701 3612 salutis
1746 3548 1809 3611 in
1853 3548 2113 3612 homine
2156 3567 2350 3631 pone-

851 3654 1047 3722 retur,
1081 3646 1233 3729 quia
1274 3647 1328 3709 si
1374 3667 1538 3710 unus
1580 3646 1773 3710 bomo
1810 3647 2009 3710 alium
2054 3647 2351 3729 spiritua-

852 3745 997 3808 liter
1038 3753 1251 3828 posset
1292 3765 1537 3820 sanare,
1578 3753 1689 3809 aut
1730 3745 1863 3808 suis
1914 3745 2162 3808 meritis
2206 3746 2352 3828 plus

852 3845 931 3909 de
966 3845 1170 3926 gratia
1210 3846 1383 3921 dare,
1416 3851 1701 3928 speraret
1737 3844 1930 3908 homo
1971 3845 2053 3907 ab
2090 3845 2351 3908 homine

850 3945 1121 4027 gratiam
1177 3951 1243 4008 et
1293 3945 1567 4008 veniam.
1621 3944 1919 4018 Quartam
1976 3962 2232 4027 quoque
2290 3953 2354 4007 et

852 4043 1143 4125 quintam
1195 4059 1323 4105 non
1371 4042 1568 4115 dedit,
1612 4061 1694 4104 ne
1737 4049 1829 4104 tot
1875 4042 2005 4105 siut
2044 4041 2352 4124 Baptismi

853 4148 1009 4222 quot
1038 4141 1624 4223 baptizantes.Hinc
1657 4159 1824 4203 unus
1855 4140 2027 4203 solus
2058 4140 2350 4216 instituit,

854 4247 927 4301 ut
968 4259 1135 4302 unus
1178 4239 1351 4302 solus
1394 4240 1745 4302 invocetur.

937 4337 1025 4400 De
1076 4344 1385 4420 potestate
1434 4337 1695 4399 demum
1746 4337 2210 4419 cooperationis
2257 4345 2355 4401 est

856 4436 1308 4510 controversia,
1374 4435 1528 4517 quia
1592 4434 1885 4517 Magister
1944 4436 2120 4510 dicit,
2183 4437 2352 4519 quod

856 4534 1143 4598 Christus
1185 4534 1360 4596 illam
1402 4534 1609 4616 potuit
1641 4534 1791 4596 dare
1820 4535 2031 4616 :quod
2070 4553 2354 4598 commu—

856 4633 1025 4696 niter
1067 4651 1195 4697 non
1238 4640 1511 4696 tenetur.
1546 4632 1669 4695 Sed
1712 4632 2015 4715 quoniam
2056 4632 2351 4714 Augusti-

563 4764 766 4822 0s‚„‚,39
778 4763 825 4809 Β,
855 4751 977 4796 nus
1009 4731 1261 4795 videtur
1289 4731 1409 4795 hoc
1439 4731 2151 4805 dicere‚advertendum
2181 4734 2351 4814 quod

854 4831 1035 4894 alteri
1088 4830 1413 4912 cooperari
1463 4830 1773 4911 contingit
1819 4830 2180 4912 dupliciter.
2224 4832 2351 4895 Pri-

856 4948 985 5005 m0,
1026 4948 1141 5012 per
1188 4929 1449 4992 modum
1494 4947 1700 4992 causae
1740 4927 2088 4993 efficientis
2131 4949 2147 4993 ε
2187 4930 2354 4993 sicut

854 5037 1078 5092 natura
1117 5034 1491 5111 cooperatur
1522 5029 1649 5091 Deo
1682 5027 1749 5090 in
1790 5028 2206 5110 productione
2243 5048 2352 5092 na-

854 5127 1157 5190 turalium
1204 5145 1455 5207 rerum3
1488 5127 1764 5190 liberum
1806 5144 2059 5209 quoque
2102 5128 2353 5192 arbitri-

848 5247 965 5290 um
993 5226 1231 5308 gratiae,
1256 5226 1546 5290 faciendo
1576 5225 1977 5289 meritorium
2006 5243 2188 5308 opus.
2212 5227 2354 5292 Alio

855 5327 1064 5402 mod0,
1097 5345 1212 5410 per
1250 5325 1512 5388 modurn
1551 5323 1947 5408 disponentis
1991 5342 2005 5387 ε
2049 5324 2215 5389 sicut
2254 5344 2354 5390 co-

2461 3161 2570 3216 aut
2617 3161 2714 3216 est
2760 3154 3108 3218 necessitas
3155 3153 3542 3237 baptizandi,
3587 3163 3652 3219 et
3699 3156 3968 3219 timetur

2460 3253 2831 3316 scandalum
2870 3253 2994 3316 nisi
3035 3254 3332 3336 baptizet,
3367 3262 3431 3318 et
3458 3263 3612 3318 tunc
3651 3273 3780 3319 non
3819 3275 3967 3338 pec-

2461 3359 2562 3414 cat
2595 3351 2996 3433 baptizando,
3029 3353 3140 3416 sed
3179 3353 3246 3414 in
3284 3353 3406 3416 hoc
3444 3354 3615 3436 quod
3653 3372 3722 3416 se
3759 3354 3965 3436 negli-

2460 3451 2552 3531 git
2591 3468 2966 3533 praeparare,
3008 3461 3072 3514 et
3107 3469 3256 3514 cum
3298 3451 3530 3516 timore
3568 3461 3632 3515 et
3670 3471 3967 3517 reveren-

2461 3549 2550 3612 tia
2597 3550 2675 3612 ad
2728 3558 3196 3613 sacramentum
3249 3551 3570 3614 accedere.
3624 3551 3690 3615 Si
3742 3559 3961 3615 autem

2463 3666 2590 3711 non
2635 3649 2718 3710 sit
2759 3649 3124 3723 necessitaS,
3169 3667 3288 3712 nec
3329 3649 3700 3713 scandalum
3741 3648 3966 3713 sormi·

2463 3747 2648 3809 datur
2693 3747 2748 3810 si
2789 3765 2917 3810 non
2957 3747 3264 3830 baptizat3
3298 3765 3424 3811 non
3460 3746 3650 3812 debet
3686 3748 3966 3831 baptiza-

2465 3867 2551 3919 re,
2586 3846 2710 3909 nisi
2753 3846 2932 3930 prius
2977 3866 3046 3910 se
3089 3855 3400 3930 praeparet
3440 3849 3519 3912 ad
3558 3847 3966 3929 justificatio-

2463 3965 2628 4009 nem.
2646 3944 2822 4019 Quod
2853 3945 2906 4008 si
2937 3963 3065 4010 non
3095 3945 3336 4020 fecerit,
3351 3965 3480 4011 non
3509 3947 3710 4010 solum
3743 3955 3968 4030 peccat

2465 4045 2865 4127 negligendo,
2899 4045 3009 4107 sed
3049 4045 3244 4108 etiam
3283 4053 3594 4127 quantum
3635 4045 3699 4108 in
3739 4064 3808 4108 se
3843 4054 3966 4122 est,

2463 4150 2859 4206 sacramento
2888 4143 3345 4206 contumeliam
3374 4143 3685 4218 faciendo,
3697 4152 3762 4206 et
3790 4163 3974 4206 usur-

2385 4248 2434 4310 D
2465 4242 2675 4324 pando
2712 4241 2775 4303 id
2811 4242 2891 4304 ad
2921 4242 3089 4323 quod
3130 4260 3258 4305 non
3292 4242 3542 4305 exsistit
3578 4241 3865 4306 idoneus.
3903 4244 3966 4307 Si

2463 4359 2616 4404 vero
2643 4339 2931 4404 notorius
2961 4347 3079 4414 est,
3095 4349 3318 4422 peccat
3345 4341 3852 4405 scandalizando.
3875 4342 3970 4406 Id·

2463 4457 2541 4502 eo
2569 4439 2795 4503 asserit
2823 4438 3214 4520 Augustinus
3251 4459 3265 4504 :
3297 4440 3564 4504 Mundos
3593 4449 3843 4524 oportet
3871 4461 3968 4506 es-

2465 4557 2534 4602 se
2575 4538 2920 4601 ministros

2544 4636 2751 4718 Objici
2786 4653 3040 4718 quoque
3079 4644 3288 4719 potest
3315 4644 3534 4700 contra
3567 4637 3630 4700 id
3663 4638 3836 4720 quod
3876 4639 3965 4701 ait

2463 4735 2852 4818 Augustinus
2895 4755 2910 4799 ε
2954 4736 3016 4798 Si
3066 4735 3409 4817 baptizavit
3454 4735 3766 4812 ebriosuS‚
3808 4746 3958 4814 etc„
3987 4761 4236 4818 omum

2464 4833 2850 4916 baptizatum
2909 4841 3022 4896 est.
3078 4833 3363 4896 Ebrietas
3421 4853 3696 4916 namque
3751 4836 3964 4899 aufert

2463 4933 2594 4996 vim
2643 4932 2927 5006 rationiS,
2966 4939 3157 5014 atque
3199 4932 3641 5006 intentionem,
3681 4953 3826 5016 quae
3867 4943 3962 4999 est

2464 5031 2822 5094 necessaria
2867 5031 2946 5093 ad
2993 5031 3390 5112 Baptismum
3424 5049 3439 5093 ε
3471 5050 3624 5113 ergo
3669 5033 3960 5097 ebriosus

2465 5147 2589 5193 non
2637 5129 2937 5210 baptizat.
2971 5128 3348 5203 Dicendum,
3382 5130 3550 5211 quod
3595 5131 3963 5195 differentia

2464 5238 2561 5291 est
2591 5228 2756 5291 inter
2783 5227 3035 5290 ebrium
3065 5235 3130 5290 et
3159 5225 3504 5292 ebriosum.
3529 5227 3761 5292 Ebrius
3789 5249 3962 5294 nam-

2463 5346 2589 5410 que
2637 5327 2873 5390 dicitur
2921 5325 2987 5390 in
3034 5334 3203 5402 actu,
3244 5325 3534 5392 ebriosus
3582 5328 3648 5390 in
3699 5346 3960 5394 consue·
