4267 6250
1044 481 1133 531 An
1171 480 1495 530 comssio
1536 481 1629 529 sn·
1668 480 1749 529 nn
1786 480 1933 529 suns
1972 481 2186 530 mvmo
2224 481 2340 531 var.
2379 482 2674 543 rosmvo,
2713 483 2842 533 arc.
3335 464 3456 531 473

358 672 561 729 suam,
595 652 699 717 vel
738 654 997 737 quando
1040 660 1297 737 tempus
1338 672 1407 717 se
1450 653 1643 717 offert
1686 670 1859 717 reco-
1888 654 1939 717 Α
1971 653 2268 718 nabiliter
2314 663 2718 740 exspectatur
2759 657 3198 742 opportunitas
3237 656 3463 739 major,

357 752 622 834 gitandi,
654 753 827 815 sicut
857 753 923 815 in
955 754 1107 817 hora
1146 753 1369 816 mortis
1398 761 1464 815 et
1490 751 1665 834 gravi
1700 751 1863 834 peri-

361 850 506 914 culo
554 859 617 914 et
667 852 1143 925 communione,
1176 858 1296 914 etc.
1331 852 1565 915 Verum
1610 852 1863 933 quando

360 958 651 1013 teneatur
682 950 1079 1032 propositum
1120 950 1241 1014 hoc
1281 949 1567 1031 exsequi,
1599 949 1861 1012 diversi·

360 1050 545 1112 mode
576 1050 925 1132 opinantur
953 1049 1205 1113 diversi.
1218 1049 1433 1131 Aliqui
1464 1067 1739 1131 namque
1768 1048 1861 1111 di-

360 1157 532 1221 cunt,
566 1149 739 1231 quod
772 1168 972 1231 quum
1011 1154 1191 1211 actus
1230 1147 1580 1211 confitendi
1621 1164 1749 1209 non
1778 1147 1862 1209 sit

359 1247 759 1310 necessarius
786 1248 867 1309 ad
897 1247 1192 1321 salutem,
1215 1246 1369 1328 quia
1397 1265 1511 1329 per
1539 1245 1861 1309 contritio-

356 1364 501 1408 nem
532 1353 601 1408 et
630 1346 1030 1429 propositum
1070 1344 1420 1409 confitendi
1460 1345 1649 1408 homo
1674 1344 1856 1425 justi-

356 1445 607 1519 ficatur,
642 1445 729 1507 ita
778 1446 949 1527 quod
991 1444 1309 1508 confessio
1358 1444 1565 1507 solum
1610 1450 1707 1507 est
1748 1461 1855 1505 ne-

355 1543 631 1606 cessaria
668 1563 746 1606 ex
788 1550 1107 1626 praecepto
1144 1542 1385 1617 divino,
1416 1561 1536 1604 nec
1574 1541 1857 1604 Ecclesia

354 1642 550 1724 exigit
578 1648 727 1705 ante
759 1641 1014 1715 Pascha,
1038 1641 1164 1703 nisi
1194 1641 1261 1704 in
1292 1640 1681 1723 specialibus
1711 1658 1857 1702 cau-

354 1742 437 1805 sis
466 1741 813 1824 praetactis,
846 1741 1017 1823 quod
1058 1739 1201 1803 ideo
1238 1758 1365 1803 non
1402 1740 1487 1801 sit
1516 1737 1859 1801 necessari-

1971 772 2089 815 nec
2119 761 2430 836 quantum
2469 756 2548 818 ad
2580 764 2855 840 tempus,
2889 776 3008 821 nec
3045 764 3356 840 quantum
3387 758 3466 819 ad

1972 853 2362 917 sacerdotem
2398 870 2412 915 :
2445 854 2666 936 sicque
2706 855 2844 919 sine
2883 855 3256 937 praejudicio
3294 856 3468 919 vide-

1971 956 2077 1011 tur
2104 951 2272 1031 quod
2307 968 2452 1014 mox
2483 952 2778 1016 confiteri
2810 961 3082 1017 tenetur.
3098 953 3257 1016 Hinc
3285 951 3470 1015 aliter

1971 1054 2069 1110 est
2106 1050 2496 1112 censendum
2537 1050 2616 1113 de
2653 1051 2950 1132 religioso
2991 1057 3055 1113 et
3094 1051 3273 1114 laico.
3307 1050 3470 1114 Reli-

1968 1148 2148 1228 gioso
2177 1166 2454 1230 namque
2487 1155 2690 1211 totum
2725 1157 2980 1233 tempus
3010 1150 3156 1213 vitae
3185 1158 3283 1213 est
3309 1158 3466 1211 tem-

1970 1264 2091 1327 pus
2123 1245 2515 1327 poenitentiae
2541 1264 2554 1308 :
2579 1247 2839 1321 idcirco,
2873 1254 2944 1311 ut
2973 1248 3182 1323 credo,
3214 1254 3468 1311 tenetur

1970 1350 2112 1425 post
2161 1343 2426 1409 mortale
2480 1363 2627 1409 mox
2679 1346 2992 1409 confiteri.
3039 1346 3266 1409 Laicus
3313 1365 3464 1410 vero

1968 1442 2316 1523 praestolari
2383 1450 2590 1525 potest
2649 1463 2852 1527 usque
2912 1445 2990 1507 ad
3047 1444 3460 1526 Quadragesi·

1968 1559 2162 1615 mam,
2196 1542 2362 1623 quod
2395 1550 2492 1605 est
2519 1542 2698 1606 laicis
2739 1543 3128 1626 poenitentiae
3155 1551 3410 1626 tempus
3439 1560 3456 1606 t

1967 1639 2208 1703 idcirco
2236 1648 2332 1703 est
2360 1641 2454 1703 eis
2494 1642 2639 1724 plus
2677 1650 3109 1724 opportunum
3148 1642 3226 1705 ad
3261 1642 3460 1705 confi-

1969 1740 2231 1801 tendum
2262 1748 2328 1803 et
2363 1740 2902 1805 satisfaciendum.
2939 1742 3026 1806 De
3065 1741 3316 1804 clericis
3353 1760 3460 1803 au-

358 1858 462 1901 um
493 1848 645 1902 ante
676 1846 930 1921 tempus
962 1839 1081 1901 hoc
1113 1838 1426 1901 confiteri.
1460 1837 1585 1899 Alii
1615 1837 1855 1909 dicunt,
1892 1835 1941 1899 B
1969 1844 2097 1900 tem
2124 1836 2412 1918 judicare
2443 1856 2570 1902 non
2608 1840 2830 1903 audeo.
2864 1841 3314 1903 Verumtamen
3346 1859 3463 1923 pro

356 1938 525 2020 quod
574 1938 744 2000 sicut
790 1938 981 2001 homo
1031 1944 1281 1999 tenetur
1325 1937 1403 1999 ad
1459 1934 1857 2018 propositum

358 2036 734 2110 confitendi,
767 2036 1023 2119 quando
1070 2054 1139 2099 se
1180 2034 1374 2097 offert
1413 2031 1857 2117 opportunitas

358 2134 659 2213 interior3
710 2134 795 2196 ita
842 2142 1096 2197 tenetur
1142 2134 1221 2197 ad
1272 2149 1433 2215 opus
1482 2150 1594 2195 seu
1643 2138 1857 2193 actum

354 2232 799 2307 confessionis,
833 2233 1089 2314 quando
1134 2250 1203 2295 se
1246 2230 1438 2294 offert
1483 2231 1856 2314 opportuni-

358 2340 449 2395 tas
476 2331 774 2395 exterior.
807 2330 1051 2412 Nempe
1080 2338 1151 2393 ut
1180 2329 1424 2404 dicunt,
1458 2329 1855 2412 propositum

358 2449 483 2494 non
514 2438 613 2493 est
644 2429 902 2503 efficax,
934 2430 987 2491 si
1020 2447 1145 2492 non
1176 2429 1309 2491 exit
1350 2427 1415 2490 in
1444 2446 1628 2509 opuS‚
1663 2446 1857 2509 quan-

357 2531 439 2593 do
466 2549 535 2592 se
564 2528 759 2593 offert
784 2526 1262 2610 opportunitas:
1284 2534 1347 2589 et
1375 2533 1530 2588 ωηο
1559 2532 1856 2608 opportu-

356 2628 521 2690 nitas
550 2627 747 2690 offert
774 2645 865 2699 se,
898 2627 1051 2689 dum
1092 2625 1285 2687 habet
1310 2622 1569 2687 discreti
1602 2622 1851 2705 copiam

358 2724 727 2799 sacerdotis,
760 2742 833 2787 ac
864 2723 963 2786 sui
1000 2722 1241 2805 peccati
1278 2720 1673 2785 memoriam.
1708 2720 1856 2794 Quae

358 2824 583 2886 harum
626 2821 1005 2905 opinionum
1046 2822 1127 2884 sit
1160 2819 1393 2894 verior,
1427 2837 1552 2881 non
1592 2827 1689 2882 est
1728 2836 1859 2880 cer-

360 2929 521 2996 tum,
566 2930 793 3003 estque
835 2919 1107 2983 difficile
1145 2918 1453 3001 judicare.

1967 1933 2534 2021 omnibusosanum
2575 1945 2728 2018 puto
2769 1936 3133 2012 consilium,
3167 1944 3238 1999 ut
3271 1956 3462 2020 quam

1970 2031 2160 2095 citius
2220 2041 2540 2117 poterunt,
2591 2033 3039 2110 confiteantur,
3091 2054 3292 2117 quum
3341 2036 3465 2099 sibi

1970 2132 2209 2195 conscii
2259 2132 2498 2195 fuerint
2536 2133 2614 2195 de
2653 2134 2904 2197 mortali
2949 2152 3076 2197 non
3126 2134 3416 2197 confesso
3449 2152 3463 2196 ε

1970 2248 2098 2293 ηοη
2136 2231 2311 2294 οηίιη
2344 2232 2598 2294 videtur
2626 2251 2774 2294 vere
2815 2233 3122 2296 contritus
3153 2234 3264 2316 qui
3296 2241 3469 2296 tanto

1968 2336 2258 2412 tempore
2306 2330 2540 2393 vulnus
2591 2332 2834 2413 peccati
2883 2339 3113 2414 portat,
3161 2331 3320 2393 illud
3368 2349 3467 2394 oc-

1968 2428 2236 2491 cultans.
2280 2464 2356 2475 -
2399 2429 2464 2492 Si
2511 2447 2663 2492 vero
2711 2429 2999 2510 objiciaS,
3047 2430 3216 2511 quod
3265 2436 3466 2493 status

1968 2545 2095 2590 non
2151 2526 2393 2609 obligat
2448 2527 2569 2590 nisi
2621 2547 2738 2610 per
2783 2534 3037 2607 votum3
3087 2528 3459 2611 respondeo,

1968 2626 2138 2707 quod
2169 2633 2368 2688 status
2399 2644 2526 2688 non
2555 2625 2794 2708 obligat
2825 2626 2930 2701 ita,
2953 2626 3064 2689 sed
3094 2627 3460 2689 mandatum

1969 2723 2270 2787 omnibus
2309 2724 2545 2787 datum.
2581 2725 2674 2787 Ad
2709 2744 2880 2787 nunc
2917 2731 3130 2788 autem
3167 2724 3268 2788 vel
3309 2732 3462 2787 ωηο

1968 2821 2208 2904 obligat
2236 2822 2700 2905 opportunitas,
2731 2842 2874 2906 quae
2904 2822 3172 2887 diversis
3202 2822 3464 2887 diversi-

1969 2921 2158 2983 mode
2199 2920 2392 2984 offert
2431 2940 2518 2984 se.
2553 2958 2634 2968 —
2663 2922 2806 2985 Haec
2847 2922 3304 2985 Bonaventura.

438 3022 675 3083 Verum
721 3036 837 3101 pro
867 3017 1119 3081 clariori
1150 3016 1435 3081 veritatis
1474 3015 1855 3097 cognitione,
1890 3014 1934 3078 C
2048 3020 2117 3081 In
2159 3019 2526 3102 praehabitis
2565 3021 2972 3085 continentur
3010 3020 3468 3083 sententialiter

356 3117 657 3200 distingui
690 3125 896 3201 potest
924 3116 1001 3179 de
1032 3116 1271 3198 duplici
1298 3114 1681 3196 obligatione
1714 3134 1863 3197 prae-

360 3226 542 3280 tacta.
577 3217 845 3291 Quidam
898 3215 1069 3279 enim
1124 3213 1201 3276 ad
1251 3213 1723 3276 confessionem
1771 3220 1860 3274 te-

358 3323 593 3379 nentur
639 3333 768 3378 non
816 3333 894 3377 ex
942 3315 1200 3397 propria
1248 3312 1457 3394 culpa,
1490 3313 1602 3374 sed
1650 3311 1858 3374 solum

358 3435 436 3479 ex
465 3414 869 3478 institutione
901 3412 1221 3486 Ecclesiae,
1256 3411 1423 3474 sicut
1450 3411 1561 3493 qui
1594 3429 1720 3474 non
1751 3411 1859 3473 ha·

358 3514 514 3578 bent
541 3521 875 3597 peccatum
908 3511 1211 3575 mortale:
1237 3517 1299 3573 et
1328 3510 1395 3572 hi
1426 3509 1691 3572 differre
1720 3527 1861 3593 pos-

358 3621 507 3677 sunt
555 3610 1026 3676 confessionem
1076 3628 1279 3692 usque
1326 3609 1405 3672 ad
1450 3608 1701 3672 Pascha.
1735 3608 1860 3672 Alii

359 3709 654 3775 confiteri
687 3715 987 3773 tenentur
1015 3725 1141 3771 non
1173 3707 1381 3770 solum
1412 3725 1490 3769 ex
1522 3707 1863 3771 institutio-

358 3830 438 3874 ne
481 3808 805 3882 Ecclesiae,
840 3807 951 3870 sed
975 3807 1184 3875 ,etiam
1224 3805 1485 3889 propria
1516 3814 1860 3888 transgres-

357 3909 577 3973 sione:
612 3913 677 3970 et
705 3907 783 3968 de
815 3904 943 3968 illis
971 3903 1352 3986 generaliter
1380 3922 1661 3966 asserere
1691 3905 1861 3986 quod

356 4008 611 4070 valeant
639 4021 843 4086 usque
873 4003 1107 4066 Pascha
1134 4001 1412 4077 differre,
1429 4002 1859 4084 periculosum

358 4105 517 4168 mihi
551 4103 821 4167 videtur.
858 4100 1165 4164 Similiter
1194 4100 1389 4162 nimis
1417 4100 1649 4162 durum
1684 4099 1856 4162 vide-

1969 3118 2206 3202 scripta
2251 3118 2494 3182 Alberti
2552 3119 2630 3182 de
2679 3119 2798 3182 his,
2853 3117 2972 3195 Qui
3024 3127 3237 3183 tamen
3285 3119 3468 3183 aliter

1969 3218 2312 3299 respondet
2339 3218 2418 3280 ad
2449 3218 2642 3292 istud,
2679 3226 2892 3280 utrum
2932 3218 3250 3282 confessio
3278 3218 3362 3282 sit
3389 3220 3467 3282 de

1962 3315 2108 3398 jure
2139 3315 2411 3377 naturali
2444 3323 2554 3379 aut
2584 3315 2858 3398 positivo
2882 3333 2896 3378 :
2917 3317 3028 3379 Jus
3055 3316 3332 3398 (dicens)
3360 3337 3464 3380 na-

1966 3413 2171 3475 turale
2201 3413 2543 3495 dupliciter
2571 3413 2838 3495 capitur.
2860 3413 3068 3477 Primo
3098 3413 3333 3477 dicitur
3359 3415 3464 3495 jus

1968 3512 2276 3585 naturale,
2328 3512 2496 3593 quod
2547 3519 2772 3574 natura
2819 3509 2932 3574 seii
2981 3511 3140 3575 ratio
3186 3512 3467 3576 humana

1968 3610 2165 3673 dictat
2220 3629 2360 3672 esse
2415 3610 2751 3691 agendum.
2811 3611 3123 3686 Secundo,
3173 3611 3237 3674 id
3294 3612 3463 3693 quod

1970 3709 2386 3772 constitutum
2417 3714 2513 3770 est
2551 3727 2588 3770 a
2616 3716 2841 3772 natura
2869 3716 3202 3772 naturante
3237 3726 3250 3772 :
3285 3716 3349 3772 et
3380 3709 3466 3771 ita

1970 3815 2066 3870 est
2112 3807 2190 3869 de
2235 3806 2382 3888 jure
2429 3806 2703 3868 naturali
2747 3806 3057 3889 quidquid
3102 3806 3465 3871 continetur

1971 3907 2036 3969 in
2068 3923 2232 3968 nova
2259 3923 2334 3967 ac
2366 3905 2566 3967 veteri
2609 3905 2765 3986 lege.
2799 3904 2902 3967 Sic
2933 3923 3187 3988 quoque
3216 3906 3294 3968 de
3322 3906 3466 3987 jure

1969 4003 2240 4067 naturali
2285 4009 2382 4066 est
2423 4004 2561 4085 ipsa
2601 4002 2938 4066 confessio.

2050 4102 2140 4164 De
2187 4102 2306 4164 hoc
2351 4102 2610 4164 demum
2658 4101 2882 4164 scribit
2921 4101 3402 4182 Argentinensis
3449 4121 3464 4165 ε

355 4211 475 4278 tur,
491 4203 663 4286 quod
693 4207 1031 4264 teneantur
1059 4197 1349 4261 confiteri
1385 4215 1641 4280 semper
1668 4217 1861 4279 quan·
1890 4205 1939 4267 D
1972 4199 2300 4263 Confessio
2362 4200 2700 4283 tripliciter
2759 4199 2904 4262 fieri
2973 4207 3197 4282 potest.
3260 4201 3469 4264 Primo

356 4303 437 4366 do
466 4321 535 4364 se
566 4300 761 4364 offert
788 4297 1249 4381 opportunitas.
1284 4296 1431 4359 Ideo
1469 4295 1859 4358 rationabili·

358 4409 455 4463 ter
491 4399 750 4462 videtur
788 4397 1135 4460 tenendum
1181 4395 1301 4457 hoc
1346 4393 1655 4467 medium,
1689 4395 1859 4476 quod

356 4496 801 4581 opportunitas
832 4494 951 4557 loci
984 4501 1049 4556 et
1078 4491 1383 4575 temporis
1412 4510 1485 4554 ac
1516 4492 1859 4554 sacerdotis

360 4595 701 4680 tripliciter
750 4598 956 4675 potest
1002 4610 1069 4654 se
1116 4599 1263 4654 ante
1308 4591 1545 4653 Pascha
1599 4588 1853 4652 offerre.

360 4696 571 4759 Primo
596 4694 711 4768 sic,
743 4693 913 4776 quod
944 4692 1207 4754 timetur
1236 4709 1317 4754 ne
1356 4709 1641 4772 unquam
1672 4709 1739 4752 se
1770 4689 1859 4752 of·

357 4795 542 4867 ferat,
574 4800 648 4855 ut
674 4792 829 4854 dum
857 4790 1005 4874 quis
1042 4789 1317 4872 graviter
1348 4788 1713 4851 infirmatur
1746 4805 1760 4850 ε
1796 4795 1859 4850 et

358 4903 511 4956 tunc
558 4899 811 4954 tenetur
858 4889 1154 4952 confiteri
1205 4894 1517 4970 peccator.
1566 4887 1858 4950 Secundo

357 4992 471 5066 sic,
505 4990 676 5072 quod
716 4987 920 5069 major
951 4986 1392 5070 opportunitas
1431 4991 1853 5067 exspectatur,

360 5089 459 5152 vel
498 5094 809 5171 quantum
853 5086 931 5148 ad
970 5092 1249 5168 tempus,
1282 5085 1385 5147 vel
1424 5089 1735 5166 quantum
1778 5084 1856 5147 ad

358 5187 751 5250 sacerdotem
790 5201 805 5246 ε
846 5191 911 5246 et
956 5191 1111 5246 tunc
1159 5190 1366 5266 potest
1410 5182 1549 5245 sine
1598 5190 1856 5263 peccato

361 5284 629 5348 differri.
664 5281 879 5346 Tertio
924 5283 1037 5356 sic,
1070 5283 1241 5365 quod
1290 5298 1619 5363 nunquam
1670 5280 1856 5343 ratio-

1972 4297 2353 4371 mentaliter,
2387 4305 2452 4360 et
2497 4297 2585 4359 ita
2625 4317 2662 4360 a
2707 4298 3025 4380 principio
3072 4297 3272 4360 fiebat
3314 4299 3461 4362 Deo.

1970 4396 2262 4458 Secundo
2293 4395 2819 4470 caerimonialiter,
2835 4403 2898 4459 et
2929 4396 3016 4458 ita
3046 4395 3112 4458 in
3144 4396 3279 4478 lege
3307 4397 3468 4481 Moy-

1968 4495 2057 4556 sis
2105 4494 2578 4557 confitebantur
2625 4514 2740 4558 sua
2787 4502 3067 4577 peccata,
3115 4496 3255 4578 ipso
3299 4496 3468 4559 facto

1968 4592 2407 4664 caerimoniali,
2441 4610 2556 4673 per
2593 4593 2914 4655 sacrificia
2952 4601 3122 4656 certa
3162 4613 3304 4675 quae
3348 4611 3465 4676 pro

1968 4690 2158 4752 certis
2201 4688 2568 4752 excessibus
2615 4690 2886 4754 Domino
2934 4690 3309 4754 offerebant.
3358 4692 3460 4756 Sic

1966 4797 2030 4852 et
2057 4788 2348 4851 sacerdos
2381 4786 2604 4869 positis
2645 4788 2938 4851 manibus
2975 4789 3109 4852 suis
3141 4809 3334 4872 super
3362 4809 3460 4854 ca·
3485 4813 3744 4864 Lea-‚man

1967 4894 2083 4969 put
2138 4885 2302 4947 hirci
2359 4883 2696 4958 offerendi,
2755 4886 3180 4950 confitebatur
3235 4906 3457 4952 omnes

1965 4984 2334 5067 iniquitates
2363 4982 2644 5044 filiorum
2683 4983 2897 5058 Israel,
2930 4992 3001 5047 ut
3039 4993 3210 5067 patet
3238 4986 3304 5048 in
3343 4987 3456 5051 Le-

1962 5083 2176 5146 vitico.
2210 5081 2420 5145 Tertio
2450 5081 2774 5156 vocaliter,
2797 5082 2965 5145 sicut
2992 5083 3058 5145 in
3089 5087 3456 5167 evangelica

1966 5183 2119 5263 lege.
2157 5180 2444 5244 Christus
2481 5198 2758 5262 namque
2797 5181 3130 5264 discipulis
3169 5185 3302 5246 suis
3345 5205 3454 5248 au-

1962 5281 2318 5344 ctoritatem
2357 5279 2644 5342 solvendi
2681 5287 2873 5362 atque
2903 5279 3134 5361 ligandi
3175 5282 3451 5348 donavit.
