4267 6250
829 489 870 552 2
1985 502 2274 550 nris-rom
2314 500 2780 550 numium-roam

826 681 1106 746 diversis
1142 679 1436 744 tradatur
1463 678 1702 759 modis,
1737 679 1802 742 et
1837 677 2121 743 exterior
2151 677 2365 742 forma
2391 675 2695 741 nonnihil
2728 675 3037 739 varietur.
3081 672 3211 748 Qui
3239 673 3498 755 parvuli
3536 672 3715 752 sunt,
3747 671 3930 734 inve-

825 785 1010 848 nient
1039 785 1409 847 maternum
1447 782 1548 846 lac
1582 782 1762 865 quod
1788 787 2062 868 sugant3
2095 786 2211 867 qui
2253 785 2523 866 infirmi,
2556 784 2733 847 olera
2770 783 3096 864 reperient
3131 780 3601 861 saluberrima3
3632 779 3749 861 qui
3780 795 3931 859 per-

829 891 1006 972 fecti,
1044 891 1258 955 solido
1302 893 1654 973 pascentur
1690 891 1859 956 cibo.
1903 893 2139 957 Omnis
2181 893 2362 973 aetas,
2399 891 2749 972 omnisque
2798 889 3089 954 conditio
3138 905 3337 952 suum
3393 904 3671 969 quaeque
3710 885 3934 950 cibum

828 999 936 1062 hic
975 999 1239 1080 copiose
1283 999 1628 1080 reperient.
1672 1000 1834 1064 Ovis
1870 1000 2115 1065 Christi
2154 1002 2255 1064 est
2295 999 2537 1080 aliquis
2556 998 2587 1061 ‘2
2632 999 2733 1062 En
2770 1013 3038 1079 pascua,
3094 1014 3175 1060 en
3213 997 3397 1077 prata
3438 993 3936 1058 affluentissima

827 1123 976 1188 quae
1012 1107 1421 1188 depascatur.
1464 1107 1684 1170 Homo
1737 1107 2036 1171 mortalis
2081 1109 2182 1170 est
2228 1106 2519 1187 aliquis?
2555 1105 2656 1168 En
2706 1121 2949 1167 manna
2998 1104 3079 1167 de
3130 1103 3317 1182 coelo,
3369 1119 3451 1165 en
3495 1117 3732 1183 panem
3779 1100 3933 1162 vitae

826 1231 959 1296 quo
997 1213 1203 1276 vitam
1241 1215 1678 1294 consequatur
1716 1217 2048 1279 aeternam.
2091 1215 2454 1278 Percussus
2492 1214 2591 1277 est
2636 1212 2877 1293 aliquis
2896 1211 2927 1274 ⁶?
2954 1211 3153 1292 Apud
3192 1209 3591 1290 Dionysium
3632 1209 3935 1271 nostrum

829 1322 894 1383 et
929 1322 1157 1384 vinum
1191 1323 1625 1402 consequetur
1655 1323 1720 1384 et
1756 1321 2000 1385 oleum.
2033 1321 2169 1385 Suo
2206 1321 2451 1400 studi0,
2484 1338 2605 1384 suo
2643 1318 2931 1382 mirabili
2969 1317 3231 1398 ingenio
3264 1318 3327 1380 et
3353 1314 3695 1396 diligentia
3730 1314 3938 1376 incre-

827 1427 1018 1492 dibili
1055 1428 1278 1490 omnia
1305 1428 1448 1492 haec
1481 1427 1550 1490 in
1579 1427 1723 1490 loca
1759 1429 2024 1509 propria
2059 1428 2355 1510 digessit.
2394 1427 2605 1490 Multa
2630 1427 2787 1490 sunt
2822 1426 2889 1488 in
2928 1424 3284 1506 Scripturis
3311 1423 3515 1486 sacris
3551 1420 3828 1500 occulta,
3871 1420 3937 1483 01

827 1553 977 1618 quae
1006 1551 1139 1598 non
1169 1535 1381 1616 possit
1417 1535 1638 1615 quivis
1675 1535 1901 1598 statim
1931 1535 2415 1616 deprehendere
2450 1535 2565 1597 aut
2592 1534 3019 1614 distinguere,
3046 1532 3141 1595 sic
3168 1532 3245 1594 ut
3272 1548 3421 1612 quae
3458 1529 3739 1610 singulis
3772 1545 3933 1591 0011-

826 1642 1114 1720 veniant,
1132 1641 1377 1723 singuli
1401 1641 1553 1704 inde
1581 1641 1709 1704 sibi
1738 1643 2004 1722 proprio
2034 1642 2243 1705 marte
2272 1641 2586 1721 consequi
2614 1639 2902 1703 valeant:
2921 1639 3100 1720 quod
3126 1639 3549 1720 potissimum
3572 1635 3936 1716 Dionysius

827 1749 1072 1828 noster,
1114 1749 1172 1812 si
1215 1747 1394 1811 ullus
1434 1747 1604 1810 alius
1643 1746 1843 1829 (absit
1885 1749 2135 1811 invidia
2180 1747 2385 1829 dicto)
2422 1747 2782 1829 praestabit.
2826 1746 3010 1809 Nihil
3060 1746 3237 1810 enim
3275 1745 3343 1808 in
3394 1761 3470 1808 eo
3509 1744 3639 1807 nisi
3686 1741 3936 1823 ipsissi-

827 1871 1012 1918 mum
1052 1854 1327 1917 verbum
1363 1855 1512 1933 Dei,
1545 1854 1713 1917 nihil
1749 1855 1879 1918 nisi
1916 1855 2237 1936 Spiritum
2267 1855 2391 1918 Dei
2422 1854 2801 1935 loquentem
2831 1855 2931 1917 est
2965 1853 3272 1934 reperire.
3315 1853 3443 1915 Hic
3478 1851 3670 1914 nobis
3698 1865 3938 1931 prope-

829 1963 1104 2026 modum
1134 1962 1357 2026 videre
1398 1962 1724 2040 videmur,
1757 1962 2018 2026 invidos
2056 1962 2550 2043 malevolosque
2593 1961 3059 2024 obtrectatores
3095 1961 3373 2024 aestuare
3402 1959 3649 2038 animo,
3690 1959 3756 2022 et
3792 1957 3933 2037 jam

829 2069 1080 2133 dudum
1125 2069 1387 2133 volvere
1428 2085 1653 2132 secum
1686 2069 1848 2151 quid
1882 2070 2139 2151 possint
2179 2069 2494 2133 adversus
2521 2068 2664 2132 haec
2710 2068 2815 2132 vel
2858 2068 2927 2131 in
2968 2067 3257 2148 speciem
3300 2065 3604 2146 objicere.
3646 2065 3939 2128 Istorum

830 2178 1006 2240 enim
1045 2176 1343 2240 studium
1376 2176 1498 2253 est,
1531 2176 1590 2239 si
1619 2178 1885 2257 queant,
1917 2176 2331 2256 subvertere;
2372 2176 2431 2240 si
2469 2176 2821 2256 nequeant,
2854 2177 3075 2238 tamen
3114 2175 3463 2237 extenuare
3506 2171 3831 2253 quidquid
3866 2171 3938 2233 in

829 2283 1164 2364 republica
1215 2282 1572 2346 christiana
1619 2283 1903 2347 sublime
1949 2283 2227 2346 habetur
2275 2301 2350 2346 ac
2403 2284 2474 2346 in
2523 2283 2786 2364 fastigio
2835 2282 3108 2345 locatur.
3160 2281 3423 2345 Scilicet
3470 2281 3645 2344 vires
3689 2279 3938 2359 ingenii

828 2390 1392 2470 acrimoniamque
1429 2391 1759 2453 ostentant
1795 2407 1916 2453 sua
1953 2389 2445 2469 obtrectatione,
2483 2407 2648 2470 quas
2685 2391 2755 2451 in
2793 2389 2988 2452 bonis
3035 2387 3435 2470 optimisque
3478 2403 3778 2451 exercere
3822 2401 3939 2466 per

829 2497 1035 2560 animi
1085 2496 1477 2578 pravitatem
1527 2513 1660 2559 non
1709 2498 2009 2578 possunt.
2069 2497 2545 2560 Scholasticam
2600 2496 2997 2577 theologiam
3060 2494 3416 2576 suggillant
3462 2493 3935 2572 blaterantque.

829 2604 1253 2669 Blaterabunt
1289 2604 1512 2684 igitur,
1546 2621 1677 2667 non
1715 2605 2062 2684 DionysiO,
2097 2621 2232 2667 non
2272 2604 2682 2668 scholasticae
2720 2603 3094 2684 theologiae,
3126 2601 3243 2666 sed
3280 2601 3478 2664 verbo
3516 2600 3639 2664 Dei
3670 2616 3836 2682 puro
3874 2601 3941 2662 et

831 2711 1143 2793 simplici,
1192 2728 1267 2774 ea
1306 2729 1454 2792 quae
1496 2728 1618 2774 nos
1655 2712 1736 2775 de
1773 2710 2106 2792 theologia
2146 2711 2570 2791 jactavimus,
2612 2711 2983 2774 convenire.
3026 2709 3284 2782 Quibus
3318 2726 3443 2773 nos
3479 2707 3707 2790 paucis
3744 2707 3941 2770 satis-

833 2817 1095 2896 facturi,
1137 2818 1195 2881 si
1246 2818 1444 2882 modo
1495 2818 2010 2882 satisfactionem
2064 2817 2271 2880 ullam
2331 2818 2705 2897 admittant,
2754 2816 3278 2898 respondemus:
3312 2816 3613 2879 Tractare
3670 2815 3939 2896 quidem

831 2925 1078 2989 multos
1125 2925 1399 2989 verbum
1439 2927 1587 3005 Dei,
1631 2926 1745 2990 sed
1785 2941 2014 2988 omnes
2059 2941 2183 2988 suo
2233 2941 2451 3007 more;
2486 2928 2682 3006 atque
2720 2927 2795 2988 ut
2842 2940 3105 2988 morum
3152 2923 3582 2987 dissimilium
3626 2923 3803 3000 sunt,
3850 2922 3943 2984 ita

831 3031 1025 3113 longe
1077 3032 1510 3095 dissimiliter.
1569 3033 1823 3114 Nempe
1873 3031 2073 3095 homo
2123 3031 2403 3095 carnalis
2458 3031 2825 3112 carnaliter,
2872 3030 3237 3113 spiritualis
3290 3030 3719 3112 spiritualiter
3762 3029 3941 3092 idem

831 3139 1107 3203 verbum
1156 3142 1438 3204 tractat:
1476 3141 1672 3204 modo
1719 3141 1871 3221 quis
1919 3144 2135 3223 neget,
2183 3142 2363 3223 quod
2412 3144 2550 3206 erat
2588 3142 2860 3205 verbum
2913 3141 3061 3217 Dei,
3102 3141 3159 3203 si
3208 3140 3550 3204 carnaliter
3603 3140 3937 3217 tractetur,

832 3247 1075 3328 vitiari,
1108 3246 1283 3311 trahi
1332 3248 1402 3310 in
1449 3249 1752 3311 naturam
1796 3247 2018 3328 aliam,
2051 3250 2325 3330 fierique
2382 3266 2465 3312 ex
2512 3250 2636 3313 Dei
2684 3249 2881 3313 verbo
2937 3248 3213 3312 verbum
3260 3248 3575 3328 11011111110,
3616 3266 3693 3311 ac
3747 3246 3941 3329 plane

833 3370 1087 3418 cessare
1116 3354 1183 3416 id
1220 3372 1365 3418 esse
1395 3354 1574 3435 quod
1602 3354 1861 3417 fuerat?
1899 3356 2000 3418 Ita
2028 3357 2306 3419 tractant
2334 3355 2611 3420 verbum
2639 3356 2764 3418 Dei
2790 3356 3106 3437 haeretici,
3136 3358 3226 3420 ita
3262 3355 3581 3421 animales
3608 3355 3935 3435 homineS,

833 3461 916 3525 de
952 3461 1194 3543 quibus
1235 3461 1597 3543 Apostolus
1645 3461 1937 3544 loquitur
1979 3483 1992 3523 ε
2036 3463 2365 3527 Animalis
2401 3463 2603 3527 homo
2658 3479 2791 3526 non
2832 3465 3119 3545 percipit.
3162 3482 3238 3528 ea
3272 3482 3421 3545 quae
3458 3466 3614 3528 sunt
3655 3464 3942 3546 Spiritus

834 3568 980 3632 Dei.
1013 3569 1170 3632 Tale
1220 3569 1536 3651 quiddam
1587 3568 1938 3649 exprobrat
1986 3572 2051 3634 et
2087 3570 2339 3634 Galatis
2382 3591 2397 3631 ε
2439 3571 2547 3634 Sic
2583 3569 2771 3633 stulti
2819 3571 3000 3652 estis,
3042 3572 3281 3653 inquit,
3323 3574 3397 3636 ut
3446 3590 3655 3652 quum
3702 3572 3941 3653 spiritu

835 3677 1185 3759 coeperitis,
1229 3694 1405 3740 nunc
1459 3693 1651 3739 carne
1707 3678 2289 3741 consummemini.
2332 3678 2452 3741 Est
2502 3679 2723 3741 autem
2780 3677 2888 3741 lex
2944 3679 3329 3760 spiritualis,
3365 3681 3457 3742 ita
3511 3681 3588 3742 ut
3639 3697 3678 3742 a
3730 3678 3941 3743 Paulo

739 3804 750 3819 ·
831 3801 1075 3849 nomen
1117 3786 1438 3865 acceperit
1474 3783 1582 3848 lex
1628 3785 1902 3866 spiritus
1940 3786 2116 3850 vitae.
2160 3786 2269 3849 Sic
2306 3786 2483 3867 apud
2517 3786 2557 3849 J
2561 3802 2837 3849 oannem
2880 3786 3214 3867 legislator
3250 3784 3553 3849 Christus
3587 3786 3884 3867 loquitur
3921 3804 3937 3846 ε

832 3890 1050 3957 Verba
1100 3910 1248 3974 quae
1294 3891 1530 3973 loquor
1565 3891 1777 3969 1101110,
1813 3893 2086 3973 spiritus
2135 3894 2200 3957 et
2237 3894 2373 3956 vita
2422 3894 2597 3957 sunt.
2630 3892 2805 3955 Hinc
2840 3894 2915 3956 fit
2961 3894 3036 3956 ut
3084 3893 3268 3957 solus
3317 3892 3429 3957 ille
3466 3894 3581 3975 qui
3629 3893 3945 3975 perpetua

833 4002 1246 4082 expositione
1300 4000 1712 4081 spiritualem
1771 4001 1835 4063 et
1880 3999 2326 4064 vivificantem
2382 4000 2777 4063 sententiam
2823 4000 3143 4081 sequitur,
3194 4017 3329 4063 non
3385 4001 3613 4082 perdat
3668 4001 3945 4065 verbum

835 4108 982 4187 Dei,
1015 4108 1177 4190 quin
1217 4108 1438 4171 verius
1485 4108 1817 4186 extendat,
1849 4106 2205 4187 locupletet
2258 4108 2323 4171 et
2377 4108 2583 4171 ornet.
2626 4108 2776 4171 Non
2822 4110 2922 4171 est
2966 4108 3144 4171 enim
3190 4125 3541 4189 supremus
3590 4108 3943 4172 verborum

839 4214 1085 4291 cortex,
1137 4213 1296 4293 puta
1350 4211 1753 4293 syllabarum
1807 4230 1884 4276 ac
1931 4214 2297 4278 litterarum
2352 4232 2691 4294 numeruS,
2752 4214 3028 4279 verbum
3083 4216 3231 4297 Dei,
3286 4216 3403 4281 sed
3465 4217 3643 4298 quod
3706 4217 3943 4281 iisdem

843 4314 1270 4401 significatur.
1309 4319 1540 4400 Neque
1569 4335 1774 4382 sonus
1811 4319 2002 4383 edicti
2037 4322 2412 4386 mandantis
2438 4323 2552 4385 aut
2580 4322 2863 4386 vetantis
2898 4322 3042 4386 fieri
3077 4323 3350 4404 aliquid,
3390 4325 3792 4405 praeceptum
3821 4324 3947 4388 Dei

844 4428 965 4506 est,
1000 4428 1115 4491 sed
1143 4426 1267 4490 Dei
1296 4425 1603 4489 voluntas
1631 4426 1980 4491 collatione
2005 4428 2493 4510 Scripturarum
2524 4431 2589 4493 et
2624 4429 2955 4511 spirituali
2981 4431 3485 4511 investigatione
3515 4431 3943 4512 deprehensa.

842 4536 1071 4617 Neque
1107 4534 1573 4597 testamentum
1610 4534 1734 4598 Dei
1771 4536 1927 4597 sunt
1963 4537 2249 4601 externae
2297 4538 2849 4618 caerimoniarum,
2890 4538 3364 4601 sacrificiorum
3412 4540 3527 4601 aut
3574 4556 3949 4605 sacramen-

841 4645 1063 4706 torum
1101 4640 1355 4720 formai,
1396 4640 1514 4704 sed
1541 4640 1762 4704 abdita
1792 4641 1907 4703 illa
1942 4643 2260 4723 mysteria
2296 4662 2443 4725 quae
2482 4643 2667 4708 solus
2703 4646 2920 4725 potest
2960 4646 3233 4726 spiritus
3275 4646 3507 4709 oculus
3544 4662 3828 4710 cernere.
3861 4648 3950 4709 At

842 4749 987 4831 ipsa
1031 4747 1424 4812 scholastica
1468 4747 1802 4829 theologia
1837 4750 1946 4812 cui
1981 4750 2094 4812 alii
2143 4750 2488 4830 incumbit,
2529 4751 2690 4831 quid
2738 4752 3033 4831 venatur,
3078 4752 3239 4832 quid
3275 4752 3464 4816 docet
3508 4753 3711 4831 aliud,
3748 4770 3951 4833 quam

841 4856 1024 4921 verbi
1073 4855 1196 4919 Dei
1243 4854 1770 4935 intelligentiam,
1813 4858 2292 4937 praeceptorum
2344 4858 2489 4939 ejus
2525 4857 2957 4937 voluntatem,
3005 4859 3379 4922 testamenti
3428 4860 3536 4922 sui
3573 4861 3755 4923 varia
3802 4877 3953 4941 my-

843 4964 1091 5028 steria?
1139 4964 1214 5026 In
1269 4963 1376 5026 his
1433 4965 1906 5027 commonstrat
1952 4964 2463 5045 institutionem,
2518 4966 2839 5045 ordinem,
2899 4966 3197 5045 modum,
3247 4968 3592 5046 rationem,
3636 4967 3946 5049 formam,

843 5072 1180 5150 virtutem,
1222 5068 1786 5150 fructum,'eaque
1833 5071 2058 5134 omnia
2103 5088 2187 5134 ex
2223 5088 2558 5136 sacrarum
2607 5072 3095 5153 Scripturarum
3143 5072 3458 5152 fontibus,
3513 5075 3589 5136 ut
3638 5074 3831 5155 plane
3878 5076 3949 5139 in

842 5177 1172 5259 theologis
1197 5176 1550 5258 impleatur
1586 5178 1764 5257 quod
1793 5176 2095 5241 Christus
2132 5179 2441 5258 promisit
2481 5199 2495 5240 ε
2538 5179 2847 5242 Flumina
2874 5178 2955 5242 de
2992 5182 3218 5243 ventre
3259 5196 3487 5244 eorum
3524 5180 3731 5244 fluent
3758 5199 3947 5263 aquae

843 5286 1140 5351 salientis
1181 5285 1253 5347 in
1294 5284 1500 5347 vitam
1549 5285 1884 5349 aeternam.
1936 5284 2082 5348 Hoc
2127 5286 2353 5349 autem
2399 5285 2656 5350 dicebat
2696 5285 2777 5349 de
2822 5286 3073 5367 Spiritu
3128 5303 3327 5368 quem
3381 5289 3711 5370 accepturi
3765 5290 3951 5353 erant
