4267 6250
865 471 988 538 m
1397 492 1464 541 IN
1502 491 1727 540 mmm
1765 491 1830 539 IV
1869 489 2355 539 smmum.
2398 509 2475 522 --
2517 490 2672 538 msr.
2711 491 2824 538 vm
2865 490 3116 555 suum
3158 491 3384 548 QnAEsr.
3429 491 3452 538 I

869 667 964 732 ita
1003 668 1283 735 societas
1326 667 1764 734 ecclesiastica
1801 685 1884 732 ex
1919 667 2153 732 multis
2188 665 2489 750 personis
2530 683 2571 730 a
2606 666 2933 731 criminali
2968 666 3229 732 macula
3271 666 3497 732 liberis
3538 665 3866 731 consistit.
3898 665 3977 729 In

574 806 840 913 ffffffl'm'
869 785 1062 965 gaius
1097 785 1193 916 rei
1223 787 1384 965 tplpo
1423 785 1597 849 facta
1624 786 1724 850 est
1753 803 1902 850 arca
1937 785 2211 850 Domini
2248 785 2331 849 de
2366 782 2565 867 lignis
2607 783 2826 864 setim,
2860 802 3009 866 quae
3048 785 3203 849 sunt
3238 783 3677 867 imputribilia
3712 785 3780 848 et
3810 782 3979 847 albae

903 919 1075 984 pmae
1124 920 1278 966 simi
1332 920 1392 966 a.

2393 1164 2447 1228 A
2476 1172 2893 1229 eramentum.
2928 1165 3256 1229 Ponuntur
3295 1173 3511 1230 autem
3555 1166 3679 1230 hoc
3727 1165 3871 1229 loco
3918 1173 3985 1229 et

2475 1262 2993 1327 distinctionibus
3023 1264 3103 1328 de
3132 1262 3255 1327 isto
3283 1271 3678 1328 sacramento
3708 1281 3983 1346 sequen—

2474 1359 2663 1434 tibus,
2679 1360 2897 1425 multae
2924 1362 3371 1444 pulcherrimae
3400 1362 3821 1436 auctoritateS,
3834 1380 3984 1443 quae

1445 1241 1788 1307 SUMMA

1127 1408 1733 1466 DISTINCTIONIS
1793 1407 2106 1463 OCTAVAE

996 1659 1347 1723 OMPLETO
1376 1667 1640 1724 tractatu
1669 1659 1747 1723 de
1777 1658 2100 1742 Baptismo
2129 1666 2194 1721 et
2222 1657 2371 1721 Con-

1024 1758 1408 1834 firmatione,
1440 1778 1612 1822 nunc
1658 1759 1736 1822 de
1785 1757 2199 1821 Eucharistiae
2244 1757 2372 1838 agi-

867 1866 974 1920 tur
1002 1866 1411 1922 sacramento.
1429 1858 1506 1922 Et
1535 1857 1745 1940 primo
1775 1857 2052 1920 ostendit
2078 1856 2372 1938 Magister

871 1956 1297 2040 multiplicem
1346 1957 1542 2039 hujus
1583 1955 1962 2020 sacramenti
2005 1954 2371 2018 excellenti·

869 2074 974 2118 am
1033 2062 1098 2118 et
1151 2055 1479 2131 virtutem,
1530 2055 1800 2138 ejusque
1855 2053 2288 2117 differentiam
2334 2073 2373 2116 a

871 2155 1144 2237 quadam
1177 2153 1317 2235 ejus
1351 2153 1583 2235 figura,
1615 2153 1786 2235 quod
1824 2152 1949 2215 fuit
1976 2170 2229 2215 manna.
2263 2153 2375 2214 Po-

870 2252 969 2315 nit
1010 2269 1266 2335 quoque
1312 2251 1527 2334 aliqua
1571 2251 1832 2314 nomina
1873 2251 2015 2332 ejus
2059 2258 2124 2314 et
2168 2249 2373 2314 nomi-

2476 1466 2542 1522 et
2568 1459 2821 1542 plenius
2852 1459 3266 1525 inveniuntur
3294 1460 3570 1524 collectae
3599 1461 3666 1523 in
3690 1460 3981 1534 Decreto,

2477 1559 2555 1621 de
2587 1557 3093 1634 consecratione,
3125 1566 3189 1621 et
3216 1559 3284 1621 in
3323 1577 3618 1622 sermone
3648 1560 3729 1622 de
3758 1559 3983 1622 Sacra·

2479 1663 2695 1719 mento
2736 1656 2952 1719 altaris
2997 1656 3065 1719 in
3106 1656 3271 1721 festo
3307 1657 3722 1722 Eucharistiae
3762 1667 3831 1721 et
3862 1678 3985 1741 per

2480 1755 2620 1836 ejus
2668 1763 2920 1819 octavas
2964 1755 3374 1819 continentur
3412 1762 3603 1839 atque
3652 1756 3978 1839 leguntur.

2792 2071 3267 2146 QUAESTIO
3334 2071 3667 2138 PRIMA

873 2369 1030 2414 num
1071 2349 1366 2414 rationes.
1401 2349 1640 2414 Deinde
1681 2350 1980 2424 declarat,
2014 2349 2184 2431 quod
2216 2347 2373 2412 olim
2400 2345 2449 2410 B
2634 2348 2697 2410 Ic
2737 2346 3046 2429 quaeritur
3088 2346 3319 2429 prim0‚
3352 2345 3645 2414 Utrum
3682 2347 3984 2416 Eucha-

872 2449 938 2512 in
971 2449 1109 2531 lege
1139 2457 1401 2524 naturae,
1434 2448 1594 2512 ritus
1624 2455 1689 2511 et
1717 2455 1908 2531 typus
1948 2447 2142 2529 hujus
2174 2466 2374 2510 sacra—

869 2547 1066 2611 menti
1100 2547 1424 2629 praecessit
1453 2547 1516 2608 in
1548 2545 1866 2609 sacrificio
1888 2544 2368 2620 Melchisedech,

869 2647 982 2729 qui
1029 2645 1264 2710 obtulit
1319 2663 1550 2728 panem
1608 2652 1674 2708 et
1717 2645 1965 2719 vinum,
2018 2644 2084 2706 in
2132 2643 2371 2725 quibus

870 2745 1135 2810 materia
1175 2744 1552 2807 sacramenti
1597 2743 1780 2806 istius
1823 2751 1920 2806 est
1963 2748 2365 2824 praeostensa.

870 2843 1343 2926 Consequenter
1373 2848 1678 2905 tractatur
1707 2841 1772 2904 in
1805 2841 1924 2904 ista
1959 2840 2369 2904 distinctione

869 2942 949 3004 de
979 2941 1393 3004 Eucharistiae
1423 2940 1839 3003 institutione.
1873 2939 2181 3012 Quocirca
2217 2957 2368 3020 qua-

868 3048 1014 3102 tuor
1042 3040 1476 3113 attenduntur,
1490 3045 1710 3121 utpote
1740 3038 1877 3119 ipsa
1907 3037 2221 3100 institutio
2252 3037 2369 3098 Eu-

871 3139 1207 3213 charistiae,
1240 3138 1447 3201 forma
1491 3138 1834 3201 verborum
1882 3136 2118 3219 quibus
2168 3134 2367 3199 confi-

870 3238 1058 3312 citur,
1105 3244 1572 3300 sacramentum
1621 3244 1687 3299 et
1731 3255 1852 3299 res.
1901 3235 1978 3297 Et
2021 3236 2193 3297 circa
2232 3235 2367 3297 haec

871 3337 1113 3419 pandit,
1148 3336 1302 3419 quid
1341 3336 1407 3397 in
1447 3336 1567 3398 isto
1605 3342 2000 3397 sacramento
2043 3333 2125 3396 sit
2163 3352 2365 3395 sacra-

871 3443 1158 3497 mentum
1211 3442 1482 3509 tantum,
1533 3440 1752 3516 utpote
1800 3432 2087 3496 visibiles
2145 3431 2365 3495 formae

2660 2443 2896 2512 ristia
2931 2445 3041 2511 sit
3075 2444 3659 2512 sacramentum
3690 2457 3984 2510 verum

2481 2559 2572 2612 ao
2620 2559 2893 2626 unum,
2941 2544 3025 2610 et
3074 2557 3178 2609 an
3222 2543 3476 2609 variis
3520 2542 3985 2610 nominibus

2480 2645 2695 2711 recte
2744 2643 3226 2722 designetur.

2561 2742 2631 2804 In
2680 2759 2807 2823 qua
2853 2739 3203 2822 quaestione
3250 2738 3372 2801 tria
3419 2745 3814 2820 tanguntur:
3850 2739 3982 2822 pri-

2481 2859 2683 2915 mum,
2714 2859 2794 2902 an
2826 2837 2909 2901 sit
2939 2837 3195 2919 proprie
3224 2843 3724 2916 sacramentum3
3754 2855 3985 2900 secun-

2479 2938 2656 3013 dum,
2687 2956 2769 3000 an
2808 2937 2891 3000 sit
2920 2942 3389 2999 sacramentum
3420 2951 3658 3014 unum;
3688 2936 3979 3010 tertium,

2477 3057 2560 3100 an
2620 3036 2883 3100 nomina
2938 3034 3174 3118 quibus
3230 3033 3633 3116 exprimitur,
3683 3042 3857 3097 recte
3920 3035 3983 3097 ei

2478 3136 2879 3201 conveniant.

2556 3236 2821 3298 Videtur
2848 3233 3017 3315 quod
3058 3250 3185 3296 non
3227 3232 3311 3295 sit
3348 3238 3838 3295 sacramentum.
3872 3232 3981 3296 Sa-

2476 3341 2799 3397 cramenta
2836 3331 3009 3395 enim
3058 3348 3237 3394 novae
3280 3330 3435 3412 legis
3472 3330 3575 3410 (ut
3611 3349 3778 3413 soepe
3822 3352 3981 3414 prae-

2475 3432 2765 3495 habitum
2822 3430 2947 3511 est)
2992 3428 3291 3493 efficiunt
3348 3429 3517 3511 quod
3574 3430 3914 3511 designant
3962 3444 4245 3498 :anama

871 3534 1054 3617 panis
1096 3552 1168 3597 ac
1211 3534 1384 3613 vini3
1415 3533 1571 3615 quid
1615 3538 2081 3596 sacramentum
2127 3540 2195 3595 et
2240 3551 2362 3607 res,
2394 3537 2439 3601 C
2478 3530 2648 3614 quod
2678 3528 2828 3591 huic
2868 3546 2993 3591 non
3033 3527 3333 3590 convenit
3369 3536 3785 3603 sacramento,
3819 3548 3985 3611 quo-

868 3632 1116 3696 scilicet
1157 3651 1308 3695 vera
1349 3650 1494 3695 caro
1533 3640 1594 3695 et
1635 3631 1894 3713 sanguis
1938 3630 2191 3703 Christi,
2225 3650 2367 3713 quae

870 3750 984 3813 per
1025 3728 1309 3794 visibiles
1348 3730 1489 3793 illas
1534 3730 1768 3793 formas
1807 3727 2275 3810 significantur,
2307 3736 2372 3791 et

871 3830 1038 3892 ultra
1076 3829 1444 3911 significant
1483 3830 1815 3912 mysticam
1856 3828 2166 3890 unitatem
2211 3826 2371 3889 fide-

872 3930 1056 4003 lium,
1089 3929 1199 4011 qui
1231 3935 1381 3991 sunt
1408 3928 1740 4009 spirituale
1768 3934 1833 3989 et
1862 3926 2204 4009 mysticum
2234 3943 2371 3988 cor-

872 4046 993 4109 pus
1051 4025 1414 4100 SalvatoriS,
1466 4026 1530 4087 id
1589 4031 1706 4098 est,
1758 4024 2072 4107 spirituali
2127 4024 2371 4086 ratione

871 4127 1077 4191 vocati
1121 4144 1352 4207 corpus
1395 4124 1635 4207 ipsius3
1669 4131 1733 4187 et
1761 4123 1916 4205 quid
1958 4142 2058 4186 res
2096 4129 2368 4198 tantum,

870 4225 1171 4289 videlicet
1213 4223 1414 4305 gratia
1459 4221 1957 4296 sacramentalis,
1999 4241 2111 4286 seu
2162 4221 2372 4285 unitas

874 4324 1140 4406 mystica
1189 4322 1319 4397 illa,
1359 4329 1549 4405 prout
1595 4327 2060 4403 consequenter
2107 4320 2366 4403 patebit.

872 4423 1184 4503 Deinceps
1212 4420 1510 4494 ostendit,
1525 4439 1667 4502 quae
1698 4420 1781 4481 sit
1811 4418 2014 4481 forma
2044 4436 2371 4480 consecra·

871 4520 1065 4583 tionis
1105 4518 1389 4601 corporis
1419 4524 1484 4581 et
1523 4517 1848 4599 sanguinis
1880 4516 2319 4598 Redemptoris
2353 4536 2367 4579 :

874 4619 985 4682 ubi
1016 4618 1315 4692 elucidat,
1349 4637 1465 4681 cur
1494 4624 1637 4700 post
1675 4615 2090 4679 novissimam
2121 4633 2371 4679 coenam

2478 3630 2650 3691 niam
2684 3626 2931 3710 species
2963 3626 3307 3689 exteriores
3339 3626 3522 3707 panis
3554 3633 3620 3689 et
3646 3626 3804 3702 vini,
3832 3647 3986 3710 quae

2479 3734 2629 3790 sunt
2674 3726 2780 3788 hic
2826 3732 3295 3787 sacramentum
3346 3730 3620 3799 tantum,
3654 3742 3781 3788 non
3830 3724 3985 3789 effi-

2480 3826 2660 3888 ciunt
2700 3842 2931 3906 corpus
2968 3831 3033 3887 et
3070 3823 3445 3904 sanguinem
3486 3822 3735 3887 Christi.
3768 3859 3851 3870 —
3878 3824 3989 3887 Vi-

2480 3924 2666 3987 detur
2694 3940 2949 4004 quoque
2978 3921 3148 4004 quod
3182 3938 3309 3984 non
3349 3921 3433 3983 sit
3470 3940 3671 3985 unum
3710 3930 3777 3984 et
3804 3922 3985 3986 idem

2480 4028 2971 4096 sacramentum,
3007 4019 3311 4101 quoniam
3362 4027 3829 4083 sacramentum
3878 4022 3989 4103 (ut

2480 4121 2721 4184 dictum
2772 4120 2896 4201 est)
2943 4116 3267 4181 materiale
3317 4126 3414 4181 est
3458 4118 3873 4181 elementum.
3908 4121 3987 4183 In
4016 4140 4244 4192 <iatum

2480 4221 2601 4283 hoc
2648 4227 2862 4282 autem
2910 4224 3307 4281 sacramento
3354 4216 3540 4299 plura
3584 4224 3733 4280 sunt
3780 4219 3993 4282 sensi-

2479 4318 2637 4380 bilia
2676 4316 3013 4391 elementa,
3045 4316 3347 4380 videlicet
3388 4316 3569 4397 panis
3607 4322 3673 4379 et
3708 4316 3988 4399 vinum3

2480 4416 2673 4479 habet
2722 4432 2977 4498 quoque
3020 4416 3303 4479 diversos
3352 4414 3841 4478 sacramentales
3890 4418 3994 4480 ef-

2480 4515 2709 4590 fectus,
2734 4513 3136 4595 sumiturque
3166 4514 3647 4576 seorsum.ltem
3676 4514 3995 4595 quoniam

2484 4615 2548 4677 in
2600 4612 2989 4697 Complenda
3046 4611 3315 4674 habetur
3368 4629 3382 4674 :
3432 4610 3783 4675 Purificent
3838 4631 3990 4689 nOS,

873 4717 1043 4779 istud
1076 4716 1354 4779 instituit
1382 4722 1847 4777 sacramentum
1880 4722 1945 4777 et
1972 4714 2250 4796 sumpsit
2278 4733 2375 4777 su·
2402 4715 2453 4777 D
2482 4731 2871 4795 quaesumuS,
2903 4710 3194 4786 Domine,
3217 4718 3613 4775 sacramenta
3640 4730 3783 4793 quae
3812 4732 3995 4777 sum-

874 4815 1310 4895 mendumque
1355 4813 1601 4886 tribuit,
1645 4832 1844 4895 quum
1889 4818 2104 4875 tamen
2141 4812 2371 4876 deinde

873 4931 998 4977 non
1024 4912 1289 4976 voluerit
1317 4911 1472 4975 illud
1503 4910 1886 4993 frequentari
1918 4918 1982 4974 et
2009 4910 2374 4994 accipi,nisi

873 5020 1019 5077 ante
1069 5011 1460 5094 corporalem
1507 5009 1940 5073 refectionem.
1975 5009 2377 5091 Consequen-

873 5120 973 5175 ter
1010 5110 1418 5194 prosequitur
1445 5110 1524 5172 de
1562 5115 1960 5171 sacramento
1998 5114 2061 5171 et
2099 5126 2189 5182 re,
2224 5114 2377 5188 puta

876 5212 955 5274 de
986 5227 1250 5292 corpore
1280 5208 1512 5273 Christi
1545 5214 1608 5269 et
1636 5207 1966 5288 sanguine,
1992 5206 2265 5288 qualiter
2294 5205 2378 5269 sit

879 5314 1348 5373 sacramentum
1392 5314 1457 5370 et
1494 5324 1618 5383 reS,
1650 5312 1714 5369 et
1757 5305 1945 5389 cujus
1985 5305 2075 5367 rei
2115 5304 2245 5369 sint
2285 5324 2378 5367 sa-

2528 4831 2748 4874 simus,

2483 4832 2525 4895 p
2561 4911 2630 4972 In
2660 4908 3026 4992 oppositum
3060 4914 3172 4981 est,
3194 4908 3364 4989 quod
3392 4924 3517 4971 non
3550 4917 3701 4971 sunt
3726 4909 3854 4973 nisi
3884 4930 3991 4974 se-

2482 5016 2657 5092 ptem
2690 5013 3104 5081 sacramenta,
3124 5023 3395 5088 quorum
3427 5024 3628 5069 unum
3658 5015 3756 5070 est
3784 5008 3987 5073 istud.

2562 5205 2656 5268 Ad
2685 5206 2819 5268 haec
2848 5204 3119 5267 Thomas
3164 5203 3506 5285 respondet
3537 5220 3552 5266 t
3588 5203 3996 5270 Eucharistia

2484 5310 2951 5368 sacramentum
3002 5310 3119 5379 est,
3150 5303 3335 5367 aliter
3376 5310 3591 5367 tamen
3636 5321 3835 5386 quam
3884 5324 3993 5369 ce-
