4267 6250
1217 492 1396 541 mn
1435 493 1500 539 w
1538 491 2022 541 smmmnuu.
2063 510 2145 521 --
2184 493 2339 540 msr.
2378 494 2463 539 xv
2680 440 2693 447 ’
3272 476 3391 541 381

477 714 552 777 F.
589 714 1094 779 Auctor-itales
1129 717 1330 779 alias
1373 714 1656 777 inducit
1697 714 1964 777 contra
1991 728 2117 777 eos
2152 717 2281 790 qui
2314 715 2565 777 dicunt
2598 718 2689 777 de
2728 729 2877 778 uno
2908 715 3213 789 peceato

1203 831 1724 904 poenitentiam
1769 833 1897 907 aqi
1941 832 2184 895 altero
2222 832 2475 895 tacito.

434 1036 598 1101 Satis
633 1034 918 1099 arbitror
953 1034 1090 1099 illis
1125 1052 1270 1099 esse
1309 1052 1699 1116 responsum
1737 1034 1852 1117 qui
1881 1035 2186 1099 asserunt
2212 1033 2294 1099 de
2321 1050 2455 1097 uno
2498 1033 2771 1098 crimine
2806 1033 3257 1115 poenitentiam
3285 1034 3393 1115 agi

319 1154 374 1217 et
397 1153 642 1217 veniam
679 1152 1005 1233 praestari,
1037 1150 1168 1215 alio
1199 1152 1270 1213 in
1297 1151 1728 1215 delectatione
1763 1152 2040 1231 retento,
2063 1151 2168 1214 vel
2198 1168 2314 1232 per
2350 1149 2832 1214 confessionem
2870 1166 3003 1213 non
3030 1150 3331 1231 exposito
3373 1168 3389 1211 :

317 1270 416 1351 qui
446 1286 574 1332 non
600 1268 802 1333 modo
829 1269 1196 1350 praemissis
1224 1267 1724 1332 auctoritatibus
1747 1266 2193 1346 confutantur,
2212 1266 2327 1331 sed
2360 1266 2559 1330 etiam
2592 1264 2897 1329 subditis.
2916 1264 3031 1328 Ait
3056 1264 3235 1329 enim
3256 1264 3395 1327 Au-

317 1386 596 1465 gustinus
628 1406 644 1447 :
677 1385 850 1449 Sunt
879 1384 1102 1467 plures
1129 1401 1300 1466 quos
1325 1385 1602 1466 poenitet
1629 1400 1955 1466 peccasse,
1978 1384 2094 1446 sed
2121 1399 2257 1446 non
2294 1381 2588 1461 omnim,
2612 1382 3018 1446 reservantes
3054 1380 3183 1445 sibi
3210 1397 3395 1462 quae-
3420 1400 3689 1458 amanve-

317 1500 446 1563 dam
473 1501 542 1563 in
569 1500 818 1582 quibus
845 1499 1274 1577 delectentur,
1291 1518 1424 1563 non
1461 1500 2056 1564 animadvertentes
2091 1498 2455 1563 Dominum
2494 1497 2695 1561 simul
2724 1499 2986 1561 mutum
3026 1497 3091 1560 et
3116 1497 3393 1560 surdum
3418 1466 3688 1571 mmm·

317 1630 348 1676 a
375 1615 694 1679 daemonio
731 1614 1069 1693 liberasse,
1097 1631 1216 1696 per
1254 1614 1381 1678 hoc
1417 1616 1659 1679 docens
1695 1630 1818 1677 nos
1845 1630 2185 1694 nunquam
2216 1613 2345 1676 nisi
2377 1613 2458 1677 de
2495 1612 2805 1677 omnibus
2832 1614 3073 1677 sanari.
3106 1612 3176 1677 Si
3214 1614 3392 1677 enim
3420 1589 3686 1709 assfssqtm

316 1728 489 1793 vellet
534 1732 802 1812 peccata
857 1748 940 1795 ex
993 1730 1180 1811 parte
1223 1731 1566 1809 reservari,
1617 1730 1884 1794 habenti
1930 1730 2185 1811 septem
2231 1728 2558 1793 daemonia
2610 1729 2924 1810 proficere
2976 1729 3216 1810 potuit,
3275 1746 3393 1794 sex

316 1846 607 1926 expulsis,
629 1846 908 1929 Expulit
933 1848 1156 1911 autem
1183 1848 1462 1929 septem,
1491 1848 1570 1909 ut
1597 1846 1820 1909 omnia
1847 1845 2124 1909 crimina
2150 1844 2352 1908 simul
2380 1843 2699 1925 ejicienda
2729 1844 3011 1908 doceret.
3034 1844 3393 1925 Legionem
3420 1872 3630 1923 Luam,
3646 1874 3690 1919 ς,

313 1977 450 2023 vero
493 1961 872 2025 daemonum
913 1961 998 2025 ab
1031 1962 1164 2026 alio
1201 1962 1495 2043 ejicienS,
1535 1961 1794 2025 nullum
1845 1960 2114 2041 reliquit
2150 1978 2233 2023 ex
2279 1959 2590 2024 omnibus
2626 1960 2743 2042 qui
2776 1958 3126 2023 liberatum
3180 1960 3397 2041 possi·
3448 1935 3649 1979 'mm‘

313 2074 495 2156 deret,
514 2076 868 2141 ostendens
893 2076 1072 2158 quod
1107 2078 1256 2141 etsi
1285 2079 1551 2159 peccata
1577 2079 1712 2141 sint
1737 2076 1944 2157 mille,
1959 2077 2217 2158 oportet
2243 2077 2326 2140 de
2352 2076 2662 2140 omnibus
2682 2078 3017 2158 poenitere.
3039 2078 3395 2158 Nunquam

313 2190 581 2273 aliquem
605 2194 866 2257 sanavit
891 2192 1244 2273 Dominus,
1263 2211 1463 2275 quem
1487 2210 1620 2257 non
1652 2194 1922 2257 omnino
1949 2192 2275 2257 liberavit.
2298 2193 2541 2256 Totum
2569 2193 2747 2257 enim
2775 2193 3113 2257 hominem
3140 2194 3399 2257 sanavit
3435 2220 3690 2275 Jmmm,

311 2306 374 2369 in
399 2307 656 2371 sabbato
698 2330 715 2369 :
757 2310 916 2391 quia
951 2309 1019 2373 et
1053 2326 1292 2392 corpus
1320 2310 1404 2374 ab
1432 2310 1614 2374 omni
1651 2310 2053 2390 infirmitate,
2078 2310 2144 2373 et
2171 2310 2461 2373 animam
2490 2309 2575 2373 ab
2602 2309 2785 2373 omni
2820 2309 3207 2391 contagione
3234 2308 3398 2373 libe-
3424 2286 3494 2328 ²³·

311 2424 484 2503 ravit,
513 2424 814 2488 indicans
847 2425 1278 2507 poenitentem
1307 2428 1608 2508 oportere
1633 2426 1834 2491 simul
1871 2425 2092 2490 dolere
2121 2425 2203 2489 de
2240 2426 2423 2490 omni
2452 2412 2747 2489 crimine.
2779 2425 2929 2489 Scio
2968 2425 3144 2488 enim
3182 2426 3397 2489 Deum

308 2533 634 2603 inimicum
689 2540 878 2603 omni
927 2540 1307 2605 criminoso.
1359 2541 1710 2615 Quomodo
1759 2557 1913 2620 ergo
1968 2540 2084 2621 qui
2141 2539 2389 2603 crimen
2436 2542 2746 2619 reservat,
2806 2538 2889 2602 de
2943 2539 3075 2603 alio
3128 2540 3402 2622 recipiet

311 2655 546 2718 veniam
562 2654 594 2717 ⁶?
621 2656 780 2721 Sine
836 2673 1062 2720 amore
1113 2656 1240 2721 Dei
1285 2655 1795 2735 consequeretur
1841 2654 2125 2735 veniam,
2167 2654 2309 2718 sine
2356 2670 2489 2736 quo
2542 2670 2739 2717 nemo
2798 2670 3093 2735 unquam
3146 2654 3401 2717 invenit

309 2770 589 2849 gratiam.
637 2771 874 2835 Hostis
911 2770 1089 2836 enim
1127 2770 1254 2835 Dei
1295 2774 1418 2852 est,
1459 2771 1620 2833 dum
1657 2768 1930 2833 offendit
1969 2770 2479 2850 perseveranter.
2522 2769 2841 2844 Quaedam
2876 2770 3055 2833 enim
3092 2769 3403 2851 impietas

307 2884 698 2951 infidelitatis
725 2888 850 2968 est,
883 2887 968 2951 ab
1003 2888 1119 2951 illo
1148 2888 1265 2970 qui
1288 2888 1512 2969 justus
1549 2888 1615 2950 et
1629 2886 1890 2967 justitia
1925 2887 2026 2950 est
2051 2884 2397 2949 dimidiam
2425 2902 2686 2967 sperare
2712 2886 2974 2949 veniam
3008 2905 3024 2947 :
3050 2885 3193 2966 jam
3222 2886 3401 2949 enim

305 3002 438 3065 sine
469 3020 620 3068 vera
653 3003 1044 3085 poenitentia
1079 3004 1404 3068 inveniret
1435 3002 1736 3084 gratiam.
1761 3000 2157 3065 Poenitentia
2184 3001 2364 3065 enim
2392 3018 2547 3065 vera
2581 3002 2665 3065 ad
2692 3000 3018 3083 Baptismi
3045 3002 3401 3083 puritatem

304 3119 709 3185 confitentem
757 3121 1032 3184 conatur
1079 3121 1340 3185 ducere.
1379 3119 1579 3184 Recte
1626 3118 1804 3183 enim
1848 3117 2198 3200 poenitenS,
2258 3118 2581 3200 quidquid
2630 3117 2845 3184 sordis
2889 3119 3043 3200 post
3094 3118 3401 3201 purifica-

302 3235 538 3300 tionem
563 3236 894 3319 Baptismi
921 3237 1271 3317 contraxit,
1303 3236 1561 3318 oportet
1587 3237 1663 3299 ut
1690 3236 1915 3300 abluat
1949 3235 2184 3300 saltem
2213 3235 2505 3300 lacrimis
2534 3237 2795 3300 mentis.
2830 3235 2961 3300 Sed
2996 3237 3158 3300 satis
3192 3236 3400 3301 durus

302 3352 400 3413 est
422 3351 606 3432 cujus
643 3353 888 3418 mentis
927 3353 1224 3418 dolorem
1255 3353 1430 3416 oculi
1465 3369 1602 3416 non
1639 3351 1988 3416 declarant.
2031 3351 2163 3416 Sed
2196 3351 2361 3415 sciat
2400 3369 2471 3416 se
2523 3350 2938 3431 culpabiliter
2982 3351 3249 3432 durum,
3280 3352 3399 3434 qui

301 3465 484 3532 deflet
509 3468 750 3532 damna
775 3469 1096 3550 temporis
1122 3469 1229 3534 vel
1257 3471 1540 3533 mortem
1567 3467 1787 3547 amici,
1810 3468 1876 3530 et
1901 3467 2200 3531 dolorem
2226 3467 2477 3549 peccati
2505 3483 2638 3530 non
2667 3467 2956 3532 ostendit
2980 3468 3050 3531 in
3077 3467 3391 3532 lacrimiS.

301 3581 499 3656 Quem
528 3603 680 3667 ergo
719 3587 1018 3666 poenitet,
1041 3586 1313 3650 omnino
1349 3586 1682 3667 poeniteat.
1707 3584 1894 3648 Idem
1928 3603 1943 3644 ε
1976 3584 2403 3664 Poenitentes,
2428 3583 2486 3647 si
2516 3601 2667 3648 vere
2696 3585 2857 3648 estis
2890 3585 3305 3666 poenitenteS,
3328 3586 3395 3649 et
3418 3603 3692 3661 Amsfflm

301 3715 424 3762 non
469 3701 626 3764 estis
676 3701 1047 3781 irridenteS,
1089 3702 1341 3766 mutate
1378 3701 1608 3780 vitam,
1652 3697 2169 3764 reconciliamini
2211 3700 2355 3763 Deo
2386 3700 2401 3761 l
2443 3699 2907 3765 Paenitentiam
2956 3702 3121 3783 agis,
3180 3719 3394 3784 genua
3420 3669 3628 3720 ³⁹³'¹'‘¹'

299 3813 440 3896 figis
481 3819 544 3881 et
577 3817 756 3882 rides
789 3837 805 3880 ε
840 3817 1208 3881 subsannas
1259 3817 1386 3880 Dei
1441 3816 1850 3897 patientiam.
1883 3815 1954 3881 Si
1999 3815 2456 3897 poenitentiam
2496 3817 2661 3898 agiS,
2701 3817 2977 3898 poenitet
3012 3819 3117 3900 te3
3155 3819 3215 3882 si
3258 3836 3393 3882 non

301 3933 561 4011 poenitet
605 3935 694 4011 te,
739 3949 874 3996 non
919 3949 992 3996 es
1040 3933 1389 4015 poenitens.
1445 3933 1514 3998 Si
1555 3949 1708 4013 ergo
1755 3932 2030 4013 poenitet
2065 3932 2153 4010 te,
2198 3948 2314 3995 cur
2367 3933 2530 3996 facis
2578 3951 2725 4014 quae
2783 3933 2955 3998 male
3007 3934 3220 3998 fecisti
3238 3933 3271 3996 ἲ
3320 3935 3393 3999 Si

302 4046 520 4112 fecisse
555 4048 856 4130 poenitet,
897 4047 1036 4111 noli
1084 4047 1332 4130 facere;
1363 4047 1424 4110 si
1458 4047 1675 4110 adhuc
1721 4047 1905 4128 faciS,
1948 4047 2119 4112 certe
2160 4064 2293 4110 non
2342 4064 2415 4112 es
2459 4048 2807 4129 poenitens.
2842 4049 3011 4113 Item
3065 4049 3393 4113 Innocen-
3448 4069 3509 4144 p·
3526 4068 3687 4114 Ponit„

301 4161 424 4226 tius
457 4164 522 4227 11
563 4184 580 4225 ε
613 4163 1074 4228 Admonemus
1110 4163 1346 4227 fratres
1390 4164 1675 4244 nostros,
1707 4181 1790 4227 ne
1825 4162 2012 4227 falsis
2050 4163 2458 4245 poenitentiis
2496 4164 2815 4228 laicorum
2850 4166 3106 4230 animas
3151 4167 3391 4248 decipi,
3420 4133 3687 4185 ‘¹⁸⁸“''⁸'⁸’

301 4278 458 4340 etin
493 4278 829 4344 infernum
875 4278 1166 4360 pertrahi
1201 4279 1557 4360 patiantur.
1597 4278 1862 4342 Falsam
1910 4281 2130 4342 autem
2178 4279 2633 4360 poenitentiam
2680 4297 2823 4344 esse
2868 4284 3145 4362 constat,
3186 4299 3397 4364 quum

300 4394 526 4473 spretis
550 4392 878 4475 pluribus,
906 4394 988 4460 de
1024 4411 1160 4458 nno
1199 4393 1344 4458 solo
1379 4394 1765 4476 poenitentia
1800 4394 2052 4476 agitur3
2092 4395 2199 4458 vel
2236 4412 2446 4476 quum
2482 4395 2578 4460 sic
2608 4396 2827 4478 agitur
2852 4396 2935 4462 de
2962 4415 3121 4480 uno,
3153 4400 3229 4463 ut
3264 4415 3397 4464 non

301 4499 662 4565 discedatur
705 4501 792 4566 ab
835 4502 988 4566 alio.

787 4723 870 4789 G.
917 4727 1202 4802 Repetit
1251 4729 1339 4789 de
1389 4740 1572 4789 vera
1613 4726 2077 4801 poemtentta,
2127 4727 2213 4788 ut
2257 4728 2487 4790 addat
2532 4732 2891 4802 quoedam.

421 4937 524 5003 Ex
560 4937 927 5021 praemissis
959 4936 1306 5019 perspicua
1344 4936 1422 4999 fit
1459 4936 1694 5028 notitia
1732 4952 1904 5001 verae
1946 4936 2348 5019 poenitentiae
2379 4937 2484 5002 vel
2520 4936 3014 5003 satisfactionis.
3057 4939 3181 5004 Illa
3216 4941 3394 5005 enim

301 5070 444 5118 vera
481 5057 584 5119 ost
609 5052 1020 5138 poenitentia,
1052 5069 1200 5134 quae
1235 5053 1582 5134 peccatum
1611 5051 1831 5116 abolet
1870 5073 1886 5114 ε
1926 5053 2105 5135 quod
2133 5053 2249 5115 illa
2282 5053 2425 5118 sola
2463 5052 2620 5118 facit
2656 5071 2803 5135 quae
2848 5055 3067 5120 scelus
3102 5058 3391 5139 corrigit.

301 5169 412 5234 Illa
455 5189 613 5236 vero
661 5168 882 5235 scelus
930 5168 1219 5250 corrigit,
1261 5187 1411 5251 quae
1450 5168 1677 5233 odium
1715 5169 2058 5234 commissi
2095 5169 2393 5234 criminis
2430 5172 2496 5234 et
2540 5171 2994 5234 committendi
3034 5190 3185 5236 cum
3226 5173 3399 5239 desi-

301 5284 470 5350 derio
499 5284 952 5352 satisfaciendi
980 5284 1190 5350 affert.
1229 5284 1438 5349 Judas
1473 5284 1654 5350 enim
1680 5285 2068 5367 poenituisse
2096 5286 2337 5368 legitur
2372 5286 2515 5352 sine
2542 5286 2953 5352 assecutione
2982 5289 3215 5370 venite,
3240 5291 3398 5374 quia
