4267 6250
676 499 764 546 m
801 497 1153 546 mmo
1191 497 1288 544 sn·
1327 496 1484 544 PARS
1525 494 2036 553 sansucnoms,
2075 496 2151 543 m·
2188 494 2569 543 Nmnssama
2608 494 2697 542 Ab
2736 494 3011 542 sumu
3274 476 3397 542 397

298 665 526 728 reddit.
555 666 912 749 Aliquando
939 686 1092 731 vero
1121 675 1468 750 utrumque
1499 666 1790 749 exigitur,
1823 666 1874 730 Α
1903 666 2008 730 tio.
2021 666 2311 731 Manente
2336 674 2551 730 autem
2582 684 2773 729 causa
2799 664 3231 729 dissolutionis
3256 664 3404 727 ami-

295 771 368 826 ut
415 764 570 827 dum
625 765 772 846 quis
829 765 1010 829 alteri
1065 784 1201 829 rem
1253 784 1436 829 suam
1485 765 1796 829 violenter
1905 766 2092 839 citiae,
2136 766 2419 828 amicitia
2468 764 2743 848 reparari
2798 782 2925 827 non
2972 764 3159 827 valet.
3201 764 3403 827 Causa

295 862 612 925 subtraxit
635 882 710 926 ac
739 864 1000 929 detinet.
1035 864 1114 927 Et
1139 864 1229 927 ita
1265 884 1440 929 nunc
1471 864 1798 947 loquimur
1903 872 2114 927 autem
2157 864 2595 928 dissolutionis
2630 862 2931 927 amicitiae
2967 863 3093 925 fuit
3130 862 3403 944 inaequa·

295 960 374 1022 de
401 960 802 1024 restitutione
831 962 925 1024 rei
957 962 1196 1043 injuste
1223 962 1466 1037 ablatae,
1481 980 1597 1046 per
1623 962 1794 1045 quod
1907 959 2048 1023 litas
2079 969 2331 1024 causata
2362 980 2440 1024 ex
2480 961 2718 1044 injusta
2752 960 3115 1043 arreptione
3152 978 3265 1023 seu
3295 960 3405 1021 de-

1905 1058 2189 1121 tentione
2237 1060 2327 1121 rei
2382 1058 2626 1123 alienae.
2678 1059 2824 1122 Ideo
2872 1057 2983 1120 ille
3038 1055 3401 1120 satisfacere

1906 1157 2151 1238 nequit,
2173 1175 2293 1219 nec
2322 1157 2453 1220 Deo
2484 1156 2904 1231 reconciliari,
2924 1156 3035 1238 qui
3066 1174 3203 1217 rem
3234 1153 3402 1216 male

1903 1253 2179 1317 ablatam
2234 1262 2347 1318 aut
2403 1254 2569 1317 male
2615 1256 2937 1318 detentam
2986 1270 3113 1316 non
3173 1252 3396 1315 reddit.

1904 1352 2026 1415 Sed
2067 1354 2427 1425 sciendum,
2460 1353 2613 1435 quia
2655 1360 2727 1415 ut
2766 1359 2989 1416 octavo
3031 1351 3401 1413 Ethicorum

1902 1451 1991 1513 ait
2033 1450 2476 1534 Philosophus,
2507 1451 2790 1513 amicitia
2831 1468 2961 1514 non
3008 1466 3263 1531 semper
3309 1466 3404 1511 re-

1903 1549 2104 1631 quirit
2148 1550 2415 1632 aequale,
2464 1551 2575 1613 sed
2623 1550 2793 1632 quod
2842 1548 3148 1631 possibile
3194 1565 3209 1609 :
3257 1548 3401 1610 ideo

1905 1647 1958 1709 si
2007 1647 2223 1729 aliqua
2276 1648 2407 1710 sint
2454 1646 2664 1710 ablata
2708 1666 2853 1729 quae
2902 1646 3167 1709 omnino
3214 1645 3399 1709 resti-

1907 1745 2002 1807 tui
2039 1753 2389 1827 nequeunt,
2422 1743 2671 1807 sufficit
2698 1744 2991 1808 voluntas
3022 1743 3399 1808 restituendi

295 1058 490 1121 homo
529 1059 730 1122 Deum
771 1059 1046 1123 offendit
1081 1069 1148 1123 et
1187 1061 1574 1144 proximum.

373 1156 640 1229 Quidam
669 1158 866 1239 igitur
893 1158 1138 1232 dicunt,
1169 1159 1340 1241 quod
1371 1158 1514 1221 talis
1545 1158 1796 1221 restitu-

299 1254 388 1316 tio
435 1271 560 1317 non
609 1262 708 1318 est
763 1275 911 1339 pars
961 1256 1436 1330 satisfactioniS,
1489 1256 1792 1339 quoniam

297 1368 422 1414 non
453 1352 724 1416 debetur
753 1354 883 1417 Deo
910 1362 1180 1427 tantum,
1211 1356 1324 1418 sed
1363 1354 1556 1417 etiam
1587 1354 1796 1437 proxi-

299 1467 426 1524 mo,
457 1470 576 1513 nec
615 1450 696 1513 fit
732 1453 811 1515 ad
851 1453 1196 1515 sacerdotis
1224 1452 1584 1515 arbitrium.
1617 1452 1794 1515 Unde

298 1548 535 1624 dicunt,
569 1551 742 1632 quod
790 1550 876 1613 sit
919 1551 996 1613 ad
1045 1550 1542 1614 satisfactionem
1591 1550 1794 1633 quod-

300 1646 442 1708 dam
470 1648 959 1730 praeambulum.
993 1649 1115 1711 Sed
1146 1649 1268 1711 hoc
1298 1648 1462 1711 nihil
1493 1656 1610 1722 est,
1643 1648 1794 1730 quia

300 1761 480 1807 omne
509 1753 844 1827 peccatum
875 1746 1286 1809 commissum
1322 1746 1385 1809 in
1413 1747 1792 1829 proximum,

301 1843 484 1905 etiam
527 1844 598 1906 in
640 1844 840 1907 Deum
885 1846 1301 1909 commissum
1345 1852 1463 1920 est,
1496 1846 1794 1931 quemad·
1830 1841 1878 1905 B
1907 1862 2054 1906 cum
2093 1850 2267 1905 tanta
2306 1843 2706 1905 restitutione
2744 1843 2913 1905 sicut
2954 1842 3263 1925 possibile
3304 1849 3403 1904 est

301 1942 554 2004 modum
607 1942 674 2005 in
723 1941 1064 2007 dilectione
1119 1943 1397 2026 proximi
1445 1943 1796 2005 includitur

299 2039 550 2103 dilectio
593 2040 724 2103 Dei.
759 2041 1020 2123 Propter
1055 2042 1226 2124 quod
1267 2040 1616 2105 satisfactio
1653 2058 1796 2123 pro-

299 2137 449 2199 ximi
475 2138 884 2220 conjunctam
914 2138 1105 2202 habet
1132 2138 1628 2203 satisfactionem
1657 2138 1790 2201 Dei.

298 2235 420 2298 Nec
447 2236 678 2311 obstat,
711 2238 882 2321 quod
917 2255 1048 2301 non
1087 2246 1185 2301 est
1211 2239 1293 2301 ad
1329 2237 1667 2301 arbitrium
1699 2257 1794 2300 sa-

300 2334 759 2417 cerdotis,quia
787 2338 1082 2400 sacerdos
1111 2354 1238 2401 non
1271 2343 1368 2399 est
1395 2335 1488 2398 ibi
1515 2335 1794 2399 vicarius

302 2434 596 2512 proximi,
627 2434 816 2497 sicuti
861 2442 960 2498 est
999 2436 1276 2499 vicarius
1320 2434 1432 2498 Dei
1468 2451 1484 2496 τ
1517 2434 1662 2498 ideo
1702 2453 1794 2496 sa-

300 2529 572 2595 tisfactio
613 2533 742 2597 Deo
789 2532 1104 2609 facienda,
1136 2534 1457 2617 dependet
1503 2553 1583 2596 ex
1626 2533 1792 2596 arbi-

299 2629 418 2691 trio
443 2632 814 2705 sacerdotis,
847 2649 976 2695 non
1013 2640 1229 2695 autem
1271 2631 1622 2696 satisfactio
1649 2651 1792 2715 quae

299 2726 486 2791 simul
513 2728 806 2792 facienda
834 2738 932 2793 est
959 2731 1088 2795 Deo
1115 2738 1181 2794 et
1207 2732 1614 2814 proximo.—
1630 2731 1792 2794 Hinc

299 2824 404 2888 alii
448 2826 693 2902 dicunt,
726 2829 898 2910 quod
947 2829 1264 2892 restitutio
1311 2830 1603 2892 consistit
1645 2848 1792 2911 pars

301 2923 764 2989 satisfactionis,
788 2928 912 2991 Sed
941 2945 1060 2989 nec
1090 2928 1211 2991 hoc
1242 2945 1467 2990 verum
1496 2936 1614 3003 est,
1637 2945 1789 3010 quo-

1906 1942 2261 2004 secundum
2320 1942 2750 2005 conditionem
2812 1940 3169 2023 utriusque,
3217 1940 3401 2021 juxta

1903 2040 2244 2103 arbitrium
2286 2040 2571 2104 virorum
2614 2039 2951 2103 bonorum.

1981 2137 2077 2200 Ad
2119 2138 2375 2219 objecta
2410 2156 2561 2221 ergo
2598 2139 2677 2201 de
2723 2139 2823 2201 his
2860 2138 2971 2221 qui
3010 2138 3171 2202 alios
3212 2137 3399 2201 diffa-

1905 2244 2102 2311 mant,
2156 2236 2473 2312 mutilant,
2522 2256 2635 2300 seu
2684 2237 3099 2320 irreparabile
3146 2244 3256 2301 aut
3306 2237 3399 2300 in·

1903 2335 2381 2418 compensabile
2425 2336 2731 2399 damnum
2776 2335 3061 2399 inferunt
3092 2354 3107 2398 ε
3140 2353 3401 2419 respon-

1902 2434 2209 2507 dendum,
2250 2434 2421 2516 quod
2463 2434 2573 2497 ille
2620 2435 2731 2517 qui
2772 2434 3049 2515 alicujus
3090 2435 3401 2499 malitiam

1903 2531 2269 2595 manifestat
2294 2532 2352 2594 ei
2384 2531 2492 2614 qui
2522 2531 2713 2594 habet
2739 2532 3064 2614 corrigere,
3078 2534 3179 2596 vel
3209 2533 3401 2597 etiam

1900 2630 1956 2692 si
1985 2630 2070 2692 sit
2097 2628 2578 2710 incorrigibilis,
2602 2630 2669 2691 in
2698 2638 3045 2713 conspectu
3078 2630 3398 2705 Ecclesiae,

1903 2736 1975 2790 ut
2013 2727 2321 2791 confusus
2348 2748 2387 2791 a
2424 2737 2686 2811 peccato
2722 2729 3003 2803 desistat,
3035 2728 3138 2791 vel
3174 2728 3399 2791 saltem

1902 2826 2011 2888 alii
2059 2825 2141 2888 ab
2202 2826 2343 2907 ejus
2400 2826 2721 2890 consortio
2776 2827 3145 2909 corruptivo
3198 2826 3403 2889 disce—

1900 2926 2075 3002 dant,
2109 2933 2357 2989 servato
2394 2926 2619 2988 ordine
2660 2926 2960 3001 caritatiS,
2994 2944 3121 2990 non
3162 2926 3399 3007 injuste

301 3022 468 3085 niam
512 3024 860 3089 satisfactio
903 3024 1220 3089 offensam
1263 3034 1570 3101 removet,
1599 3034 1792 3109 atque
1828 3026 1871 3090 C
1901 3024 2110 3088 aufert
2139 3023 2375 3087 famam
2414 3024 2699 3099 alteriuS‚
2734 3044 2852 3087 nec
2888 3025 2969 3087 ad
3007 3024 3182 3087 illius
3221 3024 3397 3087 resti-

299 3137 336 3182 a
381 3139 572 3204 poena
616 3123 832 3187 debita
877 3122 1121 3187 liberat.
1173 3122 1400 3186 Nullus
1447 3132 1662 3188 autem
1710 3143 1789 3188 ex

299 3217 416 3282 hoc
465 3221 604 3302 ipso
649 3223 822 3304 quod
870 3222 1124 3285 desistit
1171 3220 1523 3296 offendere,
1573 3241 1790 3287 conse-

301 3318 514 3400 quitur
539 3319 662 3384 hoc
689 3320 860 3403 quod
889 3321 970 3383 de
999 3320 1384 3403 praecedenti
1415 3319 1664 3384 offensa
1694 3341 1790 3384 re-

300 3417 802 3481 conciliationem
853 3418 1160 3493 inveniat,
1211 3418 1316 3482 vel
1366 3436 1622 3501 poenam
1673 3438 1790 3502 pro

301 3513 404 3577 illa
441 3514 720 3578 debitam
760 3516 1020 3596 evadat3
1052 3515 1164 3579 sed
1203 3516 1326 3580 hoc
1357 3526 1608 3580 tantum
1645 3535 1790 3582 con-

299 3613 602 3695 sequitur,
635 3615 806 3697 quod
849 3615 1158 3696 majorem
1198 3613 1515 3678 offensam
1555 3623 1622 3678 et
1660 3634 1790 3698 poe-

300 3729 439 3774 nam
483 3730 612 3775 non
653 3713 1018 3776 accumulat
1065 3712 1189 3776 sibi
1225 3731 1240 3775 τ
1273 3713 1496 3797 sicque
1541 3732 1786 3778 cessare

297 3809 372 3871 ab
412 3810 680 3886 offensa,
731 3811 910 3874 nulla
965 3818 1063 3875 est
1109 3831 1256 3895 pars
1311 3812 1780 3877 satisfactionis

297 3907 452 3983 Ideo,
464 3928 668 3992 quum
700 3909 1018 3973 restitutio
1047 3909 1142 3972 nil
1167 3909 1344 3973 aliud
1373 3910 1457 3973 sit
1483 3929 1674 3993 quam
1703 3911 1786 3974 ab

297 4005 536 4070 offensa
563 4025 834 4082 cessare,
852 4007 1158 4090 quoniam
1187 4026 1266 4070 ex
1295 4009 1416 4072 hoc
1447 4008 1586 4092 ipso
1614 4010 1786 4092 quod

297 4122 424 4166 rem
468 4104 746 4168 alienam
803 4105 1046 4168 detinet
1089 4106 1352 4168 domino
1408 4107 1500 4169 rei
1559 4107 1782 4182 invito,

1902 3123 2215 3188 tutionem
2244 3131 2517 3187 tenetur.
2552 3122 2618 3186 Si
2647 3131 2861 3187 autem
2892 3122 3248 3187 intentione
3275 3122 3397 3187 dif-

1899 3221 2183 3285 famandi
2234 3223 2299 3284 id
2346 3221 2591 3296 fecerit,
2644 3221 2882 3303 injuste
2928 3223 3157 3298 aufert,
3204 3223 3399 3286 etiam

1900 3320 2195 3402 quamvis
2232 3321 2317 3382 sit
2344 3339 2569 3382 verum
2598 3321 2768 3402 quod
2810 3320 2973 3382 dixit
3004 3337 3019 3382 :
3054 3320 3293 3383 idcirco
3318 3321 3399 3384 ad

1898 3417 2085 3481 famae
2127 3417 2596 3481 restitutionem
2638 3417 2978 3499 obligatur,
3011 3419 3283 3482 dicendo
3329 3437 3399 3481 se

1897 3516 2134 3580 falsum
2181 3515 2439 3590 dixisse,
2480 3516 2536 3578 si
2582 3514 2818 3580 falsum
2866 3517 3047 3592 dixit,
3093 3517 3199 3580 vel
3245 3535 3399 3600 quo-

1899 3633 2177 3699 cumque
2231 3614 2360 3677 alio
2418 3615 2627 3690 modo,
2678 3633 2807 3678 non
2866 3624 3079 3679 tamen
3134 3616 3395 3699 aliquod

1899 3713 2303 3778 mendacium
2350 3712 2806 3789 interserendo,
2848 3714 2999 3797 quia
3038 3732 3165 3778 non
3203 3714 3397 3778 debet

1895 3811 2158 3876 alterius
2188 3810 2421 3874 famam
2454 3811 2788 3875 restituere
2818 3811 3201 3874 mentiendo.
3227 3812 3396 3875 Atta—

1900 3929 2047 3973 men
2095 3909 2309 3972 dicere
2359 3916 2568 3992 potest
2612 3929 2681 3972 se
2729 3909 2983 3972 incaute
3030 3927 3170 3972 esse
3220 3909 3393 3972 locu·

1897 4015 2058 4082 tum,
2105 4007 2401 4090 quamvis
2449 4007 2621 4089 quod
2668 4007 2852 4083 dixit,
2900 4008 2985 4070 sit
3029 4025 3275 4070 verum.
3311 4043 3395 4054 —

1896 4105 2179 4189 Denique
2209 4105 2519 4168 restitutio
2545 4105 2983 4198 principaliter
3008 4113 3108 4170 est
3136 4106 3397 4169 inventa

295 4201 593 4282 offendit3
635 4209 906 4278 constat,
947 4203 1117 4286 quod
1157 4205 1477 4268 restitutio
1522 4221 1648 4267 non
1689 4213 1787 4268 est
1814 4203 1865 4266 D
1894 4204 1961 4266 in
1995 4203 2248 4267 damnis
2277 4223 2420 4286 quae
2459 4203 2824 4268 inferuntur
2860 4205 2927 4268 in
2964 4204 3155 4268 rebus
3195 4204 3393 4268 fortu-

297 4319 434 4381 pars
489 4300 946 4364 satisfactionis
1005 4302 1263 4384 proprie
1324 4309 1616 4385 sumptae,
1673 4303 1784 4365 sed

297 4399 752 4478 praeambulum
791 4400 872 4462 ad
909 4398 1428 4463 satisfactionem.
1461 4400 1786 4464 Verumta-

299 4513 436 4559 men
493 4496 658 4560 bene
715 4498 1150 4573 concedimuS,
1212 4499 1380 4581 quod
1437 4498 1786 4562 satisfactio

297 4595 578 4673 proximo
623 4595 812 4671 facta,
845 4603 942 4658 est
980 4615 1127 4679 pars
1163 4596 1614 4660 satisfactionis
1655 4598 1786 4661 Deo

295 4692 620 4772 exhibitae3
651 4701 934 4758 attamen
972 4695 1290 4758 restitutio
1329 4711 1458 4757 non
1499 4702 1596 4757 est
1639 4715 1786 4778 pars

293 4790 735 4856 satisfactionis
775 4811 896 4856 nec
933 4793 1063 4857 Deo
1101 4811 1220 4856 nec
1259 4793 1549 4876 proximo
1578 4792 1780 4858 factae.

367 4889 670 4955 Praeterea
707 4891 1030 4954 restitutio
1064 4891 1258 4954 ablati
1296 4893 1376 4954 de
1407 4893 1784 4956 necessitate

295 4997 386 5051 est
413 4989 722 5054 facienda.
756 4990 1305 5064 Quemadmodum
1335 4993 1510 5055 enim
1546 5011 1661 5075 per
1689 5010 1786 5054 sa-

295 5087 716 5152 tisfactionem
745 5095 998 5172 oportet
1021 5089 1350 5154 hominem
1384 5091 1785 5155 reconciliari

297 5185 438 5262 Deo,
471 5188 558 5250 ita
587 5195 652 5251 et
689 5187 984 5271 proximo
1021 5207 1156 5252 suo.
1189 5189 1640 5253 Reconciliatio
1677 5210 1785 5254 au-

299 5293 422 5352 tem
453 5305 582 5352 non
620 5287 797 5351 aliud
835 5293 934 5350 est
969 5306 1163 5370 quam
1199 5289 1500 5354 amicitiae
1534 5306 1787 5373 repara-

1896 4322 2013 4377 nae,
2038 4322 2182 4385 quae
2210 4302 2495 4385 plenarie
2526 4310 2794 4386 possunt
2826 4304 3093 4366 restitui.
3118 4303 3191 4366 In
3218 4304 3395 4367 dam-

1893 4401 1995 4464 nis
2033 4419 2187 4464 vero
2228 4401 2721 4484 laesionibusque
2760 4419 3045 4484 personae
3081 4421 3225 4485 quae
3262 4420 3390 4466 non

1894 4507 2164 4583 possunt
2208 4501 2287 4562 ad
2330 4500 2575 4582 aequale
2622 4499 2861 4563 bonum
2910 4500 3181 4576 restitui,
3213 4501 3393 4564 resti-

1892 4598 2055 4661 tutio
2099 4598 2248 4660 fieri
2294 4598 2486 4661 debet
2526 4598 2735 4681 qualis
2776 4599 3101 4681 possibilis
3147 4607 3265 4675 est,
3298 4619 3391 4662 se-

1895 4697 2179 4759 cundum
2210 4694 2523 4759 bonorum
2553 4715 2627 4759 ac
2659 4696 3069 4778 prudentium
3099 4698 3387 4761 virorum

1893 4793 2254 4868 arbitrium,
2286 4802 2351 4856 et
2388 4793 2571 4874 juxta
2606 4794 2751 4875 jura
2794 4793 3013 4875 patriae
3060 4795 3232 4857 circa
3267 4786 3387 4860 h'oc

1895 4893 2203 4956 instituta.

1973 4991 2209 5054 Verum
2236 4991 2339 5053 his
2368 4989 2563 5071 objici
2594 4997 2803 5072 potest
2834 4989 3066 5071 primo,
3096 4991 3249 5073 quia
3276 4991 3389 5075 qui

1896 5091 2168 5174 impedit
2202 5089 2400 5152 alium
2429 5108 2468 5152 a
2496 5089 2943 5152 consecutione
2971 5088 3247 5171 alicujus
3278 5090 3387 5154 bo-

1895 5189 1986 5263 ni,
2028 5186 2481 5271 aequivalenter
2522 5185 2731 5248 aufert
2772 5185 2897 5248 sibi
2940 5187 3061 5252 hoc
3108 5186 3383 5268 bonum3

1895 5306 2024 5352 non
2054 5294 2268 5350 tamen
2310 5291 2563 5348 tenetur
2600 5285 2661 5348 ei
2698 5285 3033 5348 restituere
3073 5284 3233 5350 illud
3275 5294 3387 5350 aut
