4267 6250
848 485 927 575 lt}
1601 499 1880 548 neiron
1919 497 2389 546 msrmcuomnr
2427 495 2587 544 mnu
2628 496 2690 544 ιν
2732 495 3195 543 ssurnmunuu

843 675 934 731 ter
954 672 1086 747 quis
1115 668 1792 737 ordinetur,vicesimum
1821 668 2094 745 quintum
2123 668 2344 727 habens
2370 667 2425 732 A

843 778 946 820 seu
985 777 1167 836 888118
1205 777 1447 819 annum.

841 876 901 928 Si
933 876 1099 928 datur
1125 875 1314 928 oblato
1350 889 1513 928 sacer
1539 875 1690 928 Ordo
1724 874 2083 935 numismate,
2115 873 2343 925 dantem

903 947 1140 1012 Stringit
1169 952 1225 1000 et
1251 952 1563 1014 emptorem
1591 961 1762 1013 poena
1788 946 2036 998 Simonis
2065 947 2247 997 atrox.

1249 1143 1678 1208 DISTINCTIO
1721 1142 1928 1205 XXVI.

1093 1279 1301 1354 Quum
1344 1279 1470 1340 alia
1511 1283 1926 1351 sacramenta,
1971 1281 2090 1338 etc.

991 1477 1352 1534 ATRIMONlI
1391 1478 1826 1534 sacramentum
1855 1471 1917 1529 in
1946 1470 2217 1545 paradiso
2246 1487 2349 1526 an-

1017 1569 1073 1623 te
1121 1569 1422 1639 peccatum
1481 1565 1672 1638 primo
1726 1563 2061 1620 institutum
2107 1563 2197 1617 est
2244 1577 2349 1632 pro

849 1656 1037 1714 officio
1068 1655 1385 1729 generandi
1426 1655 1669 1727 prolem.
1700 1654 1868 1711 Nunc
1893 1668 2028 1710 vero
2058 1653 2147 1709 est
2170 1650 2349 1707 etiam

850 1763 954 1818 pro
993 1744 1234 1802 cavendi
1273 1744 1539 1801 criminis
1576 1741 1856 1800 remedio.
1887 1744 2028 1807 Quoe
2059 1742 2115 1798 et
2143 1737 2351 1797 ultima

2830 673 3257 738 DISTINCTIO
3298 672 3560 736 XXVIII.

2798 817 2914 880 Hic
2968 818 3169 900 quaeri
3220 815 3433 892 debet,
3475 823 3595 878 etc.

2566 1023 2925 1081 ONSENSUS
2973 1025 3045 1081 de
3090 1021 3286 1080 futuro
3332 1017 3769 1078 Matrimonium
3828 1034 3945 1075 non

2594 1113 2745 1180 facit,
2778 1113 2953 1171 etiam
2992 1112 3041 1169 si
3070 1114 3409 1187 juramento
3450 1111 3715 1168 firmatus
3754 1108 3947 1175 fuerit,

2452 1219 2635 1276 quum
2675 1218 2779 1274 per
2820 1201 3160 1276 huJusmodi
3195 1201 3601 1274 juramentum
3644 1198 3710 1254 fit
3746 1196 3953 1254 confir-

2454 1291 2636 1349 matio
2678 1307 2796 1348 non
2839 1293 2912 1347 de
2948 1289 3119 1356 facte,
3150 1292 3251 1347 sed
3292 1290 3502 1347 fiend0.
3532 1288 3679 1344 Hinc
3714 1287 3762 1342 si
3804 1285 3953 1343 alter

2454 1379 2923 1436 contrahentium
2970 1381 3047 1436 ad
3090 1378 3269 1436 aliam
3317 1377 3586 1451 copulam
3633 1373 3951 1442 transierit,

2456 1469 2737 1526 dissoluta
2764 1472 2852 1526 est
2878 1468 3068 1542 prima
3099 1467 3429 1541 promissio.
3453 1468 3564 1524 Lex
3595 1470 3791 1524 autem
3822 1480 3956 1537 quoe

2456 1559 2616 1616 aliud
2656 1558 2847 1616 dicere
2874 1559 3121 1625 videtur,
3152 1556 3532 1630 intelligenda
3569 1559 3673 1623 est,
3704 1556 3753 1612 si
3778 1555 3958 1613 verba

2459 1651 2528 1706 de
2571 1649 2841 1722 praesenti
2883 1649 3318 1714 intervenerint,
3349 1651 3453 1705 aut
3489 1647 3645 1720 quod
3687 1645 3951 1703 futurum

2457 1740 2533 1796 sit
2576 1739 3034 1796 Matrimonium.
3080 1737 3333 1795 Traditio
3388 1740 3585 1794 autem
3642 1739 3955 1809 parentum

850 1834 1135 1891 institutio
1191 1835 1250 1890 in
1307 1834 1416 1890 hoc
1463 1851 1498 1890 a
1542 1833 1736 1906 prima
1790 1832 1998 1898 differt,
2048 1847 2116 1887 ac
2172 1827 2347 1887 etiam
2384 1824 2431 1887 B
2460 1829 2642 1902 ipsius
2678 1845 2907 1902 sponsae
2940 1833 2999 1886 et
3032 1827 3349 1886 sacerdotis
3387 1826 3729 1892 benedictiO,
3762 1826 3834 1882 de
3870 1841 3960 1880 sa-

850 1925 1007 1997 quod
1046 1924 1237 1996 prima
1265 1922 1377 1980 fuit
1403 1921 1782 1986 necessitatis,
1813 1921 1914 1978 illa
1951 1923 2149 1977 autem
2186 1934 2354 1991 gene-

851 2030 910 2070 re
957 2012 1220 2071 humano
1257 2012 1662 2085 multiplicato,
1708 2015 1796 2069 est
1832 2008 2169 2067 voluntatis.
2200 2009 2354 2074 Qua-

851 2118 984 2158 rum
1027 2101 1220 2173 prima
1266 2100 1418 2157 facta
1465 2104 1550 2156 est
1596 2099 1656 2155 in
1705 2098 1995 2172 paradiso,
2037 2096 2222 2153 altera
2264 2110 2355 2151 ve·

850 2208 915 2248 ro
963 2193 1144 2248 extra.
1183 2189 1434 2257 Quidam
1481 2192 1678 2246 autem
1728 2186 1984 2244 haeretici
2033 2185 2355 2258 perniciose

849 2279 1180 2346 sentientes,
1213 2278 1446 2351 nuptias
1489 2279 1902 2342 condemnant,
1933 2291 2116 2349 quum
2156 2278 2354 2329 tamen

851 2372 908 2426 et
943 2368 1209 2425 Christus
1247 2367 1338 2425 sui
1377 2365 1685 2440 praesentia
1722 2365 1956 2438 nuptias
1997 2363 2357 2437 approbave-

850 2459 944 2522 rit,
987 2460 1045 2514 et
1089 2459 1319 2514 easdem
1357 2455 1664 2528 Apostolus
1706 2451 2222 2511 commendaverit.
2271 2449 2358 2507 Si-

855 2547 1092 2621 gnificat
1133 2549 1330 2604 autem
1374 2546 1484 2602 hoc
1523 2546 1959 2601 sacramentum
2003 2540 2361 2616 conjunctio-

855 2652 991 2694 nem
1040 2635 1251 2692 Christi
1304 2651 1441 2692 cum
1485 2633 1758 2690 Ecclesia.
1809 2633 1974 2698 Quod
2020 2631 2197 2689 etiam
2254 2646 2359 2702 per

854 2726 1190 2783 animorum
1230 2740 1580 2782 consensum
1624 2724 1842 2794 absque
1881 2721 2090 2794 copula
2135 2717 2355 2777 carnali

854 2815 1176 2888 perfectum
1217 2816 1320 2882 est,
1353 2812 1621 2888 quamvis
1659 2811 1742 2868 sic
1771 2829 1806 2869 a
1833 2810 2088 2884 perfecta
2126 2808 2359 2867 deficiat

853 2902 1302 2978 significatione.

855 3021 1087 3071 Naturae
1113 3018 1300 3072 officio
1331 3015 1616 3070 connubia
1645 3015 1900 3082 praestita
1927 3014 2233 3081 quondam,

913 3093 1038 3144 Jam
1073 3094 1210 3143 sunt
1235 3093 1294 3142 et
1321 3089 1540 3156 fragilis
1570 3089 1758 3141 carnis
1791 3088 2032 3141 honesta
2062 3085 2238 3140 salus.

1253 3286 1680 3353 DISTINCTIO
1722 3286 1956 3350 XXVII.

1101 3426 1246 3489 Post
1287 3425 1423 3490 haec
1464 3422 1948 3497 advertendum,
1993 3428 2111 3483 etc.

993 3624 1138 3682 UUM
1195 3620 1641 3679 matrimonium
1695 3620 1774 3675 sit
1822 3617 1932 3675 viri
1988 3620 2045 3675 et
2094 3616 2360 3674 mulieris

1021 3712 1308 3771 maritalis
1354 3710 1705 3785 conjunctio,
1754 3709 1907 3765 inter
1957 3722 2235 3780 personas
2280 3707 2361 3764 le-

863 3806 1098 3879 gitimas
1136 3801 1501 3859 individuam
1539 3799 1798 3857 retinens
1823 3798 1957 3855 vitae
1994 3796 2363 3855 consuetudi-

861 3910 1032 3961 nem;
1073 3892 1203 3950 ideo
1233 3890 1508 3964 conjuges
1535 3889 1660 3946 sine
1691 3904 1973 3945 consensu
2007 3890 2214 3945 mutuo
2243 3902 2360 3943 non

861 3984 1223 4058 separantur,
1256 3997 1362 4038 nec
1390 3996 1544 4037 unus
1573 3979 1697 4036 sine
1726 3978 1910 4035 altero
1938 3975 2360 4035 continentiam

860 4090 1064 4131 vovere
1092 4074 1295 4145 potest,
1326 4072 1429 4127 sed
1467 4070 1729 4127 debitum
1759 4068 1812 4125 ei
1842 4069 2084 4125 reddere
2111 4070 2358 4124 tenetur.

2456 1918 2744 1976 eramenti
2782 1918 3108 1976 substantia
3144 1934 3263 1975 non
3305 1921 3458 1982 sunt,
3491 1918 3593 1973 sed
3637 1918 3713 1973 ad
3755 1931 3960 1989 quam·

2463 2012 2601 2067 dam
2632 2009 2814 2082 ipsius
2843 2009 3134 2082 pertinent
3159 2007 3569 2065 solennitatem
3600 2009 3656 2062 et
3687 2006 3957 2062 honesta-

2462 2103 2602 2157 tem.
2627 2101 2739 2156 Sed
2768 2116 3084 2156 consensus
3112 2098 3286 2155 etiam
3320 2097 3543 2154 occulte
3563 2113 3667 2168 per
3682 2095 3858 2153 verba
3886 2097 3958 2152 de

2464 2189 2733 2262 praesenti
2762 2205 3090 2261 expressus,
3110 2188 3545 2244 Matrimonium
3575 2187 3635 2242 in
3664 2185 3962 2243 conscien-

2464 2279 2547 2336 tia
2577 2278 2815 2351 perficit‚
2835 2282 2901 2336 ut
2929 2277 3151 2335 dictum
3174 2279 3277 2342 est,
3302 2277 3570 2351 quamvis
3599 2275 3661 2332 in
3688 2274 3961 2332 Ecclesiae

2464 2369 2691 2443 judicio
2727 2369 2903 2426 verba
2948 2367 3050 2424 illa
3087 2384 3205 2425 non
3252 2370 3479 2440 cogant,
3526 2383 3709 2439 quum
3754 2364 3959 2422 testari

2466 2475 2581 2516 non
2628 2458 2867 2531 possint.
2896 2458 3076 2516 Debet
3114 2460 3311 2515 autem
3352 2456 3449 2514 ille
3488 2471 3805 2514 consensus
3834 2471 3961 2512 esse

2466 2549 2525 2606 in
2557 2548 2925 2623 conjugalem
2955 2547 3289 2605 societatem
3322 2565 3335 2604 τ
3366 2550 3721 2620 quapropter
3748 2545 3963 2602 mulier

2466 2656 2535 2697 ex
2575 2640 2753 2696 latere
2789 2638 2898 2695 viri
2930 2641 3167 2709 sumpta
3202 2637 3493 2695 scribitur.
3526 2636 3689 2693 Unde
3725 2638 3782 2693 et
3808 2635 3963 2692 inter

2466 2728 2704 2786 fratrem
2744 2731 2804 2786 et
2832 2744 3059 2786 sorores
3098 2727 3495 2785 cohabitantes
3520 2724 3961 2782 Matrimonium

2464 2833 2584 2874 non
2611 2821 2729 2885 est;
2761 2817 2870 2874 fuit
2897 2820 3095 2876 autem
3124 2816 3278 2874 inter
3302 2815 3602 2888 Virginem
3638 2818 3695 2872 et
3728 2814 3958 2887 Ioseph.

2466 2935 2681 3001 Copula
2708 2935 2757 2987 si
2788 2935 2958 2986 fuerit
2984 2933 3153 2986 verbo
3181 2937 3473 2986 contracta
3500 2932 3711 2992 futuro,

2392 2992 2436 3056 C
2530 3008 2789 3060 Nondum
2820 3006 3071 3072 conJugii
3106 3005 3321 3058 foedera
3346 3009 3503 3057 certa
3530 3006 3777 3056 manent.

2874 3204 3302 3269 DISTINCTIO
3344 3204 3552 3268 XXIX.

2654 3340 2914 3424 Oportet
2956 3348 3171 3403 autem
3212 3338 3619 3415 consensum,
3659 3346 3780 3402 etc.

2584 3536 2941 3593 ONSENSUS
2986 3553 3090 3609 per
3134 3535 3493 3592 coactionem
3541 3537 3817 3601 extortus,
3856 3535 3971 3591 Ma·

2526 3628 2579 3687 A
2610 3624 2954 3683 trimonium
2998 3642 3115 3683 non
3152 3624 3293 3682 facit
3304 3642 3322 3692 ;
3363 3642 3470 3682 nec
3506 3640 3825 3682 consensus
3866 3641 3969 3697 ap-

2470 3714 2779 3788 pellandus
2796 3717 2885 3771 est
2904 3714 3004 3788 qui
3032 3714 3115 3771 sic
3142 3716 3535 3787 extorquetur.
3547 3713 3967 3770 Verumtamen

2470 3805 2516 3861 si
2558 3808 2689 3877 post
2716 3803 3056 3878 hujusmodi
3086 3802 3441 3861 coactionem
3478 3802 3624 3859 liber
3650 3816 3971 3859 consensus

2470 3894 2883 3967 supervenerit,
2897 3896 3095 3966 utpote
3123 3892 3171 3949 si
3200 3892 3378 3950 simul
3408 3891 3740 3949 cohabitent
3763 3894 3823 3948 et
3848 3906 3969 3948 non

2471 3983 2809 4047 reclament,
2840 3997 3157 4039 consensus
3175 3982 3304 4055 jam
3335 3981 3483 4038 liber
3508 3980 3693 4038 factus
3720 3980 3970 4047 videtur,

2471 4076 2529 4131 et
2570 4073 2822 4145 priorem
2862 4070 3151 4128 defectum
3191 4073 3523 4128 emendare.
3555 4070 3735 4127 Debet
3772 4072 3970 4127 autem

861 4164 952 4220 Fit
986 4166 1183 4220 autem
1219 4159 1658 4217 Matrimonium
1704 4174 1807 4231 pel·
1843 4174 2195 4214 consensum
2240 4174 2363 4214 001·-
2394 4162 2445 4223 D
2475 4179 2791 4220 consensus
2818 4178 2941 4218 esse
2967 4159 3115 4217 liber
3134 4163 3351 4218 nedum
3375 4161 3437 4215 in
3457 4160 3812 4232 nuptiis,sed
3833 4158 3972 4216 etin

863 4252 1027 4310 dium
1059 4252 1350 4309 dictarum
1383 4264 1901 4321 personarum,per
1918 4247 2094 4305 verba
2123 4249 2195 4304 de
2224 4263 2368 4320 prae-

862 4341 1012 4400 senti
1042 4356 1402 4413 expressum,
1433 4338 1611 4395 etiam
1641 4337 1689 4393 si
1719 4338 1929 4410 copula
1955 4336 2208 4394 carnalis
2246 4353 2363 4393 non

863 4430 1228 4489 interveniat.
1262 4430 1470 4502 Estque
1513 4427 1840 4485 differentia
1880 4426 2034 4483 inter
2069 4426 2365 4499 sponsalia

865 4528 922 4589 et
957 4519 1424 4583 matrimonium,
1457 4534 1640 4591 quum
1680 4534 1929 4590 sponsus
1968 4517 2147 4575 etiam
2186 4516 2367 4573 invita

867 4628 1078 4685 sponsa
1121 4607 1544 4666 monasterium
1594 4608 1822 4682 ingredi
1865 4608 2062 4680 possit,
2101 4610 2161 4665 et
2202 4622 2371 4664 econ·

869 4706 994 4769 tra;
1033 4717 1150 4757 non
1198 4702 1396 4757 autem
1445 4698 1689 4772 conjuge
1736 4698 1970 4771 cognita
2009 4698 2119 4755 hoc
2163 4699 2366 4769 potest,

871 4790 1140 4866 quamvis
1168 4792 1226 4847 et
1249 4786 1448 4861 sponsi
1479 4786 1755 4861 conjuges
1788 4789 2140 4861 quandoque
2170 4786 2371 4844 dican-

872 4884 989 4938 tur.
1029 4881 1196 4946 Quod
1237 4877 1286 4934 si
1329 4876 1624 4949 sponsalia
1665 4893 1802 4934 cum
1839 4876 2016 4935 vidua
2059 4878 2131 4933 de
2173 4874 2369 4933 futuro

873 4968 1308 5033 contrahantur,
1357 4984 1461 5039 per
1508 4967 1618 5023 hoc
1662 4966 1924 5039 bigamia
1976 4982 2094 5023 non
2144 4964 2373 5022 induci-

873 5064 1002 5127 tur;
1039 5060 1187 5117 bene
1222 5061 1440 5121 autem,
1467 5055 1517 5112 si
1561 5058 1631 5113 de
1675 5055 1966 5128 praesenti,
1997 5059 2063 5113 ut
2103 5054 2373 5129 Magister

876 5150 1034 5209 dicit.
1065 5150 1178 5207 Sed
1215 5146 1276 5203 in
1315 5146 1524 5203 ultimo
1562 5160 1680 5202 non
1717 5148 1965 5202 tenetur.

875 5263 1180 5319 Praesentis
1205 5262 1375 5314 verbo
1407 5260 1730 5313 nubendum
1759 5260 2048 5325 temporis,
2082 5260 2251 5327 idque

938 5340 1118 5389 Durat
1145 5348 1314 5401 quam
1343 5334 1555 5399 conjux
1583 5332 1720 5384 vivit
1746 5336 1983 5399 uterque
2012 5332 2125 5385 diu.

2475 4252 2858 4325 sponsalibus
2891 4250 3114 4308 Dicitur
3148 4250 3327 4307 etiam
3355 4250 3452 4308 ille
3493 4249 3837 4315 consentire,
3869 4249 3973 4323 qui

2476 4341 2781 4399 manifeste
2810 4344 2868 4398 et
2885 4340 3183 4397 evidenter
3212 4355 3329 4395 non
3352 4338 3717 4396 contradicit.
3733 4339 3895 4396 Unde
3916 4343 3975 4397 et

2476 4431 2770 4503 sponsalia
2813 4430 2947 4487 talis
2993 4446 3311 4487 consensus
3348 4429 3697 4487 confirmare
3736 4428 3971 4486 dicitur.

2476 4547 2600 4598 Non
2630 4546 2735 4596 erit
2760 4560 3035 4597 assensus
3064 4560 3341 4611 peragens
3370 4544 3669 4607 connubia,
3703 4545 3947 4611 qualem·

2540 4617 2774 4679 Proebet‚
2800 4618 3123 4671 verberibus
3154 4632 3305 4685 saepe
3334 4623 3597 4683 gravatus
3626 4619 3816 4671 homo.

2902 4818 3325 4882 DISTINCTIO
3367 4818 3547 4883 XXX.

2796 4950 2925 5014 Nec
2968 4952 3176 5015 solum
3220 4952 3484 5028 coactio,
3527 4960 3646 5016 etc.

2623 5148 3063 5206 ATRIMONIUM
3088 5166 3252 5207 error
3279 5150 3555 5217 dissolvit,
3586 5168 3705 5209 non
3734 5152 3975 5226 quidem

2649 5238 2861 5304 omnis,
2874 5241 2976 5297 sed
3003 5241 3105 5313 qui
3134 5240 3485 5298 conditionis
3511 5246 3600 5299 est
3623 5243 3847 5300 servilis
3874 5246 3979 5301 aut

2479 5342 2773 5401 personae3
2803 5344 2923 5385 non
2960 5332 3158 5389 autem
3195 5329 3293 5387 ille
3320 5330 3422 5405 qui
3450 5334 3538 5389 est
3563 5332 3881 5413 qualitatis,
3910 5335 3977 5392 ut
