4267 6250
1014 499 1231 557 omus
1271 497 1616 547 courum-r
1656 496 1901 545 mm
1939 496 2436 546 mcususrrms
2477 498 2704 549 cuns
3287 481 3406 547 527

310 667 607 731 officium
666 670 969 751 legalium
1026 669 1427 732 sacerdotum
1476 668 1647 731 circa
1692 668 1813 730 tria
1841 668 1893 732 A
1922 670 2018 732 vis
2048 669 2326 733 clavium
2364 687 2494 734 non
2523 670 2646 733 fuit
2679 671 2743 733 in
2779 670 2916 752 lege
2945 670 3206 753 antiqua
3232 689 3410 734 vera-

312 767 639 850 praecipue
685 768 1076 832 versabatur.
1124 768 1356 842 Primo,
1396 769 1475 831 ad
1522 768 1813 851 aperien-

310 866 461 929 dum
506 874 573 929 et
611 867 1039 930 claudendum
1086 865 1457 929 hominibus
1498 866 1811 949 templum

310 964 469 1027 illud
532 965 865 1029 materiale
922 965 987 1028 in
1043 965 1395 1027 Jerusalem
1453 965 1672 1039 situm,
1719 982 1811 1027 se-

310 1064 597 1126 cundum
636 1064 809 1147 quod
848 1064 1071 1127 mundi
1110 1071 1293 1126 erant
1322 1071 1434 1127 aut
1472 1062 1805 1125 immundi.

310 1160 627 1236 Secundo,
678 1162 851 1225 circa
896 1161 1287 1227 oblationem
1344 1161 1811 1225 sacrificiorum

313 1259 719 1340 legalium,et
744 1259 1363 1323 administrationem
1394 1265 1814 1321 sacramento-

310 1376 452 1420 rum
487 1358 649 1439 legis
678 1357 1113 1429 illius.Tertio,
1128 1357 1301 1421 circa
1330 1356 1809 1419 mundationem

312 1455 854 1538 irregularitatum
898 1474 1041 1538 quae
1082 1462 1264 1518 erant
1306 1456 1373 1517 in
1420 1455 1577 1536 lege.
1618 1454 1810 1518 Porro

310 1553 624 1637 templum
678 1554 837 1617 illud
883 1554 1093 1636 figura
1134 1552 1259 1616 fuit
1302 1553 1601 1616 Ecclesiae
1642 1551 1809 1615 mili·

312 1652 503 1715 tantis
540 1670 615 1715 ac
656 1652 1145 1735 triumphantis3
1176 1650 1495 1715 sacrificia
1522 1658 1702 1713 erant
1732 1649 1810 1712 si-

309 1769 481 1832 gurae
508 1750 1091 1815 ecclesiasticorum
1122 1757 1695 1829 sacramentorum;
1726 1749 1811 1811 ir-

1922 768 2078 831 citer
2117 769 2428 844 inchoata,
2462 771 2572 833 sed
2615 770 2822 834 solum
2873 770 3296 853 praefigurata.
3333 770 3412 832 Et

1921 866 2040 929 hoc
2070 874 2262 949 patet,
2285 868 2338 929 si
2370 868 2792 950 respiciantur
2819 868 3114 941 essentia,
3137 869 3314 949 origo
3343 876 3410 931 et

1922 963 2073 1027 sinis
2116 966 2320 1047 ipsius
2363 966 2579 1029 clavis.
2618 967 2826 1032 Clavis
2867 968 3041 1030 enim
3089 973 3187 1029 est
3226 968 3410 1049 spiri-

1920 1064 2111 1125 tualis
2151 1072 2427 1146 potestas
2463 1066 2694 1129 animae
2739 1066 2882 1128 data
2925 1064 2990 1127 in
3027 1065 3410 1147 sigillatione

1922 1180 2047 1243 qua
2092 1163 2408 1243 sigillatur
2451 1164 2824 1227 sacerdotali
2871 1164 3267 1242 charactere3
3310 1164 3411 1226 lex

1920 1268 2133 1322 autem
2163 1268 2346 1323 vetus
2377 1260 2500 1323 fuit
2533 1261 2804 1325 carnalis
2835 1262 3036 1343 magis
3065 1280 3258 1344 quam
3289 1262 3416 1344 spi-

1921 1357 2189 1420 ritualiS.
2231 1358 2414 1433 Item,
2456 1357 2654 1421 clavis
2687 1358 3028 1421 ministerii
3073 1378 3266 1441 quam
3305 1360 3412 1421 ha-

1921 1454 2074 1517 bent
2104 1456 2461 1519 sacerdotes
2491 1456 2840 1537 Evangelii,
2872 1457 3200 1520 descendit
3227 1476 3266 1519 a
3295 1457 3418 1519 cla·

1920 1571 1999 1615 ve
2028 1553 2422 1617 excellentiae
2451 1554 2706 1627 Christi,
2739 1555 2842 1617 cui
2885 1574 2963 1617 ex
3000 1575 3131 1619 suae
3172 1555 3416 1618 meritis

1921 1652 2236 1734 passionis
2279 1653 2580 1715 convenit
2615 1653 2968 1716 secundum
3008 1655 3178 1736 quod
3222 1654 3416 1717 homo

1921 1757 2037 1824 est,
2091 1750 2202 1813 illa
2255 1757 2533 1833 potestas
2585 1768 2600 1813 :
2655 1758 2806 1813 tunc
2854 1760 3068 1814 autem
3127 1751 3414 1815 Christus

308 1850 749 1931 regularitates
770 1868 925 1913 vero
948 1848 1203 1913 fuerunt
1230 1848 1453 1931 figurae
1480 1849 1811 1931 culparum
1844 1845 1892 1909 B
1920 1849 2206 1912 nondum
2263 1847 2504 1911 exstitit
2554 1848 2936 1913 incarnatus.
2989 1850 3164 1913 Finis
3221 1850 3414 1913 etiam

311 1947 789 2012 excludentium
836 1968 875 2011 a
920 1965 1115 2031 regno
1162 1948 1493 2011 coelorum.
1534 1948 1811 2011 Potestas

310 2054 525 2110 autem
568 2047 973 2109 sacerdotum
1014 2063 1195 2110 novae
1235 2046 1393 2127 legis
1432 2054 1531 2109 est
1558 2046 1625 2108 in
1662 2066 1810 2129 ape-

311 2146 534 2208 riendo
582 2152 649 2207 et
696 2145 1050 2208 claudendo
1104 2143 1481 2209 hominibus
1541 2163 1807 2226 regnum

312 2244 647 2320 coelorum,
681 2242 749 2305 in
790 2242 1341 2307 administratione
1383 2261 1638 2325 quoque
1681 2244 1809 2326 spi-

310 2341 641 2404 ritualium
670 2348 1241 2415 sacramentorum,
1261 2348 1453 2423 atque
1486 2342 1552 2404 in
1586 2341 1809 2403 remis·

310 2440 487 2501 sione
534 2446 963 2521 peccatorum.
1007 2439 1141 2513 Quo
1183 2446 1449 2513 constat,
1490 2439 1661 2521 quod
1703 2457 1813 2522 po-

312 2544 499 2601 testas
548 2538 950 2601 sacerdotum
1001 2526 1299 2618 legalium
1342 2538 1584 2600 exstitit
1620 2544 1809 2621 typus

312 2637 634 2718 potestatis
661 2636 1054 2699 sacerdotum
1087 2636 1465 2717 evangelicae
1495 2636 1667 2718 legis»,
1682 2655 1807 2700 non

315 2734 545 2797 veritas
588 2751 603 2797 ε
648 2734 791 2797 ideo
832 2752 963 2797 non
1006 2734 1329 2797 habebant
1362 2753 1513 2797 vere
1555 2754 1629 2797 ac
1666 2753 1809 2817 pro—

312 2833 449 2914 prie
492 2832 726 2908 claves,
768 2833 880 2896 sed
929 2831 1285 2914 figuraliter
1330 2833 1564 2916 potius.
1598 2869 1677 2880 -
1711 2835 1808 2896 In-

310 2950 525 3015 super,
557 2932 727 2995 sicut
756 2931 823 2994 in
851 2931 1177 3014 Baptismo
1214 2933 1452 3014 duplex
1485 2932 1811 2996 confertur

311 3031 548 3095 donum

310 3131 653 3205 character,
694 3128 806 3211 qui
851 3145 981 3192 non
1021 3130 1368 3212 opponitur
1410 3129 1636 3212 culpae,
1678 3131 1810 3194 imo

314 3247 460 3292 cum
504 3247 579 3291 ea
617 3227 927 3309 recipitur
958 3246 1033 3290 ac
1061 3233 1349 3308 tenetur3
1379 3227 1555 3290 aliud
1590 3229 1807 3310 gratiae

309 3337 559 3410 gratum
590 3325 905 3402 facientiS,
938 3326 1108 3409 quod
1147 3333 1409 3409 peccato
1438 3327 1805 3410 opponitur,

310 3445 426 3490 nec
466 3445 617 3489 cum
657 3442 733 3488 eo
771 3425 1081 3506 recipitur
1121 3443 1241 3488 nec
1280 3430 1533 3487 tenetur
1566 3445 1581 3488 :
1616 3425 1702 3487 ita
1740 3427 1807 3488 in

311 3524 541 3588 Ordine
598 3524 785 3586 datur
831 3530 1108 3604 potestas
1166 3521 1444 3585 clavium
1504 3529 1805 3605 tanquam

308 3624 548 3688 donum
596 3621 813 3704 gratiae
867 3620 1063 3701 gratis
1109 3621 1292 3694 datae,
1342 3639 1491 3711 quae·
1532 3628 1807 3703 potestas

310 3741 435 3786 non
485 3721 833 3804 opponitur
878 3719 1106 3801 culpae,
1158 3717 1289 3781 imo
1336 3726 1461 3781 stat
1504 3719 1699 3782 simul
1745 3727 1809 3782 et

310 3821 581 3884 habetur
627 3837 779 3881 cum
824 3835 940 3898 ea;
988 3817 1176 3880 datur
1220 3817 1412 3880 etiam
1464 3817 1555 3879 ibi
1606 3818 1809 3899 gratia

310 3927 561 4000 gratum
592 3917 833 3980 faciens
872 3916 951 3980 ad
989 3915 1152 3978 bene
1187 3916 1496 3978 utendum
1528 3915 1805 3981 clavium

312 4023 639 4101 potestate.
682 4015 831 4078 Ideo
876 4015 1015 4077 sine
1058 4033 1133 4077 ea
1172 4032 1303 4077 non
1351 4013 1622 4076 habetur
1667 4015 1805 4078 ido-

312 4137 471 4181 neus
516 4113 797 4178 clavium
856 4131 1030 4186 usuS,
1082 4113 1195 4175 sed
1253 4131 1407 4175 usus
1454 4112 1611 4195 ipse.
1660 4113 1805 4177 Haec

310 4211 547 4274 Petrus,
578 4247 661 4258 --
686 4212 863 4274 Idem
902 4210 1271 4274 Richardus.

386 4312 470 4375 At
509 4327 665 4374 vero
706 4310 1147 4372 Bonaventura
1187 4327 1202 4370 ε
1245 4308 1513 4382 Quidam
1538 4309 1807 4392 (inquit)

312 4411 633 4485 dixerunt,
684 4409 857 4491 quod
912 4414 1189 4491 potestas
1238 4406 1518 4470 clavium
1565 4407 1690 4470 fuit
1738 4409 1804 4470 in

312 4509 449 4592 lege
492 4506 769 4571 naturali
810 4524 884 4569 ac
926 4505 1164 4588 scripta
1207 4504 1604 4588 imperfecte,
1637 4513 1702 4569 et
1738 4507 1805 4569 in

312 4609 449 4690 lege
477 4607 697 4688 gratiae
725 4604 1010 4688 plenarie
1038 4622 1052 4666 ε
1088 4605 1174 4666 ita
1207 4604 1379 4686 quod
1419 4604 1519 4666 lex
1558 4612 1807 4668 natura·

311 4707 387 4770 lis
435 4713 501 4768 et
547 4705 739 4768 etiam
798 4703 1035 4787 scripta
1091 4702 1215 4765 fuit
1271 4702 1370 4765 lex
1431 4703 1802 4785 spiritualis,

310 4803 605 4888 quamvis
664 4801 1068 4886 imperfecta3
1128 4809 1192 4864 et
1250 4800 1628 4884 poenitentia
1684 4801 1807 4865 fuit

311 4903 607 4966 inchoata
654 4901 720 4962 in
770 4920 865 4976 ea,
908 4901 995 4964 ita
1034 4907 1100 4963 et
1140 4900 1237 4964 vis
1287 4899 1585 4963 clavium.
1630 4900 1805 4963 Unde

310 5009 372 5064 et
418 5000 715 5064 sacerdos
771 4999 990 5080 legalis
1048 4998 1328 5080 injunxit
1372 4997 1617 5080 aliquas
1675 5017 1808 5080 poe-

52 5109 283 5168 laamas.
309 5120 421 5163 nas
483 5116 602 5182 pro
664 5097 855 5160 certis
916 5096 1142 5179 culpiS,
1196 5097 1377 5177 juxta
1439 5115 1803 5160 mensuram

310 5197 548 5272 delicti,
579 5203 654 5258 ut
700 5201 876 5278 patet
920 5195 987 5257 in
1036 5195 1336 5258 Levitico.
1369 5230 1450 5240 —
1488 5194 1629 5257 Alia
1675 5195 1809 5276 opi-

312 5297 437 5374 nio,
487 5314 685 5380 quam
745 5301 972 5377 reputo
1018 5293 1357 5370 veriorem,
1406 5300 1582 5356 tenet
1635 5294 1806 5376 quod

1921 1946 2115 2009 clavis
2173 1954 2272 2009 est
2317 1945 2562 2028 apertio
2618 1948 2796 2027 regni
2851 1946 3127 2011 coelestis
3177 1965 3192 2009 :
3243 1949 3414 2031 quod

1920 2052 2072 2106 tunc
2120 2044 2355 2126 aperiri
2404 2061 2531 2107 non
2578 2045 2806 2127 potuit,
2851 2062 3186 2127 quousque
3238 2046 3415 2110 Chri·

1918 2149 2055 2204 stus
2094 2141 2442 2205 adveniens
2485 2142 2810 2206 satisfecit.

1997 2240 2304 2303 Praeterea
2333 2240 2544 2303 claves
2580 2241 2812 2304 dantur
2849 2241 2914 2303 in
2952 2241 3176 2305 ordine
3207 2260 3416 2305 sacer-

1919 2337 2129 2399 dotali.
2147 2337 2322 2411 Quod
2354 2339 2660 2419 congruit,
2675 2339 2978 2421 quoniam
3009 2349 3416 2404 conservator

1920 2435 2196 2498 clavium
2235 2437 2462 2498 harum
2495 2437 2686 2500 habet
2714 2436 3008 2500 officium
3051 2439 3416 2503 mediatoris

1918 2542 1982 2597 et
2017 2535 2534 2598 reconciliatoris.
2569 2536 2871 2600 Mediator
2906 2536 3146 2619 quippe
3189 2546 3285 2599 est
3325 2538 3416 2600 in·

1918 2641 2015 2697 ter
2052 2633 2254 2695 Deum
2297 2642 2362 2697 et
2403 2634 2726 2714 homines3
2759 2635 3199 2697 reconciliator
3240 2654 3410 2709 vero,

1919 2751 2101 2795 reum
2132 2731 2234 2795 vel
2275 2734 2896 2797 excommunicatum
2939 2735 3301 2796 reducendo
3334 2735 3413 2796 ad

1920 2831 2144 2905 Deum,
2177 2850 2252 2893 ac
2295 2830 2765 2894 reconciliando
2806 2830 3122 2895 Ecclesiae.
3154 2831 3250 2894 Ad
3292 2831 3413 2895 hoc

1916 2938 2129 2992 autem
2171 2930 2340 3012 quod
2380 2930 2582 3012 possit
2609 2948 2750 2992 esse
2787 2930 3100 2993 mediator
3134 2938 3321 3012 aptus
3349 2938 3414 2993 et

605 3050 620 3094 ε
674 3049 877 3092 unum
920 3030 1140 3110 gratiae
1184 3030 1381 3112 gratis
1429 3031 1611 3104 datae,
1657 3039 1811 3114 puta
1844 3033 1889 3097 G
1918 3035 2288 3110 competens
2317 3027 2482 3090 inter
2509 3028 2710 3090 Deum
2744 3035 2807 3091 et
2835 3028 3413 3112 homineS,oportet

1916 3129 2081 3210 quod
2112 3127 2342 3190 habeat
2368 3127 2714 3210 potentiam
2745 3126 3060 3190 offerendi
3088 3129 3218 3192 Deo
3246 3129 3410 3194 dona
3439 3152 3578 3200 mbr.
3595 3168 3640 3206 v,
3662 3157 3702 3197 ι.

1917 3235 1982 3289 et
2006 3226 2324 3289 sacrificia
2361 3244 2478 3309 pro
2507 3226 2784 3308 peccatis
2811 3225 3048 3308 quibus
3078 3227 3242 3290 Deus
3276 3227 3410 3311 pla-

1916 3334 2114 3388 cetur.
2147 3325 2239 3388 Ad
2278 3325 2398 3387 hoc
2427 3325 2621 3387 etiam
2657 3325 2826 3407 quod
2867 3325 3070 3407 possit
3106 3327 3408 3390 reducere

1914 3425 1994 3487 ad
2040 3423 2378 3506 mysticum
2421 3422 2654 3487 Christi
2697 3440 2952 3505 corpuS,
2995 3430 3066 3485 ut
3105 3424 3188 3488 sit
3237 3433 3412 3488 recta

1916 3530 1981 3584 et
2016 3522 2303 3584 ordinata
2345 3527 2642 3603 potestaS,
2673 3528 2924 3602 oportet
2964 3521 3133 3605 quod
3180 3522 3410 3585 haheat

1917 3626 2291 3700 potestatem
2323 3616 2709 3682 conficiendi
2741 3636 2972 3702 corpus
3003 3619 3235 3683 Christi
3267 3639 3407 3683 san-
3438 3641 3700 3699 Cs.p.477B.

1916 3719 2274 3781 ctissimum
2311 3735 2325 3779 ε
2359 3717 2528 3800 quod
2565 3719 2644 3780 ad
2683 3718 2850 3781 solos
2896 3719 3171 3800 pertinet
3207 3738 3410 3782 sacer-

1915 3817 2111 3880 dotes.
2163 3817 2309 3879 ldeo
2369 3816 3036 3899 incomprehensibilis
3095 3818 3407 3900 sapientia

1914 3916 2028 3978 Dei
2068 3915 2540 3979 ordinatissimo
2583 3916 2770 3979 modo
2809 3914 3272 3979 ecclesiasticas
3313 3935 3409 3981 or—

1914 4014 2142 4077 dinans
2171 4020 2533 4097 potestateS,
2566 4013 2730 4077 hanc
2763 4022 3140 4097 potestatem
3169 4015 3406 4097 ligandi

1913 4121 2103 4195 atque
2133 4113 2422 4176 solvendi
2460 4112 2612 4176 solis
2650 4113 3084 4177 sacerdotibus
3114 4115 3401 4178 contulit.

1836 4211 1885 4273 D
1914 4247 1992 4258 —
2040 4211 2374 4293 Quumque
2432 4227 2666 4274 nomen
2723 4211 3008 4294 episcopi
3065 4230 3193 4276 non
3239 4213 3408 4277 dicat

1913 4310 2204 4373 ordinem
2249 4327 2510 4384 novum,
2550 4309 2659 4372 sed
2702 4307 2944 4372 ordinis
2990 4311 3404 4376 eminentiam

1914 4408 2290 4491 quamdam3
2340 4407 2706 4481 dicendum,
2748 4408 2814 4469 in
2862 4408 3268 4491 episcopatus
3312 4430 3406 4474 re-

1914 4505 2209 4587 ceptione
2247 4523 2374 4568 non
2409 4505 2544 4567 dari
2585 4523 2814 4568 novam
2849 4505 3117 4582 clavem,
3149 4508 3260 4570 sed
3299 4527 3406 4591 po-

1912 4611 2206 4668 testatem
2264 4603 2632 4684 hujusmodi
2679 4604 2936 4666 extendi
2990 4623 3064 4667 ac
3111 4607 3406 4689 ampliari

1912 4704 1990 4768 ad
2022 4703 2498 4785 corripiendum
2529 4710 2592 4765 et
2621 4703 3186 4784 corrigendum:in
3219 4706 3404 4787 cujus

1914 4804 2170 4884 signum
2203 4809 2409 4884 portat
2435 4801 2772 4884 episcopus
2801 4801 3104 4865 baculum
3133 4812 3406 4885 pastora-

1914 4900 2063 4974 lem,
2097 4901 2211 4983 qui
2250 4906 2314 4961 et
2353 4899 2420 4961 in
2459 4917 2572 4962 sua
2619 4900 3095 4964 consecratione
3140 4902 3406 4964 traditur

1914 4999 1993 5061 ei.
2027 5035 2107 5044 —
2145 4998 2288 5061 Haec
2329 4997 2784 5061 Bonaventura.

1993 5097 2111 5171 Qui
2166 5097 2335 5160 circa
2385 5096 2520 5159 haec
2569 5096 2769 5159 multa
2819 5095 3088 5179 pulchra
3135 5097 3402 5174 inducit,

1914 5202 2104 5278 atque
2134 5195 2201 5257 in
2231 5194 2689 5278 quaestionibus
2720 5195 2890 5258 circa
2928 5195 3202 5259 litteram
3240 5197 3407 5260 inter

1916 5300 2127 5356 cetera
2157 5299 2420 5356 testatur
2452 5311 2466 5356 ε
2499 5294 2570 5356 Iu
2599 5293 2983 5358 relaxatione
3012 5314 3127 5358 seu
3156 5295 3406 5381 dispen-
