4267 6250
1221 497 1398 544 mm
1437 497 1500 544 ιν
1539 497 2022 547 sturmi-unul.
2061 516 2144 530 --
2183 499 2337 546 nis-r.
2375 500 2463 548 vn
3279 481 3393 547 181

313 667 383 730 ad
405 667 602 744 aliam,
615 677 768 732 sunt
790 670 856 732 in
881 671 1106 734 eodem
1131 668 1786 750 subjecto.-Postre-
1814 668 1860 733 Α
1897 671 2207 753 quosdam
2264 677 2362 733 est
2408 671 2474 733 in
2524 671 2735 754 prima
2782 671 2996 754 specie
3044 669 3391 754 qualitatis,

315 783 428 840 mo,
465 767 787 831 character
827 776 923 833 est
966 768 1340 851 productive
1383 787 1422 830 a
1459 767 1593 832 solo
1631 769 1782 843 Deo,

313 885 494 947 quum
533 865 616 928 sit
651 867 964 930 terminus
1002 865 1376 945 creationis3
1412 867 1785 949 dispositive

313 981 446 1026 vero
473 970 536 1026 et
564 963 1136 1028 instrumentaliter
1171 970 1270 1027 est
1304 983 1340 1027 a
1376 965 1788 1028 sacramentis

313 1061 370 1123 in
413 1079 672 1144 quorum
719 1062 1259 1126 administratione
1301 1061 1691 1145 imprimitur
1723 1071 1788 1125 et

314 1179 440 1242 quae
479 1160 692 1223 iterari
739 1178 868 1225 non
918 1161 1086 1224 licet.
1133 1161 1281 1236 Quae
1325 1181 1524 1244 quum
1573 1161 1784 1224 iterari

317 1276 426 1320 non
457 1259 724 1335 valeant,
757 1260 1074 1322 ordinavit
1103 1260 1320 1322 divina
1349 1258 1690 1322 clementia
1717 1267 1790 1322 ut

314 1356 598 1422 effectum
631 1358 924 1422 stabilem
955 1357 1488 1442 indelebilemque
1519 1358 1790 1422 habeant

311 1456 366 1518 in
407 1456 626 1533 anima,
667 1465 820 1541 puta
864 1457 1288 1521 characterem
1337 1458 1788 1540 dispositivum

315 1557 382 1619 ad
425 1557 688 1639 gratiam
734 1557 1260 1620 sacramentalem
1310 1556 1534 1619 talium
1584 1576 1786 1619 sacra-

317 1661 674 1717 mentorum.
707 1689 787 1700 —
829 1654 973 1717 Haec
1012 1654 1514 1735 Argentinensis.

381 1753 703 1814 Durandus
748 1769 1004 1835 quoque
1051 1751 1306 1828 fatetur,
1352 1753 1524 1834 quod
1572 1753 1786 1815 chara·

317 1858 433 1913 cter
471 1850 551 1912 sit
591 1850 880 1932 quaedam
925 1857 1222 1934 potestas.

383 2046 530 2109 Ecce
567 2047 650 2109 de
686 2047 1052 2110 charactere
1091 2046 1534 2110 sacramentali
1575 2048 1642 2111 in
1684 2066 1788 2129 ge-

314 2161 458 2217 nere,
471 2150 532 2206 et
557 2143 640 2206 de
669 2145 1034 2207 charactere
1061 2144 1426 2227 baptismali
1459 2145 1525 2207 in
1555 2145 1786 2227 specie,

311 2241 424 2320 jam
453 2243 630 2324 *dicta
667 2251 818 2305 sunt
857 2243 1078 2318 multa,
1111 2250 1177 2306 et
1217 2261 1295 2306 ex
1339 2250 1510 2306 tanta
1547 2243 1792 2326 opinio-

316 2357 450 2401 num
490 2340 790 2403 varietate
831 2349 1004 2423 patet
1042 2340 1390 2404 difficultas
1431 2340 1624 2423 hujus
1662 2360 1792 2404 ma·

317 2437 488 2501 teriae.
523 2438 926 2503 Solenniores
967 2447 1180 2502 autem
1217 2440 1505 2504 doctores
1535 2458 1792 2503 concor-

316 2536 450 2598 dant
475 2537 540 2599 in
573 2539 716 2612 hoc,
749 2538 921 2621 quod
952 2539 1278 2601 character
1307 2539 1390 2602 sit
1427 2539 1583 2622 quid
1621 2539 1790 2601 reale

205 2708 214 2718 .
317 2641 370 2696 et
404 2634 760 2700 absolutum
805 2635 884 2698 de
920 2655 1152 2717 genere
1189 2636 1535 2719 qualitatis,
1569 2636 1792 2699 imme-

319 2731 464 2795 diate
491 2752 527 2795 a
555 2734 684 2796 Deo
721 2740 1030 2806 creatum,
1063 2732 1430 2808 indelebile,
1462 2735 1680 2798 datum
1710 2735 1788 2796 ad

319 2831 820 2896 conformandum
869 2839 935 2894 et
981 2831 1527 2913 distinguendum,
1579 2833 1790 2914 dispo·

316 2929 552 2992 sitivum
601 2931 678 2992 ad
733 2930 1023 3010 gratiam.
1079 2929 1402 2992 Differunt
1455 2937 1668 2993 autem
1720 2931 1786 2993 in

1895 769 2250 832 secundum
2282 771 2587 852 quosdam
2618 769 2685 832 in
2716 769 3011 832 secunda.
3028 769 3106 832 Et
3132 770 3229 833 hae
3258 770 3397 834 duae

1898 865 2280 930 differentiae
2312 886 2521 950 parvae
2550 875 2717 930 sunt.
2752 867 2832 930 Et
2859 868 3031 949 quod
3065 886 3102 930 a
3132 866 3395 950 quihus-

1898 965 2044 1026 dam
2075 972 2340 1028 vocatur
2366 965 2811 1048 dispositi0,ab
2840 965 2985 1028 aliis
3013 965 3288 1040 habitus,
3308 965 3401 1028 fa-

1899 1061 2022 1124 cile
2065 1063 2579 1138 concordaretur,
2612 1064 3073 1152 considerando
3114 1063 3397 1127 diversas

1899 1160 2319 1243 proprietates
2368 1169 2432 1224 et
2478 1161 2918 1226 distinctiones
2960 1161 3398 1246 dispositionis

1899 1266 1964 1321 et
2009 1258 2283 1323 habitus.
2320 1261 2389 1323 ln
2431 1259 2731 1323 omnibus
2780 1279 3036 1343 quoque
3081 1259 3398 1343 praeindu·

1899 1357 2041 1433 ctiS,
2060 1359 2295 1440 positio
2325 1358 2383 1422 S.
2400 1357 2655 1423 Thomae
2684 1359 2937 1422 videtur
2964 1357 3401 1422 rationabilior

1897 1474 2056 1518 esse.
2091 1456 2266 1520 Patet
2294 1455 2486 1520 etiam
2523 1475 2601 1519 ex
2633 1455 2929 1530 inductiS,
2962 1456 3134 1539 quod
3164 1455 3399 1539 positio

1900 1553 2009 1616 illa
2039 1553 2365 1618 Guillelmi
2396 1554 2767 1617 parisiensis
2795 1554 2874 1617 de
2914 1554 3295 1626 charactere,
3331 1554 3399 1617 in

1899 1650 2221 1735 principio
2276 1651 2470 1733 hujus
2519 1652 2887 1735 quaestionis
2945 1671 3263 1735 expressa,
3316 1652 3401 1715 sit

1899 1749 2227 1813 communi
2286 1750 2591 1814 doctrinae
2648 1751 2983 1825 contraria,
3034 1757 3099 1813 et
3156 1751 3222 1813 in
3279 1750 3399 1814 hac

1821 1855 1867 1918 Β
1899 1857 2076 1932 parte
2107 1866 2236 1912 non
2269 1848 2537 1911 minime
2577 1847 2909 1912 defectiva.
2942 1848 3213 1912 Thomas
3247 1866 3401 1932 quo·

1899 1966 2047 2030 que,
2079 1947 2543 2022 Bonaventura,
2575 1953 2639 2010 et
2675 1947 2785 2009 alii
2825 1947 3083 2029 quidam
3117 1946 3399 2030 praealle-

1898 2046 2049 2127 gati,
2083 2046 2286 2108 multo
2314 2044 2618 2108 diffusius
2656 2045 2949 2108 scribunt
2976 2046 3055 2108 de
3084 2045 3225 2128 ipso
3253 2046 3398 2109 cha-

1899 2153 2143 2208 ractere
2191 2145 2346 2227 quid
2396 2144 2499 2220 sit,
2549 2153 2614 2208 et
2661 2146 2741 2209 de
2798 2145 2939 2226 ejus
2996 2145 3397 2220 necessitate,

1901 2244 2197 2317 essentia,
2258 2243 2648 2325 operatione,
2708 2261 2919 2317 causa,
2980 2242 3270 2324 subiecto
3326 2263 3401 2307 ac

1901 2342 2136 2424 specie,
2171 2361 2365 2425 quam
2398 2341 2535 2425 ipse
2566 2341 2963 2405 Guillelmus.
2998 2340 3401 2422 ObJ‘ectiones

1903 2441 2044 2522 ejus
2081 2441 2276 2503 etiam
2318 2457 2445 2503 non
2478 2441 2853 2523 procedunt,
2886 2439 3039 2523 quia
3076 2440 3402 2502 character

1903 2538 2299 2621 imprimitur
2326 2525 2453 2602 no'n
2495 2538 2700 2601 solum
2742 2539 2821 2602 ad
2854 2537 3395 2619 distinguendum,

1901 2637 2010 2700 sed
2060 2644 2123 2698 et
2172 2637 2250 2698 ad
2299 2635 2821 2717 distinguendum
2872 2636 3226 2698 secundum
3274 2641 3398 2698 sta·

1901 2740 2034 2796 tum
2067 2733 2259 2814 fidei3
2292 2752 2411 2797 nec
2450 2733 2656 2796 solum
2695 2734 2773 2797 ad
2804 2734 2947 2808 hoc,
2980 2733 3091 2796 sed
3130 2733 3209 2795 ad
3250 2749 3397 2796 con-

1899 2831 2307 2912 figurandam
2356 2832 2654 2906 Creatori,
2688 2832 2765 2894 ad
2806 2831 3274 2914 disponendum
3317 2832 3396 2895 ad

1897 2931 2188 3012 gratiam,
2220 2937 2285 2993 et
2324 2931 2402 2992 ad
2441 2931 2599 2993 alios
2639 2931 2947 3014 quosdam
2992 2936 3194 3004 actus,
3230 2929 3398 2993 sicut

315 3026 439 3100 hoc,
461 3029 626 3109 quod
655 3029 1009 3092 secundum
1040 3028 1348 3111 quosdam
1379 3035 1477 3091 est
1505 3028 1782 3104 habituS,
1819 3032 1861 3095 C
1898 3030 2259 3111 expositum
2300 3035 2413 3092 est.
2448 3028 2577 3091 Nec
2608 3028 2932 3091 character
2959 3029 3220 3110 ponitur
3249 3046 3393 3090 cau-

315 3128 642 3190 secundum
691 3128 1000 3210 quosdam
1059 3134 1356 3210 potestas.
1410 3128 1488 3190 Et
1540 3147 1617 3191 ex
1665 3128 1787 3191 hoc

317 3234 754 3309 consequenter
821 3225 1130 3309 procedit,
1196 3226 1370 3311 quod
1432 3226 1786 3290 secundum

1898 3147 1968 3191 sa
1994 3128 2213 3210 gratiae
2240 3127 2561 3201 effectiva,
2582 3128 2979 3211 principaliS,
2999 3128 3390 3203 immediata,

1898 3227 2009 3289 sed
2053 3225 2559 3289 instrumentalis
2601 3233 2666 3289 et
2706 3226 3097 3308 dispositiva.

1275 3680 2103 3794 DISTINCTIO
2190 3680 2403 3792 VII

1112 4012 1194 4077 A.
1247 4017 1347 4077 De
1399 4014 2003 4087 confirmationis
2044 4014 2547 4078 sacramenta

539 4247 710 4311 UNC
757 4247 838 4311 de
883 4246 1288 4311 sacramento
1336 4238 1867 4307 confirmationis
1915 4242 2289 4305 addendum
2337 4244 2476 4323 est3
2522 4242 2602 4306 de
2658 4242 2849 4325 cujus
2888 4243 3131 4307 virtute
3179 4244 3388 4326 quaeri
3414 4272 3689 4330 nasos-nm-

570 4364 741 4429 solet
782 4384 797 4425 :
841 4364 1056 4426 forma
1111 4361 1288 4426 enim
1336 4362 1559 4443 aperta
1615 4361 1738 4440 est,
1783 4360 2034 4423 scilicet
2087 4359 2287 4423 verba
2342 4378 2491 4441 quae
2551 4360 2713 4423 dicit
2766 4361 3137 4443 episcopuS,
3179 4378 3387 4444 quum
3414 4338 3687 4453 Μῗξῗζᾎ,

569 4480 934 4561 baptizatos
980 4478 1046 4541 in
1101 4477 1428 4541 frontibus
1477 4493 1662 4541 sacro
1709 4476 1926 4557 signat
1974 4476 2349 4540 chrismate.
2394 4476 2541 4540 Hoc
2590 4478 3071 4541 sacramentum
3114 4477 3197 4541 ab
3240 4477 3390 4541 aliis
3417 4498 3688 4609 3030an

3446 4576 3487 4607 is
3508 4576 3629 4615 .v‚c.

312 4590 513 4674 perfici
557 4614 687 4659 non
725 4596 945 4678 potest
992 4595 1123 4657 nisi
1171 4612 1212 4657 a
1256 4594 1540 4657 summis
1584 4591 2054 4672 sacerdotibu5‚
2095 4609 2217 4656 nec
2260 4594 2555 4673 tempore
2592 4594 3063 4674 Apostolorum
3112 4592 3195 4657 ab
3240 4593 3390 4657 aliis

311 4727 492 4789 quam
538 4712 614 4776 ab
661 4712 828 4794 ipsis
863 4710 1204 4793 Apostolis
1254 4710 1494 4791 legitur
1528 4709 1903 4791 peractum3
1943 4725 2064 4771 nec
2109 4707 2194 4771 ab
2241 4708 2391 4771 aliis
2440 4726 2640 4791 quam
2692 4708 2775 4771 ab
2824 4708 2958 4772 illis
3006 4710 3121 4789 qui
3169 4708 3390 4773 locum

311 4844 520 4892 eorum
571 4830 814 4909 tenent,
854 4822 1079 4910 perfici
1125 4828 1345 4909 potest
1392 4828 1506 4890 aut
1555 4824 1768 4889 debet.
1801 4824 1970 4887 Nam
2009 4825 2067 4888 si
2115 4825 2306 4888 aliter
2340 4826 2821 4906 praesumptum
2869 4824 3088 4904 fuerit,
3130 4824 3390 4887 irritum

311 4942 564 5009 habetur
615 4948 680 5010 et
731 4962 1043 5025 vacuum,
1099 4962 1220 5007 nec
1267 4944 1436 5007 inter
1489 4941 1928 5007 ecclesiastica
1982 4940 2393 5022 reputabitur
2445 4942 2871 5005 sacramenta.
2930 4940 3117 5003 Licet
3170 4942 3392 5004 autem
3472 4964 3652 5021 cm.

313 5061 683 5141 presbyteris
717 5062 1084 5143 baptizatos
1109 5062 1375 5142 tangere
1413 5059 1482 5122 in
1509 5059 1794 5141 pectore,
1817 5058 1934 5122 sed
1968 5074 2102 5121 non
2141 5058 2493 5121 chrismate
2530 5058 2787 5139 signare
2817 5057 2885 5119 in
2911 5057 3143 5120 fronte.
3166 5056 3393 5121 Virtus
3418 5026 3579 5145 {¹3³ss
3597 5028 3675 5135 ¹2³2:

314 5178 518 5241 autem
543 5178 739 5260 huJus
767 5178 1161 5241 sacramenti
1199 5178 1299 5241 est
1325 5176 1594 5240 donatio
1624 5174 1910 5256 Spiritus
1946 5174 2166 5238 Sancti
2197 5174 2279 5237 ad
2316 5172 2537 5254 robur,
2570 5173 2684 5253 qui
2723 5173 2788 5235 in
2828 5172 3169 5255 Baptismo
3207 5173 3399 5237 datur
3448 5180 3611 5223 naban.
3635 5182 3691 5224 de

3427 5242 3530 5286 lnst.
3546 5243 3689 5287 cleric.

319 5290 390 5353 ad
440 5294 910 5359 remissionem.
969 5292 1158 5357 Unde
1202 5292 1516 5357 Rabanus
1567 5312 1582 5353 :
1633 5290 1686 5353 A
1747 5306 2012 5354 summo
2071 5289 2407 5354 sacerdote
2457 5306 2574 5370 per
2629 5290 3121 5370 impositionem
3166 5306 3405 5355 manus
3425 5304 3676 5359 naneae.
