4267 6250
601 2745 705 2790 Luc.
736 2757 820 2787 xxu

571 2810 641 2852 20.

853 467 973 532 224

1491 485 1558 532 m
1596 484 1820 533 Limum
1860 485 1921 530 IV
1963 483 2447 531 smmunmt.
2486 499 2567 513 -
2608 483 2761 530 ΒΙΒΤ.
2805 483 2956 546 vl113
3000 483 3224 540 QUAEST.
3266 483 3331 529 v1

855 654 1216 718 efficaciam
1242 671 1257 716 t
1279 654 1431 718 hinc
1463 655 1528 718 in
1559 655 1712 719 solis
1743 655 1872 718 illis
1901 655 2188 738 quinque
2216 671 2355 716 ver·
2382 653 2435 718 A
2465 653 2720 729 dicitur,
2752 653 2867 716 Hic
2912 661 3009 717 est
3047 652 3213 716 calix
3257 651 3585 734 sanguinis
3625 650 3775 726 mei,
3808 657 3965 724 etc.,

856 753 956 816 bis
1019 753 1272 816 videtur
1331 752 1536 817 forma
1597 753 2092 818 consecrationis
2158 753 2354 834 hujus

857 851 1224 926 consistere,
1259 869 1385 915 non
1417 852 1632 916 minus
1662 871 1853 934 quam
1885 852 1949 914 in
1982 850 2084 914 his
2113 850 2351 926 verbis,

855 950 985 1013 Hoc
1015 957 1111 1011 est
1144 967 1375 1033 corpus
1415 968 1656 1024 meum,
1689 950 1894 1013 forma
1935 950 2354 1013 consecratio-

857 1048 956 1112 nis
987 1050 1271 1131 corporis
1301 1057 1397 1111 est
1425 1049 1778 1113 consistens
1812 1066 1826 1110 ε
1862 1049 2084 1131 sicque
2117 1047 2196 1110 fit
2225 1047 2357 1130 ple·

856 1167 939 1210 na
987 1147 1397 1211 conformitas
1447 1148 1942 1211 consecrationis
1995 1147 2350 1228 utriusque.

856 1247 987 1309 Hoc
1029 1253 1093 1309 et
1138 1264 1253 1328 ego
1302 1246 1514 1329 potius
1563 1245 1926 1320 arbitrarer,
1959 1246 2013 1308 si
2068 1245 2134 1308 in
2181 1252 2356 1308 tanto

857 1345 1160 1428 mysterio
1205 1345 1423 1407 liceret
1463 1344 1705 1427 aliquid
1749 1343 2062 1407 arbitrari.

938 1443 1151 1506 Nihilo
1183 1443 1396 1506 minus
1426 1443 1684 1526 quidam
1718 1444 1953 1517 dicunt,
1973 1443 2192 1506 omnia
2219 1461 2357 1506 ver-

859 1542 941 1605 ba
971 1560 1174 1625 usque
1205 1542 1314 1616 ibi,
1349 1543 1492 1606 Haec
1525 1542 2070 1624 quotiescumque,
2104 1549 2244 1617 etc.,
2279 1541 2357 1604 ad

859 1641 1346 1706 consecrationis
1375 1643 1714 1705 essentiam
1743 1643 2169 1725 pertinere,eo
2197 1641 2359 1724 quod

860 1741 990 1803 sint
1045 1741 1604 1804 determinationes
1652 1740 1944 1823 quaedam
2003 1739 2355 1822 sanguiniS,

2462 752 2657 815 verba
2716 753 2823 815 illa
2880 752 3041 814 nihil
3096 750 3467 834 significant
3523 769 3729 833 neque
3786 749 3973 811 affir-

2464 859 2641 915 mant
2686 852 2991 935 perfecte,
3034 870 3238 934 usque
3279 852 3357 914 ad
3406 850 3824 933 prolationem
3876 856 3973 912 to-

2434 949 2613 1024 tius,
2667 951 2809 1014 ideo
2859 969 2977 1012 nec
3024 957 3169 1012 ante
3216 945 3532 1012 efficiunt.
3586 949 3678 1012 Ex
3726 947 3973 1030 quibus

2464 1050 2731 1125 elicitur,
2746 1049 2901 1132 quid
2932 1057 2996 1112 et
3020 1049 3291 1130 qualiter
3319 1048 3705 1112 demonstret
3734 1046 3798 1129 ly
3825 1047 3966 1120 hoc,

2466 1149 2531 1210 in
2584 1147 2787 1211 forma
2835 1147 3331 1211 consecrationis
3381 1147 3665 1229 corporis
3704 1145 3967 1220 Christi,

2466 1247 2819 1311 secundum
2860 1245 3227 1309 Henricum.

2545 1345 2625 1408 At
2663 1362 2814 1408 vero
2844 1344 3114 1407 Thomas
3150 1362 3164 1406 :
3198 1343 3461 1418 Quidam
3491 1341 3758 1425 (inquit)
3794 1343 3977 1406 dixe·

2468 1451 2637 1518 runt,
2684 1444 2854 1524 quod
2903 1443 2981 1506 de
3029 1443 3234 1506 forma
3280 1440 3773 1504 consecrationis
3820 1461 3977 1504 san-

2468 1543 2681 1623 guinis
2742 1550 2989 1604 tantum
3058 1542 3142 1604 sit
3200 1541 3391 1615 istud,
3456 1540 3570 1602 Hic
3636 1547 3733 1602 est
3800 1540 3975 1602 calix

2470 1641 2799 1723 sanguinis
2851 1641 3004 1716 mei,
3055 1647 3127 1702 ut
3177 1640 3381 1702 forma
3432 1639 3766 1721 utriusque
3810 1657 3975 1701 con-

2470 1739 2842 1803 secrationis
2891 1738 3153 1801 exsistat
3210 1736 3583 1800 consimilis.
3636 1736 3757 1801 Sed
3814 1737 3978 1820 quia

861 1839 1131 1921 ideoque
1179 1839 1540 1922 pertineant
1586 1839 1664 1902 ad
1713 1839 2139 1920 integritatem
2190 1839 2358 1902 locu·
2386 1837 2433 1900 B
2472 1839 2866 1902 conditiones
2928 1837 3233 1920 appositae
3294 1837 3371 1898 ad
3440 1835 3802 1917 subjectum
3866 1835 3974 1899 vel

859 1939 1052 2002 tionis
1090 1947 1154 2002 et
1183 1938 1709 2018 consecrationis3
1743 1939 2036 2021 quamvis
2075 1956 2191 2020 per
2221 1956 2359 2001 ver-

861 2037 942 2100 ba
972 2039 1127 2113 haec,
1160 2037 1274 2100 Hic
1305 2045 1403 2100 est
1441 2037 1604 2100 calix
1645 2038 1972 2118 sanguinis
2013 2037 2165 2111 mei,
2199 2036 2364 2100 desi—

862 2143 1092 2218 gnetur
1130 2137 1268 2219 ipsa
1307 2137 1638 2200 conversio
1674 2136 1810 2199 vini
1855 2135 1920 2198 in
1959 2136 2358 2217 sanguinem.

864 2235 985 2299 Sed
1043 2235 1306 2317 planum
1355 2242 1472 2310 est,
1525 2235 1694 2316 quod
1752 2234 1913 2297 ratio
1963 2234 2073 2296 illa
2127 2233 2361 2297 falsum

865 2333 1188 2416 supponit.
1249 2332 1349 2395 Illi
1410 2351 1686 2415 namque
1742 2332 2033 2414 genitivi,
2092 2332 2243 2396 novi
2300 2340 2365 2395 et

865 2429 1108 2506 aete'rni,
1141 2449 1270 2494 non
1311 2438 1461 2493 sunt
1499 2430 1813 2512 adJectiva
1840 2431 2036 2512 hujus
2075 2430 2365 2494 substan—

865 2530 1004 2605 tivi,
1051 2529 1398 2613 sanguinis,
1447 2529 1555 2592 sed
1613 2528 1808 2604 illius,
1858 2530 2246 2604 testamenti,
2294 2536 2365 2592 ut

865 2635 1040 2712 patet
1080 2647 1158 2690 ex
1202 2626 1416 2690 verbis
1458 2627 1644 2692 Lucae
1690 2628 2116 2708 evangelistae,
2150 2627 2363 2690 dicen-

826 2728 948 2796 .tis
981 2745 996 2788 t
1028 2727 1143 2790 Hic
1181 2734 1279 2790 est
1318 2725 1483 2789 calix
1523 2726 1670 2789 novi
1713 2726 2074 2790 testamenti
2119 2726 2184 2788 in
2222 2743 2365 2788 meo

865 2826 1196 2908 sanguine,
1243 2823 1356 2887 ubi
1406 2824 1836 2906 interponitur
1875 2824 2139 2906 aliquid.
2188 2824 2365 2899 Quod

865 2924 1058 2987 etiam
1089 2930 1261 3006 patet
1289 2922 1680 2987 construenti
1721 2931 1785 2986 et
1814 2922 2192 3005 punctuanti
2222 2929 2367 3005 post

2472 1937 2903 2020 praedicatum,
2923 1943 3072 1999 sunt
3099 1938 3178 2000 de
3219 1934 3577 2016 integritate
3608 1933 3973 2008 locutionis,

2471 2036 2578 2098 alii
2625 2035 3020 2119 probabilius
3063 2035 3306 2109 dicunt,
3340 2033 3511 2117 quod
3552 2041 3757 2096 totum
3806 2032 3977 2096 illud

2472 2136 2643 2217 quod
2673 2134 2978 2217 sequitur,
2994 2133 3077 2196 sit
3106 2133 3186 2196 de
3225 2134 3343 2196 hac
3371 2131 3596 2206 forma,
3609 2151 3807 2215 quum
3838 2150 3977 2194 non

2473 2234 2556 2296 sit
2595 2232 2829 2296 locutio
2873 2251 2988 2315 per
3034 2250 3125 2306 se,
3168 2231 3277 2294 sed
3327 2230 3773 2294 determinatio
3814 2250 3981 2312 prae-

2473 2333 2685 2396 dicati.
2738 2331 2944 2394 Verba
2991 2349 3249 2413 quoque
3297 2330 3363 2392 in
3412 2338 3544 2394 tota
3594 2330 3715 2392 hac
3763 2330 3979 2392 forma

2474 2439 2792 2505 contenta,
2825 2437 3090 2514 possunt
3130 2447 3247 2512 pro
3288 2446 3513 2510 magna
3553 2436 3732 2511 parte
3763 2415 3840 2491 ex
3876 2428 3977 2491 di·

2474 2532 2676 2595 versis
2710 2530 2865 2594 locis
2894 2529 3238 2612 Scripturae
3267 2528 3809 2611 colligi,quamvis
3838 2546 3976 2592 non

2476 2630 2884 2693 inveniantur
2924 2627 3161 2691 alicubi
3204 2626 3395 2690 simul
3436 2627 3692 2710 scripta.
3726 2627 3979 2710 Nempe

2476 2729 2647 2810 quod
2690 2728 2946 2801 dicitur,
2987 2726 3103 2789 Hic
3144 2732 3241 2789 est
3287 2724 3475 2800 calix,
3516 2724 3705 2789 Lucae
3747 2725 3981 2789 vicesi-
4056 2748 4235 2792 Lai-„m

4009 2810 4235 2926 ¹¹:sstem

2477 2845 2583 2890 mo
2626 2827 2907 2889 secundo
2953 2824 3246 2898 habetur,
3288 2831 3351 2888 et
3394 2824 3617 2906 primae
3656 2823 3979 2887 Corinthi·
4011 2843 4037 2856 ·

2476 2943 2658 2988 orum
2720 2923 3081 2987 undecimo.
3135 2923 3313 2997 Quod
3366 2940 3517 2986 vero
3573 2921 3977 3004 adjungitur,

865 3023 977 3085 illa
1003 3021 1220 3096 verba,
1253 3021 1401 3085 novi
1433 3029 1497 3084 et
1525 3021 1745 3084 aeterni
1775 3038 1790 3083 τ
1823 3029 1977 3084 tunc
2017 3021 2195 3084 enim
2227 3020 2365 3083 nul·
2402 3018 2447 3082 C
2476 3024 2634 3088 Novi
2664 3022 3051 3097 testamenti,
3076 3041 3155 3084 ex
3185 3020 3391 3083 tribus
3425 3020 3844 3103 Evangelistis
3875 3040 3984 3084 ac-

869 3121 992 3185 lius
1024 3140 1248 3184 sensus
1283 3119 1742 3203 perfectionem
1784 3119 2203 3203 importarent
2230 3139 2367 3183 ver·

868 3221 948 3284 ba
1003 3220 1356 3303 sequentia,
1401 3219 1788 3294 testamenti,
1843 3219 2236 3303 mysterium.
2291 3219 2368 3281 Et

868 3326 1326 3383 construuntur
1373 3318 1563 3381 ambo
1617 3318 1711 3379 illi
1767 3318 2057 3400 genitivi,
2115 3318 2366 3399 sangui-

868 3418 987 3493 niS‚
1012 3417 1397 3491 testamenti,
1417 3435 1565 3479 cum
1598 3416 1709 3479 illo
1739 3417 2155 3492 nominativo,
2176 3417 2363 3491 calix,

868 3516 1221 3591 transitive,
1245 3515 1691 3580 subintellecta
1725 3516 1985 3598 copula3
2016 3523 2080 3579 et
2109 3522 2274 3598 post,
2305 3515 2367 3598 ly

869 3614 995 3678 mei
1046 3622 1109 3677 et
1157 3614 1220 3697 ly
1268 3613 1665 3697 mysterium,
1713 3622 2170 3677 construuntur
2218 3632 2365 3675 cum
2471 3614 2652 3695 juxta
2682 3613 2840 3676 illud
2872 3612 3204 3695 Apostoli:
3244 3612 3370 3694 Ego
3397 3612 3615 3695 accepi
3644 3631 3683 3675 a
3710 3613 3984 3679 Domino
4050 3636 4235 3681 ream

869 3715 981 3777 illo
1046 3713 1463 3788 nominativo,
1530 3712 1718 3787 calix,
1785 3712 2108 3795 specifice.
2179 3713 2367 3775 Porro

868 3814 1037 3896 quod
1077 3812 1338 3887 addunt,
1359 3812 1540 3897 ‘quod
1581 3830 1696 3893 per
1724 3811 1919 3874 verba
1959 3810 2090 3888 illa,
2123 3811 2237 3874 Hic
2272 3818 2371 3873 est

869 3912 1033 3974 calix
1063 3910 1390 3991 sanguinis
1423 3910 1572 3985 mei,
1605 3910 2008 3991 significatur
2035 3909 2370 3973 conversio

868 4010 1004 4073 vini
1035 4010 1101 4073 in
1141 4009 1543 4090 sanguinem,
1577 4008 1744 4070 sicut
1781 4026 1898 4090 per
1926 4007 2120 4071 verba
2156 4025 2373 4071 conse-

870 4108 1171 4172 crationis
1201 4107 1421 4190 panis3
1453 4114 1626 4188 patet
1655 4106 1823 4188 quod
1853 4115 2070 4189 aperta
2099 4114 2196 4169 est
2226 4123 2372 4169 con-

2478 3123 2731 3206 cipitur,
2747 3130 2901 3205 puta
2928 3119 3200 3184 Matthaei
3232 3120 3539 3184 vicesimo
3568 3129 3765 3192 sexto,
3780 3120 3981 3184 Marci
4102 3142 4235 3190 uani

4010 3223 4125 3260 xxvi,

2475 3320 2649 3394 Quod
2698 3326 2913 3381 autem
2962 3317 3285 3399 adjicitur,
3321 3317 3583 3391 AEterni,
3624 3325 3710 3393 et,
3750 3318 3985 3401 Myste-
4012 3272 4235 3438 ἔψεξε]

4012 3410 4114 3446 nu,
4190 3426 4201 3439 .

2476 3220 2974 3304 quartodecimo,
3008 3226 3073 3282 et
3108 3218 3293 3283 Lucae
3320 3218 3629 3283 vicesimo
3668 3220 3977 3284 secundo.

2476 3419 2643 3480 rium
2688 3416 2864 3492 fidei,
2898 3436 2976 3479 ex
3019 3415 3249 3480 Christi
3300 3415 3571 3479 habetur
3611 3416 3981 3494 traditione,

2476 3535 2617 3598 quae
2658 3534 2772 3598 per
2808 3514 3141 3597 Apostolos
3177 3514 3255 3576 ad
3295 3513 3646 3577 Ecclesiam
3689 3514 3979 3591 devenit,

2478 3712 2649 3795 quod
2680 3720 2743 3775 et
2770 3711 3001 3774 tradidi
3033 3710 3234 3773 vobis,
3258 3710 3673 3791 Evangelistae
3701 3731 3987 3796 namque
4014 3702 4085 3745 ²³·

2478 3829 2607 3875 non
2640 3809 3053 3873 intendebant
3083 3808 3320 3872 formas
3349 3816 3412 3871 et
3445 3809 3605 3872 ritus
3634 3829 3993 3874 sacramen·

2478 3918 2689 3973 torum
2734 3908 2993 3992 publice
3037 3908 3307 3982 tradere,
3340 3907 3452 3970 sed
3496 3907 3667 3970 dicta
3706 3917 3774 3971 et
3818 3909 3993 3975 facta

2480 4009 2735 4072 Domini
2778 4025 3092 4070 enarrare.
3136 4006 3445 4087 Denique,
3488 4026 3631 4089 quae
3672 4007 3736 4070 in
3778 4007 3995 4073 forma

2481 4106 2977 4172 consecrationis
3017 4105 3346 4186 sanguinis
3387 4105 3728 4182 adduntur,
3762 4126 3993 4189 quam·

869 4206 1164 4269 tradictio
1195 4206 1260 4267 in
1295 4203 1507 4267 verbis
1537 4222 1782 4279 eorum,
1806 4223 2006 4285 quum
2036 4203 2232 4267 verba
2264 4203 2373 4267 illa
2401 4203 2451 4265 D
2481 4208 2581 4269 vis
2620 4207 2750 4269 sint
2790 4204 3207 4288 proprietates
3250 4212 3711 4287 consequentes
3753 4205 3995 4271 Christi

873 4306 1162 4369 efficiant
1191 4303 1361 4387 quod
1399 4303 1754 4384 designant,
1787 4302 2008 4385 sicque
2045 4302 2140 4365 eis
2170 4304 2374 4385 prola-

872 4405 978 4479 tis,
1011 4402 1402 4466 consecratio
1431 4410 1600 4464 esset
1630 4408 1902 4483 peracta.
1928 4436 2008 4447 —
2036 4402 2180 4465 Haec
2210 4402 2373 4464 Hen-

875 4504 1068 4578 ricus,
1101 4502 1212 4584 qui
1259 4509 1474 4564 tamen
1519 4499 1755 4562 fatetur
1797 4507 2245 4581 argumentum
2295 4500 2375 4564 is·

872 4602 988 4665 tud
1019 4619 1146 4665 non
1175 4599 1465 4664 absolute
1495 4599 1894 4673 concludere,
1909 4600 2213 4682 quoniam
2246 4599 2373 4662 dici

876 4708 1090 4785 posset
1129 4699 1298 4782 quod
1340 4699 1402 4782 ly
1442 4698 1568 4773 hic,
1602 4716 1804 4780 quum
1843 4698 2096 4774 dicitur,
2130 4698 2245 4761 Hic
2280 4705 2377 4761 est

877 4800 1062 4874 calix,
1084 4808 1230 4875 etc.,
1249 4817 1376 4863 non
1407 4798 1801 4862 demonstrat
1826 4798 2072 4881 aliquid
2100 4798 2224 4861 nisi
2259 4814 2375 4880 pro

875 4900 1152 4963 termino
1181 4900 1375 4963 totius
1417 4898 1812 4982 prolationis,
1847 4906 1911 4961 et
1948 4915 2074 4960 non
2111 4914 2226 4978 pro
2258 4903 2377 4959 ter·

877 5000 1058 5063 mino
1095 5018 1226 5062 suae
1269 4998 1662 5080 prolationis,
1695 4998 1862 5061 sicut
1890 4997 1954 5059 in
1996 4996 2377 5059 consecrati-

876 5116 1000 5162 one
1045 5096 1329 5179 corporis
1380 5096 1442 5178 ly
1487 5096 1609 5159 hoc
1659 5113 1786 5158 non
1833 5096 2223 5158 demonstrat
2268 5094 2379 5157 ali-

878 5198 1035 5281 quid
1063 5213 1180 5280 pro
1209 5204 1496 5277 tempore
1523 5214 1654 5259 suae
1684 5194 2076 5278 prolationiS,
2109 5195 2220 5257 sed
2262 5212 2377 5278 pro

878 5296 1155 5360 termino
1210 5293 1406 5358 totius
1455 5293 1874 5376 prolationis3
1925 5300 1990 5355 et
2040 5292 2128 5355 ita
2174 5312 2376 5375 quum

2482 4305 2859 4387 sanguinem
2903 4312 2971 4367 ut
3016 4303 3408 4384 hujusmodi,
3440 4311 3653 4367 tamen
3700 4314 3851 4367 sunt
3896 4326 3999 4371 es·

2484 4404 2785 4467 sentiales
2834 4402 3126 4484 sanguini
3178 4401 3341 4483 ejus,
3394 4402 3459 4465 in
3506 4410 3819 4486 quantum
3872 4424 3997 4488 pro

2485 4502 2671 4567 nobis
2715 4502 2965 4565 effusus
3004 4508 3121 4565 est.

2563 4603 2867 4665 Praeterea
2894 4602 3031 4665 haec
3074 4599 3331 4675 locuti0‚
3365 4597 3479 4662 Hic
3520 4607 3618 4663 est
3646 4601 3811 4665 calix
3849 4620 3998 4667 san-

2483 4700 2696 4782 guinis
2756 4700 2906 4773 mei‚
2958 4698 3473 4780 figurativa·est,
3523 4706 3589 4762 et
3644 4699 3997 4783 dupliciter

2485 4806 2694 4882 potest
2738 4798 3027 4879 intelligi.
3061 4798 3293 4873 Primo,
3328 4806 3401 4860 ut
3440 4798 3525 4861 sit
3562 4802 3996 4882 metonymica

2486 4897 2744 4974 locuti0‚
2780 4896 3075 4980 ponendo
3120 4896 3455 4960 continens
3501 4915 3619 4979 pro
3661 4906 3987 4975 contento,

2485 4996 2652 5059 sicut
2680 4995 3107 5059 communiter
3145 4996 3404 5070 dicitur,
3434 4996 3591 5059 Bibe
3630 4997 3803 5060 hunc
3834 4998 3991 5060 cali-

2486 5114 2625 5157 cem
2670 5096 2828 5171 vini,
2863 5095 2925 5157 id
2970 5101 3067 5157 est
3103 5094 3328 5157 vinum
3368 5102 3738 5157 contentum
3780 5095 3845 5159 in
3886 5115 3991 5159 ca·

2486 5194 2609 5257 lice
2640 5192 2777 5256 isto.
2794 5194 2940 5256 Ideo
2968 5199 3181 5256 autem
3212 5192 3355 5256 talis
3390 5193 3614 5257 modus
3644 5194 3988 5259 locutionis

2488 5301 2675 5376 aptus
2704 5301 2801 5357 est
2828 5292 2980 5355 huie
3008 5291 3252 5369 formai,
3286 5293 3588 5376 quoniam
3617 5294 3877 5375 sanguis
3906 5295 3989 5361 de

4008 2815 4063 2855 00
