4267 6250
323 495 568 559 smA3
597 495 824 553 Qum.
857 498 882 545 1
913 498 928 542 :
961 498 1166 546 mul
1199 498 1540 558 comino,
1569 498 1918 559 comm,
1949 500 2361 561 umnelin,
2390 501 2529 549 snm·
2568 500 2799 549 unm
2834 500 3243 551 mm
3288 482 3412 549 m

319 676 512 740 teraet
545 675 632 739 ad
665 674 1116 757 naufragium,
1141 692 1226 739 an
1255 694 1390 739 uno
1417 677 1652 758 grandi
1687 676 1892 741 fluctu
1925 677 2118 741 navis
2153 678 2487 759 operiatur
2517 680 2583 743 et
2610 678 2947 758 obruatur,
2980 696 3065 743 an
3092 679 3411 762 paulatim

315 792 672 873 subrepens
705 809 882 874 aqua
915 792 988 855 in
1023 793 1350 857 sentinam
1389 810 1506 875 per
1541 792 2017 874 negligentium
2045 792 2309 875 culpam
2346 794 2620 876 impleat
2654 796 2904 876 navim,
2933 798 3001 860 et
3034 796 3417 880 submerga-

317 909 439 971 tur.
469 907 630 972 Ideo
659 908 998 989 jejunium
1027 910 1095 971 et
1123 908 1562 989 eleemosynae
1589 909 1657 971 et
1685 908 2015 972 orationes
2041 909 2389 991 invigilent
2420 930 2437 971 ε
2470 910 2539 973 in
2575 911 2819 992 quibus
2852 929 3063 995 quum
3100 912 3409 993 dicimus,

317 1024 590 1089 Dimitte
624 1023 820 1089 nobis
853 1024 1077 1090 debita
1111 1028 1360 1105 nostra,
1391 1026 1545 1104 etc„
1585 1024 2088 1090 manifestamus
2122 1043 2247 1090 nos
2281 1026 2521 1091 babere
2556 1029 2736 1109 quod
2776 1027 2969 1093 nobis
3002 1030 3411 1113 dimittatur-3

321 1141 383 1205 et
425 1141 496 1203 in
531 1141 640 1204 his
686 1139 906 1205 verbis
949 1141 1380 1207 humiliantes
1423 1141 1680 1205 animas
1723 1142 2006 1223 nostraS,
2045 1141 2501 1223 quotidianam
2544 1160 2737 1226 agere
2782 1146 3235 1227 poenitentiam
3280 1165 3413 1212 non

322 1274 670 1323 cessamus.

1229 1492 1314 1557 D.
1357 1494 1460 1557 Dc
1501 1493 2018 1567 satisfactione
2060 1498 2491 1559 venialium.

442 1738 608 1812 Quae
663 1737 890 1801 autem
945 1752 1064 1817 pro
1115 1732 1488 1799 venialibus
1539 1734 1629 1797 sit
1675 1733 2038 1798 satisfactio
2083 1732 2437 1813 sufficiens,
2488 1734 2903 1817 Augustinus
2947 1736 3261 1817 insinuat,
3317 1738 3413 1801 ita

317 1853 616 1935 inquiens
645 1853 716 1915 in
745 1850 1128 1915 Euchiridio
1159 1868 1175 1910 :
1207 1850 1306 1915 De
1343 1848 1748 1931 quotidianis
1777 1851 1842 1915 et
1877 1848 2189 1914 brevibus
2225 1849 2611 1932 levibusque
2646 1852 2955 1933 peccatiS,
2986 1852 3129 1917 sine
3166 1852 3411 1935 quibus
3436 1875 3707 1949 aqam-

315 1969 448 2033 baec
483 1968 626 2031 vita
659 1984 794 2030 non
829 1965 1116 2045 ducitur,
1148 1964 1536 2045 quotidiana
1569 1964 1780 2027 oratio
1809 1959 2102 2029 fidelium
2140 1964 2482 2028 satisfacit.
2508 1965 2759 2029 Eorum
2796 1966 2975 2029 enim
3010 1968 3113 2030 est
3138 1967 3355 2031 dicere
3388 1988 3405 2029 ε
3436 1940 3521 1983 ''⁶'‘
3542 1943 3669 1984 ⁴²⁷¹·

315 2084 500 2149 Pater
536 2084 786 2163 noster,
825 2084 940 2164 qui
979 2100 1052 2147 es
1096 2082 1164 2144 in
1211 2080 1418 2159 coelis,
1449 2082 1574 2143 etc.
1615 2080 1808 2145 Delet
1853 2081 2122 2144 omnino
2162 2081 2303 2145 baec
2350 2081 2559 2145 oratio
2596 2082 2877 2145 minima
2920 2084 2989 2147 et
3026 2085 3410 2165 quotidiana
3436 2099 3629 2205 ,natm
3646 2114 3707 2153 v..

319 2203 610 2283 peccata3
643 2200 820 2265 delet
853 2202 920 2265 et
955 2199 1072 2263 illa
1106 2217 1146 2261 a
1181 2197 1426 2280 quibus
1461 2198 1600 2261 vita
1635 2193 1934 2261 fidelium
1969 2198 2171 2261 etiam
2206 2197 2519 2262 scelerate
2547 2201 2751 2279 gesta,
2785 2199 2902 2264 sed
2940 2201 3316 2281 poenitendo
3340 2202 3409 2265 in
3466 2194 3479 2207 “

319 2317 552 2382 melius
589 2319 1016 2396 commutata,
1049 2314 1330 2379 discedit
1361 2334 1376 2375 :
1411 2315 1487 2377 ut
1513 2315 1688 2378 sicut
1715 2314 2030 2378 veraciter
2055 2314 2321 2393 dicitur,
2356 2314 2635 2378 Dimitte
2665 2313 2857 2379 nobis
2894 2313 3115 2379 debita
3148 2318 3409 2397 nostra;

320 2433 404 2497 ita
438 2437 504 2498 et
539 2434 860 2498 veraciter
898 2434 1178 2511 dicatur,
1209 2431 1396 2496 Sicut
1432 2432 1498 2495 et
1537 2448 1662 2494 nos
1699 2430 2102 2494 dimittimus
2143 2429 2552 2495 debitoribus
2594 2432 2859 2511 nostris,
2897 2431 2967 2496 id
3004 2434 3125 2513 est,
3160 2434 3259 2497 sic
3298 2432 3413 2497 liat

321 2551 488 2631 quod
523 2552 792 2629 dicitur,
819 2551 978 2631 quia
1011 2550 1079 2613 et
1119 2550 1264 2631 ipsa
1299 2548 1722 2628 eleemosyna
1757 2548 1881 2624 est,
1912 2546 2177 2611 veniam
2210 2546 2587 2628 petentibus
2628 2548 2899 2611 omnino
2936 2548 3295 2631 ignoscere.
3322 2584 3411 2595 -

319 2667 412 2731 Ex
446 2669 556 2732 bis
586 2668 866 2748 aliisque
895 2666 1262 2749 praemissis
1290 2665 1433 2745 jam
1473 2663 1664 2727 facile
1695 2666 1796 2729 est
1823 2664 2212 2745 intelligere,
2244 2681 2395 2745 quae
2422 2680 2542 2745 pro
2572 2663 2941 2727 venialibus
2968 2666 3058 2728 sit
3094 2665 3413 2730 exhiben-

319 2784 394 2847 da
427 2783 817 2848 satisfactio.
849 2782 1106 2847 Sufficit
1141 2781 1318 2845 enim
1348 2780 1680 2844 dominica
1707 2780 1936 2845 Oratio
1967 2797 2120 2843 cum
2151 2780 2409 2861 jejunio
2446 2778 2670 2861 aliquo
2700 2782 2767 2844 et
2803 2779 3277 2863 eleemosynis3
3316 2782 3412 2845 sic

319 2901 552 2979 tamen,
585 2902 660 2963 ut
695 2897 1027 2981 praecedat
1071 2896 1381 2960 contritio
1417 2895 1851 2977 aliquantula,
1882 2897 1949 2960 et
1985 2895 2265 2959 addatur
2300 2895 2626 2960 confessio
2664 2896 2721 2960 si
2760 2896 2933 2961 adsit
2970 2896 3247 2962 facultas
3280 2917 3296 2959 ε
3329 2899 3413 2963 de

321 3034 440 3097 qua
474 3016 889 3081 confessione
927 3015 1078 3096 post
1117 3012 1520 3077 tractabitur.
1552 3012 1682 3076 Pro
1719 3012 2134 3093 gravioribus
2176 3029 2330 3076 vero
2366 3012 2653 3094 peccatis
2688 3014 2832 3079 haec
2868 3014 3069 3079 etiam
3106 3014 3175 3078 in
3211 3015 3411 3079 satis-

321 3132 596 3198 factione
647 3131 1020 3198 adbibenda
1071 3132 1252 3211 sunt,
1299 3131 1416 3196 sed
1473 3129 1686 3193 multo
1742 3130 2201 3193 vehementius
2255 3132 2452 3213 atque
2506 3131 2873 3195 districtius
2920 3151 2937 3194 ε
2988 3132 3149 3213 quia
3188 3134 3263 3197 ut
3318 3133 3411 3196 ait

323 3249 748 3331 Augustinus,
778 3249 862 3313 ad
899 3249 1230 3331 agendum
1271 3247 1724 3330 poenitentiam
1765 3263 1898 3311 non
1945 3245 2186 3310 sufficit
2224 3265 2444 3312 mores
2490 3248 2561 3311 in
2594 3247 2837 3312 melius
2874 3249 3301 3327 commutare,
3344 3251 3412 3312 et
3438 3267 3709 3324 Aqs‘mo

323 3381 358 3428 a
391 3367 582 3430 malis
617 3366 810 3430 factis
844 3365 1169 3443 recedere,
1201 3364 1332 3428 nisi
1369 3364 1436 3428 et
1469 3363 1553 3427 de
1588 3363 1695 3427 his
1731 3380 1880 3444 quae
1917 3361 2090 3426 facta
2125 3365 2303 3443 sunt,
2330 3363 2691 3427 satisfaciat
2718 3363 3009 3431 Domino
3044 3383 3163 3446 per
3196 3365 3411 3445 poeni-
3438 3333 3663 3380 ⁸⁵¹'²¹²‘

323 3483 531 3547 lentiae
567 3482 889 3563 dolorem,
921 3499 1040 3564 per
1075 3479 1474 3544 humilitatis
1512 3479 1858 3560 gemitum,
1891 3496 2009 3561 per
2045 3478 2312 3542 contriti
2351 3479 2566 3543 cordis
2602 3475 3024 3560 sacrificium,
3058 3496 3410 3561 cooperan-

323 3596 488 3664 tibus
531 3597 995 3680 eleemosynis.

1835 3823 1888 3888 A
1915 3825 2044 3888 tius
2080 3825 2435 3908 triplicium
2474 3823 2777 3888 vitiorum
2821 3825 3223 3890 confessione
3265 3825 3411 3889 sub-

881 3900 1236 3967 SUMMA
1911 3922 2146 4006 jungit,
2176 3924 2298 3986 boc
2326 3931 2444 3998 est,
2465 3924 2545 3986 de
2575 3923 2975 3988 confessione
3005 3933 3409 4007 peccatorum

433 4065 1036 4123 DISTINCTIONlS
1090 4066 1692 4124 SEXTAEDECIMAE

393 4316 442 4380 N
483 4316 866 4400 praecedenti
903 4316 1314 4381 distinctione
1354 4320 1483 4402 egit
1519 4319 1808 4404 Magister

326 4471 330 4476 ,
419 4417 496 4479 de
543 4416 924 4498 poenitentia
976 4422 1042 4480 et
1086 4416 1473 4481 facientibus
1525 4436 1690 4490 eam,
1741 4421 1804 4483 in

323 4514 612 4591 generali,
653 4522 720 4577 et
764 4514 1040 4597 qualiter
1080 4517 1288 4579 valeat
1331 4517 1580 4594 iterari3
1623 4524 1688 4578 et
1729 4517 1807 4578 de

323 4613 712 4677 restitutione
739 4632 816 4678 ac
841 4613 1294 4688 satisfactione,
1328 4613 1806 4676 satisfactionis-

322 4728 436 4791 que
477 4711 788 4795 partibus,
838 4731 982 4793 quae
1028 4719 1198 4786 sunt,
1245 4711 1671 4795 eleemosyna,
1713 4711 1806 4794 je-

320 4805 586 4888 junium,
619 4809 838 4873 oratio.
853 4809 970 4872 Hic
997 4815 1226 4872 tractat
1252 4810 1332 4873 de
1361 4809 1650 4893 partibus
1678 4829 1809 4893 poe-

323 4907 594 4971 nilautiae
629 4926 772 4989 quae
811 4914 962 4970 sunt
997 4908 1180 4991 quasi
1223 4907 1562 4989 integrales
1597 4915 1808 4990 partes

1915 4031 2062 4086 ante
2091 4023 2513 4105 Baptismum,
2545 4031 2611 4086 et
2638 4022 2717 4086 do
2756 4022 3157 4088 confessione
3196 4041 3411 4106 pecca·

1915 4128 2126 4184 torum
2167 4128 2313 4204 post
2348 4121 2767 4204 Baptismum,
2808 4141 2951 4204 quae
2998 4129 3257 4204 peccata
3302 4121 3415 4184 du·

1917 4218 2112 4301 plicia
2158 4226 2330 4293 sunt,
2371 4224 2591 4301 utpote
2641 4219 2931 4282 mortalia
2974 4238 3049 4282 ac
3098 4218 3411 4298 venialia;

1915 4325 1980 4382 et
2009 4315 2286 4400 qualiter
2316 4334 2389 4381 ac
2424 4317 2661 4400 quibus
2696 4317 2945 4380 actibus
2980 4335 3097 4400 pro
3128 4317 3415 4400 utrisque

1915 4417 1999 4482 sit
2039 4416 2583 4482 satisfaciendum.

2229 4731 2711 4807 QUAESTIO
2774 4732 3104 4797 PRIMA

323 5001 536 5085 ipsius,
579 5006 646 5068 id
685 5013 804 5079 est,
839 5005 920 5068 de
963 5005 1366 5081 contritione,
1409 5005 1809 5070 confessione
1837 5011 1884 5072 B
2067 5007 2130 5067 lc
2199 5005 2507 5087 quaeritur
2574 5004 2807 5086 prim0,
2875 5005 3175 5072 Utrum
3242 5006 3415 5075 hoeo

323 5109 380 5165 et
424 5102 872 5168 satisfactione.
925 5103 1166 5167 Deinde
1214 5105 1492 5167 ostendit
1539 5124 1682 5187 quae
1727 5105 1812 5168 sit

331 5203 692 5283 poenitentia
727 5210 792 5266 ct
830 5202 1178 5267 satisfactio
1208 5199 1378 5278 vera‘,
1412 5210 1477 5266 et
1515 5223 1658 5286 quae
1693 5203 1810 5267 l'al·

325 5319 403 5364 sa.
435 5302 524 5366 De
553 5301 795 5386 triplici
827 5319 1082 5384 quoque
1111 5301 1532 5378 confessione,
1564 5302 1667 5366 vel
1699 5319 1808 5385 po-

2095 5103 2279 5184 ma,
2309 5105 2711 5184 contritio,
2743 5103 3157 5185 confessiO,
3184 5106 3412 5173 satis·

1918 5201 2183 5284 factio,
2212 5199 2379 5269 sint
2420 5204 2688 5283 partes
2729 5205 3238 5285 poemtentioe.

1995 5301 2259 5364 Videtur
2287 5301 2457 5383 quod
2498 5318 2647 5377 non,
2681 5301 2834 5385 quia
2870 5309 2977 5365 aut
3016 5309 3166 5365 sunt
3204 5309 3415 5386 partes
