4267 6250
413 493 501 539 An
541 491 750 540 rom
791 491 1302 540 coNSBGRATmms
1342 492 1501 539 vm
1542 491 1821 539 romwn
1861 491 1998 540 uc
2037 491 2185 538 assa
2226 492 2241 537 :
2282 489 2401 538 noc
2440 490 2551 538 κεί·
2589 489 2741 538 zum
2780 489 3005 538 conrns
3046 488 3217 536 nnn
3305 470 3429 538 219

327 664 462 728 Jesu
493 681 509 725 ε
542 681 694 726 nam
734 683 851 747 per
899 671 1110 728 cetera
1155 663 1371 727 omnia
1411 682 1554 746 quae
1599 663 1820 727 dicun·
1847 663 1899 728 A
1929 661 2317 728 Richardum
2356 679 2509 726 vero
2548 661 2611 724 in
2653 660 2818 726 libro
2856 661 2935 725 de
2972 660 3299 736 Trinitate‚
3332 666 3430 726 est

331 771 442 836 tur,
493 762 632 826 laus
692 763 820 826 Deo
877 761 1171 838 offertur,
1219 769 1338 826 etc.
1398 763 1556 825 Item
1617 780 1818 825 canon

331 861 520 925 Missae
559 879 688 924 non
729 870 827 925 est
867 861 1040 925 idem
1079 861 1248 944 apud
1287 880 1529 935 omneS,
1563 861 1696 924 imo
1731 861 1823 924 di·

333 960 518 1022 versis
547 960 948 1042 temporibus
977 959 1228 1023 diversa
1257 967 1406 1024 sunt
1433 959 1662 1022 addita.
1678 958 1822 1022 Ideo
1866 999 1879 1011 ·

333 1059 726 1122 concedenda
755 1067 852 1122 est
882 1057 992 1122 illa
1019 1059 1339 1134 instantia,
1374 1059 1524 1140 quia
1553 1057 1822 1122 intentio

333 1157 664 1220 sacerdotis
707 1158 829 1221 hoc
871 1165 1108 1240 ageret,
1143 1165 1213 1219 ut
1249 1157 1447 1221 verba
1489 1156 1600 1220 illa
1643 1156 1820 1220 intel-

335 1255 671 1336 ligerentur
716 1256 902 1338 quasi
950 1275 1031 1319 ex
1077 1256 1310 1320 Christi
1359 1274 1629 1338 persona
1675 1273 1816 1337 pro-

336 1352 460 1415 lata.
509 1353 877 1417 Enormiter
925 1361 1136 1417 tamen
1185 1361 1478 1436 peccaret
1523 1353 1816 1417 sacerdos

336 1450 412 1513 ita
447 1449 824 1526 conficienS,
857 1459 1080 1534 utpote
1116 1451 1312 1515 ritum
1351 1451 1651 1516 Ecclesiae
1688 1469 1816 1514 non

335 1547 684 1612 observans.
737 1549 868 1613 Nec
925 1558 1024 1613 est
1081 1550 1292 1614 simile
1341 1550 1420 1614 de
1471 1550 1815 1632 Baptismo,

335 1648 471 1730 quia
505 1648 873 1730 Baptismus
915 1657 1382 1713 sacramentum
1422 1657 1520 1713 est
1549 1650 1820 1713 necessi—

335 1747 496 1826 tatis3
538 1746 862 1810 desectum
909 1767 1063 1812 vero
1102 1747 1532 1831 perceptionis
1576 1747 1816 1810 Eucha-

1930 761 2021 824 ibi
2053 761 2511 826 demonstratio
2542 761 2741 825 mixta
2770 779 2883 824 seu
2914 760 3173 843 duplex,
3204 759 3427 824 videli-

1930 867 2031 923 cet
2062 860 2293 942 partim
2332 860 2410 923 ad
2450 879 2733 936 sensum,
2765 867 2831 923 θῖ
2860 860 3091 942 partim
3131 859 3211 922 ad
3250 859 3431 922 intel-

1931 958 2195 1032 lectum,
2228 967 2299 1021 ut
2342 960 2426 1023 sit
2469 978 2695 1022 sensus
2729 977 2744 1023 :
2778 959 2941 1021 Illud
2986 959 3051 1021 in
3095 959 3263 1041 quod
3308 960 3428 1023 hoc

1927 1059 2479 1121 transmutandum
2524 1064 2640 1130 est,
2673 1065 2772 1121 θεῖ
2806 1075 3038 1139 corpus
3078 1075 3318 1120 meum.
3349 1093 3431 1104 -—

1929 1157 2217 1239 Denique
2255 1155 2492 1238 duplex
2534 1163 2631 1219 est
2670 1154 2985 1218 institutio
3023 1155 3219 1237 hujus
3258 1156 3429 1219 locu-

1929 1255 2146 1330 tionis,
2197 1256 2325 1319 Hoc
2374 1262 2471 1318 θεῖ
2520 1273 2752 1337 corpus
2800 1273 3015 1317 meum
3070 1274 3085 1319 :
3137 1255 3427 1338 quaedam

1931 1355 2232 1427 humana,
2266 1352 2343 1416 ad
2388 1351 2885 1434 significandum
2937 1360 3223 1434 tantum3
3264 1373 3429 1436 quae-

1931 1451 2078 1514 dam
2123 1451 2360 1526 divina,
2402 1452 2480 1514 ad
2528 1450 2967 1516 efficiendum.
3012 1452 3427 1526 Quemadmo-

1931 1550 2085 1613 dum
2116 1557 2333 1613 autem
2362 1550 2908 1633 complementum
2939 1549 3427 1633 significationis

1929 1647 2251 1730 dependet
2285 1667 2321 1710 a
2360 1647 2833 1730 complemento
2873 1648 3199 1724 orationiS,
3232 1649 3325 1712 sic
3366 1658 3429 1715 et

1931 1747 2477 1829 complementum
2541 1747 2930 1811 efficientiae.
2994 1748 3168 1811 Unde
3228 1757 3429 1812 trans-

339 1844 512 1908 ristiae
562 1853 772 1928 potest
819 1848 1122 1930 supplere
1173 1847 1578 1911 manducatio
1628 1847 1812 1929 spiri·
1849 1845 1898 1908 B
1935 1845 2202 1907 mutatio
2232 1844 2402 1908 sitin
2443 1845 2671 1908 ultimo
2707 1846 2966 1927 prolatoe
2994 1846 3297 1910 orationis
3338 1847 3429 1910 in-

339 1943 530 2017 tualis,
595 1951 666 2006 ut
732 1943 1126 2026 Augustinus
1191 1953 1475 2009 testatur.
1535 1981 1616 1992 —
1670 1946 1814 2010 Haec

339 2041 588 2105 Thomas
626 2042 690 2105 in
733 2044 1016 2107 Summa.

411 2141 520 2214 Qui
567 2142 760 2204 etiam
818 2143 910 2205 ait
958 2143 1026 2206 in
1076 2143 1325 2226 Scripto
1372 2143 1452 2206 de
1496 2144 1819 2208 additione

341 2237 515 2318 hujus
545 2240 1040 2322 conjunctionis,
1074 2242 1246 2304 enim
1283 2261 1297 2306 :
1332 2242 1712 2324 Conjunctio
1742 2243 1821 2305 is-

341 2345 396 2398 ta
432 2338 722 2420 importat
761 2340 828 2403 in
867 2340 988 2403 hac
1027 2339 1234 2404 forma
1269 2341 1558 2405 ordinem
1601 2359 1818 2406 conse-

343 2437 620 2500 crationis
677 2438 758 2500 ad
815 2458 1006 2501 usum
1067 2439 1349 2504 materias
1395 2447 1817 2521 consecratae3

345 2532 472 2596 ideo
495 2535 658 2597 sicut
689 2535 886 2599 verba
915 2537 1268 2620 spectantia
1295 2538 1373 2600 ad
1407 2557 1594 2601 usum
1626 2539 1818 2621 hujus

343 2634 717 2708 sacramenti,
751 2651 879 2698 non
919 2643 1069 2698 sunt
1105 2636 1184 2699 de
1223 2635 1364 2717 ejus
1402 2637 1697 2712 essentia,
1733 2637 1820 2700 ita

347 2749 450 2792 nec
487 2731 851 2812 conjunctio
899 2733 1039 2809 ista,
1081 2753 1224 2816 quae
1271 2743 1482 2798 tamen
1530 2737 1820 2799 addenda

347 2835 432 2890 est
453 2830 799 2893 secundum
829 2833 1358 2898 consuetudinem
1387 2835 1682 2899 Romanae
1713 2835 1818 2897 Ec-

347 2925 552 3002 clesiae,
603 2947 744 3010 quae
792 2949 830 2992 a
879 2929 1249 2996 beatissimo
1304 2934 1486 2996 Petro
1541 2935 1818 3016 sumpsit

1931 1943 2145 2016 stanti,
2189 1945 2356 2026 quod
2404 1952 2502 2007 est
2540 1943 2855 2008 terminus
2898 1945 3207 2028 temporis
3256 1964 3428 2009 men-

1931 2041 2209 2104 surantis
2266 2042 2640 2118 orationem,
2692 2050 2757 2106 et
2812 2061 3111 2106 mensura
3166 2044 3425 2108 termini

1930 2139 2134 2223 ipsius
2180 2141 2587 2223 operationis.
2631 2141 2967 2224 Quumque
3008 2161 3198 2206 causa
3244 2150 3427 2205 natu-

1929 2239 2147 2302 raliter
2176 2239 2353 2322 prior
2384 2240 2467 2303 sit
2498 2249 2775 2315 causat0,
2807 2241 3427 2306 transsubstantiatio

1928 2357 2072 2420 quae
2103 2337 2183 2401 fit
2213 2338 2449 2402 virtute
2492 2340 2827 2422 completae
2864 2341 3190 2416 orationiS,
3224 2347 3429 2423 poste·

1929 2437 2058 2500 rior
2097 2444 2196 2500 est
2234 2438 2605 2502 naturaliter
2642 2457 2738 2513 ea,
2772 2440 3065 2522 quamvis
3110 2439 3303 2502 simul
3344 2440 3429 2503 sit

1927 2541 2215 2617 tempore
2259 2552 2273 2597 ε
2313 2534 2455 2599 ideo
2493 2544 2787 2619 respectu
2832 2537 2973 2618 ejus
3019 2538 3181 2602 bene
3221 2546 3429 2621 potest

1925 2632 2245 2714 designari
2286 2653 2400 2717 per
2440 2634 2699 2698 modum
2744 2636 3299 2718 praesentialitatis,
3330 2637 3425 2700 di-

1925 2731 2151 2806 cendo,
2184 2732 2313 2796 Hoc
2352 2740 2450 2796 est
2479 2751 2709 2816 corpus
2751 2753 2989 2810 meum,
3024 2734 3088 2798 id
3129 2743 3246 2810 est,
3280 2753 3425 2800 con-

1924 2837 2169 2893 tentum
2204 2830 2326 2893 sub
2356 2830 2475 2895 hac
2505 2832 2741 2914 specie,
2774 2840 2871 2896 est
2900 2851 3131 2915 corpus
3173 2852 3422 2914 meum;

1923 2929 2024 2993 vel
2065 2948 2181 3011 per
2218 2929 2478 2993 modum
2519 2929 2937 3006 futuritionis,
2968 2933 3262 3009 dicendo,
3294 2933 3424 2997 Hoc

349 3022 597 3088 initium.
630 3027 758 3090 Nec
793 3036 889 3091 est
919 3028 1130 3094 simile
1158 3030 1237 3094 de
1269 3031 1390 3094 hoc
1421 3040 1816 3095 sacramento
1845 3031 1888 3096 C
1924 3036 2021 3091 est
2050 3046 2282 3110 corpus
2314 3047 2554 3104 meum,
2578 3030 2641 3092 id
2672 3039 2789 3106 est,
2816 3031 2974 3094 illud
3006 3031 3071 3094 in
3102 3033 3273 3114 quod
3302 3033 3424 3096 hoc

346 3130 402 3185 et
429 3123 584 3201 aliis,
611 3126 916 3208 quoniam
945 3128 1142 3191 verba
1180 3128 1402 3193 formae
1439 3130 1632 3211 hujus
1672 3149 1813 3213 pro-

347 3218 616 3284 feruntur
669 3243 706 3286 a
765 3224 1062 3288 ministro
1123 3226 1190 3288 in
1252 3226 1482 3289 Christi
1545 3245 1816 3310 persona

347 3320 504 3399 quasi
558 3321 906 3397 recitative,
957 3323 1102 3387 ideo
1147 3324 1338 3387 debet
1395 3325 1814 3389 continuatio-

347 3434 474 3479 nem
527 3438 846 3502 apponere
902 3422 978 3484 ad
1038 3422 1474 3487 recitationem
1535 3425 1815 3506 praemis-

347 3533 462 3577 sam
481 3533 494 3577 :
513 3535 698 3598 quam
729 3517 884 3582 facit
913 3521 1298 3601 conjuncti0‚
1315 3522 1508 3585 enim.
1525 3522 1814 3585 Aliorum

347 3620 533 3677 autem
579 3624 1121 3681 sacramentorum
1161 3617 1384 3683 formae
1425 3637 1502 3683 ex
1543 3639 1814 3702 persona

349 3710 730 3789 proferuntur
773 3714 1076 3791 ministri,
1110 3716 1254 3781 ideo
1291 3735 1418 3780 non
1459 3726 1710 3800 oportet
1747 3720 1812 3782 in

349 3806 426 3869 eis
467 3808 862 3893 interponere
909 3813 1150 3895 aliquid
1201 3816 1371 3898 quod
1428 3833 1556 3879 non
1604 3817 1688 3879 sit
1733 3818 1812 3880 de

349 3904 529 3970 forma
561 3910 801 3973 ratione
841 3912 1358 3987 continuationiS‚
1393 3933 1593 3995 quum
1633 3914 1812 3979 abso-

349 4001 460 4067 lute
490 4007 904 4087 proferantur.
938 4009 1084 4073 Haec
1125 4010 1232 4073 ibi.

415 4104 486 4165 At
523 4123 670 4169 vero
714 4107 934 4170 Petrus
969 4126 984 4170 ε
1018 4109 1263 4185 Forma,
1295 4110 1406 4185 ait,
1438 4118 1535 4173 est
1577 4112 1812 4194 princi-

1923 3136 2020 3191 est
2051 3130 2630 3204 transmutandum,
2650 3139 2747 3193 est
2776 3149 3007 3213 corpus
3039 3132 3422 3195 meum.Fit-

1923 3245 2050 3309 que
2099 3227 2555 3291 demonstratio
2606 3228 2671 3291 in
2721 3237 2991 3312 utroque
3040 3248 3252 3305 sensu,
3294 3249 3423 3294 non

1925 3343 2040 3408 pro
2070 3334 2357 3407 tempore
2390 3327 2455 3388 in
2484 3345 2612 3410 quo
2642 3314 2984 3410 profertur,
3008 3330 3117 3392 sed
3150 3348 3265 3412 pro
3297 3349 3423 3412 quo

1923 3424 2267 3507 profertur,
2312 3424 2375 3489 id
2424 3433 2522 3488 est
2569 3443 2685 3507 pro
2734 3426 2992 3490 instanti
3041 3434 3421 3491 transmuta-

1923 3522 2115 3586 tionis
2160 3540 2174 3584 :
2218 3522 2388 3586 sicut
2429 3543 2629 3605 quum
2672 3523 2837 3599 dico,
2871 3525 3001 3588 Hoc
3042 3533 3141 3589 θεῖ
3180 3526 3419 3591 bonum

1922 3619 2217 3693 verbum,
2271 3621 2471 3684 Deum
2520 3620 2698 3696 time,
2745 3621 3199 3687 demonstratio
3249 3643 3425 3688 mon-

1923 3726 2080 3781 strat
2117 3738 2255 3781 rem
2297 3736 2424 3782 non
2470 3720 2537 3781 in
2576 3727 2863 3802 tempore
2908 3739 3035 3803 quo
3078 3721 3418 3804 profertur,

1924 3817 2033 3879 sed
2078 3835 2195 3899 pro
2237 3835 2381 3899 quo.
2418 3817 2561 3881 Haec
2604 3818 2841 3881 Petrus.

2019 3915 2394 3990 Richardus‚
2458 3915 2778 3999 praedictis
2841 3918 3253 3993 concordanS,
3318 3939 3419 3983 re-

1925 4015 2152 4097 probat
2188 4014 2570 4096 positionem
2602 4033 2794 4096 quam
2830 4015 3120 4098 sequitur
3149 4017 3419 4081 Thomas

1924 4121 2233 4196 quantum
2274 4112 2353 4175 ad
2394 4114 3001 4179 demonstrationem
3043 4116 3235 4197 hujus
3276 4135 3419 4199 pro-

349 4198 502 4279 pium
527 4202 1392 4285 distinguendi.Eucharistia
1415 4227 1566 4273 vero
1594 4209 1814 4274 differt
1844 4215 1893 4278 D
1923 4212 2224 4286 nominis,
2274 4212 2416 4285 hoc,
2469 4220 2532 4275 et
2590 4213 2881 4296 sequitur
2939 4216 3418 4297 responsionem

345 4296 412 4359 ab
443 4299 574 4363 aliis
614 4304 1029 4367 sacramentis
1065 4322 1078 4367 :
1113 4306 1340 4388 primo,
1376 4308 1441 4370 in
1483 4308 1603 4371 hoc
1642 4312 1809 4391 quod

345 4404 426 4457 est
479 4400 752 4481 speciale
811 4403 1184 4467 memoriale
1242 4406 1343 4467 sui
1404 4405 1808 4483 institutoriS,

345 4497 526 4574 quoad
567 4498 876 4561 rationem
921 4501 1366 4581 significandi3
1409 4506 1710 4580 secundo,
1747 4507 1811 4570 in

345 4590 446 4655 hoc
473 4598 632 4676 quod
663 4598 949 4661 continet
980 4600 1188 4681 ipsum
1217 4602 1814 4687 essentialiter,quo-

343 4690 408 4753 ad
433 4693 732 4759 rationem
762 4698 1078 4761 causandi.
1093 4698 1336 4763 Idcirco
1366 4700 1431 4763 in
1463 4701 1668 4766 forma
1695 4705 1812 4767 hac

345 4795 652 4875 utramque
702 4796 1154 4878 proprietatem
1205 4801 1490 4882 oportuit
1530 4802 1814 4884 designa-

343 4888 405 4949 ri.
435 4891 684 4974 Propter
720 4894 1004 4975 primum
1043 4916 1194 4978 ergo
1225 4897 1640 4980 proferuntur
1679 4902 1812 4966 haec

343 4988 512 5053 verba
555 4990 618 5053 in
663 5009 938 5073 persona
975 4994 1246 5075 Christi3
1289 5005 1550 5080 propter
1591 5018 1813 5063 secun-

341 5084 476 5149 dum
533 5089 790 5170 ponitur
849 5089 937 5152 ibi
987 5093 1258 5157 verbum
1313 5095 1809 5174 substantivum,

343 5198 452 5247 non
489 5188 906 5269 operativum.
950 5190 1112 5264 Quid
1159 5200 1374 5257 autem
1423 5194 1815 5260 demonstret

345 5278 397 5361 ly
422 5280 553 5359 hoc,
575 5285 826 5349 diversa
855 5288 1144 5353 consistit
1172 5292 1409 5373 opinio.
1446 5293 1810 5359 Secundum

1921 4309 2218 4374 Richardi
2264 4311 2344 4373 de
2393 4311 2451 4373 S.
2496 4311 2769 4385 Victore,
2814 4311 3117 4395 additque
3159 4331 3176 4376 ε
3217 4314 3424 4397 Signi·

1923 4407 2141 4471 ficatio
2178 4408 2457 4472 nominis
2496 4408 2631 4472 sive
2669 4410 3051 4474 substantivi
3086 4412 3221 4475 sive
3254 4413 3423 4495 adje-

1923 4508 2074 4569 ctivi
2105 4525 2232 4571 non
2264 4508 2671 4590 restringitur
2696 4510 2773 4571 ad
2803 4509 3085 4592 aliquam
3118 4514 3420 4595 temporis

1921 4604 2356 4669 differentiam
2386 4624 2399 4668 :
2430 4625 2661 4689 nempe
2694 4609 3047 4671 secundum
3079 4610 3416 4688 Donatum,

1921 4713 2177 4789 tempus
2217 4724 2343 4769 non
2384 4714 2480 4768 est
2518 4708 2596 4769 de
2636 4708 3075 4771 accidentibus
3116 4712 3415 4775 nominis.

1922 4802 2257 4886 Quumque
2286 4805 2643 4887 suppositio
2674 4806 2951 4869 nominis
2982 4806 3287 4871 fundetur
3316 4829 3419 4871 su-

1923 4922 2036 4985 per
2082 4902 2223 4984 ejus
2282 4902 2838 4985 significationem,
2892 4904 2977 4966 ita
3028 4906 3197 4986 quod
3257 4907 3417 4970 nihil

1921 5000 2227 5082 supponit
2258 5000 2382 5063 nisi
2417 5000 2483 5063 in
2512 5017 2640 5083 quo
2677 4999 2955 5064 salvatur
2994 5021 3182 5065 suum
3222 5004 3418 5086 signi-

1921 5098 2290 5172 ficatum,et
2319 5097 2650 5181 quodlibet
2678 5098 3243 5181 tale‚suppositum
3275 5102 3415 5182 ejus

1921 5206 2051 5278 est3
2086 5197 2325 5261 idcirco
2354 5216 2469 5280 per
2497 5197 2843 5260 terminum
2876 5197 3091 5271 istum,
3124 5198 3415 5263 substan·

1921 5297 2030 5372 tia,
2065 5303 2274 5379 potest
2302 5295 2578 5379 supponi
2608 5295 2962 5359 substantia
2992 5316 3131 5379 quae
3160 5306 3277 5375 est,
3310 5300 3412 5365 vel
