4267 6250
1250 496 2560 545 ωιιινεικτωωυι.-υιετ.ιπιι
3321 480 3452 546 ’491

348 668 554 735 haeret
580 668 871 753 opinioni
904 670 985 733 de
1012 678 1301 752 tempore
1328 667 1695 732 confitendi.
1714 668 1857 731 For·
1880 670 1933 735 A
1960 667 2344 732 Pontificum
2395 668 2508 751 qui
2563 668 2826 731 fuerunt
2882 668 2946 731 in
2990 669 3196 745 brevi,
3234 669 3458 734 videli-

346 768 504 831 titer
557 786 819 851 quoque
870 775 1109 841 tuetur,
1158 768 1331 851 quod
1386 765 1665 830 confessi
1710 766 1855 829 reli·
1962 774 2063 829 cet
2104 765 2452 830 Clementis
2487 766 2668 850 Papae
2695 767 2776 829 111
2781 814 2798 841 ,
2825 766 3137 830 Bonifacii
3175 776 3242 831 et
3277 768 3460 831 Ioan-

344 866 549 949 giosis
588 866 1033 950 privilegiatis,
1074 884 1205 929 non
1252 872 1553 928 tenentur
1596 871 1856 948 peccata
1964 864 2063 928 nis
2092 866 2276 939 XXII,
2311 884 2504 947 quem
2537 864 2732 927 refert
2758 866 3102 947 quemdam
3131 866 3456 930 doctorem

349 965 647 1029 consessa
696 966 931 1029 iterum
988 964 1283 1028 confiteri
1340 964 1599 1047 proprio
1654 982 1857 1027 sacer-
1961 962 2156 1045 hujus
2212 962 2580 1045 oppositum
2633 971 3020 1027 asserentem
3076 964 3328 1037 citasse,
3368 964 3460 1026 in-

348 1063 509 1137 doti,
549 1064 834 1145 allegans
868 1063 950 1126 ad
993 1063 1115 1125 hoc
1152 1081 1318 1126 nova
1350 1062 1497 1145 jura
1536 1080 1611 1125 ac
1652 1060 1857 1124 decla·
1962 1080 2277 1144 crepasse,
2311 1069 2376 1124 et
2411 1062 2492 1125 ad
2525 1062 2950 1125 revocandum
2989 1063 3157 1144 quod
3187 1062 3453 1137 dixerat,

348 1161 629 1225 rationes
694 1171 761 1225 et
823 1161 1387 1225 determinationes
1452 1178 1851 1225 summorum
1960 1160 2369 1243 compulisse.

1198 1524 2111 1637 DISTINCTIO
2208 1524 2618 1634 XVIII

1302 1816 1385 1880 Α.
1438 1820 1538 1881 De
1580 1818 2023 1881 remissione
2068 1817 2503 1881 sacerdotis.

668 2140 945 2219 tionem,
978 2156 1059 2202 ex
1090 2155 1222 2219 quo
1252 2138 1577 2219 poenitens
1606 2137 1835 2199 votum
1864 2134 2095 2199 habuit
2124 2135 2503 2217 confitendi,
2543 2137 2705 2219 qnid
2731 2140 2962 2219 postea
2997 2140 3370 2207 dimittatur
3397 2143 3456 2207 ei
3487 2109 3754 2219 ζαῗῖἶ,

632 2023 721 2087 IC
757 2024 965 2105 quaeri
996 2022 1187 2101 solet,
1218 2022 1277 2085 si
1317 2022 1657 2104 peccatum
1694 2020 1965 2083 omnino
2002 2018 2356 2083 dimissum
2385 2021 2486 2084 est
2531 2037 2572 2083 a
2613 2021 2755 2086 Deo
2795 2040 2915 2105 per
2963 2025 3180 2089 cordis
3215 2028 3458 2091 contri·
3489 2047 3630 2103 ungo
3631 2047 3754 2090 sm·-

350 2021 627 2321 H
668 2271 711 2317 a
744 2253 1107 2319 sacerdote.
1142 2252 1351 2317 Video
1389 2253 1569 2317 enim
1610 2269 1743 2334 quo
1784 2250 2049 2315 vinculo
2086 2267 2242 2315 eum
2289 2251 2474 2333 ligat,
2511 2252 2762 2317 scilicet
2796 2256 3181 2337 temporalis
3221 2240 3510 2339 poenae,¹

344 2373 468 2437 sed
499 2389 631 2435 non
670 2388 711 2433 a
748 2386 881 2452 quo
909 2388 1065 2434 eum
1092 2369 1424 2451 absolvat3
1455 2371 1521 2433 et
1546 2369 1695 2432 ideo
1724 2383 1971 2450 quaero.
1996 2365 2170 2429 Ante
2199 2368 2678 2450 poenitudinem
2704 2371 2950 2453 quippe
2979 2372 3218 2451 cordiS‚
3241 2373 3463 2437 anima

344 2488 445 2551 rei
476 2486 803 2551 maculam
834 2485 1031 2550 habet
1058 2488 1125 2550 et
1150 2485 1451 2550 foetorem
1488 2485 1761 2567 peccati,
1794 2486 1992 2567 atque
2030 2486 2292 2550 aeternae
2330 2483 2602 2548 ultionis
2637 2485 2902 2548 vinculo
2941 2486 3141 2567 ligata
3177 2488 3458 2552 exsistit.

343 2582 421 2667 Si
456 2620 611 2666 vero
639 2603 791 2665 ante
818 2600 1325 2681 confessionem,
1340 2618 1459 2683 per
1486 2601 1703 2665 cordis
1728 2602 2190 2673 contritionem
2219 2601 2402 2666 Deus
2429 2618 2548 2683 per
2573 2618 2645 2665 se
2671 2602 2895 2683 ipsum
2921 2602 3064 2667 sine
3093 2602 3462 2669 ministerio

345 2716 713 2781 sacerdotis
748 2718 815 2781 et
857 2716 1157 2781 debitum
1201 2717 1471 2781 omnino
1514 2717 1764 2780 relaxat
1814 2718 1881 2781 et
1928 2717 2218 2780 animam
2257 2717 2534 2781 interius
2589 2720 2826 2799 purgat
2869 2736 2910 2781 a
2956 2719 3344 2801 contagione
3398 2723 3466 2785 et

344 2834 583 2898 foetore
612 2832 899 2916 peccati3
938 2834 1100 2915 quid
1128 2850 1284 2916 ergo
1314 2833 1611 2913 mundat,
1633 2832 1795 2915 quid
1832 2832 2109 2896 dimittit
2144 2832 2449 2896 sacerdos
2466 2832 2498 2895 ‘I
2535 2833 2662 2897 Ubi
2691 2836 2848 2898 sunt
2875 2834 3092 2899 claves
3127 2835 3259 2900 illae
3297 2854 3464 2918 quas

344 2950 685 3013 Dominus
712 2950 981 3013 tradidit
1016 2950 1215 3013 Petro
1253 2951 1319 3014 et
1354 2950 1847 3015 successoribus
1882 2950 2051 3031 eiua,
2088 2951 2318 3015 dicens
2349 2972 2364 3011 :
2397 2950 2547 3015 Tibi
2585 2952 2754 3016 dabo
2795 2952 3012 3017 claves
3047 2954 3231 3036 regni
3261 2953 3462 3018 coelo-
3490 2974 3758 3026 naemu.

343 3084 526 3148 rum,
567 3068 635 3132 et
683 3084 1119 3150 quaecumque
1168 3066 1479 3149 ligaveris
1526 3085 1726 3151 super
1778 3068 2045 3146 terram,
2077 3069 2270 3132 erunt
2306 3067 2508 3150 ligata
2557 3070 2624 3134 et
2667 3070 2739 3133 in
2784 3041 3559 3154 coe103quaecumque¹⁹'

342 3184 631 3248 solveris
658 3201 859 3265 super
893 3185 1160 3264 terram,
1192 3185 1385 3249 erunt
1420 3184 1638 3248 soluta
1666 3186 1733 3248 et
1767 3185 1839 3246 in
1875 3183 2085 3248 coelo?
2123 3185 2211 3247 Ut
2247 3186 2471 3249 autem
2511 3186 2857 3266 praemissa
2892 3188 3171 3268 quaestio
3201 3188 3463 3270 plenius

345 3298 667 3380 explicari
707 3299 943 3380 valeat,
986 3300 1177 3381 quasi
1212 3301 1423 3386 ‘altius
1463 3301 1661 3364 ducto
1702 3301 1862 3380 rete,
1902 3300 1984 3364 de
2020 3299 2127 3363 his
2163 3300 2460 3364 clavibus
2497 3303 2564 3364 et
2597 3319 2725 3366 usu
2763 3319 2989 3366 earum
3031 3303 3454 3370 disseramus.
3515 3317 3742 3367 Luc-m·

1584 3522 1663 3588 B.
1716 3527 1815 3588 De
1860 3525 2213 3588 clavibus,

488 3727 721 3793 Claves
756 3729 901 3793 istae
939 3746 1073 3792 non
1120 3731 1275 3793 sunt
1314 3729 1708 3810 corporaleS,
1748 3729 1865 3792 sed
1910 3729 2310 3811 spiritualeS,
2351 3728 2604 3793 scilicet
2649 3729 3057 3794 discernendi
3093 3730 3368 3795 scientia
3395 3734 3755 3847 etet-12⁰3?-

342 3845 647 3927 potentia
676 3843 1040 3925 Judicandi,
1066 3843 1135 3908 id
1172 3847 1271 3908 est
1308 3845 1555 3926 ligandi
1593 3847 1657 3908 et
1694 3845 2015 3926 solvendi,
2047 3861 2181 3926 qua
2215 3845 2452 3927 dignos
2481 3846 2792 3926 recipere,
2825 3847 2890 3910 et
2925 3845 3232 3926 indignos
3268 3846 3462 3912 debet

343 3959 701 4024 excludere
736 3977 776 4021 a
804 3975 1003 4040 regno
1050 3959 1533 4023 ecclesiasticus
1562 3959 1817 4039 jndex:
1861 3960 1976 4040 qui
2006 3959 2181 4024 sicut
2219 3960 2416 4024 habet
2445 3961 2560 4050 jus
2601 3960 2871 4042 ligandi,
2909 3961 3003 4022 ita
3039 3962 3104 4024 et
3131 3961 3454 4025 solvendi.

342 4074 541 4139 Unde
578 4075 1016 4139 Ambrosius:
1040 4075 1370 4139 Dominus
1406 4093 1525 4156 par
1544 4074 1660 4156 jus
1696 4078 1762 4138 et
1796 4074 2093 4142 solvendi
2128 4093 2272 4140 esse
2309 4076 2525 4140 voluit
2561 4079 2628 4140 et
2653 4076 2924 4159 ligandi,
2957 4075 3074 4158 qui
3103 4078 3458 4159 utrumque
3487 4086 3759 4200 Ρέῃᾚδᾱιο

341 4189 493 4273 pari
531 4190 906 4254 conditione
940 4191 1264 4271 permisit.
1306 4193 1479 4272 Ergo
1532 4191 1647 4272 qui
1695 4191 1993 4256 solvendi
2033 4191 2149 4272 ‚ius
2200 4210 2332 4256 non
2379 4191 2600 4272 habet,
2645 4211 2764 4257 nec
2815 4193 3061 4276 ligandi
3115 4193 3332 4258 habet.
3373 4193 3514 4256 Et„
3520 4213 3589 4255 ..τ

342 4306 569 4370 infra:
595 4305 863 4371 Certum
901 4307 1207 4388 estquod
1251 4307 1563 4372 Ecclesiae
1598 4310 1955 4389 utrumque
1990 4307 2166 4388 licet,
2206 4309 2478 4374 haeresis
2511 4312 2869 4392 utrumque
2911 4328 3043 4374 non
3080 4310 3297 4375 habet.
3337 4311 3461 4374 Jus
3523 4319 3584 4362 lbi
3585 4319 3700 4363 dem-

344 4423 532 4488 enim
573 4423 701 4487 hoc
728 4422 891 4487 solis
922 4424 1325 4505 permissum
1356 4425 1456 4487 est
1499 4423 1947 4488 sacerdotibus
1988 4443 2002 4486 :
2046 4427 2218 4488 recte
2266 4443 2420 4507 ergo
2465 4426 2761 4490 Ecclesia
2797 4427 2925 4489 hoc
2973 4425 3097 4489 sihi
3145 4425 3458 4505 vindicat,

342 4556 500 4621 quae
556 4556 748 4603 veros
799 4539 1171 4603 sacerdotes
1214 4539 1449 4622 habet3
1493 4541 1765 4605 haeresis
1805 4540 2139 4604 vindicare
2189 4558 2322 4604 non
2375 4543 2618 4624 potest,
2658 4559 2808 4624 quae
2855 4560 3047 4606 veros
3093 4542 3462 4606 sacerdotes

342 4673 485 4720 non
530 4655 749 4720 habet.

1502 4853 1575 4916 C.
1626 4857 1729 4918 De
1772 4871 1913 4919 usu
1955 4859 2301 4920 clavium.

482 5059 661 5124 Usus
688 5075 847 5124 vero
874 5058 1111 5122 harum
1142 5058 1428 5122 clavium
1460 5058 1810 5140 multiplex
1836 5061 1959 5140 est,
1976 5059 2343 5124 discernere
2365 5059 2616 5124 scilicet
2649 5059 2950 5141 ligandos
2985 5061 3050 5124 et
3075 5059 3451 5142 solvendos,
3501 5078 3680 5135 ongo.

340 5193 423 5240 ac
458 5175 696 5239 deinde
732 5174 936 5256 ligare
973 5174 1077 5239 vel
1108 5174 1384 5238 solvere.
1426 5174 1555 5248 Qui
1593 5175 1769 5238 enim
1809 5176 2117 5257 indignos
2153 5175 2314 5256 ligat
2348 5174 2452 5240 vel
2480 5175 2702 5255 solvit,
2732 5176 2998 5258 propria
3025 5178 3346 5258 potestate
3382 5195 3454 5241 se
3482 5140 3568 5253 ξέῘ
3561 5079 3755 5246 :3⁵5st
3699 5155 3755 5185 '¹¹‘

342 5291 587 5374 privat,
629 5288 699 5354 id
743 5292 865 5370 est,
908 5291 1183 5372 dignum
1229 5291 1599 5376 privatione
1643 5307 1715 5356 se
1761 5291 1939 5356 facit.
