4267 6250
589 757 699 802 Gen.
715 769 760 810 n,
773 759 814 801 9.

555 2130 720 2177 Ιοαηη.
737 2144 766 2183 ι.
784 2134 825 2176 3.

840 448 982 513 338·

1495 467 1558 513 m
1599 466 1822 513 mamm
1865 466 1924 511 lv
1967 463 2453 511 SENTENTIARUH.
2494 481 2574 492 -
2614 463 2768 510 msr.
2811 465 2939 528 1113
2984 465 3208 521 QUAEST.
3252 467 3291 510 V

841 635 1223 700 tentationes
1253 643 1318 699 et
1345 634 1714 718 passionum
1743 634 2032 698 aculeos?
2053 634 2337 716 Insuper,
2369 629 2421 694 A
2450 603 2701 696 mittere
2738 632 3119 709 discrimini,
3153 653 3301 697 cum
3342 633 3790 696 incertitudine
3834 631 3952 694 tali

843 735 897 797 si
946 735 1119 817 ligno
1161 736 1305 799 vitae
1349 734 1416 798 in
1465 735 1676 797 medio
1724 733 1999 817 paradisi
2038 732 2343 796 virtutem

844 833 1189 917 impressit,
1223 842 1295 896 ut
1336 833 1530 896 vitam
1575 833 1969 917 corporalem
2009 838 2343 915 perpetua-

844 939 942 996 ret
979 932 1297 996 utentium
1338 930 1552 995 fructu
1597 931 1771 994 illius
1805 949 1818 994 :
1853 931 2173 1014 quomodo
2216 946 2343 992 non

844 1030 1056 1112 potius
1103 1030 1277 1093 carni
1321 1049 1452 1093 suae
1493 1047 1567 1092 ac
1611 1029 1905 1111 sanguini
1949 1027 2241 1102 contulit,
2274 1033 2346 1088 ut

843 1136 1222 1211 perpetuare
1261 1127 1461 1190 vitam
1501 1127 1752 1190 valeant
1789 1127 2195 1189 animarum?
2227 1124 2344 1199 Qui

845 1226 1069 1309 utique
1108 1226 1575 1308 quodammodo
1611 1224 1859 1287 fructus
1907 1225 2108 1307 ipsius
2154 1231 2341 1301 sunt3

844 1324 982 1407 ipse
1021 1343 1173 1387 vero
1213 1324 1562 1387 verissimae
1606 1325 1752 1388 vitae
1796 1323 2206 1386 verissimum
2250 1328 2347 1385 est

846 1422 1110 1505 lignum.
1144 1423 1470 1496 Praeterea‚
1504 1421 1558 1484 si
1608 1421 1771 1484 hanc
1822 1421 2122 1484 virtutem
2172 1420 2347 1483 dedit

844 1520 1058 1584 herbae
1102 1519 1364 1602 paeoniae
1402 1527 1468 1582 et
1502 1519 1739 1601 jaspidi
1783 1518 2002 1601 lapidi,
2039 1526 2110 1580 ut
2150 1519 2345 1600 phan-

845 1625 1111 1680 tasmata
1139 1616 1384 1699 fugent,
1401 1617 1684 1699 itemque
1714 1616 2057 1695 daemonia3
2090 1617 2145 1678 si
2178 1623 2348 1698 pote-

843 1723 1071 1779 statem
1103 1716 1265 1779 hanc
1295 1715 1588 1798 praestitit
1618 1716 1826 1777 verbis
1856 1714 2351 1778 exorcismorum

2448 731 2775 794 accedens.
2808 766 2890 776 —
2917 733 3179 807 Rursus,
3212 732 3519 795 accedens
3556 739 3667 794 aut
3696 737 3955 813 reputat

2449 848 2517 892 se
2568 829 2928 910 indignum,
2978 837 3087 893 aut
3134 832 3398 912 dignum
3435 831 3535 893 :si
3584 829 3951 910 indignum,

2450 926 2827 1011 insipienter
2874 936 2938 991 et
2986 929 3341 1013 periculose
3388 928 3517 1009 agit
3562 928 3951 1000 accedendo,

2448 1045 2651 1108 quum
2681 1027 2849 1090 dicat
2875 1027 3236 1110 ApostoluS,
3258 1028 3655 1109 Quicumque
3684 1027 3955 1089 mandu-
4016 1043 4032 1088 1
4058 1044 4153 1089 eor.
4174 1059 4225 1095 n,

2451 1127 2691 1187 caverit
2737 1144 2967 1208 panem
3024 1127 3196 1189 hunc
3246 1126 3344 1189 vel
3398 1125 3633 1188 biberit
3679 1124 3954 1187 calicem
3980 1109 4048 1152 ²⁷·

2452 1224 2705 1286 Domini
2738 1225 3021 1305 indigne,
3054 1243 3199 1288 reus
3238 1225 3361 1288 erit
3398 1225 3681 1307 corporis
3719 1231 3784 1286 et
3810 1243 3957 1286 san-

2451 1322 2663 1401 guinis
2706 1321 2979 1386 Domini.

2532 1516 2627 1579 Ad
2656 1517 2790 1582 haec
2819 1517 3088 1582 Thomas
3128 1520 3468 1602 respondet
3502 1537 3517 1582 ε
3548 1520 3698 1594 Quae
3728 1519 3795 1582 in
3836 1518 3961 1582 hoc

2453 1623 2850 1679 sacramento
2906 1624 3235 1698 geruntur,
3296 1618 3789 1681 similitudinem
3848 1617 3962 1678 ha-

2456 1712 2608 1776 bent
2652 1732 2800 1776 cum
2846 1715 2946 1777 his
2994 1734 3136 1798 quae
3187 1716 3252 1778 in
3296 1715 3608 1798 corporali
3657 1715 3965 1778 accidunt

844 1813 1292 1896 quorumdam,
1327 1821 1398 1874 ut
1445 1813 1538 1875 eis
1581 1820 1917 1876 arceantur
1963 1820 2028 1874 et
2070 1812 2349 1894 ligentur
2379 1813 2427 1877 B
2457 1811 2866 1876 nutrimento.
2929 1813 3136 1886 Quum
3194 1814 3369 1876 enim
3426 1814 3544 1877 fiat
3599 1813 3965 1896 deperditio

849 1911 1191 1985 daemoneS,
1244 1918 1308 1974 et
1353 1911 1478 1974 alia
1533 1910 1695 1973 fiant
1744 1911 2033 1973 miranda
2090 1931 2233 1993 quae
2282 1911 2348 1972 in

851 2010 1031 2072 libris
1063 2009 1326 2091 magicis
1365 2009 1773 2072 continentur
1807 2027 1820 2070 :
1854 2010 2175 2091 quomodo
2203 2010 2350 2071 Ver-

851 2108 1008 2171 bum
1051 2127 1167 2191 per
1209 2108 1379 2190 quod
1421 2107 1588 2171 facta
1633 2116 1784 2169 sunt
1819 2107 2057 2182 omnia,
2090 2125 2347 2170 carnem

849 2225 1042 2289 quam
1103 2223 1219 2288 pro
1277 2213 1491 2270 nostra
1545 2206 1746 2268 salute
1803 2206 2172 2288 assumpsit,
2220 2223 2350 2270 non

757 2371 760 2376 ,
849 2304 1167 2368 universis
1197 2304 1542 2367 virtutibus
1574 2303 1789 2386 gloriae
1828 2323 1958 2368 suae
1999 2321 2349 2386 congruen-

567 5090 716 5136 E'eele.
729 5092 810 5141 nx,t
821 5121 832 5133 .

851 2403 1024 2466 tibus
1053 2411 1118 2466 et
1146 2403 1333 2466 saluti
1365 2402 1854 2486 expedientibus
1882 2403 2242 2466 animarum
2277 2402 2348 2464 il-

851 2502 1178 2565 lustravit?
1216 2502 1438 2566 Nonne
1479 2502 1615 2586 ipse
1655 2501 1986 2582 smaragdo
2026 2501 2351 2584 impressit

850 2601 1015 2665 hanc
1072 2601 1229 2675 vim,
1281 2608 1352 2663 ut
1408 2599 1692 2666 laetitiam
1751 2608 2052 2682 operetur
2101 2600 2168 2662 in
2216 2599 2349 2662 ani-

850 2698 1077 2763 mabus
1123 2699 1504 2781 gestantium
1552 2699 1807 2781 ipsum3
1850 2698 2044 2780 lapidi
2091 2715 2349 2780 quoque

851 2795 1132 2871 bufoniS,
1181 2804 1251 2858 ut
1296 2795 1572 2878 expellat
1620 2795 1980 2874 tristitiam3
2033 2802 2095 2858 et
2156 2795 2351 2877 lapidi

851 2894 1119 2978 topazi0,
1163 2903 1232 2956 ut
1269 2893 1758 2976 temperantiam
1807 2893 1886 2957 ab
1934 2894 2158 2956 ardore
2208 2892 2355 2955 libi—

2454 1910 2739 1991 quaedam
2764 1911 3064 1974 continua
3091 1911 3485 1976 humiditatis
3516 1910 3817 1974 naturalis
3848 1929 3965 1974 seu

2456 2007 2707 2070 humidi
2756 2009 3072 2084 radicalis,
3120 2029 3235 2092 per
3279 2011 3594 2074 actionem
3650 2010 3965 2073 naturalis

2457 2105 2685 2169 caloris
2725 2107 3231 2191 exercitiumque
3264 2107 3519 2182 laboriS,
3551 2115 3802 2191 oportet
3837 2107 3968 2170 fre-

2457 2212 2728 2286 quenter
2756 2223 3135 2287 corporeum
3174 2225 3429 2270 sumere
3460 2206 3841 2270 alimentum
3884 2206 3967 2269 ad

2459 2305 2983 2367 restaurationem
3012 2305 3348 2386 deperditi,
3383 2325 3463 2368 ne
3501 2304 3863 2388 deperditio
3896 2305 3970 2366 il-

2460 2400 2519 2462 la
2549 2402 2852 2464 continua
2890 2409 3161 2465 mortem
3198 2402 3475 2466 inducat.
3510 2401 3964 2478 conformiter,

2459 2519 2535 2562 ex
2588 2501 3109 2583 concupiscentia
3166 2501 3379 2565 innata
3428 2511 3489 2565 et
3538 2502 3967 2584 occupatione

2459 2598 2629 2661 circa
2658 2600 2971 2663 exteriora
3000 2600 3079 2662 fit
3107 2601 3463 2683 deperditio
3491 2600 3850 2665 devotionis
3884 2609 3971 2663 at-

2461 2716 2585 2779 que
2616 2698 2851 2761 interni
2879 2698 3415 2781 fervoriS,quibus
3446 2700 3635 2763 homo
3663 2701 3728 2762 in
3758 2701 3970 2763 Deum

2460 2796 2798 2877 colligitur.
2834 2797 2991 2859 [linc
3040 2805 3289 2880 oportet
3334 2806 3403 2861 ut
3450 2799 3693 2881 pluries
3736 2799 3969 2881 deper-

2459 2895 2589 2957 dita
2646 2903 3081 2960 restaurentur
3127 2916 3243 2979 per
3291 2897 3483 2979 hujus
3533 2897 3780 2960 vivifici
3830 2898 3969 2961 cibi

852 2995 1076 3056 diuum
1120 2993 1352 3073 donet3
1391 3011 1465 3054 ac
1509 2992 1850 3066 adamanti,
1895 3000 1965 3053 ut
2005 2993 2354 3072 gratiosita-
2386 2995 2429 3059 C
2460 2994 2917 3075 sumptionem,
2952 3014 3032 3057 ne
3070 2996 3261 3059 homo
3289 3015 3326 3058 a
3364 2997 3491 3060 Deo
3526 2996 3847 3060 alienetur
3878 3005 3973 3060 to-

853 3099 982 3155 tem
1013 3091 1272 3154 inducat
1299 3109 1374 3155 ac
1404 3090 1608 3174 pariat
1639 3090 1704 3154 in
1734 3093 2063 3172 gestante?
2093 3090 2356 3173 Propter

852 3191 987 3254 haec
1014 3190 1231 3254 omnia
1261 3197 1324 3253 et
1353 3190 1477 3252 alia
1515 3188 2003 3253 innumerabilia
2041 3189 2355 3252 mirabilia

853 3289 1169 3372 ejuS,quoe
1199 3306 1316 3371 pro
1345 3294 1523 3371 parte
1555 3288 1832 3351 maxima
1861 3288 2259 3370 praeterimus
2291 3297 2353 3351 et

854 3408 996 3470 quae
1025 3406 1145 3450 nec
1186 3404 1371 3450 nosse
1411 3405 1531 3449 nec
1575 3405 1912 3449 numerare
1957 3386 2349 3461 sufficimuS,

855 3486 1083 3550 merito
1123 3485 1340 3549 beatos
1379 3492 1749 3567 reputamus
1787 3502 1896 3547 eos
1935 3485 2046 3567 qui
2091 3492 2219 3547 tam
2263 3485 2354 3547 di-

854 3585 1204 3648 vinissimae
1257 3583 1648 3647 excellentiae
1705 3591 2177 3646 sacramentum
2224 3590 2355 3647 tota

854 3684 1191 3748 devotione
1239 3701 1312 3746 ac
1355 3682 1763 3746 veneratione
1811 3682 2067 3745 assidua
2113 3683 2354 3765 ample-

855 3790 1135 3858 ctuntur,
1179 3782 1563 3866 suscipiunt,
1613 3788 1676 3843 et
1723 3780 2141 3863 spiritualiter
2190 3781 2356 3843 intra

855 3902 924 3945 se
977 3882 1216 3964 jugiter
1264 3882 1538 3945 retinere
1595 3886 1921 3943 conantur.
1973 3881 2117 3944 Haec
2176 3878 2355 3943 Guil-

856 3981 1106 4045 lelmus.

1301 4296 1779 4372 QUAESTIO
1847 4298 1907 4361 V

998 4567 1229 4653 Mplius
1273 4568 1599 4651 quaeritur,
1633 4568 1762 4636 An
1803 4568 2175 4650 expediat
2215 4570 2355 4639 ho-

1027 4669 1229 4735 mini
1296 4665 1754 4749 frequenter
1809 4668 2213 4736 celebrare
2275 4671 2357 4736 et

857 4768 1466 4839 communicare.

938 4866 1202 4931 Videtur
1242 4863 1415 4945 quod
1463 4881 1612 4937 non,
1645 4862 1797 4946 quia
1841 4862 2152 4926 accedens
2197 4863 2358 4926 indi-

859 4986 1004 5051 gue,
1036 4967 1156 5030 hoc
1194 4971 1292 5027 est
1333 4981 1480 5026 cum
1523 4962 1774 5025 mortali
1819 4969 2100 5044 peccato,
2134 4969 2358 5043 peccat

861 5065 1228 5131 mortaliter.
1279 5063 1488 5137 Quum
1537 5079 1686 5142 ergo
1743 5061 1936 5124 homo
1983 5061 2231 5143 ignoret
2275 5081 2355 5124 an

859 5168 944 5229 sit
971 5165 1202 5246 dignus
1228 5178 1446 5225 amore
1476 5159 1578 5223 vel
1607 5160 1774 5234 odie,
1808 5159 1874 5222 id
1903 5167 2020 5232 est,
2053 5178 2131 5221 an
2172 5159 2256 5221 sit
2289 5160 2357 5221 in

859 5264 1118 5326 caritate
1147 5269 1256 5323 aut
1285 5258 1475 5340 culpa
1505 5256 1777 5331 mortali,
1810 5256 2063 5320 videtur
2089 5275 2159 5318 se
2190 5274 2357 5319 com-

2462 3090 2687 3155 taliter.

2541 3191 2605 3253 Si
2635 3198 2849 3253 autem
2879 3200 3218 3274 quaeratur,
3252 3214 3329 3256 an
3362 3193 3446 3257 sit
3480 3194 3767 3276 quotidie
3797 3195 3970 3258 cele—

2461 3288 2775 3353 brandum
2817 3310 2930 3353 seu
2971 3292 3598 3367 communicandum,
3630 3313 3834 3375 quum
3877 3294 3974 3357 di-

2462 3395 2563 3450 cat
2588 3387 2963 3452 Ambrosius
2990 3390 3212 3453 :Panis
3246 3390 3361 3453 iste
3393 3390 3803 3473 quotidianus
3831 3400 3937 3455 est
3948 3411 3969 3473 ;

2460 3486 2679 3569 accipe
2725 3487 3009 3569 quotidie
3050 3489 3219 3569 quod
3264 3488 3383 3551 tibi
3426 3490 3627 3570 prosit
3673 3491 3971 3571 quotidie

2460 3584 2540 3647 ad
2570 3584 2860 3647 salutem.
2896 3585 3272 3662 Dicendum,
3304 3587 3473 3669 quod
3506 3588 3571 3649 in
3602 3587 3723 3651 hoc
3754 3608 3968 3651 sacra·

2463 3692 2681 3746 mento
2715 3685 2841 3747 duo
2876 3684 3291 3767 requiruntur
3318 3705 3396 3748 ex
3433 3694 3611 3769 parte
3647 3687 3971 3771 recipien-

2462 3782 2565 3855 tis,
2620 3781 2920 3845 videlicet
2972 3800 2986 3845 ε
3038 3782 3427 3846 desiderium
3486 3784 3971 3865 conjunctionis

2462 3881 2540 3943 ad
2590 3880 2935 3956 Christum,
2987 3881 3158 3963 quod
3206 3879 3362 3945 facit
3406 3900 3619 3962 amor;
3668 3892 3734 3947 et
3782 3904 3971 3948 reve-

2464 3979 2665 4040 rentia
2698 3979 3097 4053 sacramenti,
3132 3998 3275 4061 quae
3304 3980 3582 4063 pertinet
3609 3983 3688 4044 ad
3718 3983 3970 4046 donum

2463 4076 2731 4139 timoris.
2782 4077 3061 4140 Primum
3112 4078 3335 4141 incitat
3381 4080 3460 4141 ad
3512 4079 3973 4162 frequentatio·

2382 4173 2431 4235 D
2464 4194 2613 4238 nem
2656 4176 3036 4239 sacramenti
3084 4177 3564 4259 quotidianam3
3606 4182 3972 4244 secundum

2462 4274 2743 4337 retrahit.
2798 4274 2862 4337 Si
2919 4274 3066 4357 quis
3124 4293 3275 4357 ergo
3334 4294 3449 4358 per
3498 4278 3971 4359 experientiam

2463 4379 2703 4447 noscat,
2754 4391 2833 4435 ex
2879 4372 3251 4454 quotidiana
3299 4373 3727 4439 celebratione
3776 4377 3845 4439 in
3900 4396 3973 4441 se

2462 4470 2679 4551 augeri
2724 4470 3002 4533 caritatis
3046 4470 3364 4535 fervorem
3412 4491 3486 4535 ac
3538 4476 3969 4539 reverentiam

2462 4568 2867 4643 sacramenti,
2890 4567 3035 4630 talis
3066 4568 3328 4632 deberet
3356 4570 3643 4652 quotidie
3674 4590 3971 4637 commu-

2463 4666 2698 4728 nicare.
2733 4666 2798 4728 Si
2826 4673 3038 4728 autem
3070 4666 3335 4729 sentiret
3365 4667 3475 4730 illa
3506 4669 3569 4730 in
3599 4688 3668 4732 se
3698 4689 3777 4733 ex
3808 4692 3971 4755 quo-

2462 4764 2702 4827 tidiana
2740 4764 3190 4827 communione
3230 4782 3357 4828 non
3399 4766 3675 4829 multum
3716 4772 3967 4852 augeri,

2460 4862 2607 4924 talis
2643 4862 2905 4925 deberet
2935 4863 3277 4945 aliquando
3312 4864 3655 4941 abstinere,
3690 4875 3762 4929 ut
3796 4879 3969 4951 post-

2465 4961 2725 5024 modum
2756 4978 2902 5023 cum
2947 4960 3172 5042 majori
3213 4962 3569 5026 reverentia
3604 4983 3678 5028 ac
3708 4963 3967 5032 fervore

2461 5060 2736 5123 accedat.
2774 5059 2849 5122 Et
2886 5068 3195 5142 quantum
3232 5060 3312 5123 ad
3354 5061 3476 5125 hoc
3514 5066 3967 5149 unusquisque

2464 5157 2921 5239 relinquendus
2959 5166 3055 5221 est
3086 5158 3486 5222 discretionis
3524 5180 3655 5224 suae
3690 5162 3960 5243 judicio.

2462 5257 2609 5320 Ideo
2647 5256 2928 5339 loquitur
2955 5256 3345 5338 Augustinus
3381 5276 3395 5321 ε
3429 5258 3493 5323 Si
3528 5260 3763 5324 dixerit
3791 5265 3967 5346 quis-
