4267 6250
1231 524 1312 571 nt
1351 523 1862 573 nominamus
1901 522 2407 572 msrlncarloms
2446 525 2601 573 mn

3344 500 3467 567 455

360 693 516 757 dum
547 712 706 759 vero
741 695 1106 778 expellitur,
1137 712 1266 757 11011
1305 702 1421 757 651.
1456 694 1534 757 Ε1
1559 694 1864 777 quoniam
1891 694 1946 759 A
1971 713 2165 775 quam
2212 694 2419 757 forma
2464 714 2607 777 quae
2656 694 3001 767 inducitur,
3042 692 3289 757 scilicet
3326 710 3465 773 gra-

359 792 570 855 forma
598 794 840 856 dicitur
871 794 1188 857 introduci
1219 794 1476 875 quando
1507 793 1715 875 primo
1743 801 1860 865 est,

355 898 424 953 et
452 890 690 973 expelli
721 892 980 973 quando
1013 892 1224 974 primo
1259 909 1387 954 non
1416 898 1548 969 est3
1591 909 1716 953 non
1759 908 1864 972 po-

355 995 486 1051 test
525 990 792 1051 materia
835 1008 976 1052 esse
1013 990 1154 1052 sine
1183 989 1390 1051 forma
1425 988 1546 1051 hac
1582 995 1693 1050 aut
1731 988 1857 1050 illa.

355 1087 522 1149 Hinc
549 1088 748 1151 simul
781 1088 874 1151 ihi
912 1096 1064 1151 sunt
1089 1087 1384 1170 expulsio
1411 1086 1634 1150 formae
1673 1086 1864 1148 unius

355 1192 421 1247 et
459 1186 852 1250 introductio
887 1187 1168 1250 alterius.
1201 1187 1410 1261 Quum
1451 1204 1604 1267 ergo
1641 1185 1864 1248 simili·

358 1294 458 1347 ter
497 1285 714 1347 anima
755 1305 900 1349 esse
939 1304 1066 1349 non
1105 1286 1314 1348 valeat
1349 1286 1490 1347 sine
1531 1284 1722 1365 culpa
1759 1283 1862 1345 vel

355 1384 584 1463 gratia,
637 1384 836 1446 simul
895 1384 960 1446 111
1017 1403 1091 1447 ea
1145 1390 1296 1445 sunt
1349 1382 1567 1463 gratiae
1623 1381 1864 1444 infusio

355 1490 554 1563 atque
597 1482 894 1564 expulsio
935 1482 1159 1564 culpae.

442 1580 534 1641 Ex
585 1580 688 1641 1115
739 1588 934 1661 patet,
984 1580 1152 1662 quod
1209 1578 1592 1660 justificatio
1638 1579 1721 1640 sit
1771 1578 1864 1640 in-

358 1685 710 1740 stantanea.
744 1678 1001 1759 Triplex
1043 1678 1285 1760 quippe
1327 1685 1424 1739 est
1469 1677 1696 1740 modus
1738 1676 1864 1738 for-

359 1794 634 1838 marum.
667 1775 828 1838 Nam
867 1775 1156 1857 quaedam
1203 1774 1524 1856 recipiunt
1563 1775 1764 1855 magis
1799 1781 1865 1835 et

1971 792 2078 865 tia,
2127 792 2403 874 simplex
2444 800 2559 855 cst.
2602 794 2843 875 ltaque,
2886 793 2954 855 in
3004 790 3469 854 mutationibus

1969 909 2113 972 quae
2142 899 2615 972 componuntur
2644 910 2721 953 ex
2756 888 3109 953 mutatione
3140 890 3375 971 praevia
3403 896 3468 950 et

1969 989 2247 1051 termino
2276 993 2366 1049 ad
2392 1010 2607 1069 quem,
2638 1007 2763 1051 non
2804 996 3015 1071 potest
3042 987 3285 1070 aliquid
3320 986 3465 1049 fieri

1969 1086 2167 1149 simul
2212 1094 2277 1149 et
2317 1105 2499 1166 esse3
2538 1088 2651 1150 sed
2698 1088 2765 1149 in
2814 1085 3275 1149 mutationibus
3316 1084 3469 1147 sim-

1973 1185 2251 1267 plicibus
2278 1205 2421 1268 quae
2448 1188 2806 1249 consistunt
2832 1187 2901 1248 in
2930 1186 3205 1248 termino
3234 1192 3466 1255 motus,

1971 1291 2199 1366 potest.
2230 1320 2313 1330 —
2344 1286 2419 1347 Et
2460 1286 2516 1346 si
2552 1285 2916 1365 objiciatur,
2960 1284 3133 1367 quod
3174 1282 3365 1363 culpa
3402 1289 3469 1344 et

1969 1383 2173 1464 gratia
2211 1401 2335 1446 non
2376 1392 2645 1466 possunt
2676 1384 2739 1445 in
2770 1384 2995 1447 eodem
3036 1380 3294 1445 instanti
3326 1398 3465 1443 esse
3490 1392 3761 1501 gem?

1971 1482 2038 1542 in
2081 1482 2339 1561 anima3
2384 1500 2537 1563 ergo
2577 1483 2752 1544 aliud
2800 1490 2897 1545 est
2935 1483 3179 1544 instans
3230 1480 3295 1541 in
3337 1497 3467 1562 quo

1971 1580 2201 1642 ultimo
2240 1579 2363 1641 fuit
2392 1579 2481 1642 ibi
2520 1580 2731 1661 culpa,
2763 1588 2829 1643 et
2854 1578 3029 1641 aliud
3068 1580 3135 1640 in
3173 1596 3303 1660 quo
3339 1577 3467 1659 pri-

1974 1696 2080 1740 mo
2129 1679 2296 1740 inest
2341 1679 2543 1759 gratia
2593 1696 2609 1739 :
2661 1677 3201 1760 respondendum,
3253 1676 3320 1737 in
3366 1675 3469 1736 his

1973 1796 2117 1859 quae
2164 1777 2435 1839 tendunt
2478 1776 2557 1837 ad
2616 1794 2743 1838 non
2790 1794 2953 1849 esse,
3006 1792 3133 1836 non
3180 1781 3280 1835 cst
3323 1774 3471 1835 dare

361 1874 578 1936 minus
617 1874 976 1936 secundum
1013 1872 1480 1954 elongationem
1509 1892 1548 1935 a
1575 1890 1692 1934 500
1719 1890 1866 1934 con·
1901 1872 1950 1935 B
1979 1876 2277 1937 ultimum
2334 1883 2589 1956 tempus
2647 1876 2714 1937 in
2771 1892 2901 1957 quo
2958 1874 3187 1936 ultimo
3232 1870 3470 1934 habent

357 1971 556 2033 trario
593 1980 657 2033 et
685 1971 1042 2034 secundum
1071 1990 1400 2033 accessum
1429 1972 1510 2034 ad
1543 1970 1866 2053 propriam

362 2088 646 2143 causam,
671 2068 841 2131 sicut
869 2068 1116 2131 albedo.
1141 2070 1289 2132 ldeo
1319 2069 1460 2132 talis
1492 2069 1697 2131 forma
1725 2087 1866 2129 suc-

363 2167 612 2231 cessive
641 2166 711 2229 in
743 2166 1038 2247 subjecto
1067 2167 1396 2250 recipitur,
1429 2176 1684 2249 recepta
1713 2184 1866 2248 quo-

365 2284 490 2348 que
525 2266 805 2348 suscipit
843 2266 1044 2347 magis
1081 2273 1147 2328 et
1189 2266 1421 2327 minus.
1451 2265 1608 2327 Aliae
1645 2264 1868 2327 formae

363 2383 490 2427 non
539 2363 869 2446 recipiunt
910 2364 1111 2446 magis
1153 2371 1220 2426 et
1261 2363 1498 2435 minus,
1533 2370 1604 2424 ut
1645 2362 1866 2425 formae

363 2463 840 2537 substantiales,
889 2482 1162 2545 quarum
1211 2461 1498 2524 inductio
1543 2480 1657 2523 seu
1707 2461 1867 2523 ratio

363 2571 458 2625 cst
509 2562 578 2623 in
629 2561 1033 2624 indivisibili.
1077 2561 1314 2624 Geterae
1362 2561 1584 2623 formae
1629 2560 1869 2623 habent

364 2679 432 2723 56
473 2660 692 2723 1116ᾶί0
733 2659 926 2722 modo
965 2676 980 2720 :
1022 2659 1328 2741 quoniam
1367 2676 1496 2721 non
1547 2658 1868 2739 recipiunt

364 2758 567 2839 magis
617 2766 684 2819 et
733 2754 946 2820 minus
992 2756 1348 2819 secundum
1397 2756 1866 2837 elongationem

359 2874 400 2916 a
435 2855 777 2928 contrario,
809 2854 962 2936 quia
999 2855 1318 2917 contrario
1353 2872 1470 2917 suo
1508 2854 1866 2916 commisci-

365 2954 526 3017 biles
559 2971 689 3016 non
719 2960 902 3030 sunt3
933 2952 1298 3034 suscipiunt
1326 2960 1536 3015 tamen
1574 2952 1774 3034 magis
1803 2960 1868 3015 et

1975 1992 2138 2045 esse,
2158 1972 2267 2035 sed
2300 1972 2581 2055 primum
2612 1972 2856 2035 instans
2888 1972 2953 2033 in
2982 1988 3113 2053 quo
3140 1988 3267 2033 non
3298 1976 3465 2031 sunt.

1977 2071 2153 2134 Unde
2200 2088 2328 2133 non
2376 2080 2475 2133 est
2520 2080 2776 2152 tempus
2825 2070 2887 2133 in
2940 2087 3068 2151 quo
3116 2068 3343 2131 ultimo
3390 2066 3473 2128 sit

1977 2169 2189 2250 culpa,
2220 2170 2331 2231 sed
2375 2169 2653 2250 primum
2698 2170 2942 2231 instans
2986 2168 3052 2229 in
3095 2184 3222 2248 quo
3266 2165 3475 2247 primo

1975 2285 2104 2329 non
2133 2276 2251 2343 est,
2274 2275 2340 2330 et
2370 2268 2433 2331 in
2467 2268 2697 2331 eodem
2728 2266 2937 2349 primo
2964 2274 3063 2328 651
3082 2265 3301 2347 gratia.
3330 2264 3473 2326 Haec

1975 2366 2213 2428 Petrus,
2246 2367 2318 2428 ln
2362 2366 2590 2427 ceteris
2632 2366 2801 2427 sicut
2839 2364 3133 2427 Thomas,

2054 2464 2126 2525 ln
2164 2463 2401 2545 quibus
2438 2464 2691 2526 videtur
2726 2462 3074 2525 obscurum
3112 2461 3282 2543 quod
3311 2460 3471 2523 Tho-

1975 2581 2106 2624 mas
2130 2564 2356 2644 etipse
2378 2581 2453 2624 ac
2475 2561 2586 2623 alii
2609 2562 2865 2642 quidam
2890 2560 3233 2634 affirmant,
3244 2558 3475 2640 justifi-

1976 2660 2291 2723 cationem
2322 2659 2505 2741 impii
2530 2677 2657 2721 non
2686 2678 2823 2722 esse
2855 2658 3111 2741 proprie
3142 2658 3476 2721 miraculo-

1977 2777 2132 2819 sam.
2150 2757 2393 2839 Nempe
2420 2757 2643 2819 eadem
2672 2756 2915 2820 ratione
2946 2775 3063 2819 nec
3091 2755 3473 2837 glorificatio

1976 2856 2319 2935 electorum
2351 2855 2413 2916 in
2446 2854 2647 2936 patria
2676 2862 2841 2917 esset
2872 2854 3266 2926 miraculosa,
3282 2872 3473 2934 quum

1976 2962 2040 3017 et
2065 2953 2521 3015 intellectuales
2552 2960 2853 3015 creaturae
2881 2951 3337 3014 beatitudinem
3371 2970 3475 3013 na-

368 3052 582 3115 minus
621 3051 978 3115 secundum
1015 3068 1344 3113 accessum
1377 3052 1458 3113 ad
1497 3071 1680 3113 suam
1719 3070 1864 3114 cau·
1903 3053 1946 3117 C
1977 3051 2269 3113 turaliter
2323 3059 2627 3134 appetant
2676 3069 2692 3113 ε
2748 3058 2811 3113 61
2866 3049 3033 3111 51601
3087 3057 3215 3112 tam
3272 3050 3475 3131 gratia

367 3172 528 3224 sam,
551 3159 622 3213 ut
653 3151 780 3214 lux.
806 3151 966 3212 Hinc
997 3149 1156 3213 tales
1181 3149 1406 3214 formae
1437 3168 1564 3213 non
1596 3151 1865 3232 suscipi-

369 3258 564 3312 untur
593 3250 956 3312 successive
985 3248 1052 3311 in
1083 3248 1571 3330 subject0‚sicut
1599 3269 1716 3312 nec
1747 3249 1868 3312 for-

369 3367 488 3410 mae
519 3346 1010 3426 substantiales3
1044 3355 1316 3429 receptae
1354 3354 1565 3409 tamen
1598 3355 1867 3430 possunt

371 3445 615 3508 intendi
665 3463 742 3507 ac
785 3445 1048 3519 remitti,
1079 3446 1248 3508 sicut
1290 3443 1512 3508 formae
1559 3445 1864 3507 habentes

369 3543 782 3607 contrarium.
819 3543 895 3605 Et
925 3543 1069 3606 talis
1097 3543 1307 3607 forma
1335 3550 1432 3606 est
1457 3543 1694 3625 gratia:
1723 3543 1864 3604 nul-

369 3643 496 3704 lam
523 3642 698 3704 enim
732 3641 1255 3704 commixtionem
1300 3641 1536 3723 patitur
1563 3660 1710 3702 cum
1749 3659 1866 3703 500

367 3741 684 3823 opposito,
733 3759 932 3822 quum
993 3740 1154 3802 illud
1212 3739 1296 3802 sit
1346 3739 1547 3820 magis
1596 3739 1866 3820 privatio

369 3858 561 3920 quam
589 3838 838 3920 aliquid
871 3838 1243 3920 positivum,
1279 3845 1348 3899 ut
1377 3837 1641 3900 tenebra
1673 3855 1688 3899 ε
1723 3837 1866 3900 ideo

369 3939 435 4001 in
467 3936 729 3999 instanti
761 3935 1124 3999 infunditur
1155 3936 1222 3998 in
1252 3954 1381 4017 quo
1409 3943 1476 3998 et
1501 3934 1864 4017 oppositum

369 4036 512 4116 ejus
541 4034 904 4117 expellitur.
923 4035 1052 4098 Nec
1077 4034 1458 4115 justificatio
1484 4033 1714 4095 dicitur
1744 4052 1867 4096 mo-

369 4143 496 4209 tus,
556 4133 681 4196 nisi
743 4141 920 4196 motu
977 4133 1405 4198 communiter
1461 4139 1736 4213 sumpto,
1787 4167 1868 4177 —

371 4234 516 4297 Haec
557 4233 830 4295 Thomas
872 4232 940 4294 in
982 4232 1253 4313 Scripto.

454 4331 809 4395 Concordat
849 4332 1090 4404 PetruS‚
1124 4329 1394 4392 dicendo
1435 4347 1450 4390 ε
1489 4328 1869 4392 Justificatio

376 4431 720 4513 dupliciter
776 4429 980 4512 accipi
1033 4437 1262 4511 potest,
1312 4429 1479 4490 sicut
1524 4428 1865 4509 generatio.

376 4529 606 4602 Primo,
639 4546 755 4611 pro
797 4536 970 4591 motu
1008 4528 1086 4589 ad
1123 4527 1440 4608 justitiam
1475 4545 1622 4588 cum
1657 4527 1870 4588 termi-

375 4645 458 4690 no
507 4627 687 4708 ejus;
730 4634 795 4688 et
841 4626 926 4688 ita
971 4625 1318 4707 aliquando
1365 4623 1440 4686 fit
1487 4624 1869 4698 successive,

377 4733 446 4788 ut
473 4725 730 4807 quando
757 4722 1058 4805 praecedit
1084 4721 1461 4804 praeparatio
1492 4722 1871 4784 successiva.

377 4823 688 4895 Secund0,
711 4838 825 4903 pro
855 4819 991 4882 5010
1018 4819 1315 4892 termino,
1333 4818 1395 4881 id
1427 4827 1524 4881 est
1555 4819 1876 4882 infusione

375 4921 657 5002 justitiae,
693 4939 806 4982 seu
854 4935 968 5000 pro
1009 4917 1120 4980 illa
1164 4917 1515 4980 mutatione
1561 4917 1698 4980 sine
1745 4937 1874 4980 mo-

381 5026 478 5097 tu;
510 5027 575 5082 et
603 5019 690 5080 ita
719 5017 802 5079 fit
828 5016 896 5080 in
927 5016 1211 5091 instanti,
1231 5036 1433 5098 quum
1465 5016 1548 5078 sit
1576 5035 1612 5078 a
1641 5016 1876 5079 virtute

380 5117 656 5192 infinita,
689 5115 877 5195 cujus
917 5123 1013 5178 est
1041 5134 1228 5196 agere
1269 5115 1334 5177 in
1375 5115 1659 5188 instanti,
1693 5122 1756 5178 et
1783 5123 1881 5178 est

383 5216 448 5278 in
476 5215 770 5296 subjecto
800 5213 1105 5295 simplici,
1127 5221 1279 5295 puta
1309 5214 1372 5274 in
1405 5220 1722 5287 mente‚et
1751 5221 1877 5275 tam

383 5312 588 5376 forma
634 5331 779 5394 quae
825 5310 1190 5393 expellitur,
1236 5317 1306 5373 ut
1356 5311 1606 5373 macula
1651 5311 1876 5394 culpae,

1975 3169 2169 3234 quam
2209 3149 2412 3231 gloria
2448 3157 2546 3211 est
2573 3149 2815 3230 aliquid
2854 3147 3357 3230 supernaturale,
3389 3148 3476 3210 ita

1977 3249 2313 3329 utriusque
2374 3245 2615 3310 infusio
2674 3247 2811 3308 sive
2872 3246 3143 3308 collatio.
3207 3246 3469 3319 RursuS,

1974 3345 2269 3429 quamvis
2317 3344 2546 3406 animae
2596 3344 2747 3405 insit
2794 3343 3099 3405 naturalis
3146 3343 3301 3405 ordo
3342 3351 3471 3405 tam

1973 3445 2054 3507 ad
2113 3441 2563 3505 rectitudinem
2619 3460 2812 3522 quam
2870 3441 2951 3502 ad
3000 3440 3266 3521 gloriam
3309 3440 3474 3503 obti-

1977 3542 2275 3613 nendam,
2327 3556 2456 3601 non
2512 3546 2728 3602 tamen
2784 3540 2865 3601 ad
2922 3539 3472 3620 supernaturalem

1976 3638 2425 3703 rectitudinem
2470 3644 2535 3699 et
2570 3636 2860 3717 gloriam,
2894 3654 3101 3717 neque
3138 3636 3217 3698 ad
3254 3656 3475 3718 super-

1975 3739 2329 3802 naturalem
2361 3736 2733 3799 felicitatem
2762 3744 2826 3799 et
2854 3735 3143 3817 gratiam,
3177 3743 3471 3816 respectu

1977 3855 2248 3920 quarum
2296 3843 2394 3898 est
2440 3835 2505 3896 in
2554 3835 2837 3916 potentia
2879 3833 3310 3909 obedientiali,
3342 3850 3470 3895 non

1977 3934 2269 3998 naturali.

2057 4033 2300 4097 Solutio
2336 4032 2529 4095 etiam
2566 4051 2695 4114 qua
2735 4032 2992 4095 solvunt
3029 4031 3470 4095 auctoritatem

1974 4135 2041 4196 B.
2075 4130 2435 4213 Augustini,
2468 4130 2739 4193 dicendo
2767 4131 2933 4211 quod
2968 4130 3109 4192 ideo
3139 4129 3346 4211 majus
3374 4137 3473 4192 cst

1898 4233 1947 4296 D
1973 4230 2331 4314 justificare
2361 4229 2634 4312 impium
2668 4248 2858 4310 quam
2894 4247 3108 4291 creare
3142 4230 3376 4292 coelum
3406 4236 3472 4291 et

1975 4338 2235 4404 terram,
2275 4328 2578 4410 quoniam
2622 4346 2762 4389 6556
2810 4327 3026 4407 gratiae
3072 4326 3327 4407 dignius
3374 4334 3471 4389 651

1979 4446 2173 4510 quam
2221 4446 2360 4490 6556
2408 4435 2670 4498 naturae,
2710 4443 2834 4487 non
2887 4424 3139 4487 videtur
3186 4425 3413 4488 idonea
3452 4444 3467 4489 :

1981 4526 2281 4608 quoniam
2328 4525 2551 4588 eadem
2596 4524 2837 4586 ratione
2877 4531 3271 4604 sequeretur,
3304 4523 3473 4605 quod

1981 4624 2193 4688 omnis
2222 4623 2505 4705 operatio
2535 4641 2661 4704 qua
2692 4622 2857 4684 Deus
2896 4621 3161 4702 largitur
3190 4621 3476 4683 cuicum-

1983 4742 2107 4804 que
2156 4740 2295 4786 esse
2346 4720 2848 4802 supernaturale,
2892 4727 3061 4780 esset
3108 4719 3314 4798 majus
3362 4739 3475 4781 seu

1987 4821 2189 4901 major
2231 4819 2501 4883 effectus
2544 4836 2735 4900 quam
2781 4816 3017 4878 creatio
3063 4817 3305 4877 mundi.
3344 4815 3475 4879 Sic-

1986 4938 2111 5000 que
2168 4937 2293 4980 non
2352 4923 2599 4978 tantum
2658 4913 3035 4995 justificatio
3097 4913 3303 4995 impii,
3364 4915 3475 4976 sed

1986 5015 2179 5079 etiam
2239 5013 2486 5096 parvuli
2538 5013 2601 5074 in
2650 5011 2995 5093 BaptismO,
3046 5019 3213 5072 essct
3271 5011 3477 5090 majus

1987 5131 2179 5196 quam
2213 5111 2447 5172 creatio
2486 5109 2785 5171 universi.
2821 5108 2998 5182 Quod
3037 5108 3331 5190 quamvis
3371 5108 3481 5171 ali-

1988 5229 2117 5294 quo
2164 5208 2353 5272 modo
2396 5207 2595 5289 possit
2632 5207 2915 5279 concedi,
2960 5224 3084 5269 non
3132 5216 3347 5270 tamen
3390 5207 3484 5269 vi-

1991 5311 2176 5374 detur
2224 5306 2601 5388 simpliciter
2644 5306 3140 5369 concedendum.
3188 5305 3313 5368 Nec
3362 5306 3483 5368 Au-
