<?xml version="1.0" encoding="UTF-8"?>
<!DOCTYPE html PUBLIC "-//W3C//DTD XHTML 1.0 Transitional//EN"
    "http://www.w3.org/TR/xhtml1/DTD/xhtml1-transitional.dtd">
<html xmlns="http://www.w3.org/1999/xhtml" xml:lang="en" lang="en">
 <head>
  <title>
</title>
<meta http-equiv="Content-Type" content="text/html;charset=utf-8" />
  <meta name='ocr-system' content='tesseract 3.04.00' />
  <meta name='ocr-capabilities' content='ocr_page ocr_carea ocr_par ocr_line ocrx_word'/>
</head>
<body>
  <div class='ocr_page' id='page_1' title='image "./doctorisecstati04unkngoog_0564.png"; bbox 0 0 4267 6250; ppageno 0'>
   <div class='ocr_carea' id='block_1_1' title="bbox 850 464 3035 539">
    <p class='ocr_par' dir='ltr' id='par_1_1' title="bbox 850 464 3035 539">
     <span class='ocr_line' id='line_1_1' title="bbox 850 464 3035 539; baseline 0.004 -8"><span class='ocrx_word' id='word_1_1' title='bbox 850 464 973 531; x_wconf 76' lang='lat'><strong>522</strong></span> <span class='ocrx_word' id='word_1_2' title='bbox 1766 484 1944 533; x_wconf 71' lang='lat' dir='ltr'><strong>mm</strong></span> <span class='ocrx_word' id='word_1_3' title='bbox 1982 486 2045 533; x_wconf 88' lang='lat' dir='ltr'><strong>1v</strong></span> <span class='ocrx_word' id='word_1_4' title='bbox 2086 486 2570 537; x_wconf 68' lang='lat' dir='ltr'><strong>smmunux.</strong></span> <span class='ocrx_word' id='word_1_5' title='bbox 2609 507 2692 521; x_wconf 88' lang='lat'>—</span> <span class='ocrx_word' id='word_1_6' title='bbox 2731 490 2886 537; x_wconf 79' lang='lat' dir='ltr'><strong>ors-r.</strong></span> <span class='ocrx_word' id='word_1_7' title='bbox 2927 491 3035 539; x_wconf 80' lang='lat'><strong>111</strong></span> 
     </span>
    </p>
   </div>
   <div class='ocr_carea' id='block_1_2' title="bbox 580 659 3962 1213">
    <p class='ocr_par' dir='ltr' id='par_1_2' title="bbox 852 659 3960 750">
     <span class='ocr_line' id='line_1_2' title="bbox 852 659 3960 750; baseline 0.003 -25"><span class='ocrx_word' id='word_1_8' title='bbox 852 660 938 725; x_wconf 88' lang='lat' dir='ltr'><strong>ab</strong></span> <span class='ocrx_word' id='word_1_9' title='bbox 972 660 1266 725; x_wconf 76' lang='lat' dir='ltr'>Ecclesia</span> <span class='ocrx_word' id='word_1_10' title='bbox 1298 659 1558 742; x_wconf 82' lang='lat' dir='ltr'><strong>praecisi</strong></span> <span class='ocrx_word' id='word_1_11' title='bbox 1596 663 1771 742; x_wconf 89' lang='lat' dir='ltr'><strong>sunt,</strong></span> <span class='ocrx_word' id='word_1_12' title='bbox 1808 663 1873 726; x_wconf 91' lang='lat' dir='ltr'><strong>et</strong></span> <span class='ocrx_word' id='word_1_13' title='bbox 1908 663 1992 726; x_wconf 91' lang='lat' dir='ltr'><strong>ad</strong></span> <span class='ocrx_word' id='word_1_14' title='bbox 2028 664 2660 748; x_wconf 82' lang='lat' dir='ltr'><strong>excommunicatoS,</strong></span> <span class='ocrx_word' id='word_1_15' title='bbox 2699 685 2986 750; x_wconf 89' lang='lat' dir='ltr'><strong>quorum</strong></span> <span class='ocrx_word' id='word_1_16' title='bbox 3021 667 3508 735; x_wconf 69' lang='lat' dir='ltr'><strong>benedictiones</strong></span> <span class='ocrx_word' id='word_1_17' title='bbox 3541 670 3712 735; x_wconf 85' lang='lat' dir='ltr'><strong>fiunt</strong></span> <span class='ocrx_word' id='word_1_18' title='bbox 3751 670 3960 735; x_wconf 87' lang='lat' dir='ltr'><strong>male-</strong></span> 
     </span>
    </p>

    <p class='ocr_par' dir='ltr' id='par_1_3' title="bbox 853 775 3958 868">
     <span class='ocr_line' id='line_1_3' title="bbox 853 775 3958 868; baseline 0.004 -30"><span class='ocrx_word' id='word_1_19' title='bbox 853 775 1177 840; x_wconf 82' lang='lat' dir='ltr'><strong>dictiones</strong></span> <span class='ocrx_word' id='word_1_20' title='bbox 1221 776 1327 839; x_wconf 88' lang='lat' dir='ltr'><strong>his</strong></span> <span class='ocrx_word' id='word_1_21' title='bbox 1364 776 1479 857; x_wconf 90' lang='lat' dir='ltr'><strong>qui</strong></span> <span class='ocrx_word' id='word_1_22' title='bbox 1526 792 1758 841; x_wconf 87' lang='lat' dir='ltr'><strong>eorum</strong></span> <span class='ocrx_word' id='word_1_23' title='bbox 1800 780 2167 859; x_wconf 89' lang='lat' dir='ltr'><strong>sequuntur</strong></span> <span class='ocrx_word' id='word_1_24' title='bbox 2203 796 2476 845; x_wconf 88' lang='lat' dir='ltr'><strong>errores.</strong></span> <span class='ocrx_word' id='word_1_25' title='bbox 2519 782 2694 845; x_wconf 86' lang='lat' dir='ltr'><strong>Illud</strong></span> <span class='ocrx_word' id='word_1_26' title='bbox 2734 801 2890 848; x_wconf 90' lang='lat' dir='ltr'><strong>vero</strong></span> <span class='ocrx_word' id='word_1_27' title='bbox 2926 784 3230 867; x_wconf 87' lang='lat' dir='ltr'><strong>alterum,</strong></span> <span class='ocrx_word' id='word_1_28' title='bbox 3271 787 3543 867; x_wconf 89' lang='lat' dir='ltr'><strong>scilicet,</strong></span> <span class='ocrx_word' id='word_1_29' title='bbox 3575 786 3958 868; x_wconf 84' lang='lat' dir='ltr'><strong>Vivificant‚</strong></span> 
     </span>
    </p>

    <p class='ocr_par' dir='ltr' id='par_1_4' title="bbox 855 892 3962 981">
     <span class='ocr_line' id='line_1_4' title="bbox 855 892 3962 981; baseline 0.004 -25"><span class='ocrx_word' id='word_1_30' title='bbox 855 893 1007 970; x_wconf 62' lang='lat' dir='ltr'><strong>etc„</strong></span> <span class='ocrx_word' id='word_1_31' title='bbox 1056 909 1254 974; x_wconf 91' lang='lat' dir='ltr'><strong>super</strong></span> <span class='ocrx_word' id='word_1_32' title='bbox 1299 910 1529 957; x_wconf 91' lang='lat' dir='ltr'><strong>omnes</strong></span> <span class='ocrx_word' id='word_1_33' title='bbox 1576 892 1731 957; x_wconf 91' lang='lat' dir='ltr'><strong>illos</strong></span> <span class='ocrx_word' id='word_1_34' title='bbox 1784 894 2156 958; x_wconf 82' lang='lat' dir='ltr'><strong>sacerdotes</strong></span> <span class='ocrx_word' id='word_1_35' title='bbox 2205 900 2546 977; x_wconf 83' lang='lat' dir='ltr'><strong>exponunt</strong></span> <span class='ocrx_word' id='word_1_36' title='bbox 2601 899 2717 980; x_wconf 87' lang='lat' dir='ltr'><strong>qui</strong></span> <span class='ocrx_word' id='word_1_37' title='bbox 2762 899 3009 981; x_wconf 86' lang='lat' dir='ltr'><strong>absque</strong></span> <span class='ocrx_word' id='word_1_38' title='bbox 3065 901 3246 966; x_wconf 89' lang='lat' dir='ltr'><strong>clave</strong></span> <span class='ocrx_word' id='word_1_39' title='bbox 3295 902 3586 968; x_wconf 83' lang='lat' dir='ltr'><strong>scientiae</strong></span> <span class='ocrx_word' id='word_1_40' title='bbox 3628 906 3696 967; x_wconf 92' lang='lat' dir='ltr'><strong>et</strong></span> <span class='ocrx_word' id='word_1_41' title='bbox 3745 902 3962 968; x_wconf 87' lang='lat' dir='ltr'><strong>forma</strong></span> 
     </span>
    </p>

    <p class='ocr_par' dir='ltr' id='par_1_5' title="bbox 580 1005 3962 1213">
     <span class='ocr_line' id='line_1_5' title="bbox 854 1005 3962 1099; baseline 0.003 -28"><span class='ocrx_word' id='word_1_42' title='bbox 854 1005 1045 1071; x_wconf 87' lang='lat' dir='ltr'><strong>bonae</strong></span> <span class='ocrx_word' id='word_1_43' title='bbox 1083 1008 1236 1072; x_wconf 82' lang='lat' dir='ltr'><strong>vitae</strong></span> <span class='ocrx_word' id='word_1_44' title='bbox 1266 1010 1679 1089; x_wconf 81' lang='lat' dir='ltr'><strong>praesumunt</strong></span> <span class='ocrx_word' id='word_1_45' title='bbox 1714 1009 1917 1091; x_wconf 87' lang='lat' dir='ltr'><strong>ligare</strong></span> <span class='ocrx_word' id='word_1_46' title='bbox 1946 1010 2050 1075; x_wconf 90' lang='lat' dir='ltr'><strong>vel</strong></span> <span class='ocrx_word' id='word_1_47' title='bbox 2086 1010 2365 1075; x_wconf 89' lang='lat' dir='ltr'><strong>solvere.</strong></span> <span class='ocrx_word' id='word_1_48' title='bbox 2391 1012 2522 1077; x_wconf 87' lang='lat' dir='ltr'><strong>Sed</strong></span> <span class='ocrx_word' id='word_1_49' title='bbox 2557 1014 2780 1079; x_wconf 91' lang='lat' dir='ltr'><strong>nullus</strong></span> <span class='ocrx_word' id='word_1_50' title='bbox 2811 1015 3023 1080; x_wconf 88' lang='lat' dir='ltr'><strong>officio</strong></span> <span class='ocrx_word' id='word_1_51' title='bbox 3051 1018 3410 1081; x_wconf 89' lang='lat' dir='ltr'><strong>sacerdotis</strong></span> <span class='ocrx_word' id='word_1_52' title='bbox 3443 1019 3544 1082; x_wconf 90' lang='lat' dir='ltr'><strong>uti</strong></span> <span class='ocrx_word' id='word_1_53' title='bbox 3580 1018 3796 1099; x_wconf 87' lang='lat' dir='ltr'><strong>debet,</strong></span> <span class='ocrx_word' id='word_1_54' title='bbox 3829 1018 3962 1083; x_wconf 81' lang='lat' dir='ltr'><strong>nisi</strong></span> 
     </span>
     <span class='ocr_line' id='line_1_6' title="bbox 580 1123 3505 1213; baseline 0.003 -27"><span class='ocrx_word' id='word_1_55' title='bbox 580 1141 826 1193; x_wconf 53' lang='lat' dir='ltr'><strong>namma.</strong></span> <span class='ocrx_word' id='word_1_56' title='bbox 854 1123 1175 1188; x_wconf 90' lang='lat' dir='ltr'><strong>immunis</strong></span> <span class='ocrx_word' id='word_1_57' title='bbox 1211 1124 1299 1187; x_wconf 89' lang='lat' dir='ltr'><strong>sit</strong></span> <span class='ocrx_word' id='word_1_58' title='bbox 1336 1124 1419 1188; x_wconf 89' lang='lat' dir='ltr'><strong>ab</strong></span> <span class='ocrx_word' id='word_1_59' title='bbox 1454 1124 1589 1189; x_wconf 88' lang='lat' dir='ltr'><strong>illis</strong></span> <span class='ocrx_word' id='word_1_60' title='bbox 1626 1143 1773 1207; x_wconf 84' lang='lat' dir='ltr'><strong>quae</strong></span> <span class='ocrx_word' id='word_1_61' title='bbox 1812 1126 1877 1189; x_wconf 92' lang='lat' dir='ltr'><strong>in</strong></span> <span class='ocrx_word' id='word_1_62' title='bbox 1919 1126 2069 1191; x_wconf 89' lang='lat' dir='ltr'><strong>aliis</strong></span> <span class='ocrx_word' id='word_1_63' title='bbox 2100 1126 2356 1207; x_wconf 83' lang='lat' dir='ltr'><strong>jndicat</strong></span> <span class='ocrx_word' id='word_1_64' title='bbox 2388 1146 2403 1189; x_wconf 73' lang='grc' dir='ltr'><strong><em>ε</em></strong></span> <span class='ocrx_word' id='word_1_65' title='bbox 2437 1129 2686 1212; x_wconf 84' lang='lat' dir='ltr'>alioqui</span> <span class='ocrx_word' id='word_1_66' title='bbox 2725 1148 2796 1194; x_wconf 89' lang='lat' dir='ltr'><strong>se</strong></span> <span class='ocrx_word' id='word_1_67' title='bbox 2833 1132 3055 1213; x_wconf 91' lang='lat' dir='ltr'><strong>ipsum</strong></span> <span class='ocrx_word' id='word_1_68' title='bbox 3094 1133 3505 1198; x_wconf 81' lang='lat' dir='ltr'><strong>condemnat.</strong></span> 
     </span>
    </p>
   </div>
   <div class='ocr_carea' id='block_1_3' title="bbox 1552 1430 3265 1507">
    <p class='ocr_par' dir='ltr' id='par_1_6' title="bbox 1552 1430 3265 1507">
     <span class='ocr_line' id='line_1_7' title="bbox 1552 1430 3265 1507; baseline 0.005 -15"><span class='ocrx_word' id='word_1_69' title='bbox 1552 1430 1629 1492; x_wconf 92' lang='lat' dir='ltr'><strong>E.</strong></span> <span class='ocrx_word' id='word_1_70' title='bbox 1678 1433 1929 1499; x_wconf 77' lang='lat' dir='ltr'><strong>Qualis</strong></span> <span class='ocrx_word' id='word_1_71' title='bbox 1974 1433 2180 1495; x_wconf 80' lang='lat' dir='ltr'><strong>debet</strong></span> <span class='ocrx_word' id='word_1_72' title='bbox 2224 1446 2379 1497; x_wconf 76' lang='lat' dir='ltr'><strong>esse</strong></span> <span class='ocrx_word' id='word_1_73' title='bbox 2415 1435 2656 1507; x_wconf 73' lang='lat' dir='ltr'><strong>judex</strong></span> <span class='ocrx_word' id='word_1_74' title='bbox 2703 1436 3265 1501; x_wconf 73' lang='lat' dir='ltr'><strong>ecclesiasticus.</strong></span> 
     </span>
    </p>
   </div>
   <div class='ocr_carea' id='block_1_4' title="bbox 561 1698 3974 5274">
    <p class='ocr_par' dir='ltr' id='par_1_7' title="bbox 918 1698 3964 1787">
     <span class='ocr_line' id='line_1_8' title="bbox 918 1698 3964 1787; baseline 0.002 -24"><span class='ocrx_word' id='word_1_75' title='bbox 918 1740 921 1743; x_wconf 88' lang='lat'><em>-</em></span> <span class='ocrx_word' id='word_1_76' title='bbox 991 1698 1265 1774; x_wconf 83' lang='lat' dir='ltr'><strong>Qualem</strong></span> <span class='ocrx_word' id='word_1_77' title='bbox 1309 1700 1529 1762; x_wconf 89' lang='lat' dir='ltr'><strong>autem</strong></span> <span class='ocrx_word' id='word_1_78' title='bbox 1568 1699 1865 1780; x_wconf 80' lang='lat' dir='ltr'><strong>oporteat</strong></span> <span class='ocrx_word' id='word_1_79' title='bbox 1901 1716 2043 1764; x_wconf 89' lang='lat' dir='ltr'><strong>esse</strong></span> <span class='ocrx_word' id='word_1_80' title='bbox 2080 1699 2198 1781; x_wconf 90' lang='lat' dir='ltr'><strong>qui</strong></span> <span class='ocrx_word' id='word_1_81' title='bbox 2233 1699 2514 1765; x_wconf 85' lang='lat' dir='ltr'><strong>aliorum</strong></span> <span class='ocrx_word' id='word_1_82' title='bbox 2548 1701 2755 1783; x_wconf 82' lang='lat' dir='ltr'><strong>judex</strong></span> <span class='ocrx_word' id='word_1_83' title='bbox 2793 1702 3236 1785; x_wconf 83' lang='lat' dir='ltr'><strong>constituitur,</strong></span> <span class='ocrx_word' id='word_1_84' title='bbox 3267 1702 3683 1787; x_wconf 83' lang='lat' dir='ltr'><strong>Augustinus</strong></span> <span class='ocrx_word' id='word_1_85' title='bbox 3715 1706 3964 1771; x_wconf 86' lang='lat' dir='ltr'><strong>descri-</strong></span> 
     </span>
    </p>

    <p class='ocr_par' dir='ltr' id='par_1_8' title="bbox 561 1815 3966 2715">
     <span class='ocr_line' id='line_1_9' title="bbox 564 1815 3964 1902; baseline 0.003 -25"><span class='ocrx_word' id='word_1_86' title='bbox 564 1832 739 1889; x_wconf 66' lang='lat' dir='ltr'><strong>Aug.‹10</strong></span> <span class='ocrx_word' id='word_1_87' title='bbox 751 1831 832 1875; x_wconf 72' lang='lat' dir='ltr'><strong>ve-</strong></span> <span class='ocrx_word' id='word_1_88' title='bbox 856 1815 977 1896; x_wconf 87' lang='lat' dir='ltr'><strong>hit,</strong></span> <span class='ocrx_word' id='word_1_89' title='bbox 1018 1816 1111 1880; x_wconf 87' lang='lat' dir='ltr'><strong>ita</strong></span> <span class='ocrx_word' id='word_1_90' title='bbox 1146 1815 1370 1879; x_wconf 90' lang='lat' dir='ltr'><strong>dicens</strong></span> <span class='ocrx_word' id='word_1_91' title='bbox 1412 1834 1426 1875; x_wconf 91' lang='lat'>:</span> <span class='ocrx_word' id='word_1_92' title='bbox 1475 1815 1814 1894; x_wconf 80' lang='lat' dir='ltr'><strong>SacerdOS‚</strong></span> <span class='ocrx_word' id='word_1_93' title='bbox 1856 1816 1963 1878; x_wconf 90' lang='lat' dir='ltr'><strong>cui</strong></span> <span class='ocrx_word' id='word_1_94' title='bbox 2010 1817 2230 1880; x_wconf 91' lang='lat' dir='ltr'><strong>omnis</strong></span> <span class='ocrx_word' id='word_1_95' title='bbox 2277 1817 2547 1881; x_wconf 80' lang='lat' dir='ltr'><strong>offertur</strong></span> <span class='ocrx_word' id='word_1_96' title='bbox 2591 1820 2915 1899; x_wconf 91' lang='lat' dir='ltr'><strong>peccator,</strong></span> <span class='ocrx_word' id='word_1_97' title='bbox 2957 1821 3108 1883; x_wconf 88' lang='lat' dir='ltr'><strong>ante</strong></span> <span class='ocrx_word' id='word_1_98' title='bbox 3144 1838 3344 1902; x_wconf 90' lang='lat' dir='ltr'><strong>quem</strong></span> <span class='ocrx_word' id='word_1_99' title='bbox 3383 1821 3696 1885; x_wconf 73' lang='lat' dir='ltr'><strong>statuitur</strong></span> <span class='ocrx_word' id='word_1_100' title='bbox 3740 1822 3964 1887; x_wconf 87' lang='lat' dir='ltr'><strong>omnis</strong></span> 
     </span>
     <span class='ocr_line' id='line_1_10' title="bbox 562 1896 3963 2019; baseline 0.001 -18"><span class='ocrx_word' id='word_1_101' title='bbox 562 1896 827 2001; x_wconf 52' lang='lat' dir='ltr'><strong>ffoenm&#39;</strong></span> <span class='ocrx_word' id='word_1_102' title='bbox 856 1933 1155 2015; x_wconf 83' lang='lat' dir='ltr'><strong>languor,</strong></span> <span class='ocrx_word' id='word_1_103' title='bbox 1188 1933 1256 1995; x_wconf 90' lang='lat' dir='ltr'><strong>in</strong></span> <span class='ocrx_word' id='word_1_104' title='bbox 1297 1932 1482 1995; x_wconf 92' lang='lat' dir='ltr'><strong>nullo</strong></span> <span class='ocrx_word' id='word_1_105' title='bbox 1524 1949 1751 1997; x_wconf 90' lang='lat' dir='ltr'><strong>eorum</strong></span> <span class='ocrx_word' id='word_1_106' title='bbox 1783 1932 1871 1995; x_wconf 89' lang='lat' dir='ltr'><strong>sit</strong></span> <span class='ocrx_word' id='word_1_107' title='bbox 1912 1931 2379 2013; x_wconf 69' lang='lat' dir='ltr'><strong>dijudicandus</strong></span> <span class='ocrx_word' id='word_1_108' title='bbox 2416 1950 2565 2016; x_wconf 88' lang='lat' dir='ltr'><strong>quae</strong></span> <span class='ocrx_word' id='word_1_109' title='bbox 2604 1934 2672 1997; x_wconf 92' lang='lat' dir='ltr'><strong>in</strong></span> <span class='ocrx_word' id='word_1_110' title='bbox 2715 1934 2845 1999; x_wconf 90' lang='lat' dir='ltr'><strong>alio</strong></span> <span class='ocrx_word' id='word_1_111' title='bbox 2878 1936 3174 2017; x_wconf 89' lang='lat' dir='ltr'><strong>judicare</strong></span> <span class='ocrx_word' id='word_1_112' title='bbox 3221 1938 3322 2001; x_wconf 90' lang='lat' dir='ltr'><strong>est</strong></span> <span class='ocrx_word' id='word_1_113' title='bbox 3358 1938 3728 2019; x_wconf 89' lang='lat' dir='ltr'><strong>promptus.</strong></span> <span class='ocrx_word' id='word_1_114' title='bbox 3767 1938 3963 2003; x_wconf 76' lang='lat' dir='ltr'><strong>‚Judi-</strong></span> 
     </span>
     <span class='ocr_line' id='line_1_11' title="bbox 585 2047 3963 2135; baseline 0 -17"><span class='ocrx_word' id='word_1_115' title='bbox 585 2073 827 2125; x_wconf 50' lang='lat' dir='ltr'><strong>amun.</strong></span> <span class='ocrx_word' id='word_1_116' title='bbox 858 2068 1013 2115; x_wconf 89' lang='lat' dir='ltr'><strong>cans</strong></span> <span class='ocrx_word' id='word_1_117' title='bbox 1051 2050 1229 2113; x_wconf 89' lang='lat' dir='ltr'><strong>enim</strong></span> <span class='ocrx_word' id='word_1_118' title='bbox 1276 2049 1505 2127; x_wconf 90' lang='lat' dir='ltr'><strong>alium,</strong></span> <span class='ocrx_word' id='word_1_119' title='bbox 1549 2048 1665 2130; x_wconf 91' lang='lat' dir='ltr'><strong>qui</strong></span> <span class='ocrx_word' id='word_1_120' title='bbox 1711 2050 1811 2113; x_wconf 92' lang='lat' dir='ltr'><strong>est</strong></span> <span class='ocrx_word' id='word_1_121' title='bbox 1840 2047 2262 2129; x_wconf 90' lang='lat' dir='ltr'><strong>judicandus,</strong></span> <span class='ocrx_word' id='word_1_122' title='bbox 2307 2050 2702 2115; x_wconf 84' lang='lat' dir='ltr'><strong>condemnat</strong></span> <span class='ocrx_word' id='word_1_123' title='bbox 2745 2069 2816 2115; x_wconf 92' lang='lat' dir='ltr'><strong>se</strong></span> <span class='ocrx_word' id='word_1_124' title='bbox 2859 2052 3102 2133; x_wconf 89' lang='lat' dir='ltr'><strong>ipsum.</strong></span> <span class='ocrx_word' id='word_1_125' title='bbox 3145 2052 3512 2134; x_wconf 80' lang='lat' dir='ltr'><strong>Cognoscat</strong></span> <span class='ocrx_word' id='word_1_126' title='bbox 3551 2070 3706 2135; x_wconf 86' lang='lat' dir='ltr'><strong>ergo</strong></span> <span class='ocrx_word' id='word_1_127' title='bbox 3753 2072 3849 2135; x_wconf 87' lang='lat' dir='ltr'><strong>se,</strong></span> <span class='ocrx_word' id='word_1_128' title='bbox 3895 2057 3963 2119; x_wconf 90' lang='lat' dir='ltr'><strong>et</strong></span> 
     </span>
     <span class='ocr_line' id='line_1_12' title="bbox 856 2162 3960 2251; baseline 0.002 -22"><span class='ocrx_word' id='word_1_129' title='bbox 856 2167 1094 2248; x_wconf 85' lang='lat' dir='ltr'><strong>purget</strong></span> <span class='ocrx_word' id='word_1_130' title='bbox 1118 2166 1188 2228; x_wconf 91' lang='lat' dir='ltr'><strong>in</strong></span> <span class='ocrx_word' id='word_1_131' title='bbox 1224 2183 1295 2229; x_wconf 89' lang='lat' dir='ltr'><strong>se</strong></span> <span class='ocrx_word' id='word_1_132' title='bbox 1323 2165 1503 2246; x_wconf 90' lang='lat' dir='ltr'><strong>quod</strong></span> <span class='ocrx_word' id='word_1_133' title='bbox 1538 2164 1705 2229; x_wconf 91' lang='lat' dir='ltr'><strong>alios</strong></span> <span class='ocrx_word' id='word_1_134' title='bbox 1740 2163 1921 2228; x_wconf 90' lang='lat' dir='ltr'><strong>videt</strong></span> <span class='ocrx_word' id='word_1_135' title='bbox 1956 2162 2084 2227; x_wconf 87' lang='lat' dir='ltr'><strong>sibi</strong></span> <span class='ocrx_word' id='word_1_136' title='bbox 2123 2164 2390 2245; x_wconf 84' lang='lat' dir='ltr'><strong>offerre3</strong></span> <span class='ocrx_word' id='word_1_137' title='bbox 2423 2168 2648 2229; x_wconf 86' lang='lat' dir='ltr'><strong>caveat</strong></span> <span class='ocrx_word' id='word_1_138' title='bbox 2682 2168 2758 2229; x_wconf 95' lang='lat' dir='ltr'><strong>ut</strong></span> <span class='ocrx_word' id='word_1_139' title='bbox 2793 2185 2833 2231; x_wconf 90' lang='lat' dir='ltr'><strong>a</strong></span> <span class='ocrx_word' id='word_1_140' title='bbox 2869 2184 2941 2231; x_wconf 90' lang='lat' dir='ltr'><strong>se</strong></span> <span class='ocrx_word' id='word_1_141' title='bbox 2977 2168 3325 2250; x_wconf 87' lang='lat' dir='ltr'><strong>projecerit</strong></span> <span class='ocrx_word' id='word_1_142' title='bbox 3361 2168 3686 2251; x_wconf 89' lang='lat' dir='ltr'><strong>quidquid</strong></span> <span class='ocrx_word' id='word_1_143' title='bbox 3719 2169 3790 2232; x_wconf 89' lang='lat' dir='ltr'><strong>in</strong></span> <span class='ocrx_word' id='word_1_144' title='bbox 3827 2170 3960 2235; x_wconf 78' lang='lat' dir='ltr'><strong>alio</strong></span> 
     </span>
     <span class='ocr_line' id='line_1_13' title="bbox 561 2281 3962 2368; baseline 0.003 -28"><span class='ocrx_word' id='word_1_145' title='bbox 561 2298 828 2350; x_wconf 66' lang='lat' dir='ltr'><strong>amm-n.</strong></span> <span class='ocrx_word' id='word_1_146' title='bbox 856 2284 1251 2347; x_wconf 88' lang='lat' dir='ltr'><strong>damnosum</strong></span> <span class='ocrx_word' id='word_1_147' title='bbox 1288 2282 1551 2364; x_wconf 90' lang='lat' dir='ltr'><strong>reperit.</strong></span> <span class='ocrx_word' id='word_1_148' title='bbox 1583 2281 2083 2345; x_wconf 81' lang='lat' dir='ltr'><strong>Animadvertat</strong></span> <span class='ocrx_word' id='word_1_149' title='bbox 2119 2281 2299 2361; x_wconf 91' lang='lat' dir='ltr'><strong>quod</strong></span> <span class='ocrx_word' id='word_1_150' title='bbox 2335 2282 2452 2363; x_wconf 87' lang='lat' dir='ltr'><strong>qui</strong></span> <span class='ocrx_word' id='word_1_151' title='bbox 2489 2283 2632 2347; x_wconf 88' lang='lat' dir='ltr'><strong>sine</strong></span> <span class='ocrx_word' id='word_1_152' title='bbox 2679 2287 2943 2365; x_wconf 88' lang='lat' dir='ltr'><strong>peccato</strong></span> <span class='ocrx_word' id='word_1_153' title='bbox 2985 2285 3107 2364; x_wconf 90' lang='lat' dir='ltr'><strong>est,</strong></span> <span class='ocrx_word' id='word_1_154' title='bbox 3147 2284 3405 2366; x_wconf 86' lang='lat' dir='ltr'><strong>primus</strong></span> <span class='ocrx_word' id='word_1_155' title='bbox 3445 2284 3516 2348; x_wconf 91' lang='lat' dir='ltr'><strong>in</strong></span> <span class='ocrx_word' id='word_1_156' title='bbox 3561 2284 3746 2348; x_wconf 89' lang='lat' dir='ltr'><strong>illam</strong></span> <span class='ocrx_word' id='word_1_157' title='bbox 3789 2285 3962 2368; x_wconf 91' lang='lat' dir='ltr'><strong>lapi-</strong></span> 
     </span>
     <span class='ocr_line' id='line_1_14' title="bbox 564 2363 3966 2483; baseline 0.001 -22"><span class='ocrx_word' id='word_1_158' title='bbox 564 2363 605 2403; x_wconf 83' lang='lat'><strong>⁷&#39;</strong></span> <span class='ocrx_word' id='word_1_159' title='bbox 857 2399 1009 2463; x_wconf 90' lang='lat' dir='ltr'><strong>dem</strong></span> <span class='ocrx_word' id='word_1_160' title='bbox 1062 2398 1303 2461; x_wconf 89' lang='lat' dir='ltr'><strong>mittat.</strong></span> <span class='ocrx_word' id='word_1_161' title='bbox 1356 2399 1513 2462; x_wconf 92' lang='lat' dir='ltr'><strong>Ideo</strong></span> <span class='ocrx_word' id='word_1_162' title='bbox 1560 2398 1737 2462; x_wconf 91' lang='lat' dir='ltr'><strong>enim</strong></span> <span class='ocrx_word' id='word_1_163' title='bbox 1784 2396 2087 2461; x_wconf 89' lang='lat' dir='ltr'><strong>liberavit</strong></span> <span class='ocrx_word' id='word_1_164' title='bbox 2135 2397 2587 2478; x_wconf 87' lang='lat' dir='ltr'><strong>peccatricem,</strong></span> <span class='ocrx_word' id='word_1_165' title='bbox 2645 2398 2802 2480; x_wconf 87' lang='lat' dir='ltr'><strong>quia</strong></span> <span class='ocrx_word' id='word_1_166' title='bbox 2852 2416 2984 2462; x_wconf 90' lang='lat' dir='ltr'><strong>non</strong></span> <span class='ocrx_word' id='word_1_167' title='bbox 3035 2402 3174 2463; x_wconf 89' lang='lat' dir='ltr'><strong>erat</strong></span> <span class='ocrx_word' id='word_1_168' title='bbox 3221 2400 3338 2481; x_wconf 90' lang='lat' dir='ltr'><strong>qui</strong></span> <span class='ocrx_word' id='word_1_169' title='bbox 3383 2399 3563 2480; x_wconf 87' lang='lat' dir='ltr'><strong>juste</strong></span> <span class='ocrx_word' id='word_1_170' title='bbox 3612 2401 3966 2483; x_wconf 88' lang='lat' dir='ltr'><strong>projiceret</strong></span> 
     </span>
     <span class='ocr_line' id='line_1_15' title="bbox 858 2514 3962 2599; baseline 0.001 -20"><span class='ocrx_word' id='word_1_171' title='bbox 858 2516 1167 2599; x_wconf 90' lang='lat' dir='ltr'><strong>lapidem.</strong></span> <span class='ocrx_word' id='word_1_172' title='bbox 1194 2516 1540 2591; x_wconf 89' lang='lat' dir='ltr'><strong>Quomodo</strong></span> <span class='ocrx_word' id='word_1_173' title='bbox 1570 2515 1889 2597; x_wconf 87' lang='lat' dir='ltr'><strong>lapidaret</strong></span> <span class='ocrx_word' id='word_1_174' title='bbox 1925 2515 2041 2596; x_wconf 91' lang='lat' dir='ltr'><strong>qui</strong></span> <span class='ocrx_word' id='word_1_175' title='bbox 2078 2532 2150 2578; x_wconf 93' lang='lat' dir='ltr'><strong>se</strong></span> <span class='ocrx_word' id='word_1_176' title='bbox 2188 2514 2612 2596; x_wconf 89' lang='lat' dir='ltr'><strong>lapidandum</strong></span> <span class='ocrx_word' id='word_1_177' title='bbox 2653 2515 3130 2597; x_wconf 81' lang='lat' dir='ltr'><strong>cognosceret?</strong></span> <span class='ocrx_word' id='word_1_178' title='bbox 3165 2515 3408 2580; x_wconf 91' lang='lat' dir='ltr'><strong>Nullus</strong></span> <span class='ocrx_word' id='word_1_179' title='bbox 3443 2516 3618 2581; x_wconf 90' lang='lat' dir='ltr'><strong>enim</strong></span> <span class='ocrx_word' id='word_1_180' title='bbox 3649 2520 3788 2581; x_wconf 85' lang='lat' dir='ltr'><strong>erat</strong></span> <span class='ocrx_word' id='word_1_181' title='bbox 3815 2520 3962 2584; x_wconf 90' lang='lat' dir='ltr'><strong>sine</strong></span> 
     </span>
     <span class='ocr_line' id='line_1_16' title="bbox 857 2630 3962 2715; baseline 0 -18"><span class='ocrx_word' id='word_1_182' title='bbox 857 2634 1145 2715; x_wconf 90' lang='lat' dir='ltr'><strong>peccato.</strong></span> <span class='ocrx_word' id='word_1_183' title='bbox 1181 2633 1259 2695; x_wconf 92' lang='lat' dir='ltr'><strong>In</strong></span> <span class='ocrx_word' id='word_1_184' title='bbox 1300 2650 1430 2715; x_wconf 90' lang='lat' dir='ltr'><strong>quo</strong></span> <span class='ocrx_word' id='word_1_185' title='bbox 1469 2631 1859 2713; x_wconf 84' lang='lat' dir='ltr'><strong>intelligitur</strong></span> <span class='ocrx_word' id='word_1_186' title='bbox 1887 2648 2117 2695; x_wconf 89' lang='lat' dir='ltr'><strong>omnes</strong></span> <span class='ocrx_word' id='word_1_187' title='bbox 2155 2630 2362 2695; x_wconf 88' lang='lat' dir='ltr'><strong>fuisse</strong></span> <span class='ocrx_word' id='word_1_188' title='bbox 2389 2648 2558 2695; x_wconf 88' lang='lat' dir='ltr'><strong>reos.</strong></span> <span class='ocrx_word' id='word_1_189' title='bbox 2592 2631 2764 2696; x_wconf 88' lang='lat' dir='ltr'><strong>Nam</strong></span> <span class='ocrx_word' id='word_1_190' title='bbox 2793 2632 3076 2695; x_wconf 88' lang='lat' dir='ltr'><strong>venialia</strong></span> <span class='ocrx_word' id='word_1_191' title='bbox 3104 2632 3330 2695; x_wconf 89' lang='lat' dir='ltr'><strong>omnia</strong></span> <span class='ocrx_word' id='word_1_192' title='bbox 3363 2649 3624 2715; x_wconf 85' lang='lat' dir='ltr'><strong>semper</strong></span> <span class='ocrx_word' id='word_1_193' title='bbox 3658 2634 3962 2698; x_wconf 83' lang='lat' dir='ltr'><strong>remitte-</strong></span> 
     </span>
    </p>

    <p class='ocr_par' dir='ltr' id='par_1_9' title="bbox 855 2746 3966 2832">
     <span class='ocr_line' id='line_1_17' title="bbox 855 2746 3966 2832; baseline 0 -18"><span class='ocrx_word' id='word_1_194' title='bbox 855 2750 1093 2814; x_wconf 86' lang='lat' dir='ltr'><strong>bantur</strong></span> <span class='ocrx_word' id='word_1_195' title='bbox 1128 2767 1244 2832; x_wconf 89' lang='lat' dir='ltr'><strong>per</strong></span> <span class='ocrx_word' id='word_1_196' title='bbox 1285 2748 1719 2813; x_wconf 87' lang='lat' dir='ltr'><strong>caerimonias.</strong></span> <span class='ocrx_word' id='word_1_197' title='bbox 1762 2748 1831 2811; x_wconf 88' lang='lat' dir='ltr'><strong>Si</strong></span> <span class='ocrx_word' id='word_1_198' title='bbox 1852 2748 2049 2828; x_wconf 71' lang='lat' dir='ltr'><strong>‘quod</strong></span> <span class='ocrx_word' id='word_1_199' title='bbox 2092 2764 2246 2828; x_wconf 89' lang='lat' dir='ltr'><strong>ergo</strong></span> <span class='ocrx_word' id='word_1_200' title='bbox 2283 2747 2353 2809; x_wconf 89' lang='lat' dir='ltr'><strong>in</strong></span> <span class='ocrx_word' id='word_1_201' title='bbox 2402 2746 2498 2812; x_wconf 91' lang='lat' dir='ltr'><strong>eis</strong></span> <span class='ocrx_word' id='word_1_202' title='bbox 2543 2749 2886 2828; x_wconf 89' lang='lat' dir='ltr'><strong>peccatum</strong></span> <span class='ocrx_word' id='word_1_203' title='bbox 2923 2748 3083 2829; x_wconf 90' lang='lat' dir='ltr'><strong>erat,</strong></span> <span class='ocrx_word' id='word_1_204' title='bbox 3123 2748 3466 2813; x_wconf 87' lang='lat' dir='ltr'><strong>criminale</strong></span> <span class='ocrx_word' id='word_1_205' title='bbox 3505 2750 3664 2813; x_wconf 88' lang='lat' dir='ltr'><strong>erat.</strong></span> <span class='ocrx_word' id='word_1_206' title='bbox 3709 2750 3790 2813; x_wconf 90' lang='lat' dir='ltr'><strong>In</strong></span> <span class='ocrx_word' id='word_1_207' title='bbox 3835 2751 3966 2815; x_wconf 91' lang='lat' dir='ltr'><strong>hoc</strong></span> 
     </span>
    </p>

    <p class='ocr_par' dir='ltr' id='par_1_10' title="bbox 856 2863 3966 2947">
     <span class='ocr_line' id='line_1_18' title="bbox 856 2863 3966 2947; baseline 0.001 -18"><span class='ocrx_word' id='word_1_208' title='bbox 856 2882 1010 2947; x_wconf 90' lang='lat' dir='ltr'><strong>ergo</strong></span> <span class='ocrx_word' id='word_1_209' title='bbox 1052 2864 1585 2947; x_wconf 89' lang='lat' dir='ltr'><strong>patentissimum</strong></span> <span class='ocrx_word' id='word_1_210' title='bbox 1632 2865 1731 2926; x_wconf 91' lang='lat' dir='ltr'><strong>est</strong></span> <span class='ocrx_word' id='word_1_211' title='bbox 1776 2863 2023 2926; x_wconf 89' lang='lat' dir='ltr'><strong>crimen</strong></span> <span class='ocrx_word' id='word_1_212' title='bbox 2071 2864 2508 2942; x_wconf 87' lang='lat' dir='ltr'><strong>sacerdotum,</strong></span> <span class='ocrx_word' id='word_1_213' title='bbox 2559 2866 2622 2927; x_wconf 87' lang='lat' dir='ltr'><strong>et</strong></span> <span class='ocrx_word' id='word_1_214' title='bbox 2667 2863 2841 2927; x_wconf 90' lang='lat' dir='ltr'><strong>ultra</strong></span> <span class='ocrx_word' id='word_1_215' title='bbox 2891 2864 3165 2928; x_wconf 90' lang='lat' dir='ltr'><strong>modum</strong></span> <span class='ocrx_word' id='word_1_216' title='bbox 3214 2864 3621 2945; x_wconf 88' lang='lat' dir='ltr'><strong>detestabile,</strong></span> <span class='ocrx_word' id='word_1_217' title='bbox 3664 2866 3783 2947; x_wconf 84' lang='lat' dir='ltr'><strong>qui</strong></span> <span class='ocrx_word' id='word_1_218' title='bbox 3829 2886 3966 2931; x_wconf 88' lang='lat' dir='ltr'><strong>non</strong></span> 
     </span>
    </p>

    <p class='ocr_par' dir='ltr' id='par_1_11' title="bbox 857 2979 3968 3063">
     <span class='ocr_line' id='line_1_19' title="bbox 857 2979 3968 3063; baseline 0 -18"><span class='ocrx_word' id='word_1_219' title='bbox 857 2982 1043 3063; x_wconf 89' lang='lat' dir='ltr'><strong>prius</strong></span> <span class='ocrx_word' id='word_1_220' title='bbox 1074 2999 1144 3045; x_wconf 90' lang='lat' dir='ltr'><strong>se</strong></span> <span class='ocrx_word' id='word_1_221' title='bbox 1168 2980 1468 3062; x_wconf 89' lang='lat' dir='ltr'><strong>judicant</strong></span> <span class='ocrx_word' id='word_1_222' title='bbox 1502 2997 1703 3061; x_wconf 90' lang='lat' dir='ltr'><strong>quam</strong></span> <span class='ocrx_word' id='word_1_223' title='bbox 1741 2979 1907 3043; x_wconf 91' lang='lat' dir='ltr'><strong>alios</strong></span> <span class='ocrx_word' id='word_1_224' title='bbox 1943 2979 2170 3059; x_wconf 85' lang='lat' dir='ltr'><strong>ligent.</strong></span> <span class='ocrx_word' id='word_1_225' title='bbox 2205 2980 2446 3044; x_wconf 88' lang='lat' dir='ltr'><strong>Caveat</strong></span> <span class='ocrx_word' id='word_1_226' title='bbox 2481 2980 2845 3062; x_wconf 86' lang='lat' dir='ltr'><strong>spiritualis</strong></span> <span class='ocrx_word' id='word_1_227' title='bbox 2877 2979 3106 3061; x_wconf 84' lang='lat' dir='ltr'><strong>judex,</strong></span> <span class='ocrx_word' id='word_1_228' title='bbox 3148 2980 3223 3043; x_wconf 91' lang='lat' dir='ltr'><strong>ut</strong></span> <span class='ocrx_word' id='word_1_229' title='bbox 3257 2980 3429 3043; x_wconf 90' lang='lat' dir='ltr'><strong>sicut</strong></span> <span class='ocrx_word' id='word_1_230' title='bbox 3455 2998 3588 3043; x_wconf 88' lang='lat' dir='ltr'><strong>non</strong></span> <span class='ocrx_word' id='word_1_231' title='bbox 3625 2983 3968 3047; x_wconf 87' lang='lat' dir='ltr'><strong>commisit</strong></span> 
     </span>
    </p>

    <p class='ocr_par' dir='ltr' id='par_1_12' title="bbox 859 3095 3968 3181">
     <span class='ocr_line' id='line_1_20' title="bbox 859 3095 3968 3181; baseline 0.001 -19"><span class='ocrx_word' id='word_1_232' title='bbox 859 3098 1108 3162; x_wconf 88' lang='lat' dir='ltr'><strong>crimen</strong></span> <span class='ocrx_word' id='word_1_233' title='bbox 1144 3096 1479 3179; x_wconf 66' lang='lat' dir='ltr'><strong>nequitiae,</strong></span> <span class='ocrx_word' id='word_1_234' title='bbox 1513 3096 1605 3160; x_wconf 92' lang='lat' dir='ltr'><strong>ita</strong></span> <span class='ocrx_word' id='word_1_235' title='bbox 1641 3112 1774 3160; x_wconf 92' lang='lat' dir='ltr'><strong>non</strong></span> <span class='ocrx_word' id='word_1_236' title='bbox 1814 3096 2027 3160; x_wconf 88' lang='lat' dir='ltr'><strong>careat</strong></span> <span class='ocrx_word' id='word_1_237' title='bbox 2065 3112 2337 3161; x_wconf 89' lang='lat' dir='ltr'><strong>munere</strong></span> <span class='ocrx_word' id='word_1_238' title='bbox 2377 3096 2690 3162; x_wconf 86' lang='lat' dir='ltr'><strong>scientiae.</strong></span> <span class='ocrx_word' id='word_1_239' title='bbox 2727 3096 3002 3179; x_wconf 88' lang='lat' dir='ltr'><strong>Oportet</strong></span> <span class='ocrx_word' id='word_1_240' title='bbox 3037 3097 3112 3160; x_wconf 88' lang='lat' dir='ltr'><strong>ut</strong></span> <span class='ocrx_word' id='word_1_241' title='bbox 3147 3095 3314 3161; x_wconf 91' lang='lat' dir='ltr'><strong>sciat</strong></span> <span class='ocrx_word' id='word_1_242' title='bbox 3351 3113 3740 3178; x_wconf 86' lang='lat' dir='ltr'><strong>cognoscere</strong></span> <span class='ocrx_word' id='word_1_243' title='bbox 3769 3100 3968 3181; x_wconf 85' lang='lat' dir='ltr'><strong>quid-</strong></span> 
     </span>
    </p>

    <p class='ocr_par' dir='ltr' id='par_1_13' title="bbox 858 3211 3968 3530">
     <span class='ocr_line' id='line_1_21' title="bbox 859 3211 3967 3297; baseline 0.001 -19"><span class='ocrx_word' id='word_1_244' title='bbox 859 3215 1020 3297; x_wconf 88' lang='lat' dir='ltr'><strong>quid</strong></span> <span class='ocrx_word' id='word_1_245' title='bbox 1059 3213 1290 3278; x_wconf 85' lang='lat' dir='ltr'><strong>debeat</strong></span> <span class='ocrx_word' id='word_1_246' title='bbox 1321 3212 1639 3293; x_wconf 78' lang='lat' dir='ltr'><strong>Judicare.</strong></span> <span class='ocrx_word' id='word_1_247' title='bbox 1668 3211 2028 3276; x_wconf 88' lang='lat' dir='ltr'><strong>Judiciaria</strong></span> <span class='ocrx_word' id='word_1_248' title='bbox 2058 3213 2237 3276; x_wconf 90' lang='lat' dir='ltr'><strong>enim</strong></span> <span class='ocrx_word' id='word_1_249' title='bbox 2279 3214 2570 3294; x_wconf 89' lang='lat' dir='ltr'><strong>potestas</strong></span> <span class='ocrx_word' id='word_1_250' title='bbox 2605 3212 2732 3277; x_wconf 90' lang='lat' dir='ltr'><strong>hoc</strong></span> <span class='ocrx_word' id='word_1_251' title='bbox 2770 3213 3081 3295; x_wconf 90' lang='lat' dir='ltr'><strong>postulat,</strong></span> <span class='ocrx_word' id='word_1_252' title='bbox 3118 3214 3193 3276; x_wconf 92' lang='lat' dir='ltr'><strong>ut</strong></span> <span class='ocrx_word' id='word_1_253' title='bbox 3229 3213 3407 3295; x_wconf 88' lang='lat' dir='ltr'><strong>quod</strong></span> <span class='ocrx_word' id='word_1_254' title='bbox 3443 3213 3636 3278; x_wconf 90' lang='lat' dir='ltr'><strong>debet</strong></span> <span class='ocrx_word' id='word_1_255' title='bbox 3665 3213 3967 3295; x_wconf 84' lang='lat' dir='ltr'><strong>judicare</strong></span> 
     </span>
     <span class='ocr_line' id='line_1_22' title="bbox 858 3329 3968 3411; baseline 0.001 -17"><span class='ocrx_word' id='word_1_256' title='bbox 858 3332 1207 3395; x_wconf 89' lang='lat' dir='ltr'><strong>discernat.</strong></span> <span class='ocrx_word' id='word_1_257' title='bbox 1247 3329 1547 3411; x_wconf 86' lang='lat' dir='ltr'><strong>Diligens</strong></span> <span class='ocrx_word' id='word_1_258' title='bbox 1588 3346 1741 3410; x_wconf 87' lang='lat' dir='ltr'><strong>ergo</strong></span> <span class='ocrx_word' id='word_1_259' title='bbox 1780 3329 2208 3410; x_wconf 84' lang='lat' dir='ltr'><strong>investigator</strong></span> <span class='ocrx_word' id='word_1_260' title='bbox 2249 3329 2578 3410; x_wconf 87' lang='lat' dir='ltr'><strong>sapienter</strong></span> <span class='ocrx_word' id='word_1_261' title='bbox 2614 3329 2970 3411; x_wconf 86' lang='lat' dir='ltr'><strong>interroget</strong></span> <span class='ocrx_word' id='word_1_262' title='bbox 3004 3347 3044 3392; x_wconf 90' lang='lat' dir='ltr'><strong>a</strong></span> <span class='ocrx_word' id='word_1_263' title='bbox 3080 3330 3440 3411; x_wconf 88' lang='lat' dir='ltr'><strong>peccatore,</strong></span> <span class='ocrx_word' id='word_1_264' title='bbox 3471 3329 3653 3410; x_wconf 89' lang='lat' dir='ltr'><strong>quod</strong></span> <span class='ocrx_word' id='word_1_265' title='bbox 3684 3329 3968 3396; x_wconf 86' lang='lat' dir='ltr'><strong>forsitan</strong></span> 
     </span>
     <span class='ocr_line' id='line_1_23' title="bbox 860 3445 3966 3530; baseline 0 -18"><span class='ocrx_word' id='word_1_266' title='bbox 860 3449 1121 3530; x_wconf 84' lang='lat' dir='ltr'><strong>ignorat</strong></span> <span class='ocrx_word' id='word_1_267' title='bbox 1170 3447 1275 3511; x_wconf 88' lang='lat' dir='ltr'><strong>vel</strong></span> <span class='ocrx_word' id='word_1_268' title='bbox 1325 3447 1716 3512; x_wconf 88' lang='lat' dir='ltr'><strong>verecundia</strong></span> <span class='ocrx_word' id='word_1_269' title='bbox 1764 3445 1925 3510; x_wconf 93' lang='lat' dir='ltr'><strong>velit</strong></span> <span class='ocrx_word' id='word_1_270' title='bbox 1974 3447 2326 3510; x_wconf 88' lang='lat' dir='ltr'><strong>occultare.</strong></span> <span class='ocrx_word' id='word_1_271' title='bbox 2361 3445 2639 3528; x_wconf 85' lang='lat' dir='ltr'><strong>Cognito</strong></span> <span class='ocrx_word' id='word_1_272' title='bbox 2688 3462 2844 3510; x_wconf 91' lang='lat' dir='ltr'><strong>vero</strong></span> <span class='ocrx_word' id='word_1_273' title='bbox 2897 3446 3193 3525; x_wconf 89' lang='lat' dir='ltr'><strong>crimine,</strong></span> <span class='ocrx_word' id='word_1_274' title='bbox 3237 3445 3586 3509; x_wconf 87' lang='lat' dir='ltr'><strong>varietates</strong></span> <span class='ocrx_word' id='word_1_275' title='bbox 3631 3445 3780 3527; x_wconf 89' lang='lat' dir='ltr'><strong>ejus</strong></span> <span class='ocrx_word' id='word_1_276' title='bbox 3827 3465 3966 3513; x_wconf 89' lang='lat' dir='ltr'><strong>non</strong></span> 
     </span>
    </p>

    <p class='ocr_par' dir='ltr' id='par_1_14' title="bbox 570 3559 3968 3878">
     <span class='ocr_line' id='line_1_24' title="bbox 621 3559 3966 3645; baseline 0 -17"><span class='ocrx_word' id='word_1_277' title='bbox 621 3584 695 3640; x_wconf 78' lang='lat' dir='ltr'><strong>cs.</strong></span> <span class='ocrx_word' id='word_1_278' title='bbox 732 3583 833 3627; x_wconf 68' lang='lat' dir='ltr'><strong>aaz.</strong></span> <span class='ocrx_word' id='word_1_279' title='bbox 862 3564 1120 3629; x_wconf 88' lang='lat' dir='ltr'><strong>dubitet</strong></span> <span class='ocrx_word' id='word_1_280' title='bbox 1156 3563 1571 3645; x_wconf 89' lang='lat' dir='ltr'><strong>investigare,</strong></span> <span class='ocrx_word' id='word_1_281' title='bbox 1602 3564 1668 3626; x_wconf 91' lang='lat' dir='ltr'><strong>et</strong></span> <span class='ocrx_word' id='word_1_282' title='bbox 1695 3563 1915 3627; x_wconf 90' lang='lat' dir='ltr'><strong>locum</strong></span> <span class='ocrx_word' id='word_1_283' title='bbox 1946 3563 2011 3626; x_wconf 91' lang='lat' dir='ltr'><strong>et</strong></span> <span class='ocrx_word' id='word_1_284' title='bbox 2038 3565 2304 3644; x_wconf 89' lang='lat' dir='ltr'><strong>tempus</strong></span> <span class='ocrx_word' id='word_1_285' title='bbox 2332 3564 2397 3626; x_wconf 86' lang='lat' dir='ltr'><strong>et</strong></span> <span class='ocrx_word' id='word_1_286' title='bbox 2425 3562 2639 3626; x_wconf 87' lang='lat' dir='ltr'><strong>cetera</strong></span> <span class='ocrx_word' id='word_1_287' title='bbox 2665 3579 2814 3644; x_wconf 82' lang='lat' dir='ltr'><strong>quae</strong></span> <span class='ocrx_word' id='word_1_288' title='bbox 2851 3579 3051 3643; x_wconf 91' lang='lat' dir='ltr'><strong>supra</strong></span> <span class='ocrx_word' id='word_1_289' title='bbox 3084 3560 3402 3624; x_wconf 83' lang='lat' dir='ltr'><strong>diximus.</strong></span> <span class='ocrx_word' id='word_1_290' title='bbox 3436 3559 3692 3634; x_wconf 86' lang='lat' dir='ltr'><strong>Quibus</strong></span> <span class='ocrx_word' id='word_1_291' title='bbox 3729 3565 3966 3645; x_wconf 88' lang='lat' dir='ltr'><strong>cogni-</strong></span> 
     </span>
     <span class='ocr_line' id='line_1_25' title="bbox 570 3650 3968 3764; baseline -0.001 -18"><span class='ocrx_word' id='word_1_292' title='bbox 570 3661 637 3690; x_wconf 45' lang='grc' dir='ltr'><strong>’γ’</strong></span> <span class='ocrx_word' id='word_1_293' title='bbox 658 3650 707 3691; x_wconf 62' lang='grc' dir='ltr'><strong>Α“</strong></span> <span class='ocrx_word' id='word_1_294' title='bbox 864 3683 972 3764; x_wconf 89' lang='lat' dir='ltr'><strong>tis,</strong></span> <span class='ocrx_word' id='word_1_295' title='bbox 1006 3681 1179 3745; x_wconf 90' lang='lat' dir='ltr'><strong>adsit</strong></span> <span class='ocrx_word' id='word_1_296' title='bbox 1216 3678 1601 3760; x_wconf 89' lang='lat' dir='ltr'><strong>benevolus,</strong></span> <span class='ocrx_word' id='word_1_297' title='bbox 1642 3681 1909 3762; x_wconf 86' lang='lat' dir='ltr'><strong>paratus</strong></span> <span class='ocrx_word' id='word_1_298' title='bbox 1946 3679 2194 3760; x_wconf 87' lang='lat' dir='ltr'><strong>erigere</strong></span> <span class='ocrx_word' id='word_1_299' title='bbox 2235 3681 2300 3742; x_wconf 94' lang='lat' dir='ltr'><strong>et</strong></span> <span class='ocrx_word' id='word_1_300' title='bbox 2335 3695 2560 3743; x_wconf 85' lang='lat' dir='ltr'><strong>secum</strong></span> <span class='ocrx_word' id='word_1_301' title='bbox 2607 3695 2775 3743; x_wconf 90' lang='lat' dir='ltr'><strong>onus</strong></span> <span class='ocrx_word' id='word_1_302' title='bbox 2821 3679 3121 3761; x_wconf 84' lang='lat' dir='ltr'><strong>portare;</strong></span> <span class='ocrx_word' id='word_1_303' title='bbox 3160 3678 3397 3744; x_wconf 89' lang='lat' dir='ltr'><strong>habeat</strong></span> <span class='ocrx_word' id='word_1_304' title='bbox 3431 3679 3851 3744; x_wconf 86' lang='lat' dir='ltr'><strong>dulcedinem</strong></span> <span class='ocrx_word' id='word_1_305' title='bbox 3897 3681 3968 3743; x_wconf 91' lang='lat' dir='ltr'><strong>in</strong></span> 
     </span>
     <span class='ocr_line' id='line_1_26' title="bbox 860 3794 3968 3878; baseline -0 -17"><span class='ocrx_word' id='word_1_306' title='bbox 860 3797 1224 3876; x_wconf 82' lang='lat' dir='ltr'><strong>affectione,</strong></span> <span class='ocrx_word' id='word_1_307' title='bbox 1266 3796 1728 3861; x_wconf 89' lang='lat' dir='ltr'><strong>discretionem</strong></span> <span class='ocrx_word' id='word_1_308' title='bbox 1777 3795 1847 3858; x_wconf 90' lang='lat' dir='ltr'><strong>in</strong></span> <span class='ocrx_word' id='word_1_309' title='bbox 1884 3796 2220 3860; x_wconf 88' lang='lat' dir='ltr'><strong>varietate.</strong></span> <span class='ocrx_word' id='word_1_310' title='bbox 2259 3795 2508 3859; x_wconf 89' lang='lat' dir='ltr'><strong>Doceat</strong></span> <span class='ocrx_word' id='word_1_311' title='bbox 2544 3794 3118 3876; x_wconf 89' lang='lat' dir='ltr'><strong>perseverantiam,</strong></span> <span class='ocrx_word' id='word_1_312' title='bbox 3159 3797 3386 3860; x_wconf 90' lang='lat' dir='ltr'><strong>caveat</strong></span> <span class='ocrx_word' id='word_1_313' title='bbox 3429 3813 3512 3861; x_wconf 91' lang='lat' dir='ltr'><strong>ne</strong></span> <span class='ocrx_word' id='word_1_314' title='bbox 3559 3797 3844 3878; x_wconf 87' lang='lat' dir='ltr'><strong>corruat,</strong></span> <span class='ocrx_word' id='word_1_315' title='bbox 3883 3813 3968 3860; x_wconf 92' lang='lat' dir='ltr'><strong>ne</strong></span> 
     </span>
    </p>

    <p class='ocr_par' dir='ltr' id='par_1_15' title="bbox 856 3905 3969 3997">
     <span class='ocr_line' id='line_1_27' title="bbox 856 3905 3969 3997; baseline -0.001 -19"><span class='ocrx_word' id='word_1_316' title='bbox 856 3915 1035 3997; x_wconf 91' lang='lat' dir='ltr'><strong>juste</strong></span> <span class='ocrx_word' id='word_1_317' title='bbox 1070 3913 1300 3996; x_wconf 87' lang='lat' dir='ltr'><strong>perdat</strong></span> <span class='ocrx_word' id='word_1_318' title='bbox 1339 3912 1757 3994; x_wconf 85' lang='lat' dir='ltr'><strong>judiciariam</strong></span> <span class='ocrx_word' id='word_1_319' title='bbox 1794 3913 2211 3994; x_wconf 88' lang='lat' dir='ltr'><strong>potestatem.</strong></span> <span class='ocrx_word' id='word_1_320' title='bbox 2252 3911 2396 3975; x_wconf 91' lang='lat' dir='ltr'><strong>Etsi</strong></span> <span class='ocrx_word' id='word_1_321' title='bbox 2433 3911 2610 3975; x_wconf 89' lang='lat' dir='ltr'><strong>enim</strong></span> <span class='ocrx_word' id='word_1_322' title='bbox 2657 3911 3044 3992; x_wconf 88' lang='lat' dir='ltr'><strong>poenitentia</strong></span> <span class='ocrx_word' id='word_1_323' title='bbox 3077 3911 3290 3992; x_wconf 89' lang='lat' dir='ltr'><strong>possit</strong></span> <span class='ocrx_word' id='word_1_324' title='bbox 3331 3913 3392 3976; x_wconf 89' lang='lat' dir='ltr'><strong>ei</strong></span> <span class='ocrx_word' id='word_1_325' title='bbox 3439 3912 3776 3994; x_wconf 75' lang='lat' dir='ltr'><strong>acquirere</strong></span> <span class='ocrx_word' id='word_1_326' title='bbox 3801 3905 3969 3993; x_wconf 79' lang='lat' dir='ltr'><strong>&#39;gra-</strong></span> 
     </span>
    </p>

    <p class='ocr_par' dir='ltr' id='par_1_16' title="bbox 860 4027 3966 4227">
     <span class='ocr_line' id='line_1_28' title="bbox 861 4027 3966 4111; baseline -0.001 -15"><span class='ocrx_word' id='word_1_327' title='bbox 861 4033 1048 4111; x_wconf 90' lang='lat' dir='ltr'><strong>tiam,</strong></span> <span class='ocrx_word' id='word_1_328' title='bbox 1102 4048 1235 4094; x_wconf 92' lang='lat' dir='ltr'><strong>non</strong></span> <span class='ocrx_word' id='word_1_329' title='bbox 1291 4031 1511 4093; x_wconf 89' lang='lat' dir='ltr'><strong>tamen</strong></span> <span class='ocrx_word' id='word_1_330' title='bbox 1562 4047 1721 4093; x_wconf 88' lang='lat' dir='ltr'><strong>mox</strong></span> <span class='ocrx_word' id='word_1_331' title='bbox 1774 4028 2063 4094; x_wconf 88' lang='lat' dir='ltr'><strong>restituit</strong></span> <span class='ocrx_word' id='word_1_332' title='bbox 2113 4029 2183 4091; x_wconf 92' lang='lat' dir='ltr'><strong>in</strong></span> <span class='ocrx_word' id='word_1_333' title='bbox 2229 4030 2622 4110; x_wconf 87' lang='lat' dir='ltr'><strong>potestatem</strong></span> <span class='ocrx_word' id='word_1_334' title='bbox 2667 4028 2977 4110; x_wconf 89' lang='lat' dir='ltr'><strong>primam.</strong></span> <span class='ocrx_word' id='word_1_335' title='bbox 3026 4027 3168 4092; x_wconf 85' lang='lat' dir='ltr'><strong>Etsi</strong></span> <span class='ocrx_word' id='word_1_336' title='bbox 3219 4028 3456 4092; x_wconf 90' lang='lat' dir='ltr'><strong>Petrus</strong></span> <span class='ocrx_word' id='word_1_337' title='bbox 3505 4030 3656 4110; x_wconf 88' lang='lat' dir='ltr'><strong>post</strong></span> <span class='ocrx_word' id='word_1_338' title='bbox 3699 4028 3966 4111; x_wconf 89' lang='lat' dir='ltr'><strong>lapsum</strong></span> 
     </span>
     <span class='ocr_line' id='line_1_29' title="bbox 860 4143 3966 4227; baseline -0.001 -15"><span class='ocrx_word' id='word_1_339' title='bbox 860 4148 1205 4212; x_wconf 90' lang='lat' dir='ltr'><strong>restitutus</strong></span> <span class='ocrx_word' id='word_1_340' title='bbox 1252 4147 1474 4227; x_wconf 89' lang='lat' dir='ltr'><strong>fuerit,</strong></span> <span class='ocrx_word' id='word_1_341' title='bbox 1526 4147 1591 4210; x_wconf 93' lang='lat' dir='ltr'><strong>et</strong></span> <span class='ocrx_word' id='word_1_342' title='bbox 1636 4163 1812 4227; x_wconf 89' lang='lat' dir='ltr'><strong>saepe</strong></span> <span class='ocrx_word' id='word_1_343' title='bbox 1863 4145 2067 4227; x_wconf 88' lang='lat' dir='ltr'><strong>lapsis</strong></span> <span class='ocrx_word' id='word_1_344' title='bbox 2120 4144 2570 4209; x_wconf 89' lang='lat' dir='ltr'><strong>sacerdotibus</strong></span> <span class='ocrx_word' id='word_1_345' title='bbox 2625 4143 2879 4208; x_wconf 89' lang='lat' dir='ltr'><strong>reddita</strong></span> <span class='ocrx_word' id='word_1_346' title='bbox 2931 4143 3019 4206; x_wconf 91' lang='lat' dir='ltr'><strong>sit</strong></span> <span class='ocrx_word' id='word_1_347' title='bbox 3063 4143 3404 4224; x_wconf 88' lang='lat' dir='ltr'><strong>dignitatis</strong></span> <span class='ocrx_word' id='word_1_348' title='bbox 3451 4144 3785 4226; x_wconf 81' lang='lat' dir='ltr'><strong>potestas3</strong></span> <span class='ocrx_word' id='word_1_349' title='bbox 3831 4163 3966 4210; x_wconf 91' lang='lat' dir='ltr'><strong>non</strong></span> 
     </span>
    </p>

    <p class='ocr_par' dir='ltr' id='par_1_17' title="bbox 858 4259 3969 4343">
     <span class='ocr_line' id='line_1_30' title="bbox 858 4259 3969 4343; baseline -0.001 -15"><span class='ocrx_word' id='word_1_350' title='bbox 858 4268 1082 4329; x_wconf 90' lang='lat' dir='ltr'><strong>tamen</strong></span> <span class='ocrx_word' id='word_1_351' title='bbox 1121 4264 1222 4327; x_wconf 93' lang='lat' dir='ltr'><strong>est</strong></span> <span class='ocrx_word' id='word_1_352' title='bbox 1260 4279 1525 4327; x_wconf 91' lang='lat' dir='ltr'><strong>necesse</strong></span> <span class='ocrx_word' id='word_1_353' title='bbox 1562 4263 1637 4325; x_wconf 91' lang='lat' dir='ltr'><strong>ut</strong></span> <span class='ocrx_word' id='word_1_354' title='bbox 1678 4261 1986 4325; x_wconf 89' lang='lat' dir='ltr'><strong>omnibus</strong></span> <span class='ocrx_word' id='word_1_355' title='bbox 2028 4261 2422 4325; x_wconf 90' lang='lat' dir='ltr'><strong>concedatur</strong></span> <span class='ocrx_word' id='word_1_356' title='bbox 2456 4262 2646 4343; x_wconf 90' lang='lat' dir='ltr'><strong>quasi</strong></span> <span class='ocrx_word' id='word_1_357' title='bbox 2683 4278 2766 4324; x_wconf 83' lang='lat' dir='ltr'><strong>ex</strong></span> <span class='ocrx_word' id='word_1_358' title='bbox 2802 4260 3210 4324; x_wconf 88' lang='lat' dir='ltr'><strong>auctoritate.</strong></span> <span class='ocrx_word' id='word_1_359' title='bbox 3238 4259 3579 4323; x_wconf 85' lang='lat' dir='ltr'><strong>Invenitur</strong></span> <span class='ocrx_word' id='word_1_360' title='bbox 3608 4262 3969 4326; x_wconf 87' lang='lat' dir='ltr'><strong>auctoritas</strong></span> 
     </span>
    </p>

    <p class='ocr_par' dir='ltr' id='par_1_18' title="bbox 862 4375 3969 4464">
     <span class='ocr_line' id='line_1_31' title="bbox 862 4375 3969 4464; baseline -0.001 -20"><span class='ocrx_word' id='word_1_361' title='bbox 862 4399 1010 4464; x_wconf 77' lang='lat' dir='ltr'><strong>quae</strong></span> <span class='ocrx_word' id='word_1_362' title='bbox 1058 4380 1353 4444; x_wconf 90' lang='lat' dir='ltr'><strong>concedit</strong></span> <span class='ocrx_word' id='word_1_363' title='bbox 1403 4380 1469 4442; x_wconf 92' lang='lat' dir='ltr'><strong>et</strong></span> <span class='ocrx_word' id='word_1_364' title='bbox 1520 4379 1708 4459; x_wconf 87' lang='lat' dir='ltr'><strong>quasi</strong></span> <span class='ocrx_word' id='word_1_365' title='bbox 1761 4379 2083 4459; x_wconf 85' lang='lat' dir='ltr'><strong>imperat3</strong></span> <span class='ocrx_word' id='word_1_366' title='bbox 2135 4378 2468 4441; x_wconf 89' lang='lat' dir='ltr'><strong>invenitur</strong></span> <span class='ocrx_word' id='word_1_367' title='bbox 2511 4377 2867 4440; x_wconf 89' lang='lat' dir='ltr'><strong>auctoritas</strong></span> <span class='ocrx_word' id='word_1_368' title='bbox 2915 4375 3044 4439; x_wconf 89' lang='lat' dir='ltr'><strong>alia</strong></span> <span class='ocrx_word' id='word_1_369' title='bbox 3090 4393 3238 4457; x_wconf 86' lang='lat' dir='ltr'><strong>quae</strong></span> <span class='ocrx_word' id='word_1_370' title='bbox 3294 4391 3428 4439; x_wconf 89' lang='lat' dir='ltr'><strong>non</strong></span> <span class='ocrx_word' id='word_1_371' title='bbox 3479 4376 3803 4456; x_wconf 86' lang='lat' dir='ltr'><strong>concedit,</strong></span> <span class='ocrx_word' id='word_1_372' title='bbox 3851 4378 3969 4441; x_wconf 88' lang='lat' dir='ltr'><strong>sed</strong></span> 
     </span>
    </p>

    <p class='ocr_par' dir='ltr' id='par_1_19' title="bbox 570 4491 3972 4925">
     <span class='ocr_line' id='line_1_32' title="bbox 861 4491 3966 4576; baseline -0.001 -16"><span class='ocrx_word' id='word_1_373' title='bbox 861 4498 1060 4561; x_wconf 90' lang='lat' dir='ltr'><strong>vetat.</strong></span> <span class='ocrx_word' id='word_1_374' title='bbox 1118 4495 1280 4569; x_wconf 79' lang='lat' dir='ltr'><strong>Quae</strong></span> <span class='ocrx_word' id='word_1_375' title='bbox 1331 4495 1671 4576; x_wconf 86' lang='lat' dir='ltr'><strong>scripturae</strong></span> <span class='ocrx_word' id='word_1_376' title='bbox 1717 4511 1851 4557; x_wconf 90' lang='lat' dir='ltr'><strong>non</strong></span> <span class='ocrx_word' id='word_1_377' title='bbox 1902 4493 2290 4575; x_wconf 88' lang='lat' dir='ltr'><strong>repugnant,</strong></span> <span class='ocrx_word' id='word_1_378' title='bbox 2349 4493 2466 4557; x_wconf 90' lang='lat' dir='ltr'><strong>sed</strong></span> <span class='ocrx_word' id='word_1_379' title='bbox 2521 4493 2936 4556; x_wconf 88' lang='lat' dir='ltr'><strong>concordant.</strong></span> <span class='ocrx_word' id='word_1_380' title='bbox 2989 4491 3209 4565; x_wconf 92' lang='lat' dir='ltr'><strong>Quum</strong></span> <span class='ocrx_word' id='word_1_381' title='bbox 3261 4491 3438 4554; x_wconf 91' lang='lat' dir='ltr'><strong>enim</strong></span> <span class='ocrx_word' id='word_1_382' title='bbox 3487 4491 3588 4553; x_wconf 87' lang='lat' dir='ltr'><strong>tot</strong></span> <span class='ocrx_word' id='word_1_383' title='bbox 3641 4493 3802 4555; x_wconf 92' lang='lat' dir='ltr'><strong>sunt</strong></span> <span class='ocrx_word' id='word_1_384' title='bbox 3850 4494 3966 4574; x_wconf 89' lang='lat' dir='ltr'><strong>qui</strong></span> 
     </span>
     <span class='ocr_line' id='line_1_33' title="bbox 862 4607 3969 4692; baseline -0.002 -15"><span class='ocrx_word' id='word_1_385' title='bbox 862 4612 1193 4691; x_wconf 87' lang='lat' dir='ltr'><strong>labuntur,</strong></span> <span class='ocrx_word' id='word_1_386' title='bbox 1226 4612 1302 4674; x_wconf 89' lang='lat' dir='ltr'><strong>ut</strong></span> <span class='ocrx_word' id='word_1_387' title='bbox 1330 4611 1677 4692; x_wconf 88' lang='lat' dir='ltr'><strong>pristinam</strong></span> <span class='ocrx_word' id='word_1_388' title='bbox 1716 4609 2103 4692; x_wconf 88' lang='lat' dir='ltr'><strong>dignitatern</strong></span> <span class='ocrx_word' id='word_1_389' title='bbox 2145 4627 2228 4674; x_wconf 83' lang='lat' dir='ltr'><strong>ex</strong></span> <span class='ocrx_word' id='word_1_390' title='bbox 2263 4610 2649 4674; x_wconf 90' lang='lat' dir='ltr'><strong>auctoritate</strong></span> <span class='ocrx_word' id='word_1_391' title='bbox 2685 4607 3062 4688; x_wconf 87' lang='lat' dir='ltr'><strong>defendant,</strong></span> <span class='ocrx_word' id='word_1_392' title='bbox 3094 4610 3159 4672; x_wconf 91' lang='lat' dir='ltr'><strong>et</strong></span> <span class='ocrx_word' id='word_1_393' title='bbox 3187 4608 3377 4690; x_wconf 90' lang='lat' dir='ltr'><strong>quasi</strong></span> <span class='ocrx_word' id='word_1_394' title='bbox 3414 4625 3614 4672; x_wconf 90' lang='lat' dir='ltr'><strong>usum</strong></span> <span class='ocrx_word' id='word_1_395' title='bbox 3651 4609 3969 4689; x_wconf 88' lang='lat' dir='ltr'><strong>peccandi</strong></span> 
     </span>
     <span class='ocr_line' id='line_1_34' title="bbox 570 4723 3967 4808; baseline -0.003 -11"><span class='ocrx_word' id='word_1_396' title='bbox 570 4753 835 4798; x_wconf 52' lang='lat' dir='ltr'><strong>wemma.</strong></span> <span class='ocrx_word' id='word_1_397' title='bbox 861 4728 991 4793; x_wconf 90' lang='lat' dir='ltr'><strong>sibi</strong></span> <span class='ocrx_word' id='word_1_398' title='bbox 1034 4728 1315 4808; x_wconf 83' lang='lat' dir='ltr'><strong>faciant3</strong></span> <span class='ocrx_word' id='word_1_399' title='bbox 1356 4727 1783 4790; x_wconf 88' lang='lat' dir='ltr'><strong>rescindenda</strong></span> <span class='ocrx_word' id='word_1_400' title='bbox 1804 4723 1829 4748; x_wconf 91' lang='lat'><strong>*</strong></span> <span class='ocrx_word' id='word_1_401' title='bbox 1866 4728 1967 4790; x_wconf 89' lang='lat' dir='ltr'><strong>est</strong></span> <span class='ocrx_word' id='word_1_402' title='bbox 2002 4744 2155 4807; x_wconf 88' lang='lat' dir='ltr'><strong>spes</strong></span> <span class='ocrx_word' id='word_1_403' title='bbox 2197 4726 2346 4788; x_wconf 88' lang='lat' dir='ltr'><strong>ista.</strong></span> <span class='ocrx_word' id='word_1_404' title='bbox 2388 4725 2459 4790; x_wconf 88' lang='lat' dir='ltr'><strong>Si</strong></span> <span class='ocrx_word' id='word_1_405' title='bbox 2497 4742 2652 4789; x_wconf 91' lang='lat' dir='ltr'><strong>vero</strong></span> <span class='ocrx_word' id='word_1_406' title='bbox 2693 4725 2882 4788; x_wconf 91' lang='lat' dir='ltr'><strong>locus</strong></span> <span class='ocrx_word' id='word_1_407' title='bbox 2918 4725 3019 4788; x_wconf 87' lang='lat' dir='ltr'><strong>est</strong></span> <span class='ocrx_word' id='word_1_408' title='bbox 3054 4723 3169 4787; x_wconf 91' lang='lat' dir='ltr'><strong>ubi</strong></span> <span class='ocrx_word' id='word_1_409' title='bbox 3207 4724 3334 4788; x_wconf 88' lang='lat' dir='ltr'><strong>ista</strong></span> <span class='ocrx_word' id='word_1_410' title='bbox 3369 4741 3502 4787; x_wconf 91' lang='lat' dir='ltr'><strong>non</strong></span> <span class='ocrx_word' id='word_1_411' title='bbox 3547 4725 3967 4805; x_wconf 89' lang='lat' dir='ltr'><strong>concurrant,</strong></span> 
     </span>
     <span class='ocr_line' id='line_1_35' title="bbox 863 4838 3972 4925; baseline -0.002 -17"><span class='ocrx_word' id='word_1_412' title='bbox 863 4844 1121 4909; x_wconf 90' lang='lat' dir='ltr'><strong>restitui</strong></span> <span class='ocrx_word' id='word_1_413' title='bbox 1156 4843 1437 4925; x_wconf 88' lang='lat' dir='ltr'><strong>possunt</strong></span> <span class='ocrx_word' id='word_1_414' title='bbox 1471 4843 1587 4923; x_wconf 89' lang='lat' dir='ltr'><strong>qui</strong></span> <span class='ocrx_word' id='word_1_415' title='bbox 1629 4843 1925 4924; x_wconf 87' lang='lat' dir='ltr'><strong>peccant.</strong></span> <span class='ocrx_word' id='word_1_416' title='bbox 1958 4877 2047 4887; x_wconf 90' lang='lat'><strong>—-</strong></span> <span class='ocrx_word' id='word_1_417' title='bbox 2072 4841 2177 4904; x_wconf 84' lang='lat' dir='ltr'><strong>Ex</strong></span> <span class='ocrx_word' id='word_1_418' title='bbox 2213 4841 2320 4904; x_wconf 91' lang='lat' dir='ltr'><strong>his</strong></span> <span class='ocrx_word' id='word_1_419' title='bbox 2357 4841 2519 4904; x_wconf 86' lang='lat' dir='ltr'><strong>satis</strong></span> <span class='ocrx_word' id='word_1_420' title='bbox 2561 4839 3006 4922; x_wconf 89' lang='lat' dir='ltr'><strong>perpenditur,</strong></span> <span class='ocrx_word' id='word_1_421' title='bbox 3040 4839 3257 4921; x_wconf 87' lang='lat' dir='ltr'><strong>qualis</strong></span> <span class='ocrx_word' id='word_1_422' title='bbox 3295 4838 3529 4903; x_wconf 89' lang='lat' dir='ltr'><strong>debeat</strong></span> <span class='ocrx_word' id='word_1_423' title='bbox 3567 4855 3710 4902; x_wconf 89' lang='lat' dir='ltr'><strong>esse</strong></span> <span class='ocrx_word' id='word_1_424' title='bbox 3751 4855 3972 4904; x_wconf 86' lang='lat' dir='ltr'><strong>sacer-</strong></span> 
     </span>
    </p>

    <p class='ocr_par' dir='ltr' id='par_1_20' title="bbox 568 4955 3974 5274">
     <span class='ocr_line' id='line_1_36' title="bbox 862 4955 3972 5042; baseline -0.001 -18"><span class='ocrx_word' id='word_1_425' title='bbox 862 4962 985 5024; x_wconf 94' lang='lat' dir='ltr'><strong>dos</strong></span> <span class='ocrx_word' id='word_1_426' title='bbox 1030 4961 1147 5042; x_wconf 88' lang='lat' dir='ltr'><strong>qui</strong></span> <span class='ocrx_word' id='word_1_427' title='bbox 1196 4959 1363 5023; x_wconf 90' lang='lat' dir='ltr'><strong>alios</strong></span> <span class='ocrx_word' id='word_1_428' title='bbox 1418 4958 1579 5040; x_wconf 86' lang='lat' dir='ltr'><strong>ligat</strong></span> <span class='ocrx_word' id='word_1_429' title='bbox 1630 4959 1695 5022; x_wconf 93' lang='lat' dir='ltr'><strong>et</strong></span> <span class='ocrx_word' id='word_1_430' title='bbox 1742 4958 1965 5038; x_wconf 90' lang='lat' dir='ltr'><strong>solvit,</strong></span> <span class='ocrx_word' id='word_1_431' title='bbox 2012 4957 2337 5021; x_wconf 89' lang='lat' dir='ltr'><strong>discretus</strong></span> <span class='ocrx_word' id='word_1_432' title='bbox 2387 4956 2638 5020; x_wconf 90' lang='lat' dir='ltr'><strong>scilicet</strong></span> <span class='ocrx_word' id='word_1_433' title='bbox 2687 4957 2752 5020; x_wconf 92' lang='lat' dir='ltr'><strong>et</strong></span> <span class='ocrx_word' id='word_1_434' title='bbox 2791 4955 3052 5037; x_wconf 89' lang='lat' dir='ltr'><strong>justus;</strong></span> <span class='ocrx_word' id='word_1_435' title='bbox 3089 4955 3338 5037; x_wconf 90' lang='lat' dir='ltr'><strong>alioqui</strong></span> <span class='ocrx_word' id='word_1_436' title='bbox 3386 4955 3740 5018; x_wconf 85' lang='lat' dir='ltr'><strong>mortificat</strong></span> <span class='ocrx_word' id='word_1_437' title='bbox 3790 4973 3972 5038; x_wconf 84' lang='lat' dir='ltr'><strong>saepe</strong></span> 
     </span>
     <span class='ocr_line' id='line_1_37' title="bbox 863 5070 3974 5157; baseline -0.002 -16"><span class='ocrx_word' id='word_1_438' title='bbox 863 5078 1120 5141; x_wconf 86' lang='lat' dir='ltr'><strong>animas</strong></span> <span class='ocrx_word' id='word_1_439' title='bbox 1162 5093 1310 5157; x_wconf 83' lang='lat' dir='ltr'><strong>quae</strong></span> <span class='ocrx_word' id='word_1_440' title='bbox 1356 5092 1489 5138; x_wconf 91' lang='lat' dir='ltr'><strong>non</strong></span> <span class='ocrx_word' id='word_1_441' title='bbox 1536 5075 1931 5152; x_wconf 88' lang='lat' dir='ltr'><strong>moriuntur,</strong></span> <span class='ocrx_word' id='word_1_442' title='bbox 1974 5075 2039 5137; x_wconf 92' lang='lat' dir='ltr'><strong>et</strong></span> <span class='ocrx_word' id='word_1_443' title='bbox 2079 5073 2370 5136; x_wconf 84' lang='lat' dir='ltr'><strong>vivificat</strong></span> <span class='ocrx_word' id='word_1_444' title='bbox 2411 5090 2559 5154; x_wconf 84' lang='lat' dir='ltr'><strong>quae</strong></span> <span class='ocrx_word' id='word_1_445' title='bbox 2601 5089 2734 5136; x_wconf 91' lang='lat' dir='ltr'><strong>non</strong></span> <span class='ocrx_word' id='word_1_446' title='bbox 2777 5072 3033 5150; x_wconf 89' lang='lat' dir='ltr'><strong>vivunt,</strong></span> <span class='ocrx_word' id='word_1_447' title='bbox 3087 5072 3154 5134; x_wconf 88' lang='lat' dir='ltr'><strong>et</strong></span> <span class='ocrx_word' id='word_1_448' title='bbox 3189 5071 3283 5134; x_wconf 90' lang='lat' dir='ltr'><strong>ita</strong></span> <span class='ocrx_word' id='word_1_449' title='bbox 3319 5070 3552 5134; x_wconf 90' lang='lat' dir='ltr'><strong>incidit</strong></span> <span class='ocrx_word' id='word_1_450' title='bbox 3593 5071 3661 5133; x_wconf 91' lang='lat' dir='ltr'><strong>in</strong></span> <span class='ocrx_word' id='word_1_451' title='bbox 3695 5071 3974 5136; x_wconf 89' lang='lat' dir='ltr'><strong>maledi-</strong></span> 
     </span>
     <span class='ocr_line' id='line_1_38' title="bbox 568 5185 3973 5274; baseline -0.002 -16"><span class='ocrx_word' id='word_1_452' title='bbox 568 5215 837 5268; x_wconf 61' lang='lat' dir='ltr'><strong>uazacm,</strong></span> <span class='ocrx_word' id='word_1_453' title='bbox 864 5195 1102 5258; x_wconf 90' lang='lat' dir='ltr'><strong>ctionis</strong></span> <span class='ocrx_word' id='word_1_454' title='bbox 1134 5192 1484 5274; x_wconf 91' lang='lat' dir='ltr'><strong>judicium.</strong></span> <span class='ocrx_word' id='word_1_455' title='bbox 1520 5190 1693 5254; x_wconf 90' lang='lat' dir='ltr'><strong>Illud</strong></span> <span class='ocrx_word' id='word_1_456' title='bbox 1732 5192 1953 5254; x_wconf 90' lang='lat' dir='ltr'><strong>autem</strong></span> <span class='ocrx_word' id='word_1_457' title='bbox 1988 5189 2354 5269; x_wconf 86' lang='lat' dir='ltr'><strong>Malachiae,</strong></span> <span class='ocrx_word' id='word_1_458' title='bbox 2395 5189 2668 5269; x_wconf 90' lang='lat' dir='ltr'><strong>scilicet,</strong></span> <span class='ocrx_word' id='word_1_459' title='bbox 2699 5188 3088 5253; x_wconf 89' lang='lat' dir='ltr'><strong>Maledicam</strong></span> <span class='ocrx_word' id='word_1_460' title='bbox 3125 5185 3694 5251; x_wconf 89' lang='lat' dir='ltr'><strong>benedictionibus</strong></span> <span class='ocrx_word' id='word_1_461' title='bbox 3727 5189 3973 5252; x_wconf 58' lang='lat' dir='ltr'><strong>vostris</strong></span> 
     </span>
    </p>
   </div>
   <div class='ocr_carea' id='block_1_5' title="bbox 569 5279 3972 5393">
    <p class='ocr_par' dir='ltr' id='par_1_21' title="bbox 569 5279 3972 5393">
     <span class='ocr_line' id='line_1_39' title="bbox 569 5279 3972 5393; baseline -0.002 -18"><span class='ocrx_word' id='word_1_462' title='bbox 569 5279 612 5321; x_wconf 71' lang='lat'><strong>²¹</strong></span> <span class='ocrx_word' id='word_1_463' title='bbox 866 5309 1033 5393; x_wconf 89' lang='lat' dir='ltr'><strong>(sive</strong></span> <span class='ocrx_word' id='word_1_464' title='bbox 1070 5326 1268 5392; x_wconf 89' lang='lat' dir='ltr'><strong>super</strong></span> <span class='ocrx_word' id='word_1_465' title='bbox 1302 5307 1649 5373; x_wconf 78' lang='lat' dir='ltr'><strong>haereticos</strong></span> <span class='ocrx_word' id='word_1_466' title='bbox 1690 5307 1945 5371; x_wconf 88' lang='lat' dir='ltr'><strong>tantum</strong></span> <span class='ocrx_word' id='word_1_467' title='bbox 1985 5307 2052 5370; x_wconf 90' lang='lat' dir='ltr'><strong>et</strong></span> <span class='ocrx_word' id='word_1_468' title='bbox 2088 5306 2715 5385; x_wconf 80' lang='lat' dir='ltr'><strong>excommunicatoS,</strong></span> <span class='ocrx_word' id='word_1_469' title='bbox 2755 5305 2896 5368; x_wconf 88' lang='lat' dir='ltr'><strong>sive</strong></span> <span class='ocrx_word' id='word_1_470' title='bbox 2933 5321 3130 5386; x_wconf 91' lang='lat' dir='ltr'><strong>super</strong></span> <span class='ocrx_word' id='word_1_471' title='bbox 3171 5319 3402 5368; x_wconf 89' lang='lat' dir='ltr'><strong>omnes</strong></span> <span class='ocrx_word' id='word_1_472' title='bbox 3445 5302 3820 5368; x_wconf 85' lang='lat' dir='ltr'><strong>sacerdotes</strong></span> <span class='ocrx_word' id='word_1_473' title='bbox 3853 5305 3972 5389; x_wconf 87' lang='lat' dir='ltr'><strong>qui</strong></span> 
     </span>
    </p>
   </div>
  </div>
 </body>
</html>
