4267 6250
527 501 616 547 An
655 499 948 550 cuais-rus
987 502 1054 549 m
1093 501 1495 550 samma-o
1534 501 1716 560 vm,
1754 501 2076 560 numm,
2115 501 2477 550 Acclvuwlt
2516 503 2597 550 An
2634 503 3065 561 monumen,
3102 501 3230 550 mc.
3312 483 3431 548 231

319 669 474 734 tius.
509 672 721 734 Prima
767 679 866 735 est
909 690 1085 735 error
1129 671 1303 734 circa
1346 671 1678 734 veritatem
1731 688 1831 735 co-
1859 671 1911 734 A
1939 677 2139 746 ctum,
2162 672 2332 754 quod
2364 671 2472 735 lux
2502 673 2779 737 exterior
2805 675 2883 736 ad
2914 673 3147 737 visum.
3167 673 3245 738 Et
3271 674 3439 740 sicut

325 770 685 845 mestionis,
717 789 911 853 quam
955 770 1190 853 puerili
1236 768 1604 852 insipientia
1647 785 1828 830 voca-

321 876 560 930 verunt
615 869 822 951 ipsam
879 868 1218 932 cibationis
1277 866 1826 950 praeparationem,

325 966 612 1029 dicentes
671 967 877 1048 ipsam
935 966 1066 1029 cibi
1131 966 1632 1029 masticationem
1691 983 1830 1028 esse

325 1065 810 1140 comestionem,
870 1073 1224 1129 asserentes
1293 1065 1511 1127 cibum
1579 1063 1827 1127 comedi

325 1163 584 1244 quando
611 1163 678 1224 in
709 1179 821 1226 ore
859 1165 1087 1226 teritur
1125 1171 1192 1226 et
1227 1163 1527 1226 dentibus
1571 1161 1831 1224 molitur

323 1269 436 1323 aut
463 1261 532 1322 in
563 1269 854 1324 ventrem
889 1262 1238 1343 trajicitur3
1267 1262 1628 1343 ignorantes
1659 1260 1828 1342 quod

325 1378 562 1442 corpus
607 1360 906 1423 animalis
953 1368 1052 1422 est
1091 1361 1270 1423 velut
1311 1361 1538 1423 domus
1587 1366 1826 1432 ornata,

327 1459 575 1521 munita
601 1477 678 1520 ae
707 1468 1060 1542 praeparata
1087 1458 1502 1522 sufficientiis
1541 1457 1831 1521 officina-

327 1576 468 1619 rum
509 1565 704 1638 atque
743 1575 1064 1632 vasorum,
1097 1564 1162 1620 et
1199 1559 1370 1639 quod
1411 1558 1476 1618 in
1513 1573 1590 1620 eo
1629 1563 1728 1619 est
1759 1574 1830 1619 os

327 1655 494 1718 sicut
543 1655 983 1718 molendinum
1033 1655 1170 1718 sive
1228 1655 1625 1727 mortarium,
1677 1673 1825 1717 cum

327 1753 768 1816 instrumentis
817 1755 1194 1817 necessariis
1238 1754 1318 1816 ad
1365 1754 1699 1816 terendum
1748 1753 1828 1816 si-

1940 768 2122 832 cibus
2154 788 2496 852 corporeus
2528 769 2781 835 roborat
2806 789 3061 854 corpus,
3079 771 3173 834 sic
3201 773 3436 837 veritas

1940 887 2056 931 sua
2083 868 2467 931 certitudine
2495 867 2749 932 roborat
2786 869 3205 944 intellectum,
3238 891 3439 954 quum

1940 967 2000 1028 ei
2045 966 2241 1029 fuerit
2288 966 2569 1050 perfecte
2619 969 2815 1030 unita.
2861 969 3149 1051 Denique
3196 968 3249 1032 si
3298 970 3442 1033 dili-

1939 1071 2161 1147 genter
2192 1066 2583 1147 pensaveris,
2616 1066 2905 1130 invenies
2934 1067 3135 1130 solam
3163 1067 3440 1150 primam

1941 1162 2507 1227 luminosissimam
2546 1164 2878 1227 veritatem
2924 1165 3257 1228 verissime
3302 1185 3443 1230 esse

1939 1261 2157 1323 cibum
2189 1262 2491 1344 potentiae
2522 1262 2949 1336 intellectivae,
2980 1281 3054 1326 ac
3085 1263 3285 1326 solam
3316 1264 3445 1347 pri-

1941 1378 2108 1421 mam
2158 1361 2845 1442 supermundissimam
2898 1359 3249 1424 bonitatem
3300 1381 3441 1426 esse

1937 1457 2158 1520 cibum
2190 1458 2389 1520 nostri
2420 1459 2771 1540 superioris
2808 1458 3104 1523 affectus.
3136 1459 3441 1543 Propriis·

1938 1556 2102 1618 sime
2150 1555 2389 1619 etenim
2438 1555 2621 1618 cibus
2670 1563 2787 1630 est,
2838 1557 3024 1638 cujus
3072 1559 3436 1641 sumptione

1939 1655 2197 1717 sedatur
2223 1655 2597 1718 naturaliter
2632 1655 2856 1730 fames„
2888 1658 3228 1721 comedens
3265 1657 3435 1722 dele-

1939 1760 2169 1828 ctatur,
2200 1753 2602 1835 deperditum
2642 1763 2993 1836 reparatur,
3032 1755 3281 1818 cibatus
3324 1775 3433 1820 au-

327 1870 402 1914 ve
434 1853 842 1934 pinsendum.
877 1852 1424 1926 Quemadmodum
1453 1869 1605 1934 ergo
1641 1852 1824 1914 cibus
1862 1857 1910 1920 B
1939 1857 2145 1933 getur,
2164 1850 2455 1914 reficitur
2482 1870 2555 1914 ac
2586 1852 2886 1934 repletur.
2908 1853 3163 1916 Constat
3192 1862 3429 1929 autem,

328 1950 630 2032 quamdiu
660 1951 872 2013 adhuc
903 1951 967 2012 in
1001 1950 1368 2014 molendino
1393 1957 1505 2013 aut
1535 1950 1830 2013 mortario

329 2057 442 2124 est,
473 2050 764 2112 nondum
807 2049 1184 2124 comeditur,
1227 2049 1336 2112 sed
1379 2050 1456 2112 ad
1497 2048 1828 2112 comestio-

329 2167 472 2211 nem
525 2156 824 2230 paratur;
884 2149 976 2210 sic
1035 2149 1320 2211 nondum
1382 2147 1820 2222 manducatur,

329 2247 580 2327 quando
629 2246 694 2308 in
743 2262 856 2308 ore
901 2253 1208 2308 versatur.
1239 2245 1426 2308 Juxta
1472 2245 1643 2307 hunc
1695 2262 1825 2307 mo-

329 2344 475 2405 dum
521 2343 888 2406 stomachus
935 2343 1211 2425 coquina
1249 2351 1348 2406 est
1391 2361 1504 2406 seu
1551 2343 1680 2406 olla
1725 2360 1826 2405 co-

329 2441 618 2523 quinaria
645 2441 710 2504 in
743 2441 968 2504 eadem
997 2441 1210 2514 domo,
1243 2440 1352 2503 ubi
1395 2442 1604 2522 primo
1641 2441 1824 2502 cibus

331 2540 644 2622 coquitur,
677 2539 1009 2621 digeritur,
1041 2540 1408 2622 depuratur.
1434 2541 1522 2602 De
1551 2557 1680 2621 quo
1710 2539 1825 2601 im-

332 2657 556 2720 purum
611 2637 678 2700 in
725 2655 1050 2700 secessum
1099 2636 1452 2715 emittitur3
1501 2636 1822 2718 reliquum

329 2737 402 2798 ad
447 2737 666 2818 hepar,
699 2735 880 2817 quasi
923 2735 1001 2797 ad
1047 2734 1430 2798 nobiliorem
1479 2734 1819 2817 coquinam

329 2853 440 2896 seu
498 2834 718 2906 ollam,
779 2833 1186 2915 coquendum
1254 2840 1318 2895 et
1377 2833 1820 2915 deputandum

331 2934 790 2996 transmittitur.
827 2934 1002 2996 Unde
1034 2932 1358 3015 impurum
1392 2933 1459 2995 in
1499 2950 1821 2995 secessum

1938 1950 2107 2032 quod
2139 1950 2341 2013 fames
2372 1969 2484 2012 seu
2516 1950 2903 2013 desiderium
2944 1952 3143 2016 nostri
3185 1952 3432 2016 intelle-

1935 2057 2078 2111 ctus
2115 2067 2189 2111 ac
2228 2049 2427 2111 nostri
2468 2048 2736 2111 affectus
2778 2066 2905 2112 non
2944 2058 3171 2125 cessat,
3202 2067 3435 2132 quous-

1935 2166 2060 2230 que
2109 2147 2301 2230 pleno
2348 2165 2456 2210 ore
2502 2147 2753 2210 interno
2802 2148 3009 2231 prima
3051 2149 3317 2212 veritate
3358 2169 3433 2214 ac

1934 2264 2187 2308 summa
2216 2245 2499 2308 bonitate
2530 2245 2923 2320 reficiantur,
2956 2246 3023 2309 in
3060 2266 3189 2329 qua
3214 2256 3280 2311 et
3308 2268 3436 2311 ma-

1936 2343 2106 2406 xime
2152 2343 2569 2418 delectantur,
2611 2353 2945 2427 augentur,
2990 2346 3321 2428 replentur
3360 2366 3434 2410 ac

1935 2441 2408 2521 confortantur3
2440 2460 2559 2504 nec
2589 2442 2763 2505 aliud
2798 2449 3003 2505 totum
3035 2451 3345 2520 ventrem,
3370 2445 3432 2507 id

1934 2549 2030 2603 est
2079 2540 2493 2621 capacitatem
2541 2540 2903 2603 intellectus
2954 2549 3019 2604 et
3064 2541 3429 2618 voluntatis,

1933 2639 2100 2701 valet
2128 2639 2395 2721 replere.
2430 2637 2589 2701 Hinc
2619 2645 2686 2700 ut
2717 2639 2883 2701 Deus
2912 2658 2981 2701 se
3022 2639 3221 2721 magis
3258 2659 3433 2704 man-

1932 2737 2293 2799 ducabilem
2352 2736 2684 2800 exhiberet
2732 2737 3011 2819 parvulis
3070 2736 3224 2800 filiis
3270 2739 3427 2815 suis,

1930 2836 2138 2898 factus
2168 2843 2266 2898 est
2293 2836 2506 2910 homo,
2542 2835 2745 2897 factus
2784 2842 2883 2899 est
2920 2854 3088 2910 caro,
3122 2836 3305 2899 cibus
3334 2846 3433 2901 est

1932 2933 2448 3017 proportionatus
2478 2940 2709 2996 nostrae
2739 2933 3095 3015 capacitati,
3130 2935 3239 3016 qui
3280 2953 3430 2998 eum

329 3033 637 3095 emittitur
702 3031 1070 3110 urinalem3
1136 3030 1458 3114 reliquum
1526 3049 1678 3094 vero
1742 3032 1819 3094 ad
1857 3032 2000 3095 Cin
2049 3051 2181 3095 suae
2227 3031 2479 3094 deitatis
2538 3031 2680 3094 luce
2728 3031 3097 3113 conspicere
3146 3033 3431 3096 nondum

333 3130 614 3194 membra
656 3130 1065 3205 diffunditur,
1101 3130 1164 3192 in
1214 3129 1450 3212 quibus
1491 3130 1676 3193 tertia
1719 3132 1823 3193 de-

331 3229 612 3292 coctione
667 3228 980 3310 digeritur
1035 3234 1101 3291 et
1153 3228 1519 3309 depuratur.
1577 3228 1728 3292 Inde
1785 3248 1822 3291 a

333 3326 634 3390 membris
681 3326 954 3408 singulis
996 3326 1364 3401 assumitur,
1397 3334 1461 3389 et
1504 3326 1569 3388 in
1617 3328 1820 3389 nutri-

333 3434 612 3488 mentum
655 3425 1190 3508 proportionatur,
1223 3433 1290 3488 et
1326 3425 1420 3487 eis
1461 3426 1820 3508 incorpora-

329 3532 450 3597 tur,
492 3533 682 3606 atque
735 3524 816 3587 ab
861 3524 956 3586 eis
1005 3542 1154 3587 vere
1203 3524 1576 3586 comeditur.
1629 3525 1820 3587 Mani-

331 3622 558 3685 festum
605 3630 704 3685 est
757 3639 930 3703 ergo,
981 3638 1174 3703 quam
1233 3621 1418 3703 longe
1471 3642 1508 3684 a
1557 3623 1819 3687 veritate

331 3728 696 3784 erraverunt
737 3720 1018 3783 haeretici
1066 3720 1236 3782 circa
1279 3720 1672 3803 corporalem
1717 3739 1818 3785 co-

333 3819 720 3882 mestionem.

405 3916 690 3980 Secunda
728 3935 918 3979 causa
955 3916 1188 3979 erroris
1233 3934 1478 3990 eorum,
1510 3924 1609 3980 est
1645 3918 1818 3999 igno-

331 4017 531 4079 rantia
557 4014 983 4078 distinctionis
1009 4014 1176 4077 inter
1205 4016 1660 4079 comestionem
1689 4035 1820 4079 cor-

331 4115 606 4197 poralem
635 4133 708 4177 ac
739 4113 1158 4196 spiritualem.
1191 4114 1438 4197 Nempe
1474 4116 1644 4196 quod
1685 4135 1818 4179 cor-

1933 3132 2280 3216 potuimuS.
2321 3131 2455 3194 ·Sed
2505 3130 2809 3213 quoniam
2861 3150 3011 3193 eum
3060 3130 3126 3195 in
3175 3133 3433 3215 propria

1931 3230 2147 3313 specie
2189 3237 2253 3293 et
2290 3228 2499 3292 carnis
2540 3228 2763 3311 effigie
2805 3227 3029 3292 horror
3066 3239 3233 3293 esset
3270 3232 3433 3294 acci-

1931 3347 2105 3412 pere,
2141 3328 2434 3410 dignatus
2463 3335 2562 3390 est
2591 3327 2777 3390 nobis
2807 3346 2876 3391 se
2906 3327 3189 3410 praebere
3218 3348 3293 3393 ac
3321 3331 3429 3393 da-

1931 3446 1999 3489 re
2038 3427 2161 3490 sub
2199 3425 2538 3508 speciebus
2578 3427 2761 3508 panis
2802 3446 2875 3489 ac
2912 3426 3069 3501 vini,
3102 3447 3245 3510 quae
3280 3436 3431 3491 sunt

1928 3524 2273 3598 naturaleS,
2317 3542 2692 3587 communes
2736 3532 2801 3587 et·
2838 3526 3428 3590 convenientissimi

1932 3624 2058 3687 cibi
2093 3624 2291 3687 nostri
2322 3624 2387 3685 in
2418 3623 2548 3685 vita
2578 3623 2895 3705 praesenti,
2928 3624 3147 3705 sicque
3184 3625 3427 3689 animas

1930 3730 2177 3786 nostras
2210 3720 2619 3783 invisibiliter
2648 3740 2907 3803 pascere
2942 3740 3016 3783 ac
3046 3720 3330 3796 firmare,
3363 3730 3429 3785 et

1930 3839 2046 3904 per
2093 3818 2424 3883 sensibilia
2472 3818 2651 3899 signa
2700 3819 3109 3901 praefigurare
3154 3819 3430 3902 qualiter

1927 3936 2044 3981 nos
2075 3920 2139 3981 in
2174 3917 2389 3979 futuro
2418 3916 2651 3980 saeculo
2679 3916 2951 3997 gloriose
2980 3917 3431 3999 reficiet,aper-

1927 4026 2012 4091 ta,
2045 4016 2410 4079 immediata
2442 4034 2515 4078 ac
2546 4014 2879 4097 splendida
2909 4014 3153 4079 visione
3182 4023 3245 4078 et
3273 4014 3429 4078 frui-

1927 4116 2100 4178 tione
2162 4134 2291 4177 suae
2356 4112 3087 4196 supersplendidissimae
3147 4112 3423 4187 deitatis,

329 4213 526 4295 porali
557 4212 946 4277 comestione
977 4212 1353 4285 comeditur,
1383 4220 1450 4275 et
1477 4215 1818 4277 nutriendo
1847 4224 1896 4286 D
1927 4223 2116 4296 atque
2160 4220 2503 4294 assumptae
2541 4211 3095 4294 glorificatissimae
3132 4212 3425 4275 humani-

329 4311 572 4393 corpori
601 4311 1062 4393 incorporatur,
1082 4328 1341 4373 necesse
1370 4318 1468 4373 est
1493 4330 1532 4373 a
1561 4313 1818 4394 propria

332 4409 530 4473 forma
557 4410 776 4473 nudari
807 4428 922 4492 per
945 4409 1418 4491 corruptionem
1445 4410 1816 4475 substantiae

331 4528 478 4581 suae,
491 4516 560 4569 ut
587 4507 788 4571 forma
819 4507 1142 4570 nutriendi
1175 4508 1458 4589 corporis
1488 4509 1810 4572 vestiatur.

332 4607 398 4667 ln
441 4608 820 4670 comestione
869 4614 1082 4668 autem
1125 4605 1440 4687 spirituali
1489 4613 1587 4669 est
1633 4625 1817 4669 econ-

333 4704 524 4766 trario
553 4721 567 4766 :
597 4705 898 4787 quoniam
947 4703 1132 4766 cibus
1179 4703 1529 4786 spiritualis
1578 4713 1815 4786 quanto

333 4802 531 4884 magis
557 4802 981 4885 incorruptus,
1014 4810 1248 4884 quanto
1285 4802 1430 4885 plus
1469 4802 1714 4883 integer
1752 4810 1816 4865 et

333 4900 563 4963 illaesus
599 4901 776 4963 venit
817 4901 894 4963 ad
938 4917 1068 4974 cor,
1099 4908 1276 4963 tanto
1313 4900 1373 4963 ei
1412 4900 1626 4963 verius
1673 4918 1813 4982 pro-

331 4997 708 5080 fundiusque
733 4998 968 5061 unitur.
983 4998 1240 5080 Oportet
1266 5016 1520 5080 quoque
1545 5006 1608 5061 te
1632 4998 1810 5071 scire,

331 5096 502 5179 quod
528 5097 754 5159 veritas
783 5096 968 5159 cibus
997 5104 1095 5159 est
1123 5097 1319 5159 nostri
1354 5095 1735 5171 intellectuS,
1754 5106 1818 5160 et

333 5193 576 5257 bonitas
603 5194 784 5258 cibus
809 5202 912 5257 est
937 5202 1168 5258 nostrae
1194 5195 1261 5257 af
1263 5194 1508 5259 fectivae
1537 5195 1820 5277 superio-

339 5294 448 5355 ris.
491 5293 651 5358 Idem
699 5312 978 5376 namque
1027 5302 1124 5357 est
1171 5294 1402 5358 veritas
1450 5295 1527 5358 ad
1575 5295 1820 5359 intelle-

1925 4313 2090 4374 tatis.
2124 4346 2206 4357 -—
2234 4311 2377 4373 Haec
2417 4310 2819 4384 GuillelmuS,
2851 4310 2963 4391 qui
3003 4310 3081 4373 de
3110 4311 3210 4373 his
3241 4312 3425 4393 plura

1925 4409 2293 4483 conscribit,
2339 4428 2479 4492 quae
2520 4408 2687 4470 infra
2730 4416 3030 4491 poterunt
3064 4411 3257 4491 tangi.

2005 4509 2185 4573 Circa
2239 4508 2373 4571 haec
2420 4506 2690 4570 Thomas
2740 4508 2950 4589 primo
3002 4508 3287 4591 inquirit,
3336 4528 3416 4572 an

1925 4606 2158 4671 Christi
2208 4624 2439 4688 corpus
2488 4606 2717 4669 debeat
2768 4606 2933 4668 sumi
2994 4626 3107 4688 per
3156 4608 3416 4671 modum

1927 4703 2450 4768 manducationis
2494 4703 2571 4765 Et
2614 4704 2695 4766 de
2733 4704 2853 4766 hoc
2896 4723 3088 4786 supra
3130 4705 3264 4784 jam
3313 4724 3417 4788 pa-
3442 4722 3711 4779 dist.n,q.2;

3442 4790 3714 4903 tristati·

1927 4902 2069 4965 beat
2099 4919 2239 4963 esse
2268 4899 2600 4963 vivificum
2633 4900 3034 4972 alimentum,
3058 4907 3123 4963 et
3150 4902 3319 4983 quod
3352 4902 3417 4964 in
3445 4914 3491 4955 et
3513 4925 3553 4957 ι.

1925 4804 2067 4877 tuit,
2101 4802 2637 4884 quemadmodum
2680 4802 2743 4863 in
2790 4801 2917 4864 vita
2954 4802 3271 4884 spirituali
3310 4805 3417 4866 de-

1925 5018 2056 5063 uno
2105 5004 2669 5071 sacramentorum,
2718 5004 2935 5079 utpote
2984 4996 3415 5073 Eucharistiae,

1925 5097 2145 5161 decuit
2189 5094 2508 5160 Christum
2567 5095 2985 5177 personaliter
3030 5096 3215 5160 nobis
3272 5114 3421 5160 con-

1925 5196 2128 5278 jungi,
2190 5202 2381 5275 atque
2439 5194 2693 5256 realiter
2747 5195 2935 5257 sumi.
2996 5228 3077 5239 -—
3132 5194 3424 5259 Secundo

1931 5294 2181 5378 quaerit,
2214 5312 2293 5355 an
2328 5292 2732 5363 manducatio
2768 5293 3051 5377 corporis
3081 5292 3312 5357 Christi
3341 5294 3425 5357 sit
