4267 6250
146 3131 197 3175 103
212 3148 273 3186 m,
286 3140 317 3180 t.

85 3853 88 3876 e
136 3814 247 3888 ‚³⁸¹¹st
258 3833 311 3868 xa.

85 4287 87 4296 Ι
140 4297 315 4348 (αἰπὰ.

163 4397 273 4452 nam,
286 4408 305 4446 5

922 485 1011 532 AN
1051 482 1358 532 numano
1397 481 1681 530 mulsa!
1722 480 1988 529 numu
2027 482 2072 528 A
2110 482 2438 544 mulsum,
2479 485 2573 531 SIT
2612 485 2776 532 ΑΗΔ

3288 465 3406 534 103

340 676 467 720 nem
518 657 827 739 passivam
886 654 1226 737 significat.
1277 652 1603 717 interioris
1650 670 1799 735 ergo
1828 653 1880 716 A
1910 653 2187 717 exterior
2234 654 2490 735 signum
2537 664 2636 719 est
2683 656 3003 720 interioris
3053 656 3410 721 mundatio-

340 754 643 818 ablutionis
692 764 821 818 tam
868 755 1091 818 activoe
1134 772 1327 835 quam
1372 751 1662 835 passivae,
1694 770 1799 815 ex-

344 854 508 917 terior
539 853 775 917 ablutio
813 854 1068 935 signum
1106 860 1226 927 est,
1258 859 1323 914 et
1350 850 1545 913 etiam
1584 869 1793 913 causa.

342 952 575 1015 Interior
624 970 903 1035 namque
960 952 1225 1024 ablutio,
1276 968 1405 1013 non
1464 949 1670 1013 solum
1733 949 1798 1010 in

342 1058 613 1132 quantum
641 1059 741 1113 est
770 1052 1003 1133 passio,
1026 1050 1137 1113 sed
1168 1048 1362 1112 etiam
1393 1048 1458 1111 in
1488 1055 1797 1130 quantum

341 1149 501 1222 actio,
548 1168 655 1231 per
710 1156 1183 1213 sacramentum
1240 1155 1539 1211 causatur
1590 1164 1605 1208 z
1658 1146 1802 1210 ideo

342 1256 771 1311 sacramentum
818 1248 1127 1330 Baptismi
1174 1264 1303 1310 non
1346 1253 1595 1309 tantum
1645 1244 1801 1308 dicit

342 1346 513 1427 ipsam
542 1346 929 1410 ablutionem
961 1345 1341 1409 exteriorem
1382 1345 1446 1407 in
1488 1351 1799 1425 quantum

340 1452 419 1505 est
446 1445 657 1525 passio,
690 1463 811 1507 nec
844 1451 1093 1506 tantum
1133 1443 1198 1506 in
1234 1450 1547 1524 quantum
1580 1448 1677 1505 est
1704 1459 1800 1503 ac-

338 1542 431 1615 tio,
452 1544 551 1605 sed
578 1543 1063 1625 comprehendit
1091 1542 1403 1605 rationem
1434 1548 1795 1622 utramque,

338 1641 591 1721 quamvis
622 1641 1051 1704 immediatius
1082 1639 1383 1722 respiciat
1410 1638 1797 1721 baptizatum

338 1740 547 1803 ratione
592 1740 937 1803 ablutionis
993 1739 1263 1822 passivae
1311 1756 1503 1819 quam
1553 1736 1792 1800 activae.

338 1836 457 1900 llaec
495 1838 853 1901 Richardus.

404 1936 463 1997 ln
501 1936 725 2019 quibus
766 1937 1023 2000 videtur
1060 1934 1393 2009 insinuari,
1426 1934 1593 2016 quod
1634 1934 1801 1997 actio

340 2043 393 2095 et
424 2035 617 2116 passio
662 2036 919 2098 realiter
962 2035 1131 2098 idem
1180 2034 1327 2097 sint.
1379 2033 1505 2096 Alii
1552 2032 1795 2106 dicunt,

340 2134 483 2215 quod
520 2133 643 2196 sint
676 2134 973 2196 entitates
1016 2151 1131 2195 seu
1174 2132 1462 2215 quaedam
1507 2131 1799 2194 essentiae

339 2231 559 2293 realiter
585 2231 663 2294 ab
693 2231 971 2293 invicem
999 2231 1337 2303 distinctae,
1360 2230 1527 2292 sicut
1555 2246 1799 2311 ponun-

340 2336 425 2390 tur
466 2330 701 2393 diversa
747 2329 1256 2412 praedicamenta.
1308 2328 1798 2391 Praedicamenta

336 2436 517 2490 autem
565 2436 710 2490 sunt
757 2428 967 2511 primo
1014 2427 1287 2501 diversa,
1330 2434 1393 2489 et
1434 2444 1655 2489 eorum
1704 2444 1798 2487 es-

340 2527 526 2589 sentiae
570 2534 714 2589 sunt
759 2526 1207 2608 impermixtae,
1245 2525 1427 2606 juxta
1464 2522 1794 2587 Themistii

337 2632 389 2684 et
428 2624 815 2708 antiquorum
862 2623 1237 2687 doctrinam.
1282 2622 1605 2685 Differunt
1646 2638 1797 2704 quo-

338 2740 444 2803 que
480 2722 755 2804 subjecto
798 2729 863 2785 et
904 2721 1293 2795 causalitate,
1328 2720 1591 2803 ipsaque
1632 2719 1796 2781 actio

339 2827 417 2881 est
460 2821 517 2882 in
558 2830 797 2903 agente,
848 2819 1205 2883 formaliter
1252 2819 1465 2900 ipsum
1513 2817 1795 2881 denomi-

338 2937 503 2997 nans3
531 2927 591 2982 et
618 2918 828 3000 passio
858 2919 945 2980 ita
973 2924 1071 2981 est
1100 2917 1167 2979 in
1196 2916 1497 2999 patiente.
1532 2915 1797 2978 Interior

1909 752 2029 815 nis.
2062 752 2192 816 Nec
2234 761 2449 817 tamen
2491 756 2618 819 duo
2661 763 2812 817 sunt
2853 763 3266 830 sacramenta,
3297 756 3410 818 sed

1911 870 2135 927 unum,
2189 853 2490 933 quoniam
2551 873 2752 916 unum
2799 862 2896 916 est
2941 861 3204 937 propter
3258 854 3412 917 alte-

1910 966 2075 1011 rum.
2109 950 2290 1031 Aqua
2329 950 2570 1032 quippe
2611 968 2737 1013 non
2780 958 2876 1014 est
2913 959 3406 1025 sacramentum,

1910 1047 2033 1109 nisi
2076 1046 2143 1108 in
2173 1054 2484 1129 quantum
2516 1056 2614 1111 est
2641 1048 2946 1129 abluens;
2980 1068 3097 1113 nec
3133 1048 3286 1112 lotio
3314 1056 3414 1112 est

1910 1152 2402 1221 sacramentum,
2425 1146 2550 1209 nisi
2583 1146 2648 1209 in
2679 1155 2990 1229 quantum
3019 1148 3100 1211 fit
3128 1148 3194 1210 in
3222 1166 3406 1230 aqua.

1908 1242 2052 1306 Haec
2096 1244 2556 1308 Bonaventura.

1990 1342 2214 1405 Scotus
2263 1362 2518 1425 quoque
2566 1343 2673 1406 hic
2722 1344 2948 1407 scribit
2989 1362 3003 1407 :
3051 1345 3412 1427 Baptismus

1908 1440 1992 1503 ob
2030 1441 2152 1503 hoc
2191 1442 2400 1504 solum
2447 1460 2576 1505 non
2619 1449 2718 1505 est
2755 1444 3014 1526 proprie
3051 1442 3408 1519 definibile,

1910 1557 2029 1601 nec
2082 1538 2530 1604 definitionem
2589 1541 2780 1604 habet
2839 1542 3209 1623 perfectam,
3262 1541 3413 1623 quia

1910 1656 2037 1700 non
2081 1645 2182 1699 est
2216 1657 2330 1701 ens
2375 1640 2562 1702 reale.
2597 1640 2799 1703 Habet
2834 1647 3047 1703 tamen
3091 1638 3411 1704 definitio-

1910 1754 2059 1798 nem
2107 1755 2186 1798 ex
2236 1754 2310 1798 eo
2363 1738 2549 1800 modo
2598 1755 2726 1819 quo
2773 1738 3069 1801 secundae
3118 1737 3412 1800 intentio-

1835 1830 1882 1893 B
1912 1854 2024 1897 nes
2062 1834 2165 1896 vel
2195 1854 2616 1918 quascumque
2647 1836 2985 1899 relationes
3015 1836 3276 1900 rationis
3307 1837 3412 1900 de-

1910 1931 2250 2007 finiuntur,
2282 1942 2401 1996 etc.

1990 2032 2059 2094 In
2084 2032 2322 2113 quibus
2352 2031 2566 2095 verbis
2597 2032 2921 2095 insinuare
2951 2032 3222 2109 videtur,
3239 2034 3409 2115 quod

1909 2127 2270 2210 Baptismus
2315 2146 2443 2191 non
2482 2129 2565 2190 sit
2607 2128 2732 2191 nisi
2776 2128 3020 2203 relatio,
3054 2130 3186 2193 imo
3225 2130 3410 2193 ratio-

1910 2226 2009 2288 nis
2050 2226 2294 2300 relatio,
2328 2244 2453 2289 non
2485 2246 2598 2289 ens
2629 2228 2830 2306 reale3
2863 2236 2927 2289 et
2957 2228 3044 2291 ita
3077 2246 3206 2291 non
3241 2237 3411 2292 esset

1911 2324 1975 2386 in
2026 2324 2540 2407 praedicamento,
2593 2326 2896 2407 quoniam
2951 2345 3064 2388 ens
3123 2325 3292 2389 reale
3342 2326 3408 2388 in

1908 2423 2129 2486 decem
2172 2424 2662 2505 praedicamenta
2692 2423 3020 2498 dividitur,
3053 2424 3404 2487 secundum

1906 2522 2297 2585 Avicennam
2337 2528 2403 2584 et
2439 2528 2682 2585 ceteros
2721 2521 3186 2604 Peripateticos.
3218 2522 3408 2585 Porro

1906 2620 2028 2683 hoc
2074 2620 2318 2682 dictum
2368 2619 2537 2683 Scoti
2587 2620 2800 2682 simile
2849 2628 2944 2682 est
2991 2621 3050 2683 ei
3095 2620 3264 2702 quod
3308 2621 3407 2701 (ut

1907 2738 2099 2801 supra
2130 2720 2362 2800 patuit)
2389 2719 2479 2781 ait
2517 2720 2596 2781 de
2639 2719 2780 2793 hoc,
2813 2737 2894 2780 an
2936 2728 3404 2782 sacramentum
3431 2738 3534 2784 dist.
3552 2752 3638 2795 1‚q.
3658 2744 3696 2783 ι.

1906 2817 1991 2880 sit
2034 2816 2386 2879 definibile.
2423 2818 2502 2880 Et
2543 2816 2710 2879 sicut
2753 2817 2919 2898 quod
2965 2815 3053 2879 ibi
3095 2815 3402 2890 affirmat,

1909 2914 2341 2995 improbatum
2388 2922 2486 2977 est
2527 2914 2640 2988 ibi,
2685 2913 2771 2976 ita
2814 2921 2878 2976 et
2919 2913 3089 2976 istud
3134 2913 3408 2977 faciliter

340 3026 521 3079 autem
562 3016 801 3081 ablutio
850 3017 1077 3090 activa,
1119 3022 1215 3079 est
1256 3014 1588 3097 potissime
1631 3014 1795 3096 ipse·
1827 3014 1870 3077 C
1910 3012 2305 3094 reprobatur.
2357 3012 2539 3074 Absit
2585 3012 2757 3075 enim
2817 3019 3039 3093 putare
3085 3011 3253 3093 quod
3312 3030 3408 3074 sa·

342 3123 451 3179 met
474 3116 626 3180 Deus
651 3115 1065 3198 abluens,qui
1094 3114 1267 3177 solus
1297 3114 1463 3176 intus
1495 3113 1799 3176 mundum

340 3214 469 3276 lacit
517 3216 589 3278 de
646 3214 982 3277 immundo
1040 3220 1422 3295 conceptum
1481 3213 1726 3276 semine
1780 3232 1793 3276 :

339 3315 841 3395 quemadmodum
880 3320 946 3375 et
982 3313 1189 3375 activa
1230 3312 1465 3374 creatio
1502 3318 1599 3374 est
1634 3312 1799 3374 Deus

340 3430 549 3476 creans.

392 3512 473 3573 Ad
496 3512 707 3576 horum
735 3513 1000 3574 demum
1026 3509 1415 3572 intellectum
1442 3509 1611 3571 valet
1632 3509 1798 3590 quod

336 3608 411 3669 ait
450 3610 895 3674 Bonaventura.
946 3609 1205 3691 Baptizo
1254 3608 1321 3669 in
1368 3607 1585 3672 Graeco
1631 3607 1797 3670 desi-

336 3715 463 3786 gnat
490 3709 620 3773 lavo
650 3711 719 3771 in
750 3708 992 3770 Latino.
1029 3707 1205 3769 Unde
1236 3706 1301 3768 in
1339 3705 1502 3768 libro
1529 3706 1744 3768 Judith
1780 3723 1795 3767 ε

339 3805 737 3871 Descendebat
776 3807 841 3869 in
877 3805 1109 3869 vallem
1140 3803 1469 3878 Bethuliae,
1502 3811 1567 3866 et
1600 3803 1801 3885 bapti-

337 3903 491 3966 zabat
528 3925 617 3970 se.
668 3905 765 3969 Ab
816 3923 893 3967 eo
938 3911 1152 3966 autem
1201 3902 1370 3984 quod
1420 3909 1516 3964 est
1564 3902 1795 3974 lavare,

337 4001 603 4066 dicuntur
641 4004 963 4066 lavacrum
1010 4009 1076 4064 et
1114 4001 1285 4064 loti0.
1318 3999 1666 4062 Lavacrum
1706 4009 1803 4062 est

338 4118 479 4180 aqua
514 4103 811 4184 deputata
858 4101 936 4162 ad
988 4098 1349 4172 lavandum,
1396 4106 1459 4160 et
1505 4098 1658 4161 lotio
1704 4106 1802 4161 est

1910 3119 2232 3176 cramenta
2270 3110 2652 3193 evangelicae
2693 3110 2850 3193 legis
2890 3129 3018 3174 non
3057 3111 3187 3175 sint
3216 3110 3411 3174 realia

1910 3211 2102 3286 entia,
2136 3230 2333 3293 quum
2373 3210 2605 3272 realem
2648 3209 2921 3273 habeant
2949 3211 3408 3292 operationem,

1910 3311 2167 3392 sintque
2197 3308 2529 3373 sensibilia
2557 3308 2752 3390 signa,
2767 3327 2880 3372 seu
2911 3309 3263 3371 materialia
3291 3309 3414 3372 ele-

1912 3417 2146 3470 menta.
2201 3408 2486 3490 Denique
2543 3407 2690 3470 dato
2745 3407 2917 3489 quod
2961 3426 3184 3470 verum
3246 3416 3414 3471 esset

1911 3509 2079 3590 quod
2126 3506 2216 3569 ibi
2262 3507 2423 3568 dixit
2465 3507 2544 3570 de
2593 3505 2973 3569 sacramenti
3023 3505 3308 3569 realitate
3349 3515 3415 3568 et

1911 3605 2386 3679 definibilitate,
2428 3607 2642 3667 tamen
2688 3604 2859 3686 quod
2910 3603 3013 3666 hic
3053 3604 3142 3666 ait
3184 3605 3264 3667 de
3303 3605 3415 3667 Ba·

1914 3705 2173 3785 ptismo,
2206 3710 2372 3764 stare
2409 3721 2534 3765 non
2577 3709 2806 3783 posset.
2843 3701 3143 3775 Quamvis
3172 3703 3410 3765 etenim

1912 3809 2380 3864 sacramentum
2427 3817 2554 3862 non
2605 3799 2844 3861 diceret
2891 3799 3014 3860 nisi
3063 3818 3178 3861 ens
3225 3801 3412 3863 ratio·

1912 3899 2035 3973 niS,
2084 3907 2150 3961 et
2197 3897 2560 3980 Baptismus
2609 3897 2692 3960 sit
2738 3902 3231 3971 sacramentum,
3284 3916 3412 3961 non

1912 4005 2285 4079 sequeretur
2314 4016 2392 4059 ex
2422 3994 2744 4076 hoc,qu0d
2775 3994 3137 4076 Baptismus
3171 4013 3298 4058 non
3330 3996 3414 4058 sit

1910 4095 2035 4157 nisi
2068 4113 2182 4157 ens
2214 4093 2478 4156 rationis
2514 4110 2528 4154 τ
2561 4091 2728 4154 sicut
2757 4109 2886 4154 non
2915 4092 3225 4173 sequitur,
3259 4092 3411 4175 Spe-

338 4217 471 4260 usus
507 4200 704 4283 ipsius
748 4219 950 4281 aquae.
994 4199 1171 4262 Unde
1216 4197 1281 4260 in
1325 4196 1601 4260 Canticis
1645 4197 1797 4260 dici·
1830 4194 1881 4256 D
1913 4193 2041 4256 cies
2090 4201 2188 4256 est
2233 4211 2346 4254 ens
2405 4190 2667 4253 rationis
2715 4197 2779 4252 et
2823 4207 3058 4253 nomen
3117 4192 3411 4255 secundae

342 4302 457 4358 tur:
479 4298 694 4362 Dentes
725 4297 821 4360 tui
850 4297 1021 4359 sicut
1047 4315 1269 4378 greges
1298 4303 1625 4358 tonsarum
1658 4315 1799 4377 quae

307 4398 724 4460 .ascenderunt
762 4397 842 4459 de
882 4396 1167 4472 lavacr03
1202 4401 1267 4457 et
1304 4394 1381 4457 ad
1421 4394 1655 4468 Titum,
1685 4395 1801 4457 Per

344 4491 628 4557 lavacrum
684 4493 1182 4576 regenerationis
1236 4500 1299 4555 et
1346 4492 1797 4565 renovationis,

340 4599 447 4651 etc.
476 4593 795 4675 Quumque
825 4610 1059 4655 nomen
1094 4589 1395 4672 baptismi
1428 4591 1801 4672 aequivaleat

343 4687 559 4754 lavacro
596 4699 659 4754 et
694 4691 938 4764 lotioni‚
971 4690 1270 4752 dixerunt
1312 4689 1597 4770 quidam,
1630 4689 1799 4770 quod

344 4785 665 4869 Baptismus
698 4797 770 4852 ut
800 4796 1293 4860 sacramentum,
1324 4787 1409 4849 sit
1438 4786 1797 4864 lavacrum3

342 4884 457 4958 alii,
492 4889 647 4969 quod
692 4887 845 4951 lotio
883 4905 996 4949 seu
1035 4886 1260 4949 tinctio
1301 4885 1364 4947 in
1410 4886 1679 4948 lavacro.
1726 4885 1803 4948 Et

344 4985 509 5048 credo
546 4989 705 5067 quod
750 4993 1023 5067 utroque
1067 4984 1257 5047 modo
1295 4983 1539 5047 dictum
1582 4984 1665 5046 sit
1706 5005 1801 5047 sa-

344 5092 720 5148 cramentum.
772 5084 933 5148 Nam
984 5091 1048 5146 et
1093 5083 1416 5146 lavacrum
1464 5101 1659 5146 sacrae
1708 5083 1799 5146 rei

346 5185 429 5239 est
464 5180 719 5262 signum,
760 5181 1066 5266 quoniam
1110 5199 1275 5262 aqua
1316 5187 1491 5243 extra
1536 5179 1802 5244 abluens

346 5276 571 5356 signum
597 5288 687 5344 est
713 5279 933 5363 gratiae
963 5279 1135 5342 intus
1165 5278 1549 5352 mundantiS,
1564 5285 1627 5342 et
1654 5279 1807 5343 lotio

1912 4291 2304 4364 intentioniS,
2339 4297 2403 4352 et
2431 4289 2622 4352 homo
2657 4295 2752 4352 est
2781 4288 3028 4371 species
3063 4306 3076 4350 :
3111 4307 3262 4370 ergo
3301 4289 3410 4352 ho-

1914 4407 2017 4452 mo
2052 4397 2150 4452 est
2176 4408 2289 4451 ens
2329 4387 2592 4452 rationis
2625 4395 2690 4450 et
2717 4404 2951 4449 nomen
2991 4387 3288 4450 secundae
3319 4387 3410 4450 in·

1909 4487 2226 4550 tentionis.
2244 4487 2384 4550 Alia
2414 4485 2614 4548 multa
2643 4483 2868 4547 scribit
2897 4483 3175 4566 hic,quae
3204 4485 3412 4547 dimit-

1910 4573 2000 4660 to,
2030 4585 2334 4668 quoniam
2372 4585 2582 4666 potius
2621 4601 2760 4646 esse
2795 4583 3093 4645 videntur
3129 4583 3410 4646 veritatis

1914 4685 2338 4748 involutiones
2369 4691 2433 4744 et
2461 4681 2937 4745 obscurationes
2972 4699 3164 4762 quam
3203 4681 3410 4745 decla-

1912 4784 2208 4847 rationes.

1991 4884 2298 4946 Praeterea
2337 4881 2416 4943 de
2459 4878 2834 4942 necessitate
2875 4879 3256 4941 sacramenti
3298 4880 3410 4942 Ba-

1912 4981 2131 5065 ptismi
2190 4979 2415 5042 scribit
2469 4976 2845 5040 Guillelmus
2903 4975 2968 5037 in
3025 4994 3142 5038 suo
3199 4975 3412 5039 Sacra-

1914 5079 2171 5143 mentali
2227 5095 2240 5139 :
2291 5076 2462 5140 Scito
2503 5075 2794 5138 homines
2843 5081 3090 5136 sanctos
3137 5074 3414 5156 desuper

1915 5179 2197 5242 eruditos
2258 5176 2496 5240 dixisse
2559 5173 2912 5245 verissime,
2979 5170 3210 5234 vitium
3271 5191 3412 5236 esse

1916 5275 2382 5358 aegritudinem,
2444 5279 2844 5346 vetustatem,
2908 5269 3408 5352 corruptionem,
