4267 6250
820 506 941 571 578
1335 526 1400 573 m
1440 528 1661 573 manum
1704 528 1764 573 ιν
1806 524 2292 573 summi-uinum.
2332 542 2413 553 -
2453 526 2608 571 mar.
2649 525 2779 570 xxn
2823 524 3072 588 suum
3116 524 3340 581 ousssr.
3383 523 3406 569 1

816 700 971 781 smi‚
1010 700 1566 783 Confirmationis,
1600 703 1666 766 et
1712 701 2020 783 Corporis
2075 699 2343 764 Christi.
2385 699 2882 764 Sacramentum
2929 716 3083 763 vero
3141 698 3578 777 Poenitentiae,
3631 696 3806 761 s1cut
3855 696 3925 759 et

814 814 1144 898 Conjugii,
1184 817 1335 880 ante
1377 817 1639 899 tempus
1688 818 1940 899 gratiae,
1987 817 2187 882 etiam
2231 833 2270 879 a
2307 815 2670 898 primordio
2717 815 2992 879 humani
3039 814 3300 897 generis
3337 814 3466 877 fuit
3507 832 3522 874 ε
3563 814 3923 893 utrumque

814 932 989 997 enim
1029 933 1407 997 institutum
1446 934 1573 997 fuit
1602 936 1671 997 in
1706 934 1941 1017 primis
1976 932 2382 1016 parentibus.
2405 932 2598 1011 Item,
2621 933 2680 995 si
2709 932 2994 996 exterior
3029 931 3413 1014 poenitentia
3439 929 3924 993 sacramentum

816 1050 937 1127 est,
962 1050 1029 1112 et
1054 1050 1327 1113 interior
1352 1068 1457 1113 res
1485 1052 1912 1131 sacramenti;
1943 1025 2190 1131 saepius
2211 1048 2521 1132 praecedit
2550 1066 2654 1113 res
2681 1050 3190 1127 sacramentum,
3208 1064 3408 1129 quam
3440 1046 3926 1110 sacramentum

816 1182 979 1228 rem.
1022 1164 1151 1229 Sed
1187 1183 1307 1230 nec
1333 1166 1460 1230 hoc
1490 1167 1959 1231 inconveniens
1994 1168 2094 1230 est
2129 1187 2144 1227 ε
2177 1182 2334 1229 nam
2363 1166 2524 1228 etin
2561 1165 2712 1228 aliis
2749 1163 3199 1243 sacramentiS‚
3232 1180 3380 1245 quae
3419 1161 3710 1226 efficiunt
3745 1158 3928 1241 quod

817 1276 1121 1361 figurant,
1163 1282 1289 1344 hoc
1324 1300 1499 1364 saepe
1546 1282 1887 1364 contingit.
1934 1316 2014 1329 —·
2054 1282 2342 1355 Quidam
2378 1283 2600 1345 autem
2649 1281 2878 1344 dicunt
2924 1280 3316 1345 exteriorem
3357 1277 3813 1361 poenitentiam
3861 1277 3930 1340 et

819 1396 1198 1460 interiorem
1228 1414 1371 1461 esse
1409 1399 1916 1475 sacramentum,
1956 1414 2077 1461 nec
2114 1397 2246 1460 duo
2286 1398 2716 1476 sacramenta,
2750 1395 2865 1460 sed
2902 1412 3108 1459 unum
3149 1414 3165 1456 ε
3207 1396 3282 1458 ut
3327 1394 3579 1476 species
3627 1393 3819 1473 panis
3861 1392 3930 1455 et

816 1511 956 1573 vini
985 1528 1118 1574 non
1148 1512 1277 1575 duo
1306 1514 1461 1576 suut
1490 1515 1917 1591 sacramenta,
1952 1514 2069 1576 sed
2097 1530 2333 1576 unum.
2369 1514 2451 1575 Et
2486 1513 2658 1576 sicut
2686 1512 2756 1575 in
2785 1511 3193 1575 sacramento
3223 1510 3554 1591 Corporis,
3595 1508 3687 1572 ita
3723 1508 3928 1571 etiam

816 1626 885 1688 in
914 1626 1039 1690 hoc
1067 1630 1497 1706 sacramento,
1533 1627 1762 1691 dicunt
1790 1628 1969 1691 aliud
1998 1645 2142 1692 esse
2171 1628 2429 1691 tantum
2467 1628 2974 1705 sacramentum,
3005 1625 3259 1690 scilicet
3285 1624 3676 1689 exteriorem
3705 1624 3926 1705 poeni-

814 1742 1130 1821 tentiam;
1188 1742 1368 1805 aliud
1417 1744 1901 1806 sacramentum
1960 1744 2026 1805 et
2072 1760 2236 1823 rem,
2277 1743 2528 1807 scilicet
2583 1742 2962 1806 interiorem
3011 1740 3505 1824 poenitentiam3
3554 1738 3735 1803 aliud
3781 1755 3926 1802 rem

815 1858 879 1920 et
922 1874 1057 1921 non
1090 1860 1598 1941 sacramentum,
1639 1858 1890 1923 scilicet
1925 1858 2384 1924 remissionem
2428 1859 2869 1941 peccatorum.
2907 1858 3189 1921 Interior
3229 1858 3404 1921 enim
3444 1855 3832 1937 poenitentia
3859 1856 3930 1919 et

814 1990 919 2037 res
942 1974 1043 2037 est
1070 1975 1484 2055 sacramenti,
1518 1976 1587 2039 id
1615 1976 1715 2040 est
1743 1975 2089 2039 exterioris
2124 1974 2552 2055 poenitentiae,
2585 1975 2651 2037 et
2679 1974 3164 2039 sacramentum
3193 1971 3608 2036 remissionis
3643 1969 3923 2052 peccati,

814 2106 1015 2170 quam
1062 2092 1129 2155 et
1174 2091 1390 2172 signat
1436 2093 1503 2156 et
1546 2090 1724 2155 facit.
1778 2091 2082 2155 Exterior
2127 2107 2392 2171 quoque
2439 2090 2823 2173 poenitentia
2871 2090 2939 2152 et
2980 2088 3313 2152 interioris
3367 2088 3632 2169 signum
3688 2090 3814 2167 est,
3859 2087 3928 2151 et

816 2206 1228 2269 remissionis
1271 2210 1713 2287 peccatorum.

2338 2468 2390 2532 A
2420 2486 2538 2531 nec
2583 2467 2754 2529 idem
2804 2467 3018 2550 specie
3066 2466 3251 2542 redit,
3297 2484 3418 2529 nec
3465 2465 3690 2548 aequali
3741 2472 3926 2528 reatu

1380 2545 1741 2611 SUMMA
2422 2584 2701 2647 unquam
2754 2564 3132 2643 revertitur3
3177 2564 3290 2627 sed
3337 2582 3417 2626 ex
3466 2562 3926 2645 ingratitudine

810 2706 1413 2764 DISTINCTIONIS
1464 2705 1867 2763 VICESIMAE
1917 2705 2310 2762 SECUNDAE

960 2960 1033 3024 lc
1083 2960 1251 3022 circa
1298 2957 1646 3041 praehabita
1705 2964 1998 3020 movetur
2043 2954 2312 3038 quaestio

989 3056 1301 3130 intricata,
1332 3074 1414 3117 an
1460 3054 1705 3117 scilicet
1744 3060 2004 3137 peccata
2047 3050 2312 3114 dimissa

810 3174 924 3238 per
955 3154 1475 3217 recidivationem
1504 3172 1617 3217 seu
1658 3152 2179 3233 ingratitudinem
2219 3169 2312 3212 re-

810 3253 1021 3325 deant,
1056 3252 1122 3314 id
1150 3260 1269 3326 est,
1302 3251 1512 3314 denuo
1541 3270 1654 3313 seu
1683 3251 1763 3313 de
1794 3268 1960 3314 novo
1990 3250 2310 3332 imputen-

809 3360 931 3413 tur.
967 3350 1043 3414 Et
1073 3350 1242 3413 circa
1270 3350 1392 3413 hoc
1420 3349 1713 3431 Magister
1741 3350 1899 3412 duas
1934 3355 2146 3411 narrat
2174 3346 2310 3430 opi-

810 3449 1035 3512 niones
1075 3467 1223 3511 cum
1264 3446 1615 3511 rationibus
1652 3466 1727 3510 ac
1766 3447 2023 3511 motivis
2062 3463 2306 3520 earum,

810 3565 929 3609 nec
988 3546 1406 3629 quaestionem
1461 3545 1651 3609 solvit
1711 3545 2013 3629 plenarie.
2066 3543 2308 3607 Deinde

2419 2663 2744 2745 sequentis
2775 2664 3021 2746 peccati
3052 2662 3288 2725 dicitur
3317 2662 3573 2735 reverti,
3605 2668 3924 2744 quantum

2417 2762 2495 2825 ad
2527 2761 3132 2845 improperationem
3161 2780 3235 2824 ac
3274 2760 3746 2825 deformitatem
3777 2778 3927 2842 pec-

2420 2860 2644 2933 cantis,
2697 2878 2840 2940 quae
2886 2865 2986 2921 est
3033 2858 3421 2940 ingratitudo
3479 2856 3682 2939 maior
3728 2876 3924 2940 quam

2421 2958 2472 3020 si
2513 2957 2570 3019 ei
2613 2957 2747 3039 jam
2790 2964 2937 3019 ante
2984 2974 3112 3020 non
3149 2963 3364 3019 essent
3396 2964 3656 3039 peccata
3698 2955 3927 3019 dimis-

2420 3074 2488 3118 sa
2521 3072 2534 3118 ε
2571 3055 2714 3119 ideo
2740 3055 3084 3139 ampliores
3115 3055 3582 3138 increpationes
3614 3061 3922 3117 meretur.

2419 3154 2618 3217 Aliter
2647 3154 3004 3235 intelligere
3043 3171 3315 3236 nequeo,
3349 3153 3622 3236 qualiter
3660 3161 3926 3236 peccata

2419 3253 2714 3315 dicantur
2757 3251 3008 3315 reverti.
3043 3252 3136 3314 Ad
3185 3251 3356 3334 quod
3407 3251 3922 3333 intelligendum,

2418 3350 2680 3433 quidam
2729 3350 3113 3413 invenerunt
3169 3349 3646 3413 distinctionem
3695 3367 3924 3412 eorum

2419 3468 2562 3530 quae
2605 3455 2755 3512 sunt
2796 3449 2908 3511 in*
2936 3455 3196 3531 peccato
3245 3448 3310 3511 in
3360 3448 3500 3530 ipso
3545 3448 3917 3530 poenitente.
4009 3472 4030 3490 ·

2419 3547 2695 3609 Tenetur
2731 3547 2907 3609 enim
2946 3545 3263 3629 poenitens
3302 3545 3382 3608 ad
3423 3545 3708 3608 dolorem
3747 3563 3923 3609 com-

809 3652 1148 3719 scrutatur‚
1180 3643 1335 3727 quid
1376 3643 1439 3706 in
1485 3652 1880 3707 sacramento
1916 3641 2308 3707 Poenitentiae
2335 3646 2382 3709 B
2423 3645 2787 3720 missorum,
2821 3653 2884 3708 et
2922 3645 3407 3708 detestationem
3437 3643 3924 3708 committendo-

808 3741 892 3804 sit
921 3750 1389 3804 sacramentum
1418 3741 1855 3823 tantum,quid
1887 3759 1986 3803 res
2016 3750 2079 3804 et
2109 3759 2310 3803 sacra-

810 3847 1122 3915 mentum,
1155 3848 1219 3902 et
1245 3839 1402 3922 quid
1440 3858 1542 3902 res
1571 3847 1839 3902 tantum.
1874 3838 2182 3912 Quocirca
2214 3856 2309 3901 so-

809 3937 948 4001 brie
978 3938 1173 4001 rel'ert
1200 3938 1479 4001 aliorum·
1503 3937 1874 4021 positioneS,
1901 3944 1966 4000 et
1994 3937 2150 4019 quid
2181 3936 2306 3999 sibi

808 4035 1023 4099 verius
1067 4035 1375 4110 videatur,
1422 4034 1702 4099 breviter
1746 4035 1963 4115 tangit.

1122 4351 1602 4427 QUAESTIO
1666 4350 1995 4415 PRIMA

958 4625 1023 4687 Ic
1060 4623 1367 4706 quaeritur
1398 4623 1630 4706 prim0,
1664 4623 1953 4690 Utrum
1983 4626 2307 4705 peecata

2418 3761 2585 3818 rum,
2619 3751 2682 3806 et
2729 3743 2810 3805 ad
2852 3743 3228 3806 memoriam
3276 3739 3745 3805 beneficiorum
3795 3741 3922 3805 sibi

2416 3842 2708 3905 datorum
2763 3859 2777 3903 :
2823 3861 2966 3924 quae
3013 3841 3136 3904 tria
3183 3839 3596 3924 interrumpit
3643 3859 3923 3923 sequens

2414 3948 2770 4022 peccatum.
2812 3940 3056 4003 Idcirco
3097 3939 3450 4003 innascitur
3487 3939 3549 4002 ei
3589 3938 3924 4020 ingratitu-

2413 4037 2584 4101 dinis
2624 4038 2816 4120 culpa
2851 4056 2930 4100 ex
2969 4037 3442 4120 comparatione
3481 4037 3560 4099 ad
3600 4036 3924 4100 dimissio·

2414 4155 2561 4199 nem
2595 4135 3092 4218 praecedentium
3123 4141 3532 4218 peccatorum
3567 4151 3581 4197 :
3615 4134 3920 4216 quoniam

2415 4235 2517 4297 cui
2551 4233 2751 4297 multa
2779 4233 3042 4297 dimissa
3082 4239 3253 4307 sunt,
3285 4233 3432 4315 plus
3471 4231 3801 4314 regratiari
3829 4239 3922 4296 te-

2414 4341 2622 4408 netur,
2669 4341 2733 4395 et
2775 4331 3028 4414 turpius
3077 4331 3136 4394 ei
3182 4338 3279 4394 est
3322 4338 3542 4394 contra
3590 4331 3923 4412 ignoscen-

2415 4439 2541 4494 tem
2587 4448 2871 4514 peccare.
2914 4429 3145 4510 Sicque
3191 4427 3616 4511 praeoedentia
3659 4437 3926 4510 peccata

2413 4545 2541 4591 non
2573 4535 2645 4590 ut
2673 4535 2953 4610 peccata,
2988 4527 3097 4590 sed
3131 4533 3201 4588 ut
3231 4526 3298 4588 in
3337 4533 3588 4588 tantum
3628 4525 3920 4600 dimissa,

2412 4626 2564 4688 dant
2595 4625 2886 4708 sequenti
2919 4623 3360 4706 ingratitudini
3392 4623 3924 4706 quantitatem3et

986 4723 1235 4790 semel
1278 4721 1611 4788 dimissa
1651 4721 2001 4789 redeant.
2412 4724 2620 4807 quoad
2679 4723 2842 4786 hanc
2903 4721 3110 4785 redire
3169 4722 3494 4796 dicuntur,
3554 4721 3708 4804 quia
3763 4739 3925 4804 quo-

884 4821 1065 4886 Circa
1120 4839 1315 4902 quam
1362 4819 1781 4902 quaestionem
1830 4825 2178 4900 tanguntur
2237 4819 2302 4883 in
2334 4819 2378 4884 C
2409 4822 2491 4884 ad
2529 4821 2695 4883 hanc
2733 4819 3188 4901 quodammodo
3225 4819 3290 4880 in
3329 4825 3582 4902 peccato
3629 4817 3922 4902 sequenti

802 4927 977 4983 textu
1006 4927 1139 4982 tam
1170 4918 1397 4981 idonea
1425 4925 1822 5000 argumenta,
1854 4924 1923 4980 ut
1958 4935 2086 4982 non
2117 4935 2301 5002 opor·
2409 4918 2732 4982 resultant.

800 5025 931 5080 teat
972 5018 1202 5081 addere
1245 5015 1387 5078 alia.
2491 5017 2568 5079 Et
2607 5016 2662 5078 si
2700 5014 3046 5097 objiciatur
3077 5015 3236 5078 illud
3277 5013 3649 5090 EzechieliS‚
3682 5014 3918 5079 Omnes
3997 5033 4158 5080 emt.

2406 5115 2688 5197 justitias
2749 5132 2906 5197 quas
2962 5112 3118 5176 fecit
3173 5131 3302 5176 non
3361 5112 3740 5176 recordabor
3786 5133 3918 5177 am·
3943 5099 4139 5150 Μ’*

880 5214 976 5277 Ad
1008 5213 1175 5277 istud
1206 5213 1547 5296 respondet
1574 5211 1871 5275 Albertus
1904 5229 1920 5276 ε
1949 5211 2303 5276 Dicendum
2413 5213 2584 5297 plius
2617 5230 2636 5292 3
2695 5212 3236 5295 respondendum,
3295 5212 3465 5295 quod
3525 5227 3653 5275 non
3711 5229 3936 5275 recor··

800 5312 1261 5394 videtur‚quod
1293 5319 1629 5395 peccatum
1657 5329 1779 5374 nec
1807 5311 1980 5375 idem
2010 5330 2301 5388 numero,
2411 5313 2644 5375 dantur
2698 5311 2780 5373 ad
2837 5309 2982 5374 vitae
3039 5317 3292 5375 aeternae
3345 5310 3778 5395 adeptionem,
3827 5317 3916 5373 at·
