4267 6250
1035 522 1260 581 oum.
1303 523 1374 569 111
1415 523 1430 567 :
1471 522 1552 569 nt
1591 520 2102 569 morata-ramus
2140 520 2645 571 sesi-mimicum
2684 523 2839 570 mn
3362 502 3485 567 453

378 693 559 768 Quod
601 701 780 777 patet
806 712 885 757 ex
923 694 1124 757 simili
1163 695 1230 756 in
1267 694 1678 775 generatione
1711 703 1888 757 natu-
1913 693 1968 756 A
1993 695 2259 777 peccati.
2296 695 2362 759 Si
2402 715 2555 759 vero
2590 696 2973 778 incipiamus
3006 714 3047 757 a
3082 701 3309 759 natura
3342 712 3487 775 quaa

379 792 522 865 rali,
554 812 702 874 quae
738 792 1132 856 alterationis
1173 800 1271 855 aet
1309 792 1641 855 terminus,
1673 793 1742 854 ln
1785 810 1886 854 eo—

379 890 531 952 dem
573 890 823 973 quippe
871 890 1134 953 instanti
1179 891 1560 954 terminatur
1601 890 1890 953 alteratio

377 988 458 1049 ad
489 988 982 1070 dispositionem
1014 1008 1157 1069 quae
1185 996 1286 1051 est
1311 989 1678 1063 necessitas,
1700 996 1765 1050 et
1791 1007 1892 1069 ge-

378 1086 630 1148 neratio
674 1087 756 1147 ad
803 1086 1112 1165 formam3
1161 1094 1228 1148 et
1272 1093 1486 1149 tamen
1533 1088 1888 1149 secundum

377 1183 676 1247 ordinem
703 1193 948 1247 naturai
977 1192 1325 1267 utrumque
1355 1186 1534 1267 prius
1563 1194 1662 1247 est
1687 1186 1890 1248 altero

377 1283 601 1364 aliquo
644 1283 858 1356 modo,
889 1283 1194 1365 quoniam
1237 1284 1572 1365 dispositio
1607 1303 1750 1365 quae
1787 1291 1884 1346 est

381 1380 754 1453 necessitas,
771 1380 1080 1463 praecedit
1106 1380 1378 1444 formam
1409 1382 1761 1444 secundum
1791 1400 1886 1445 or-

381 1480 604 1542 dinem
649 1500 860 1543 causae
909 1479 1290 1559 materialis3
1339 1479 1545 1542 forma
1589 1498 1742 1542 vero
1787 1489 1883 1543 est

382 1578 562 1659 prior
599 1577 958 1639 secundum
999 1576 1294 1639 ordinem
1331 1596 1538 1639 causae
1573 1576 1879 1640 formalis,

381 1675 618 1757 Sicque
645 1675 758 1737 illa
785 1674 1060 1757 qualitas
1089 1682 1554 1748 consummata,
1565 1683 1664 1737 est
1691 1676 1884 1738 etiam

379 1772 674 1837 formalis
715 1772 990 1836 effectus
1031 1772 1256 1837 formae
1299 1772 1757 1847 substantialis,
1789 1793 1884 1836 se-

1991 801 2091 855 est
2117 794 2383 856 materia
2410 813 2525 856 seu
2556 794 2943 874 subjectum,
2974 794 3067 856 sic
3094 812 3299 875 quum
3326 791 3487 854 illud

1991 892 2357 973 subjectum
2407 893 2618 975 primo
2662 901 2983 955 avertatur
3020 912 3059 954 a
3098 898 3383 975 peceato,
3422 897 3489 951 et

1993 990 2225 1054 deiude
2272 1000 2679 1054 eonvertatur
2722 992 2801 1054 ad
2846 992 3045 1053 Deum
3090 1008 3207 1073 pro
3245 989 3491 1069 adjuto-

1995 1091 2112 1165 rio,
2144 1099 2211 1153 et
2244 1091 2435 1154 tertio
2474 1090 2867 1171 adjutorium
2908 1090 3127 1172 gratiae
3166 1088 3487 1163 sortiatur,

1995 1196 2062 1252 et
2095 1189 2191 1251 sic
2228 1198 2455 1271 quarto
2492 1198 2797 1271 sequatur
2830 1187 3131 1269 adjutorii
3174 1186 3369 1268 hujus
3404 1185 3493 1248 ef-

1997 1285 2227 1361 fectuS,
2266 1287 2565 1351 videlicet
2609 1287 2902 1351 remissio
2950 1286 3191 1368 culpae;
3230 1286 3326 1348 sic
3367 1284 3493 1368 pri-

1999 1402 2178 1446 mum
2218 1384 2283 1447 in
2324 1385 2443 1448 hac
2470 1386 2579 1448 via
2612 1384 2737 1448 erit
2774 1393 2983 1448 motus
3020 1382 3205 1447 liberi
3242 1382 3489 1445 arbitrii

1997 1482 2062 1543 in
2105 1491 2461 1563 peccatum,
2498 1484 2561 1545 id
2604 1491 2703 1545 est
2748 1491 2969 1546 contra
3012 1489 3371 1564 peccatum,
3401 1480 3493 1543 vi-

1997 1579 2230 1642 delicet
2257 1580 2336 1642 ad
2376 1579 2537 1643 illud
2574 1581 3017 1643 detestandum
3046 1587 3111 1641 et
3137 1578 3488 1660 exstirpan—

1995 1678 2185 1757 dum;
2214 1679 2567 1741 secundum
2598 1697 2771 1753 vero,
2787 1686 2997 1741 motus
3026 1676 3211 1739 liberi
3239 1675 3487 1738 arbitrii

1997 1776 2064 1839 in
2113 1778 2353 1856 Deum3
2388 1777 2672 1851 tertium,
2720 1776 2961 1840 infusio
3004 1774 3258 1856 gratiae3
3299 1794 3486 1856 quar-

379 1872 666 1935 cundum
695 1872 870 1953 quod
908 1869 1116 1934 forma
1150 1871 1585 1938 substantialis
1613 1881 1712 1935 est
1737 1891 1884 1934 cau-
1923 1869 1970 1932 B
1997 1883 2159 1949 tum,
2191 1876 2487 1938 remissio
2524 1874 2748 1957 culpae.
2783 1875 2860 1937 Et
2888 1874 3059 1936 istud
3098 1880 3309 1954 potest
3342 1872 3489 1954 quis

379 1989 450 2031 sa
487 1970 1006 2032 accidentalium.
1060 1970 1229 2045 Ideo,
1271 1990 1472 2052 quum
1523 1977 1732 2033 motus
1781 1971 1886 2033 isti

379 2069 490 2149 qni
523 2077 676 2131 sunt
708 2069 772 2131 in
801 2067 1268 2149 justificatione
1307 2069 1514 2151 impii,
1547 2069 1675 2131 sint
1704 2070 1887 2151 quasi

379 2166 720 2248 dispositio
765 2165 994 2228 ultima
1031 2167 1110 2229 ad
1153 2166 1372 2247 gratiae
1413 2168 1886 2248 susceptionem

380 2283 499 2328 suo
529 2265 736 2339 modo,
749 2265 1118 2347 praecedunt
1146 2265 1214 2326 in
1244 2265 1350 2326 via
1377 2282 1584 2327 causae
1611 2266 1892 2327 materia-

384 2364 484 2437 lis,
502 2371 572 2426 et
599 2371 958 2446 sequuntur
987 2364 1054 2425 in
1085 2364 1190 2426 via
1215 2382 1422 2427 causae
1453 2363 1776 2429 formalis:
1801 2365 1891 2427 id-

383 2480 460 2525 eo
489 2469 760 2544 possunt
787 2480 930 2525 esse
957 2461 1315 2525 formati.—
1329 2461 1650 2527 Postremo
1681 2471 1890 2526 motus

385 2560 574 2623 liberi
607 2560 859 2622 arbitrii
888 2559 956 2621 in
985 2560 1212 2635 Deum,
1247 2560 1490 2624 directe
1518 2580 1890 2644 correspon—

385 2659 540 2721 dent
568 2658 788 2740 gratiae
819 2657 1170 2738 infusioni3
1212 2667 1550 2742 motusque
1581 2660 1766 2722 liberi
1797 2679 1890 2722 ar-

385 2757 562 2819 bitrii
595 2757 664 2819 in
695 2764 1054 2839 peccatum,
1088 2756 1450 2820 remissioni
1483 2758 1708 2840 culpae.
1744 2760 1891 2821 ldeo

386 2856 610 2919 eadem
653 2856 816 2918 ratio
858 2864 956 2917 est
982 2855 1064 2918 de
1091 2854 1318 2918 ordine
1346 2856 1576 2919 horum
1613 2857 1692 2919 ad
1731 2857 1891 2919 invi-

386 2973 550 3028 cem,
601 2961 668 3017 et
713 2954 794 3017 de
841 2953 1066 3016 ordine
1113 2954 1510 3017 remissionis
1559 2956 1766 3039 culpae
1810 2957 1890 3018 ad

385 3053 780 3118 infusionem
809 3051 1300 3135 gratia—Haec
1330 3053 1603 3116 Thomas
1634 3055 1700 3116 in
1731 3054 1889 3117 Scri·
1917 3054 1961 3118 C

387 3162 515 3236 pto.
561 3152 916 3216 concordat
951 3152 1172 3215 Petrus
1211 3152 1498 3226 omnino,
1539 3153 1889 3217 Richardus

387 3269 648 3334 quoque
703 3250 959 3314 easdem
1019 3256 1234 3313 narrat
1285 3250 1644 3333 opinioneS,
1701 3259 1766 3314 et
1821 3252 1888 3315 in

390 3349 562 3413 idem
601 3349 860 3414 videtur
899 3348 1202 3412 incidere.

456 3447 758 3510 Alhertus
787 3447 1048 3508 demum
1081 3447 1268 3509 dictis
1297 3447 1686 3510 concordans
1704 3464 1719 3508 ε
1737 3448 1890 3521 Qua-

392 3555 538 3609 tuor
579 3546 728 3626 (ait)
776 3545 910 3608 haec
960 3545 1154 3607 simul
1205 3554 1354 3608 sunt
1399 3555 1708 3628 tempore,
1759 3563 1886 3609 non

390 3653 646 3723 natura3
669 3651 736 3707 et
763 3651 950 3726 prout
978 3642 1215 3706 habent
1244 3663 1312 3706 se
1339 3645 1680 3706 secundum
1710 3644 1887 3726 prius

391 3752 454 3807 et
490 3742 810 3827 posterius
851 3750 1098 3816 natura,
1131 3741 1555 3805 diversimode
1591 3742 1886 3806 ordinan-

391 3849 514 3914 tur,
566 3841 925 3903 seeundum
973 3840 1144 3922 quod
1191 3847 1416 3902 natura
1462 3840 1888 3904 diversimode

391 3940 686 4001 sumitur.
721 3938 800 4000 Ut
827 3937 1002 4000 enim
1033 3939 1316 4000 secundo
1342 3938 1752 4021 physicorum
1782 3940 1890 4003 ha-

391 4037 598 4111 hetur,
621 4034 887 4098 materia
916 4036 1154 4098 dicitur
1179 4043 1425 4110 natura,
1441 4036 1738 4100 similiter
1765 4037 1888 4101 for-

393 4154 518 4211 ma,
571 4142 638 4198 et
689 4134 844 4197 item
901 4134 1006 4196 via
1065 4141 1327 4207 naturae,
1382 4134 1446 4196 id
1493 4143 1592 4198 est
1632 4155 1889 4217 genera-

1997 1974 2274 2055 experiri
2318 1974 2385 2035 in
2428 1992 2497 2035 se
2542 1973 2701 2054 ipso.
2734 1972 2801 2037 Si
2840 1981 3054 2036 autem
3104 1971 3491 2054 incipiamus

1995 2091 2034 2134 a
2061 2080 2287 2133 natura
2316 2071 2505 2135 tertio
2536 2072 2724 2134 modo
2754 2078 3033 2154 sumpta,
3066 2072 3160 2134 sic
3188 2089 3391 2153 quum
3424 2070 3492 2131 in

1999 2177 2177 2233 motu
2216 2188 2331 2232 seu
2372 2170 2721 2233 mutatione
2762 2170 2871 2233 illa
2912 2171 3123 2252 primo
3158 2170 3243 2232 sit
3277 2168 3495 2231 termi-

1999 2287 2120 2330 nus
2148 2287 2187 2330 a
2214 2285 2343 2349 quo
2381 2276 2477 2330 est
2516 2275 2749 2341 motuS‚
2780 2276 2847 2329 et
2869 2268 3157 2331 secundo
3196 2267 3334 2349 ipsa
3362 2265 3489 2340 via,

1995 2384 2070 2427 ac
2100 2365 2289 2429 tertio
2314 2366 2630 2428 terminus
2658 2365 2736 2427 ad
2766 2383 2999 2446 quem;
3038 2365 3133 2427 sic
3162 2366 3329 2427 inter
3355 2364 3491 2427 haec

1999 2464 2281 2545 primum
2310 2471 2535 2527 natura
2564 2471 2663 2525 est
2690 2463 2985 2526 remissio
3012 2462 3247 2544 culpae3
3268 2481 3493 2525 secun-

1997 2564 2175 2637 dum,
2220 2569 2429 2626 motus
2480 2561 2663 2623 liberi
2712 2560 2961 2623 arbitrii
3012 2562 3077 2624 in
3118 2567 3488 2643 peccatum3

1999 2660 2284 2734 tertium,
2336 2666 2545 2722 motus
2592 2658 2779 2721 liberi
2836 2658 3084 2721 arbitrii
3132 2658 3199 2721 in
3248 2659 3487 2735 Deum3

1999 2766 2320 2841 quartum,
2354 2757 2593 2819 infusio
2632 2757 2871 2839 gratiae.
2904 2758 3049 2820 Haec
3090 2754 3405 2819 AlbertuS.

2411 3073 2888 3148 QUAESTIO
2954 3074 3080 3138 III

2156 3343 2287 3407 Odo
2340 3345 2756 3426 quaerendum
2809 3346 2921 3411 De
2980 3345 3490 3426 proprietati-

2175 3442 2325 3509 bus
2343 3442 2953 3526 justificationis
2979 3443 3353 3522 impii,an
3379 3443 3494 3508 sit

1994 3541 2495 3620 miraculosa,
2537 3544 2701 3608 imo
2749 3542 2834 3606 et
2878 3539 3329 3607 mirabilior
3374 3542 3489 3607 to-

1994 3641 2163 3706 tius
2188 3639 2466 3705 mundi
2496 3639 2893 3705 creatione
2910 3657 2930 3716 ;
2949 3639 3034 3704 et
3059 3652 3163 3704 an
3191 3639 3491 3705 instan-

1995 3739 2257 3817 tanea,
2303 3738 2424 3803 ita
2470 3736 2678 3818 quod
2730 3737 2817 3801 in
2860 3749 2957 3802 ea
3002 3736 3249 3802 simul
3292 3737 3492 3804 tem·

1997 3851 2213 3918 pore,
2243 3834 2376 3901 vel
2415 3835 2688 3915 potius
2724 3834 2814 3900 in
2840 3834 3115 3900 eodem
3152 3835 3493 3901 instanti

1994 3935 2164 4000 sint
2194 3931 2491 4000 infusio
2528 3933 2809 4010 gratiae
2844 3934 3085 4012 atque
3123 3934 3493 4000 remissio

1996 4033 2277 4113 cuipae.

2077 4138 2146 4198 ln
2188 4136 2305 4198 hac
2345 4133 2717 4216 quaestione,
2750 4141 2820 4196 ut
2856 4133 3121 4216 planum
3158 4141 3276 4209 est,
3309 4133 3495 4217 plura

390 4235 500 4298 tio.
543 4235 752 4315 Atque
801 4232 1154 4295 secundum
1199 4232 1461 4295 modum
1511 4251 1637 4314 quo
1684 4233 1889 4297 forma
1917 4236 1968 4297 D
1999 4240 2364 4314 tanguntur.

393 4339 660 4397 vocatur
697 4339 946 4405 natura,
986 4330 1139 4413 quia
1177 4329 1385 4393 forma
1421 4338 1520 4394 est
1554 4331 1705 4394 finis
1743 4331 1886 4394 effi-

394 4430 647 4504 cientis,
681 4429 746 4491 id
777 4428 945 4510 quod
987 4427 1414 4511 propinquius
1451 4437 1548 4492 est
1575 4428 1887 4492 efficienti

393 4528 456 4591 in
500 4527 964 4610 justificatione
1013 4526 1224 4609 impii,
1265 4526 1443 4608 prius
1491 4535 1604 4590 est.
1657 4527 1888 4610 Sicque

393 4626 628 4689 infusio
654 4624 872 4707 gratiae
899 4624 1178 4707 primum
1208 4632 1318 4688 est.
1335 4626 1648 4708 Quumque
1680 4625 1886 4708 ipsum

391 4743 530 4787 esse
558 4722 779 4806 gratiae
814 4730 1118 4805 sequatur
1159 4724 1354 4787 motio
1395 4725 1456 4785 in
1491 4725 1714 4794 Deum,
1747 4725 1890 4786 ideo

394 4830 604 4886 motus
651 4820 837 4883 liberi
881 4820 1132 4884 arbitrii
1180 4822 1246 4883 in
1287 4823 1486 4885 Deum
1535 4829 1633 4885 est
1671 4841 1894 4885 secun-

392 4920 565 4984 dum.
599 4920 808 4982 Motus
839 4927 1052 4985 autem
1085 4919 1272 4982 liberi
1302 4919 1545 4982 arbitrii
1581 4921 1646 4982 in
1677 4939 1894 5002 pecca-

393 5027 530 5082 tum
559 5025 660 5082 est
685 5016 1274 5099 tertium,quouiam
1305 5019 1383 5080 ad
1410 5018 1896 5082 destructionem

396 5117 643 5201 peccati
683 5123 984 5199 operatur
1013 5115 1340 5179 dissensus
1381 5134 1454 5179 ac
1490 5116 1898 5199 displicentia

399 5216 562 5297 ejus,
623 5233 707 5278 ne
765 5214 931 5278 obex
992 5222 1266 5297 ponatur
1323 5214 1586 5296 Spiritui
1647 5215 1894 5278 Sancto.

400 5315 709 5389 Quartum
765 5330 918 5375 vero
975 5319 1038 5374 et
1097 5311 1396 5374 ultimum
1454 5312 1747 5375 remissio
1805 5319 1902 5376 est

2079 4331 2343 4394 Videtur
2371 4329 2539 4412 quod
2568 4328 2946 4412 justificatio
2976 4329 3086 4393 illa
3114 4347 3239 4392 non
3270 4328 3357 4392 sit
3385 4329 3497 4392 mi-

2000 4430 2305 4493 raculosa.
2358 4429 2734 4492 Miraculum
2784 4447 3060 4512 namque
3106 4437 3205 4492 est
3250 4428 3493 4512 aliquid

1999 4529 2278 4600 evidens,
2294 4546 2507 4589 rarum
2538 4534 2602 4590 et
2632 4535 2859 4609 praeter
2885 4546 3068 4610 spem
3096 4527 3491 4610 proveniens,

2000 4627 2078 4689 ad
2109 4625 2263 4688 fidei
2296 4625 2513 4688 valens
2544 4625 3003 4707 probationem,
3028 4633 3101 4688 ut
3125 4626 3368 4688 dictum
3398 4633 3494 4688 est

2002 4743 2195 4806 super
2242 4723 2615 4786 secundum.
2654 4723 2773 4785 Sed
2819 4723 3195 4802 justificatio
3237 4723 3357 4785 ista
3397 4731 3495 4786 est
3516 4749 3787 4804 anisum.

2005 4823 2227 4894 latenS,
2278 4829 2341 4883 et
2389 4821 2759 4903 frequenter
2806 4820 3179 4900 contingens
3236 4839 3309 4882 ac
3356 4839 3496 4902 spe·

2003 4928 2155 4983 rata.
2184 4955 2265 4965 —
2291 4919 2419 4982 Nec
2451 4918 2705 4980 videtur
2744 4917 3157 4990 instantanea,
3192 4919 3495 5001 quoniam

2005 5017 2192 5082 multi
2241 5016 2623 5090 successive,
2672 5016 2849 5078 tarde
2904 5033 2978 5078 ac
3034 5017 3301 5080 remisse
3350 5035 3499 5080 con-

2006 5123 2361 5180 vertuntur.

2086 5215 2157 5275 In
2186 5213 2551 5295 oppositum
2580 5220 2732 5275 sunt
2760 5231 2901 5293 quae
2929 5211 3245 5275 habentur
3272 5213 3337 5276 in
3367 5221 3502 5277 tex-

2008 5321 2072 5376 tu
2122 5331 2200 5375 ex
2241 5311 2611 5393 Augustin0.
