4267 6250
843 456 965 521 384
1509 476 1574 523 ut
1613 475 1836 523 tranunt
1877 476 1939 521 tv
1980 472 2466 522 snum-nanum
2504 490 2587 503 —
2626 474 2781 522 msr.
2821 475 2943 538 xv3
2986 474 3210 531 ousssr.
3251 477 3270 522 1

845 645 1024 708 nium
1081 663 1336 729 quoque
1381 665 1416 708 a
1467 645 1620 708 solis
1677 644 2114 729 corporalibus
2172 642 2335 707 cibis
2366 640 2417 707 A
2444 644 2633 708 stitiae
2658 651 2851 707 actus.
2871 646 3061 709 Porro
3084 644 3349 727 justitia!
3376 646 3957 721 actuS‚secundum

843 743 1148 807 Dominus
1193 762 1320 806 non
1365 750 1674 826 acceptat,
1717 744 1827 806 sed
1873 743 2031 805 illud
2081 760 2211 825 quo
2254 742 2337 805 si·
2445 742 2922 824 Philosophum,
2970 751 3067 807 est
3109 744 3211 805 vel
3260 743 3361 807 sui
3409 744 3488 807 ad
3530 743 3825 817 alterum,
3878 751 3961 805 ut

842 841 978 904 mul
1007 860 1044 903 a
1074 841 1247 904 vitiis
1275 841 1652 905 abstinetur.
1673 876 1750 889 —
1771 838 1849 905 At
1876 858 2028 905 vero
2059 841 2339 904 minores
2445 840 2601 904 dum
2632 840 2777 923 quis
2806 840 3015 904 reddit
3042 841 3225 904 alteri
3264 842 3436 925 quod
3472 842 3532 904 ei
3569 840 3796 923 debet3
3838 840 3959 905 vel

841 940 1199 1003 sacerdotes
1231 938 1554 1004 Christum
1585 939 1769 1023 sequi
1808 938 2043 1002 debent
2083 940 2150 1001 in
2189 938 2340 1001 acti·
2446 938 2707 1001 alterius
2744 939 2822 1001 ad
2861 940 3156 1013 alterum,
3200 947 3271 1001 ut
3312 958 3514 1023 quum
3550 938 3748 1020 judex
3789 939 3961 1003 facit

841 1037 960 1100 bus
989 1038 1313 1113 virtuosiS‚
1348 1056 1476 1102 non
1518 1039 1584 1101 in
1624 1037 1974 1100 eminentia
2006 1044 2200 1120 atque
2229 1054 2337 1119 po-
2444 1035 2759 1117 justitiam
2810 1036 2977 1100 inter
3022 1037 3201 1100 duos.
3249 1037 3455 1111 Quum
3499 1044 3712 1100 autem
3760 1046 3960 1100 actus

839 1137 1058 1211 tentia,
1093 1136 1159 1198 in
1205 1136 1440 1218 quibus
1481 1155 1600 1198 nec
1642 1143 1910 1218 possunt
1945 1152 2066 1199 nec
2103 1134 2340 1197 debent
2443 1133 2710 1214 justitiae
2750 1142 2847 1197 est
2888 1134 2989 1197 sui
3032 1135 3112 1198 ad
3160 1135 3455 1209 alterum,
3500 1136 3827 1217 aequalitas
3882 1135 3955 1198 in

843 1234 1057 1316 ipsum
1097 1235 1344 1298 sectari.
1387 1234 1697 1298 Dominus
1741 1240 1954 1296 autem
1999 1234 2335 1296 mulierem
2449 1232 2589 1315 ipso
2630 1231 2905 1295 faciente
2946 1233 3253 1296 consistit.
3295 1234 3503 1307 Quum
3536 1251 3689 1297 vero
3724 1242 3825 1296 est
3860 1234 3961 1299 al-

843 1332 1018 1395 illam
1063 1333 1132 1395 in
1171 1332 1486 1394 adulterio
1533 1338 1782 1415 captam
1829 1331 1994 1394 vidit
2042 1349 2159 1414 pro
2206 1331 2339 1393 suis
2447 1330 2647 1393 terius
2694 1331 2772 1393 ad
2821 1331 3117 1407 alterum,
3168 1332 3493 1415 aequalitas
3537 1332 3829 1395 consistit
3884 1334 3957 1395 in

843 1432 1122 1513 peccatis
1177 1430 1460 1514 perfecte
1518 1430 1808 1513 punitam
1857 1448 1972 1512 per
2020 1429 2340 1493 contritio·
2449 1446 2635 1509 passo
2670 1428 2937 1508 justum.
2981 1429 3315 1512 Quumque
3354 1429 3702 1493 satisfactio
3738 1448 3959 1512 aequa-

841 1548 991 1592 nem
1039 1538 1103 1592 et
1149 1528 1659 1592 erubescentiam
1709 1547 1900 1611 quam
1957 1546 2169 1592 coram
2230 1528 2337 1591 ho·
2448 1526 2691 1588 litatem
2742 1526 3031 1608 designet
3077 1527 3145 1589 in
3193 1527 3489 1603 faciente,
3529 1528 3689 1590 dicit
3726 1536 3955 1591 actum

843 1628 1127 1691 minibus
1166 1627 1290 1690 fuit
1331 1646 1517 1710 passa
1560 1644 1574 1690 :
1619 1627 1764 1691 ideo
1800 1627 1988 1689 aliam
2035 1628 2092 1689 ei
2140 1626 2340 1709 poeni·
2444 1624 2709 1704 justitiae
2756 1625 2865 1707 qui
2916 1633 3014 1688 est
3068 1626 3167 1687 sui
3214 1626 3293 1688 ad
3338 1626 3634 1701 alterum,
3684 1628 3957 1709 proprie

839 1727 1104 1790 tentiam
1164 1744 1291 1790 non
1353 1725 1649 1807 injunxit.
1712 1726 1790 1788 Et
1848 1726 2000 1808 quia
2057 1725 2337 1788 minores
2449 1722 2785 1804 loquendo.
2830 1724 2951 1786 Sed
2992 1724 3091 1786 sui
3132 1724 3208 1786 ad
3248 1724 3519 1787 alterum
3560 1731 3767 1807 potest
3796 1726 3956 1808 quis

839 1826 1197 1888 sacerdotes
1251 1824 1702 1907 poenitentium
1753 1824 1943 1887 corda
1993 1841 2120 1886 non
2172 1822 2337 1883 intu-
2372 1819 2420 1882 B
2448 1820 2656 1884 facere
2690 1820 3029 1901 justitiam,
3062 1822 3163 1884 vel
3208 1822 3274 1884 in
3318 1822 3700 1897 actionibuS,
3732 1822 3837 1885 vel
3880 1824 3954 1885 in

840 1931 1047 1997 entur,
1081 1923 1374 2003 ignorant
1401 1942 1482 1985 an
1513 1920 1810 1984 contritio
1839 1921 1973 1984 sola
2001 1919 2287 1983 sufficiat
2319 1936 2333 1981 :
2448 1918 2876 2001 passionibus,
2926 1919 3030 1982 vel
3090 1920 3155 1981 in
3208 1918 3401 1983 rebus
3450 1921 3881 1985 exterioribus
3932 1939 3951 1983 ε

843 2023 983 2085 ideo
1013 2021 1392 2085 exteriorem
1433 2020 1932 2083 satisfactionem
1968 2017 2331 2100 injungunt.
2447 2018 2985 2100 quemadmodum
3046 2026 3109 2081 et
3167 2018 3405 2100 injuria
3468 2019 3548 2081 fit
3603 2019 3783 2083 alteri
3840 2020 3957 2083 vel

839 2156 920 2166 —
956 2121 1082 2184 Nec
1121 2120 1431 2202 sequitur,
1473 2119 1666 2200 Magis
1710 2118 1902 2193 dolet,
1946 2135 2096 2198 ergo
2135 2118 2337 2197 magis
2447 2115 2879 2179 subtrahendo
2921 2134 3021 2179 res
3063 2116 3226 2198 ejus,
3259 2118 3361 2180 vel
3400 2136 3549 2181 eum
3590 2119 3803 2201 aliqua
3842 2138 3957 2182 ac-

842 2238 910 2282 se
940 2218 1122 2301 punit
1155 2218 1287 2280 sola
1317 2218 1696 2280 contritione
1731 2234 1746 2278 :
1780 2236 1980 2299 quum
2011 2216 2191 2279 dolor
2228 2214 2336 2276 ille
2446 2215 2619 2277 tione
2665 2214 2968 2278 laedendo.
3014 2214 3090 2277 Et
3132 2216 3436 2298 quoniam
3479 2236 3635 2279 usus
3678 2218 3957 2281 exterio-

842 2335 970 2380 non
1014 2317 1095 2379 sit
1139 2317 1226 2379 ita
1271 2315 1762 2399 proportionalis
1808 2314 2106 2378 exteriori
2155 2312 2337 2396 puni·
2448 2332 2592 2375 rum
2642 2331 2857 2376 rerum
2914 2320 3013 2376 est
3058 2313 3206 2377 dare
3262 2321 3373 2376 aut
3420 2314 3745 2389 exhibere,
3796 2316 3955 2379 ideo

839 2417 1019 2480 tioni.
1053 2452 1133 2461 -—
1161 2416 1305 2479 Haec
1343 2414 1899 2478 AntisiodorensiS.
2447 2418 2627 2474 actus
2671 2411 2937 2492 justitiae
2994 2412 3347 2475 secundum
3406 2413 3573 2495 quod
3624 2414 3955 2497 aequalita-

919 2516 1244 2590 Praeterea,
1279 2514 1450 2577 circa
1491 2514 1626 2578 haec
1667 2514 1938 2577 Thomas
1976 2512 2186 2595 primo
2219 2511 2335 2574 sci·
2449 2519 2579 2572 tem
2630 2510 2696 2573 in
2744 2509 3167 2573 exterioribus
3214 2511 3408 2574 rebus
3452 2512 3799 2587 constituit,
3846 2522 3957 2577 est

841 2615 1125 2690 scitatur,
1158 2634 1237 2676 an
1269 2614 1618 2677 satisfactio
1651 2613 1732 2677 sit
1762 2613 1990 2687 virtus,
2020 2611 2123 2675 vel
2157 2618 2335 2673 actus
2448 2608 2731 2671 reddere.
2784 2608 2907 2671 Sed
2964 2608 3347 2683 satisfacere,
3398 2610 3824 2693 aequalitatem
3879 2611 3954 2674 in

840 2712 1114 2776 virtutiS.
1158 2711 1518 2794 Respondet
1550 2728 1565 2773 :
1598 2710 1845 2793 Aliquis
1883 2716 2062 2771 actus
2100 2708 2337 2770 dicitur
2446 2705 2805 2769 actionibus
2846 2707 3257 2785 demonstrat,
3289 2716 3407 2771 etc.

840 2830 981 2875 esse
1009 2818 1188 2873 actus
1217 2808 1473 2873 virtutis
1503 2807 1864 2890 dupliciter.
1897 2807 2108 2870 Primo
2144 2814 2334 2869 mate-
2530 2805 2709 2868 Circa
2737 2812 3101 2887 praetactam
3130 2807 3389 2869 demum
3418 2806 3683 2888 justitiae
3712 2807 3955 2870 defini-

842 2908 1082 2971 rialiter
1123 2926 1139 2969 ι
1181 2916 1246 2969 et
1292 2906 1386 2969 sic
1427 2904 1700 2988 quilibet
1735 2912 1915 2968 actus
1955 2922 2082 2967 non
2126 2904 2336 2986 impli-
2446 2903 2688 2966 tionem
2738 2904 3109 2979 notandum,
3161 2906 3330 2987 quod
3375 2904 3623 2986 justitia
3671 2923 3797 2969 non
3850 2926 3955 2971 so-

843 3026 993 3069 cans
1041 3024 1160 3067 nec
1219 3004 1554 3067 includens
1614 3003 1943 3076 malitiam,
1993 3020 2112 3065 nec
2167 3001 2336 3065 defe-
2366 2997 2411 3062 C
2448 3001 2581 3063 lum
2621 3002 2825 3064 tendit
2860 3002 2939 3064 ad
2980 3003 3119 3076 hoc,
3152 3010 3224 3065 ut
3262 3004 3724 3086 praecedentem
3761 3004 3957 3068 tollat

843 3112 1018 3168 ctum
1076 3102 1306 3166 debitae
1369 3101 1884 3175 circumstantiae,
1943 3099 2069 3163 dici
2127 3106 2337 3182 potest
2446 3100 2965 3183 inaequalitatem,
2997 3101 3326 3185 puniendo
3364 3102 3619 3186 culpam
3665 3104 3955 3186 praeteri-

841 3208 1020 3264 actus
1057 3200 1335 3275 virtutiS,
1368 3200 1669 3282 quoniam
1710 3197 1999 3282 quolibet
2037 3198 2150 3260 tali
2188 3207 2333 3261 actu
2442 3208 2597 3275 tam,
2649 3200 2762 3262 sed
2808 3200 3003 3262 etiam
3059 3208 3132 3263 ut
3178 3201 3245 3263 in
3292 3200 3582 3264 futurum
3630 3203 3957 3266 custodiat

842 3307 1051 3384 potest
1091 3299 1293 3361 virtus
1339 3297 1431 3361 uti
1475 3299 1540 3360 in
1585 3317 1773 3361 suum
1825 3297 2046 3372 finem,
2093 3305 2165 3359 ut
2204 3316 2336 3360 am·
2442 3297 3075 3380 aequalitatem2quia
3104 3299 3457 3360 secundum
3486 3297 3953 3382 Philosophum

843 3397 1084 3472 bulare,
1119 3404 1238 3459 etc.
1274 3396 1566 3460 Secundo
1594 3396 1830 3458 dicitur
1856 3402 2034 3458 actus
2063 3413 2203 3458 esse
2235 3413 2335 3457 ac·
2445 3395 2726 3458 secundo
2758 3395 3152 3470 Ethicorum,
3171 3413 3377 3477 poenae
3406 3403 3555 3458 sunt
3582 3395 3946 3462 medicinae.

840 3504 943 3560 tus
973 3496 1228 3560 virtutis
1260 3494 1629 3569 formaliter,
1649 3495 1800 3577 quia
1831 3494 1896 3556 in
1927 3495 2189 3557 nomine
2218 3512 2335 3557 suo
2444 3492 2605 3556 Hinc
2663 3492 3031 3568 satisfactio,
3090 3513 3233 3576 quae
3294 3501 3390 3556 est
3444 3502 3623 3558 actus
3677 3494 3951 3576 justitiae

841 3595 1112 3658 formam
1153 3602 1216 3657 et
1253 3595 1564 3658 rationem
1603 3592 1856 3655 virtutis
1895 3592 2088 3655 habet
2126 3592 2337 3675 impli·
2445 3609 2699 3673 poenam
2760 3590 3115 3666 inferentiS,
3174 3598 3272 3654 est
3329 3591 3649 3654 medicina
3708 3611 3949 3658 curans

841 3692 1033 3756 citam
1068 3711 1082 3754 :
1116 3693 1282 3756 sicut
1311 3691 1559 3756 fortiter
1596 3691 1910 3754 sustinere
1949 3697 2046 3753 est
2083 3690 2333 3753 fortitu-
2446 3697 2703 3772 peccata
2733 3689 3073 3772 praeterita,
3104 3696 3295 3772 atque
3334 3709 3371 3752 a
3408 3689 3641 3753 futuris
3681 3710 3949 3774 praeser·

840 3791 1010 3854 dinis
1037 3799 1237 3854 actus.
1273 3790 1558 3854 Formale
1587 3797 1802 3852 autem
1833 3787 2182 3870 cujuslibet
2209 3789 2334 3852 vir·
2445 3807 2601 3850 vans
2636 3805 2649 3850 ε
2694 3787 2856 3861 ide0,
2889 3787 3043 3850 dum
3086 3786 3279 3851 homo
3316 3787 3564 3852 homini
3603 3788 3941 3864 satisfacit,

838 3890 996 3953 tutis
1029 3889 1286 3952 moralis
1325 3896 1423 3952 est
1461 3888 1618 3952 ratio
1658 3887 1852 3950 medii
1888 3904 1902 3949 :
1937 3887 2088 3949 hinc
2125 3887 2335 3950 omnis
2446 3886 2762 3969 praeterita
2791 3893 3252 3968 recompensat,
3269 3893 3335 3948 et
3360 3886 3441 3949 de
3468 3885 3705 3949 futuris
3732 3896 3939 3950 cavet.

840 3995 1019 4052 actus
1075 3987 1186 4070 qui
1247 3985 1440 4050 medii
1501 3987 1810 4049 rationem
1868 3985 2190 4067 importat,
2241 3993 2339 4048 est
2446 3985 2676 4066 Sicque
2714 3983 3062 4047 satisfactio
3096 3991 3305 4067 potest
3338 3985 3684 4067 dupliciter
3711 3985 3949 4050 defini-

839 4086 1195 4150 formaliter
1230 4092 1409 4147 actus
1446 4084 1723 4147 virtutis,
1757 4085 2094 4166 Quumque
2127 4103 2335 4168 aequa·
2444 4083 2519 4145 ri.
2555 4082 2785 4158 Primo,
2822 4089 3113 4165 respectu
3144 4083 3351 4166 culpae
3379 4083 3715 4166 praeteritae
3744 4103 3947 4166 quam

844 4187 986 4248 litas
1017 4185 1100 4248 sit
1138 4184 1420 4247 medium
1459 4183 1626 4264 quod
1669 4183 1955 4264 designat
1987 4182 2336 4247 satisfactio
2364 4185 2417 4248 D
2447 4181 2987 4264 recompensando
3027 4188 3228 4255 curat,
3272 4187 3339 4244 et
3374 4181 3469 4244 sic
3509 4181 3596 4243 ita
3633 4182 3946 4246 describi-

843 4285 910 4347 in
941 4283 1200 4347 nomine
1237 4299 1352 4344 suo
1379 4282 1610 4364 (quum
1650 4281 1743 4343 nil
1779 4281 2026 4343 dicatur
2061 4281 2215 4344 satis
2245 4282 2338 4344 ni·
2443 4289 2549 4343 tur
2583 4299 2597 4343 :
2639 4280 2997 4343 Satisfactio
3037 4287 3134 4342 est
3177 4279 3365 4344 illatae
3403 4279 3657 4362 injuriae
3698 4297 3949 4345 recom-

841 4383 896 4446 si
939 4380 1291 4444 secundum
1330 4379 1805 4462 proportionem
1843 4379 2219 4460 aequalitatis
2256 4381 2334 4443 ad
2446 4380 2733 4463 pensatio
2792 4380 2857 4442 in
2914 4380 3340 4462 aequalitatem
3394 4379 3679 4461 justitiae.
3732 4379 3811 4443 Et
3870 4381 3943 4445 in

838 4478 1127 4562 aliquid),
1141 4483 1386 4541 constat
1411 4478 1583 4560 quod
1612 4476 1958 4540 satisfactio
1985 4477 2178 4541 etiam
2208 4478 2333 4542 for·
2444 4479 2614 4542 idem
2672 4479 2839 4542 redit
2891 4479 3235 4561 descriptio
3291 4478 3577 4542 Anselmi
3633 4478 3938 4556 dicentis,

841 4579 1096 4643 maliter
1135 4576 1219 4640 sit
1256 4584 1436 4640 actus
1477 4575 1754 4640 virtutis.
2444 4577 2819 4642 Satisfacere
2856 4584 2953 4640 est
2988 4577 3117 4640 Deo
3152 4577 3441 4640 debitum
3470 4578 3777 4642 honorem
3811 4578 3939 4644 im-

919 4677 984 4741 Si
1013 4683 1228 4740 autem
1257 4682 1576 4758 quaeratur
1605 4673 1791 4755 cujus
1821 4674 2096 4750 virtutiS‚
2121 4675 2333 4740 dicen·
2442 4678 2720 4760 pendere
2754 4694 2769 4740 :
2802 4682 2875 4739 ut
2902 4677 3341 4740 consideretur
3369 4677 3657 4741 debitum
3690 4679 3938 4743 ratione
4234 4751 4236 4754 Α

837 4779 990 4841 dum
1024 4776 1194 4859 quod
1223 4774 1573 4838 secundum
1613 4773 2067 4856 Philosophum
2104 4774 2331 4856 quinto
2441 4776 2646 4858 culpae
2674 4775 3051 4840 commissae.
3089 4776 3401 4851 Secundo,
3437 4785 3644 4858 potest
3672 4777 3939 4842 definiri
4234 4755 4236 4849 l

839 4875 1231 4950 Ethicorum,
1278 4873 1564 4936 medium
1603 4871 1869 4952 justitiae
1917 4871 2194 4936 sumitur
2236 4893 2327 4936 se·
2440 4883 2630 4957 prout
2668 4881 3008 4957 praeservat
3043 4893 3080 4936 a
3118 4873 3307 4957 culpa
3342 4873 3577 4950 futura,
3607 4877 3787 4940 etita
3822 4879 3937 4942 de-

837 4976 1120 5038 cundum
1149 4971 1651 5055 adaequationem
1693 4971 1784 5032 rei
1822 4970 1899 5032 ad
1939 4988 2075 5033 rem
2118 4971 2184 5033 in
2218 4971 2330 5034 ali·
2438 4972 2587 5036 finit
2624 4990 2763 5035 eam
2807 4971 2913 5035 hic
2952 4970 3343 5054 Augustinus
3365 4975 3410 5048 *,
3451 4973 3721 5037 dicendo
3762 4994 3778 5038 :
3820 4975 3933 5039 Sa·
3960 4981 4234 5045 -fflmaeu³

835 5093 964 5156 qua
992 5070 1594 5156 proportionalitate.
1630 5069 1964 5152 Quumque
1997 5068 2190 5132 talem
2227 5071 2331 5133 ad·
2437 5070 2732 5133 tisfacere
2770 5077 2866 5132 est
2901 5079 3307 5154 peccatorum
3348 5090 3571 5136 causas
3608 5073 3931 5150 excidere,

836 5172 1258 5256 aequationem
1287 5186 1518 5232 nomen
1545 5167 1990 5230 satisfactionis
2021 5167 2327 5250 designet,
2436 5177 2557 5233 etc.
2575 5169 2981 5232 Praeservatio
3010 5169 3271 5233 demum
3298 5189 3337 5233 a
3354 5169 3590 5234 morbo
3615 5173 3937 5254 corporali

839 5278 1085 5339 constat
1122 5268 1291 5354 quod
1330 5265 1678 5332 satisfactio
1720 5267 1804 5329 sit
1842 5265 2195 5330 formaliter
2227 5267 2330 5350 ju·
2438 5267 2520 5330 fit
2562 5285 2679 5352 per
2732 5265 3119 5331 ablationem
3176 5287 3511 5333 causarum
3570 5287 3648 5334 ex
3691 5269 3937 5353 quibus
