4267 6250
552 4431 728 4477 Ratun.
748 4445 804 4485 ix,

539 4825 660 4870 md.
682 4839 711 4878 ι,
730 4827 800 4873 2¹.

528 5120 728 5230 Ἰοατιπ.
749 5135 795 5174 v,

560 5189 600 5228 Ι.

842 475 963 540 148

1522 495 1589 543 IN
1626 495 1851 542 Lunum
1892 495 1953 541 IV
1992 491 2479 541 smnmnnux.
2521 510 2603 520 —
2641 492 2796 539 msT.
2834 492 2917 555 V3
2961 492 3187 550 QuAEsT.
3227 493 3274 541 11

844 665 1015 746 quod
1046 665 1183 749 ipse
1214 666 1501 730 Christus
1539 664 1802 730 haberet
1830 672 2207 750 potestatem
2238 683 2342 728 ex·
2369 663 2422 727 A
2450 662 2864 727 humanitatis
2895 663 3562 747 dispensationem.·—
3591 662 3668 726 Et
3696 680 3967 747 respon-

844 762 1155 829 cellentiae
1186 766 1253 827 in
1283 766 1627 847 Baptismo,
1643 784 1835 848 quam
1866 764 1990 827 sibi
2021 764 2340 837 retineret,

843 863 1135 943 quamvis
1174 871 1387 946 posset
1426 883 1566 927 eam
1612 864 1813 927 servis
1856 862 2069 945 largiri
2114 881 2129 925 :
2173 861 2342 945 quod

842 966 1057 1024 tamen
1090 960 1156 1024 in
1190 962 1471 1044 generali
1512 962 1783 1026 sciverat
1812 961 2014 1045 prius,
2048 961 2159 1023 sed
2189 968 2342 1023 tunc

841 1058 962 1122 hoc
1024 1059 1087 1121 in
1149 1060 1414 1143 speciali
1469 1062 1548 1124 de
1604 1062 1723 1123 hac
1785 1078 2055 1143 persona
2108 1076 2342 1141 cogno-

840 1158 965 1237 vit3
1008 1159 1361 1222 secundum
1406 1160 1861 1244 Hieronymum
1907 1167 2144 1231 autem,
2186 1158 2346 1220 didi-

841 1256 929 1318 cit
957 1258 1127 1338 quod
1154 1276 1272 1340 per
1294 1258 1687 1340 Baptismum
1719 1257 1951 1320 Christi
1981 1274 2107 1319 non
2139 1256 2342 1319 solum

839 1355 1039 1435 gratia
1088 1355 1483 1419 conferretur
1534 1356 1847 1419 mundans
1895 1374 1933 1417 a
1973 1354 2186 1437 culpa,
2229 1354 2340 1416 sed

840 1450 1034 1514 etiam
1064 1452 1145 1515 ab
1174 1453 1351 1517 omni
1392 1472 1581 1536 poena
1613 1453 1951 1517 absolvens
1984 1469 1999 1515 ε
2034 1452 2203 1535 quod
2236 1452 2343 1514 ha-

839 1550 947 1612 bet
986 1569 1024 1612 a
1062 1551 1295 1615 Christi
1334 1552 1649 1634 passione.
1683 1553 1829 1616 Haec
1859 1551 2129 1615 Thomas
2171 1550 2342 1613 circa

837 1654 1104 1711 textum.
1147 1686 1228 1695 —
1268 1650 1356 1713 Ex
1402 1651 1635 1733 quibus
1681 1650 1945 1713 forsitan
1994 1650 2156 1714 solvi
2203 1667 2342 1731 pos-

837 1752 934 1808 set
966 1748 1135 1829 quod
1175 1748 1385 1830 primo
1411 1756 1630 1811 contra
1656 1748 1852 1811 verba
1880 1748 2338 1812 Bonaventurae

836 1844 1161 1926 obJ‘ectum
1205 1855 1317 1910 est.

916 1945 1223 2009 Praeterea
1261 1946 1340 2008 ad
1386 1954 1712 2029 praetactas
1755 1945 2140 2028 quaestiones
2181 1945 2339 2008 Tho-

836 2061 973 2106 mas
1012 2044 1353 2127 respondet
1386 2062 1400 2106 :
1434 2044 1689 2127 Triplex
1720 2052 1818 2107 est
1847 2052 2123 2128 potestas
2161 2044 2339 2106 ablu-

833 2142 983 2205 endi
1015 2151 1277 2225 peccata
1306 2143 1373 2206 in
1401 2144 1743 2226 Baptismo.
1764 2144 1895 2207 Una
1924 2143 2335 2218 auctoritatis„

834 2258 977 2321 quae
1021 2241 1218 2303 solius
1261 2249 1359 2304 est
1400 2241 1513 2304 Dei
1547 2262 1563 2305 :
1598 2242 1740 2305 ideo
1784 2241 2071 2305 Christus
2114 2261 2338 2304 secun-

834 2338 989 2402 dum
1049 2340 1219 2421 quod
1278 2339 1491 2415 homo,
1544 2340 1655 2402 tali
1714 2347 2023 2423 potestate
2076 2349 2337 2423 peccata

833 2437 1154 2501 remittere
1211 2456 1338 2501 non
1388 2439 1654 2501 valebat.
1705 2439 1846 2502 Alia
1902 2447 1998 2502 est
2055 2447 2334 2523 potestas

835 2536 1197 2612 ministerii,
1231 2546 1601 2620 competens
1646 2538 1739 2600 eis
1784 2538 1896 2620 qui
1940 2544 2337 2601 sacramenta

834 2635 1217 2711 ministrant,
1252 2635 1315 2698 in
1358 2636 1594 2719 quibus
1632 2636 1850 2700 divina
1886 2636 2089 2700 virtus
2128 2637 2333 2699 se‘cre-

831 2734 960 2797 tius
1016 2742 1317 2817 operatur
1374 2735 1666 2798 salutem.
1718 2735 1927 2798 Tertia
1979 2744 2076 2799 est
2124 2736 2334 2799 media

832 2832 999 2895 inter
1047 2833 1161 2895 has
1210 2834 1389 2908 duaS,
1432 2853 1575 2916 quae
1623 2834 1858 2896 dicitur
1906 2842 2185 2915 potestas
2227 2853 2333 2897 ex-

831 2932 1145 2995 cellentiae
1178 2949 1192 2993 :
1227 2950 1420 3014 quam
1460 2951 1589 3014 prae
1628 2933 1857 2995 ceteris
1895 2933 2120 2995 habuit
2156 2932 2332 2996 Chri-

2451 763 2754 839 dendum,
2788 763 2956 845 quod
2998 763 3196 827 Filius
3238 763 3518 827 hominis
3558 780 3687 825 non
3723 782 3966 826 secun-

2450 861 2602 923 dum
2637 862 2802 943 quod
2832 862 3038 935 homo,
3053 862 3164 925 sed
3195 862 3544 925 secundum
3575 862 3742 944 quod
3765 862 3964 937 DeuS‚

2451 959 2674 1021 habuit
2715 966 3090 1042 potestatem
3130 960 3495 1024 dimittendi
3539 969 3800 1043 peccata
3839 978 3966 1043 per

2451 1058 2932 1138 auctoritatem3
2972 1067 3184 1122 tamen
3229 1066 3300 1121 ut
3339 1059 3552 1134 homo,
3584 1059 3812 1122 habuit
3850 1077 3968 1142 po-

2451 1163 2745 1219 testatem
2775 1158 3108 1238 cujusdam
3143 1158 3538 1222 excellentiae
3569 1158 3635 1221 in
3667 1158 3964 1221 relaxan-

2451 1255 2532 1318 do
2582 1264 2859 1337 peccata,
2903 1256 2970 1318 in
3019 1255 3417 1339 baptizando,
3459 1257 3966 1338 suscitandoque

2451 1371 2736 1436 corpora,
2775 1373 2890 1437 per
2925 1355 3185 1418 modum
3224 1363 3619 1438 praetactum,
3647 1374 3724 1418 ex
3770 1354 3964 1418 unio-

2450 1470 2531 1514 ne
2579 1472 2709 1515 suae
2759 1452 3173 1517 humanitatis
3221 1472 3368 1517 cum
3411 1453 3638 1517 Verb0.
3679 1488 3762 1499 --
3801 1454 3960 1518 Haec

2447 1550 2738 1615 Thomas.

2530 1648 2770 1711 Deinde
2831 1649 3102 1713 Thomas
3163 1650 3554 1733 respondens
3613 1651 3689 1713 ad
3752 1650 3956 1725 istud,

2449 1754 2666 1810 utrum
2696 1747 2981 1811 Christus
3021 1748 3154 1811 suis
3195 1748 3507 1812 ministris
3541 1749 3812 1813 contulit
3839 1767 3959 1831 po-

2373 1840 2422 1903 B
2450 1853 2738 1907 testatem
2771 1845 3152 1928 cooperandi
3179 1847 3257 1909 ad
3288 1846 3658 1910 interiorem
3690 1848 3963 1909 munda·

2451 1944 2690 2007 tionem
2724 1961 2738 2005 :
2773 1943 3133 2026 Cooperari,
3167 1945 3396 2027 inquit,
3427 1945 3641 2026 agenti
3671 1946 3956 2027 quadru—

2447 2042 2700 2125 pliciter
2727 2043 2974 2105 accidit.
2987 2044 3207 2118 Primo,
3219 2053 3288 2106 ut
3309 2044 3630 2126 adjuvans.
3643 2044 3956 2119 Secundo,

2445 2141 2613 2203 sicut
2640 2140 2983 2204 consilium
3015 2139 3324 2223 praebens.
3358 2142 3589 2217 Tertio,
3621 2144 3788 2206 sicut
3818 2161 3956 2226 quo

2447 2239 2768 2301 mediante
2819 2239 3102 2321 primum
3159 2258 3353 2321 agens
3410 2260 3601 2304 suum
3651 2242 3958 2324 producit

2445 2336 2752 2400 effectum
2787 2354 2800 2399 :
2836 2338 3055 2421 sicque
3097 2345 3522 2421 cooperantur
3562 2340 3956 2403 instrumen-

2441 2442 2507 2498 ta
2535 2435 2877 2518 principali
2906 2437 3131 2518 agenti.
3147 2437 3394 2512 Quarto,
3407 2438 3574 2500 sicut
3601 2438 3954 2521 disponens

2445 2534 2774 2596 materiam
2815 2535 2894 2597 ad
2933 2533 3240 2598 effectum
3281 2536 3657 2618 principalis
3697 2538 3954 2618 agentis

2443 2631 2944 2715 suscipiendum.
2978 2634 3204 2697 Primis
3240 2635 3490 2699 duobus
3531 2636 3738 2699 modis
3779 2636 3950 2699 nihil

2443 2739 2820 2813 cooperatur
2864 2732 3288 2815 omnipotenti
3343 2752 3418 2796 ac
3467 2734 3951 2818 sapientissimo

2442 2830 2612 2910 Deo;
2648 2831 2816 2893 unde
2856 2831 3049 2894 Isaias
3092 2849 3107 2895 ε
3147 2831 3299 2906 Quis
3337 2831 3585 2913 adjuvit
3628 2834 3946 2917 Spiritum

2443 2928 2718 3003 Domini,
2770 2937 2880 2991 aut
2926 2930 3072 3013 quis
3121 2930 3522 2994 consiliarius
3570 2931 3713 3012 ejus
3761 2931 3890 2996 fuit
3919 2938 3948 2996 ἲ

832 3038 987 3092 stus.
1030 3030 1391 3093 Attenditur
1433 3038 1647 3093 autem
1692 3030 2069 3093 excellentia
2102 3031 2222 3094 ista
2265 3031 2329 3094 in
2368 3031 2412 3096 C
2442 3027 2562 3090 Sed
2602 3027 2788 3091 tertio
2832 3029 3020 3091 modo
3062 3028 3276 3111 aliqua
3316 3038 3606 3093 creatura
3647 3048 3948 3114 coopera-

832 3129 1059 3192 tribus.
1094 3129 1326 3205 Primo,
1360 3130 1427 3192 in
1457 3130 1577 3193 hoc
1609 3131 1777 3212 quod
1819 3148 1897 3192 ex
1934 3131 2167 3193 merito
2199 3150 2330 3195 suae

830 3227 1146 3311 passionis
1174 3228 1537 3310 Baptismus
1564 3226 1925 3291 efficaciam
1955 3228 2168 3304 habet,
2201 3247 2330 3293 non

832 3344 909 3390 ex
942 3325 1171 3389 merito
1197 3325 1473 3407 alicujus
1502 3326 1763 3388 alterius
1792 3327 2172 3409 baptizantis
2198 3345 2212 3390 ε
2239 3328 2329 3392 id-

832 3442 909 3487 eo
957 3442 1084 3487 non
1142 3431 1238 3488 est
1288 3424 1516 3489 melior
1570 3425 1931 3508 Baptismus
1978 3445 2015 3488 a
2064 3426 2328 3490 meliore

832 3521 1192 3604 baptizante
1251 3523 1453 3585 datus,
1507 3523 1821 3598 Secundo,
1873 3523 1941 3585 in
1987 3523 2109 3588 hoc
2157 3525 2327 3606 quod

832 3619 1119 3684 Christus
1148 3621 1288 3684 sine
1316 3622 1753 3696 sacramentiS,
1786 3631 2326 3686 sacramentorum

830 3718 1103 3782 effectus
1150 3718 1435 3783 tribuere
1482 3719 1712 3802 potuit,
1763 3726 2065 3802 tanquam
2117 3739 2328 3784 sacra-

830 3825 1195 3881 mentorum
1245 3817 1569 3883 institutor
1616 3836 1689 3882 ac
1737 3818 2037 3882 dominus
2089 3837 2103 3882 ε
2157 3820 2327 3902 quod

827 3917 907 3979 de
936 3916 1081 3980 aliis
1110 3935 1237 3980 non
1267 3924 1365 3979 est
1392 3935 1636 3980 verum.
1658 3917 1889 3991 Terti0,
1908 3917 1975 3980 in
2004 3918 2125 3981 hoc
2157 3919 2326 4000 quod

825 4016 905 4078 ad
936 4015 1401 4079 invocationem
1430 4015 1705 4079 nominis
1730 4015 1863 4096 ejus
1888 4015 2156 4079 dabatur
2183 4017 2326 4079 aliis

827 4114 1119 4178 remissio
1161 4122 1568 4197 peccatorum
1608 4115 1675 4176 in
1712 4114 2058 4196 Baptismo,
2092 4115 2159 4177 in
2203 4114 2329 4197 pri-

830 4213 1054 4276 mitiva
1095 4213 1397 4276 Ecclesia.

909 4312 1143 4375 Verum
1189 4311 1290 4374 his
1326 4310 1522 4391 objici
1568 4318 1793 4393 potest,
1826 4311 1995 4393 quod
2040 4312 2327 4376 Christus

832 4409 898 4472 in
929 4409 1271 4491 Evangelio
1301 4409 1583 4491 loquitur
1617 4428 1632 4473 :
1665 4409 1862 4472 Filius
1904 4409 2184 4474 hominis
2221 4429 2328 4494 po-

828 4515 1120 4572 testatem
1163 4507 1355 4570 habet
1392 4508 1459 4570 in
1498 4515 1665 4570 terra
1702 4507 2065 4572 dimittendi
2110 4529 2330 4591 pecca-

829 4615 909 4670 ta.
951 4606 1029 4669 Et
1074 4624 1315 4680 rursuS,
1356 4606 1526 4688 quod
1570 4605 1708 4688 ipse
1751 4615 2012 4671 vocatur
2051 4607 2327 4670 salvator

826 4713 1018 4788 atque
1060 4705 1445 4787 redemptor,
1480 4706 2019 4787 quemadmodum
2058 4706 2324 4788 angelus

828 4804 989 4867 dixit
1025 4803 1104 4865 ad
1140 4803 1372 4885 Ioseph
1407 4820 1421 4865 :
1453 4803 1723 4866 Vocabis
1768 4822 1999 4867 nomen
2045 4805 2187 4886 ejus
2227 4807 2323 4869 Je-

828 4921 971 4965 sum
1016 4919 1032 4964 z
1075 4902 1213 4984 ipse
1260 4901 1435 4963 enim
1482 4901 1730 4964 salvum
1780 4902 1971 4965 faciet
2010 4903 2320 4985 populum

824 5019 1015 5063 suum
1058 5019 1095 5061 a
1137 5000 1413 5081 peccatis
1457 5018 1703 5063 eorum.
1734 5001 2127 5083 Augustinus
2171 5021 2324 5084 quo-

824 5116 949 5181 que
994 5115 1187 5179 super
1231 5096 1391 5159 illud
1426 5097 1707 5172 Ioannis,
1750 5098 1926 5161 Sicut
1966 5101 2146 5162 Pater
2187 5119 2323 5162 sus-

825 5196 978 5260 citat
1006 5202 1311 5270 mortuos,
1344 5202 1490 5270 etc„
1522 5195 1611 5258 ait
1643 5213 1658 5257 :
1688 5197 1937 5260 Judicat
1966 5206 2031 5260 et
2058 5199 2325 5262 suscitat

824 5313 1090 5380 corpora
1136 5312 1265 5357 non
1307 5294 1505 5369 Pater,
1548 5295 1659 5358 sed
1704 5295 1920 5372 Filius,
1963 5297 2320 5362 secundum

2439 3134 2545 3188 tur
2573 3127 2701 3190 Deo
2732 3128 2799 3190 in
2827 3127 3044 3211 aliqua
3070 3128 3339 3204 actione,
3358 3147 3486 3192 non
3516 3130 3583 3192 in
3613 3131 3942 3195 omnibus.

2440 3225 2647 3299 Quum
2695 3226 2871 3288 enim
2920 3226 3086 3289 Deus
3135 3227 3219 3288 sit
3265 3228 3475 3309 prima
3520 3247 3712 3292 causa
3759 3237 3949 3293 natu-

2441 3323 2668 3386 ralium
2719 3325 3009 3388 omnium
3056 3325 3404 3401 actionum,
3449 3327 3763 3409 quidquid
3811 3329 3947 3410 agit

2439 3430 2685 3498 natura,
2719 3423 2840 3486 hoc
2877 3422 3084 3486 efficit
3121 3430 3192 3485 ut
3231 3423 3714 3488 instrumentale
3744 3444 3945 3508 agens

2439 3539 2776 3602 cooperans
2801 3521 3005 3604 primo
3026 3523 3237 3603 agenti
3252 3540 3269 3603 3
3286 3523 3573 3605 quaedam
3598 3542 3750 3587 vero
3774 3524 3944 3589 Deus

2440 3619 2702 3682 retinuit
2729 3618 2875 3695 sibi,
2894 3620 3262 3684 immediate
3291 3638 3562 3704 operans
3589 3641 3684 3686 ea.
3704 3624 3944 3697 Quarto

2437 3719 2631 3781 etiam
2671 3719 2861 3783 modo
2899 3727 3274 3803 cooperatur
3311 3720 3553 3803 aliquid
3585 3723 3736 3798 De0,
3771 3722 3946 3786 sicut

2438 3817 2504 3880 in
2543 3817 2861 3882 creatione
2898 3819 3127 3883 animae
3166 3820 3512 3896 rationaliS,
3544 3839 3738 3903 quam
3769 3821 3942 3886 Deus

2437 3935 2551 3999 per
2590 3936 2657 3981 se
2699 3917 3066 3981 immediate
3107 3917 3434 4000 producit3
3467 3927 3692 3982 natura
3717 3927 3942 3984 tamen

2435 4014 2719 4096 disponit
2775 4015 3106 4080 materiam
3163 4016 3241 4078 ad
3299 4016 3530 4081 animae
3585 4018 3944 4101 susceptio·

2436 4132 2602 4176 nem.
2617 4112 2950 4196 Quumque
2982 4114 3288 4178 recreatio
3316 4115 3546 4180 animae
3576 4133 3943 4200 correspon-

2356 4211 2406 4274 D
2437 4210 2579 4274 deat
2622 4211 2764 4292 ejus
2808 4212 3140 4288 creationi,
3174 4212 3318 4276 ideo
3357 4214 3590 4280 anima)
3629 4217 3938 4280 emunda-

2434 4310 2676 4373 tionem
2714 4312 2882 4374 Deus
2925 4311 3293 4374 immediate
3336 4313 3514 4376 nullo
3554 4323 3940 4396 cooperante

2435 4417 2768 4490 operatur3
2810 4410 2920 4472 sed
2969 4409 3204 4491 aliquis
3253 4409 3319 4472 in
3367 4411 3488 4474 hoc
3537 4411 3659 4496 ipsi
3711 4430 3940 4496 coope-

2435 4515 2610 4570 ratur
2652 4515 2876 4590 quarto
2925 4508 3134 4582 modo,
3177 4508 3538 4591 dupliciter.
3582 4510 3814 4586 Primo,
3857 4531 3938 4576 ex

2433 4623 2626 4688 opere
2673 4613 2997 4689 operante,
3047 4606 3150 4669 vel
3196 4606 3485 4673 docendo
3531 4608 3634 4672 vel
3683 4627 3938 4691 prome-

2433 4705 2631 4768 rendo
2673 4724 2687 4770 ε
2731 4713 2794 4769 et
2829 4705 2923 4768 sic
2965 4705 3259 4769 homines
3301 4707 3362 4770 ei
3402 4717 3824 4791 cooperantur
3867 4711 3934 4774 in

2435 4811 2842 4886 peccatorum
2884 4804 3282 4880 remissione,
3315 4806 3394 4870 de
3433 4807 3668 4889 quibus
3707 4809 3786 4871 ad
3819 4809 3935 4873 Co-

2429 4903 2701 4966 rinthios
2739 4903 2994 4978 dicitur,
3031 4903 3141 4966 Dei
3182 4904 3505 4985 adjutores
3545 4926 3788 4970 sumus.
3823 4909 3932 4972 Se-
3959 4929 4233 4985 {cos-‚uta

2431 5002 2662 5076 cundo,
2697 5021 2774 5064 ex
2816 5019 3008 5084 opere
3047 5011 3327 5085 operato,
3361 5003 3530 5067 sicut
3565 5007 3675 5088 qui
3721 5007 3932 5071 confe-

2430 5109 2577 5163 runt
2595 5108 3001 5177 sacramenta,
3018 5121 3155 5184 quae
3179 5101 3524 5185 disponunt
3542 5105 3622 5168 ad
3649 5106 3930 5186 gratiam,

2429 5219 2544 5283 per
2572 5219 2766 5283 quam
2797 5198 2876 5262 sit
2904 5201 3195 5265 remissio
3225 5209 3670 5284 peccatorum3
3701 5213 3766 5267 et
3797 5205 3932 5270 haec

2431 5306 2528 5362 est
2583 5299 2944 5383 cooperatio
3007 5299 3369 5375 ministerii,
3417 5320 3562 5383 quae
3619 5301 3930 5368 ministris

4005 2860 4073 2903 Ia.
4089 2874 4154 2911 ιι,
4171 2865 4228 2903 13.
