4267 6250
796 456 925 527 536.
1726 472 1901 520 unm
1941 471 2005 519 ιν
2045 468 2530 518 smum-mou.
2572 488 2653 499 —
2692 469 2848 517 msr.
2887 470 2972 517 xx

800 648 1285 731 dispensatores
1329 646 1639 712 Ecclesiae
1696 646 2111 711 contritionis
2159 644 2594 727 quantitatem
2645 661 2778 708 non
2826 643 3261 726 perpendunt,
3317 640 3561 726 quibus
3615 659 3746 706 non
3799 642 3912 706 est

801 764 1031 829 datum
1060 764 1423 845 intelligere
1446 763 1703 827 occulta
1728 762 2050 844 cordium,
2081 761 2392 827 omnibus
2419 761 2598 843 leges
2633 760 3035 845 poenitentiae
3072 761 3506 840 constituunt,
3527 760 3662 823 tam
3690 758 3910 840 magis

694 902 700 907 ·
802 896 1003 961 quam
1030 879 1253 943 minus
1281 880 1361 943 de
1390 881 1655 961 peccato
1687 876 2083 943 dolentibus.
2116 878 2415 952 Quorum
2445 877 2737 941 studium
2769 877 2853 940 ad
2881 878 3008 942 hoc
3035 878 3366 959 praecipue
3395 876 3659 955 tendere
3684 874 3906 955 debet,

802 997 880 1061 ut
906 996 1121 1060 cordis
1156 996 1478 1074 dolorem,
1519 996 1840 1075 quantum
1871 994 1971 1057 fas
2000 996 2122 1074 est,
2165 993 2582 1075 cognoscant,
2615 993 2681 1057 et
2705 994 3070 1058 secundum
3099 995 3311 1076 ipsius
3337 993 3608 1057 modum
3647 991 3916 1055 satisfa-

509 1128 781 1186 AugAEnehi-
808 1112 1092 1176 ctionem
1135 1111 1503 1192 injungant.
1545 1109 1735 1175 Unde
1776 1109 2192 1190 Augustinus
2224 1130 2238 1169 :
2273 1110 2350 1172 In
2387 1109 2644 1172 actione
2681 1109 3108 1190 poenitentiae,
3147 1109 3261 1173 ubi
3305 1109 3434 1173 tale
3471 1108 3910 1173 commissum

509 1192 737 1237 ‘⁵⁶'⁰'⁶⁵'
806 1232 929 1310 est,
970 1231 1045 1293 ut
1080 1230 1138 1292 is
1168 1229 1281 1310 qui
1315 1228 1669 1305 commisit,
1704 1244 1743 1289 a
1780 1225 2025 1289 Christi
2062 1226 2263 1289 etiam
2293 1242 2562 1307 corpore
2591 1226 2949 1307 separetur,
2979 1242 3112 1289 non
3141 1228 3274 1291 tam
3307 1222 3774 1288 consideranda
3803 1225 3911 1287 est

534 1370 750 1424 hmo.
806 1361 1113 1409 mensura
1173 1344 1491 1425 temporis
1538 1360 1737 1424 quam
1793 1341 2062 1406 doloris.
2123 1341 2252 1405 Cor
2303 1342 2479 1405 enim
2537 1342 2894 1406 contritum
2950 1343 3016 1407 et
3053 1342 3477 1406 humiliatum
3534 1340 3716 1404 Deus
3768 1357 3908 1403 non

804 1461 1104 1543 despicit.
1146 1461 1395 1525 Verum
1448 1460 1603 1541 quia
1652 1459 2042 1541 plerumque
2088 1458 2278 1521 dolor
2326 1458 2597 1522 alterius
2647 1459 2862 1523 cordis
2909 1459 3208 1524 occultus
3255 1460 3355 1523 est
3406 1458 3619 1538 alteri,
3659 1474 3779 1521 nec
3835 1457 3908 1519 in

804 1578 1087 1641 aliorum
1123 1576 1429 1640 notitiam
1466 1576 1594 1639 nisi
1627 1593 1743 1657 per
1778 1574 1976 1639 verba
2011 1574 2117 1638 vel
2147 1574 2276 1638 alia
2304 1592 2736 1657 quaecumque
2765 1575 2953 1655 signa
2979 1576 3295 1657 procedit,
3321 1592 3530 1656 quum
3557 1574 3646 1637 sit
3682 1590 3906 1637 coram

522 1708 776 1761 amm,
806 1693 920 1758 illo
951 1695 1058 1758 cui
1095 1694 1358 1771 dicitur,
1392 1692 1697 1757 Gemitus
1734 1708 1923 1755 meus
1960 1708 1999 1754 a
2027 1693 2091 1755 te
2126 1709 2261 1755 non
2299 1691 2399 1755 est
2439 1690 2896 1774 absconditus3
2936 1694 3109 1755 recte
3151 1691 3642 1755 constituuntur
3677 1690 3760 1754 ab
3799 1690 3907 1755 his

510 1776 575 1817 ’θ’
805 1810 922 1895 qui
970 1808 1284 1873 Ecclesiis
1330 1808 1646 1889 praesunt,
1695 1808 1993 1888 tempora
2029 1806 2456 1887 poenitentiae,
2506 1806 2580 1869 ut
2630 1806 2993 1871 satisfaciat
3035 1807 3235 1872 etiam
3279 1805 3613 1886 Ecclesiae,
3656 1807 3726 1869 in
3773 1824 3908 1888 qua

802 1926 1068 2009 peccata
1104 1924 1249 2005 ipsa
1289 1922 1733 1986 remittuntur.
1766 1922 1972 1985 Extra
2016 1938 2164 1984 eam
2194 1921 2439 2003 quippe
2485 1937 2618 1983 non
2668 1922 3094 1987 remittuntur
3125 1943 3140 1985 :
3174 1924 3318 2007 ipsa
3367 1923 3545 1988 enim
3581 1922 3904 2005 Spiritum

802 2042 1117 2106 Sanctum
1145 2040 1385 2121 pignus
1422 2038 1693 2119 accepit,
1734 2038 1876 2101 sine
1914 2055 2047 2119 quo
2084 2053 2218 2099 non
2255 2038 2681 2101 remittuntur
2709 2038 2845 2101 ulla
2872 2040 3160 2121 peccata.
3195 2040 3363 2105 Item
3392 2040 3844 2121 Hieronymus
3883 2060 3900 2101 :

534 2180 771 2225 τωρωι
800 2157 1177 2222 Mensuram
1214 2154 1531 2237 temporis
1577 2154 1645 2217 in
1692 2153 1942 2234 agenda
1984 2154 2367 2245 poenitentia
2404 2154 2551 2217 ideo
2588 2172 2719 2217 non
2757 2156 2919 2220 satis
2965 2158 3185 2238 aperte
3229 2156 3578 2238 praefigunt
3623 2174 3908 2222 canones

504 2244 770 2297 ‘¹¹⁸⁸‘¹'⁶‘⁸⁶‘
801 2290 921 2355 pro
958 2288 1359 2353 unoquoque
1397 2271 1695 2351 crimine,
1737 2272 1810 2332 ut
1852 2271 1933 2335 de
1970 2270 2252 2351 singulis
2288 2271 2509 2335 dicant
2544 2271 2826 2352 qualiter
2862 2272 3384 2355 unumquodque
3419 2274 3906 2337 emendandum

801 2390 924 2472 sit;
964 2389 1081 2452 sed
1110 2387 1322 2469 magis
1348 2387 1416 2449 in
1442 2386 1711 2450 arbitrio
1742 2387 2100 2451 sacerdotis
2128 2386 2556 2467 intelligentis
2585 2387 3090 2469 relinquendum
3126 2389 3519 2468 statuerunt,
3545 2390 3703 2469 quia
3731 2390 3908 2471 apud

798 2506 1016 2569 Deum
1050 2521 1183 2567 non
1214 2504 1468 2565 tantum
1509 2502 1683 2567 valet
1719 2519 2027 2566 mensura
2062 2503 2382 2584 temporis
2410 2502 2728 2584 quantum
2760 2504 3030 2585 doloriS,
3057 2522 3178 2567 nec
3213 2504 3608 2569 abstinentia
3647 2506 3903 2569 tantum

800 2619 1095 2687 ciborum
1148 2620 1467 2701 quantum
1523 2618 1939 2682 mortificatio
1989 2619 2328 2682 vitiorum.
2373 2619 2660 2700 Ideoque
2706 2621 3004 2701 tempora
3053 2620 3456 2702 poenitentiae
3501 2638 3619 2703 pro
3667 2622 3798 2685 fide
3845 2624 3910 2687 et

798 2736 1293 2801 conversatione
1330 2730 1627 2799 fidelium
1656 2734 2117 2816 poenitentium
2156 2734 2595 2798 abbrevianda
2621 2737 3038 2818 praecipiunt,
3071 2738 3135 2800 et
3171 2754 3289 2818 pro
3328 2737 3728 2819 negligentia
3756 2757 3907 2820 pro-

798 2854 1097 2936 telanda;
1136 2869 1253 2935 pro
1301 2849 1699 2932 quibusdam
1744 2852 1966 2915 tamen
2014 2851 2228 2933 culpis
2267 2851 2450 2915 modi
2491 2853 2895 2933 poenitentiae
2933 2854 3089 2917 sunt
3132 2853 3455 2934 impositi.

884 3122 969 3188 D.
1027 3125 1225 3193 Quod
1266 3125 1757 3189 morientibus
1800 3136 1950 3186 non
1995 3122 2094 3184 sit
2141 3122 2584 3196 imponenda
2621 3121 3064 3199 satisfactiO,
3097 3128 3225 3188 sed
3269 3125 3816 3192 innotescenda.

934 3365 1115 3430 Solet
1172 3364 1373 3429 etiam
1419 3364 1652 3445 quaeri,
1692 3364 1919 3426 utrum
1964 3362 2436 3428 satisfactionis
2492 3364 2601 3426 lex
2651 3364 2990 3427 morituris
3035 3365 3124 3428 sit
3169 3365 3590 3446 imponenda.
3637 3369 3738 3433 De
3774 3388 3907 3452 quo

488 3502 495 3508 ·
539 3501 706 3548 omi.
733 3518 777 3560 ρ.
804 3481 1189 3548 Theodorus
1237 3479 1725 3544 Cantuariensis
1780 3479 2131 3560 episcopus
2175 3479 2246 3541 in
2299 3478 2745 3544 Poenitentiali
2801 3497 2924 3543 suo
2979 3480 3074 3544 sic
3122 3482 3218 3544 ait
3269 3501 3284 3543 :
3339 3481 3444 3546 Ab
3501 3479 3784 3550 infirmis
3839 3488 3908 3551 in

511 3569 777 3685 ζζῗῗῗιό
806 3597 1099 3681 periculo
1138 3597 1371 3660 mortis
1422 3595 1659 3677 positis
1703 3611 1869 3677 pura
1918 3595 2310 3677 inquirenda
2359 3596 2460 3660 est
2507 3595 2833 3660 confessio
2881 3599 3339 3682 peccatorum3
3379 3616 3513 3663 non
3549 3602 3772 3666 tamen
3809 3606 3912 3668 aet

810 3717 944 3781 illis
984 3714 1382 3797 imponenda
1421 3714 1753 3796 quantitas
1802 3714 2230 3794 poenitentiae,
2269 3714 2385 3778 sed
2421 3714 2909 3795 innotescenda,
2959 3714 3026 3778 et
3063 3732 3214 3778 cum
3254 3718 3620 3782 amicorum
3664 3723 3912 3786 oratio-

810 3831 1007 3896 nibus
1058 3833 1125 3896 et
1172 3831 1740 3912 eleemosynarum
1790 3829 2252 3910 largitionibus
2306 3828 2566 3910 pondus
2620 3831 3020 3912 poenitentiae
3077 3831 3579 3914 sublevandum,
3633 3835 3692 3898 si
3742 3837 3911 3902 forte

811 3949 1255 4031 migraverint.
1317 3947 1389 4011 Si
1457 3963 1613 4010 vero
1683 3945 2159 4025 convaluerint,
2219 3945 2620 4026 poenitentiae
2681 3945 2954 4009 modum
3023 3964 3063 4009 a
3119 3949 3456 4016 sacerdote
3519 3951 3909 4032 impositum

810 4065 1155 4146 diligenter
1184 4063 1551 4127 observent.
1593 4061 1764 4124 Aliis
1800 4078 1955 4125 vero
1993 4077 2113 4141 pro
2149 4059 2464 4141 qualitate
2492 4061 2740 4142 peccati
2778 4061 3161 4143 poenitentia
3186 4062 3591 4128 decernenda
3617 4069 3717 4130 est
3746 4085 3914 4148 prae·

544 4198 651 4244 ibid.
663 4213 702 4245 ο.
715 4202 755 4245 2.
810 4181 1168 4246 sidentium
1232 4178 1524 4242 arbitrio.
1584 4177 1772 4242 Unde
1825 4176 1960 4242 Leo
2018 4176 2198 4258 Papa
2239 4197 2254 4237 ε
2295 4176 2621 4258 Tempora
2681 4177 3160 4259 poenitudinis„
3187 4177 3409 4242 habita
3463 4182 3913 4247 moderatione

810 4293 1267 4360 constituenda
1311 4295 1465 4357 sunt
1506 4295 1620 4356 tuo
1660 4291 1935 4373 judicio,
1987 4292 2186 4374 prout
2230 4308 2694 4355 conversorum
2743 4293 3004 4358 animos
3055 4296 3467 4376 perspexeris
3521 4313 3664 4360 esse
3716 4297 3916 4362 devo-

810 4413 936 4478 tos.
976 4411 1232 4475 Pariter
1268 4409 1467 4474 etiam
1514 4407 1752 4474 habere
1806 4407 2005 4472 debes
2054 4408 2270 4472 aetatis
2319 4408 2547 4472 senilis
2593 4409 2932 4489 intuitum,
2978 4410 3042 4474 et
3091 4411 3414 4491 respicere
3466 4412 3914 4493 periculorum

810 4541 1381 4610 quorumcumque
1426 4523 1533 4588 vel
1578 4523 2043 4603 aegritudinum
2087 4524 2531 4589 necessitates.

1029 4795 1108 4859 E.
1156 4797 1247 4862 ln
1288 4795 1724 4860 necessitate
1768 4809 1920 4859 non
1964 4795 2072 4858 est
2114 4799 2456 4870 neoanda
2501 4796 2931 4869 poenitentia
2989 4800 3103 4859 vel
3145 4799 3682 4863 reconciliatio,

943 5036 1297 5102 Sciendum
1363 5035 1587 5114 etiam,
1645 5033 1825 5116 quod
1880 5035 2176 5115 tempore
2229 5035 2637 5098 necessitatis
2691 5051 2825 5097 non
2873 5034 2976 5098 est
3027 5033 3323 5113 neganda
3369 5035 3756 5115 poenitentia
3805 5042 3910 5105 vel

543 5173 652 5218 ihm.
676 5187 717 5232 q.
738 5177 781 5228 e,
809 5153 1251 5220 reconciliatio
1298 5149 1694 5233 petentibus.
1736 5149 1925 5215 Unde
1970 5150 2105 5214 Leo
2156 5150 2338 5232 Papa
2370 5151 2536 5214 :His
2586 5152 2701 5232 qui
2747 5151 3040 5231 tempore
3086 5150 3498 5215 necessitatis
3534 5153 3599 5216 et
3635 5157 3910 5236 periculi

517 5247 558 5280 θ’
582 5239 650 5281 ¹⁰'
808 5270 1102 5354 urgentis
1137 5267 1471 5348 instantia,
1503 5267 1888 5349 praesidium
1924 5266 2327 5348 poenitentiae
2365 5269 2432 5334 et
2467 5265 2740 5331 modum
2787 5265 3336 5330 reconciliationis
3373 5267 3752 5352 implorant,
3785 5290 3904 5339 nec
