4267 6250
61 1689 200 1733 Πυθι.
215 1704 277 1738 ιιι.

43 1755 92 1794 18.

83 1985 238 2029 Mani.

43 2062 134 2099 nn,
151 2054 214 2094 ³9.

607 551 624 560 -
713 519 916 565 mun
957 517 1165 566 rom
1205 517 1714 566 consumarloms
1755 517 2080 566 sauoutms
2121 518 2381 568 imane
2420 519 2833 579 nxrmluwn,
2872 520 3003 567 ΠΕ.

303 687 400 751 sui
433 688 688 752 ratione
717 706 848 753 non
877 687 1036 752 dicit
1062 684 1306 772 aliquid
1348 687 1649 772 potabile,
1683 688 1814 752 imo
1843 689 1894 755 Α
1925 689 2120 766 ducit,
2154 689 2265 773 qui
2296 697 2394 754 est
2428 699 2810 755 aeternorum
2848 690 3160 754 bonorum
3201 705 3419 772 perce-

305 787 518 870 potius
547 787 798 870 aliquid
828 788 1000 871 quod
1031 795 1256 851 natura
1284 787 1584 852 abhorret
1610 788 1676 850 in
1707 805 1816 870 po-

307 893 466 948 tum.
499 885 842 969 Quumque
873 887 940 949 in
971 886 1094 951 hoc
1123 894 1524 950 sacramento
1555 886 1814 968 sanguis

307 983 540 1047 Christi
583 991 996 1047 consecretur
1033 991 1106 1046 ut
1143 993 1353 1067 potus,
1385 985 1669 1067 oportuit
1705 984 1816 1047 ali-

305 1082 464 1164 quid
492 1082 642 1145 addi
674 1082 846 1164 quod
889 1083 968 1145 ad
1011 1090 1234 1165 potum
1275 1083 1612 1166 pert-ineat,
1643 1081 1814 1146 scili-

307 1188 410 1242 cet
459 1177 750 1243 calicem.
805 1179 1098 1243 Secundo
1146 1188 1356 1264 potest
1403 1181 1697 1262 intelligi,
1743 1187 1815 1242 ut

307 1280 393 1342 sit
437 1278 896 1360 metaphorica,
928 1278 1340 1360 intelligendo
1389 1297 1504 1361 per
1546 1278 1811 1340 calicem

309 1375 542 1439 Christi
605 1376 988 1458 passionem.
1039 1377 1585 1450 Quemadmodum
1637 1376 1810 1440 enim

307 1473 474 1537 calix
505 1475 640 1538 vini
683 1473 980 1550 inebriat,
1013 1475 1108 1537 sic
1146 1474 1360 1557 passio
1386 1474 1812 1536 amaritudine

307 1591 426 1635 sua
471 1573 802 1636 hominem
851 1573 1032 1655 quasi
1081 1580 1257 1635 extra
1295 1591 1364 1635 se
1401 1573 1604 1656 ponit,
1631 1572 1814 1653 juxta

309 1670 473 1734 illud
513 1672 580 1734 in
619 1672 889 1734 Threnis
923 1689 938 1734 ι
972 1672 1264 1755 Replevit
1301 1691 1405 1734 me
1446 1671 1814 1734 amaritudi-

313 1788 414 1844 ne,
450 1769 792 1833 inebriavit
829 1789 932 1834 me
970 1769 1310 1833 absinthio.
1349 1770 1427 1832 Et
1463 1769 1584 1833 hoc
1625 1769 1813 1833 modo

1923 789 2080 871 ptio,
2111 789 2191 852 ad
2231 809 2373 872 quae
2404 789 2691 853 Christus
2729 807 2845 872 per
2872 787 3248 870 sanguinem
3288 805 3419 851 suae

1925 885 2241 969 passionis
2290 886 2635 950 introducit
2686 905 2701 950 τ
2754 887 2817 950 in
2868 903 2997 969 quo
3044 903 3283 950 novum
3332 893 3421 948 te-

1924 993 2311 1048 stamentum
2370 984 2808 1060 confirmatur,
2856 1001 2983 1048 non
3036 984 3417 1066 promittens

1924 1082 2322 1164 temporalia,
2382 1082 2551 1146 sicut
2602 1091 2809 1158 vetuS,
2858 1082 2969 1144 sed
3026 1089 3278 1144 aeterna.
3340 1081 3419 1144 Et

1923 1188 2234 1261 quantum
2263 1180 2343 1242 ad
2372 1181 2493 1244 hoc
2520 1180 2778 1255 dicitur,
2808 1179 2965 1244 Novi
2994 1187 3061 1242 et
3086 1180 3305 1243 aeterni
3335 1187 3421 1242 te-

1923 1278 2591 1361 stamenti.Quumque
2618 1278 2773 1341 finis
2803 1278 2979 1362 prior
3006 1279 3089 1340 sit
3118 1279 3183 1340 in
3215 1277 3421 1341 inten-

1923 1376 2116 1451 tione,
2152 1376 2294 1439 ideo
2329 1377 2461 1440 fine
2490 1379 2844 1460 praemisso,
2878 1395 2993 1460 per
3022 1376 3306 1439 medium
3336 1377 3415 1440 ad

1922 1474 2231 1537 effectum
2298 1474 2611 1558 passionis
2665 1475 3128 1538 ostendendum
3194 1475 3417 1539 formae

1922 1571 2118 1635 verba
2156 1574 2531 1655 perducunt.

2003 1672 2475 1735 Testamentum
2506 1680 2718 1735 autem
2750 1673 3007 1756 proprie
3040 1681 3139 1737 est
3165 1673 3417 1736 institu-

1923 1769 2012 1832 tio
2041 1770 2411 1834 hereditatis
2450 1772 2880 1854 percipiendae
2916 1772 3073 1835 filiis
3110 1791 3147 1835 a
3187 1781 3364 1855 patre
3397 1788 3412 1834 τ

311 1867 614 1950 loquendi
645 1888 800 1930 usus
829 1877 929 1931 est
957 1868 1268 1943 ChristuS,
1290 1868 1558 1951 loquens
1587 1868 1668 1930 de
1697 1886 1811 1930 sua
1847 1869 1894 1932 B
1927 1868 2068 1932 idco
2097 1870 2355 1952 proprie
2394 1877 2637 1952 spectat
2667 1871 2747 1933 ad
2788 1870 3276 1952 promissionem
3307 1869 3417 1934 bo-

311 1967 608 2049 passione
644 1967 818 2050 apud
855 1967 1218 2031 Matthaeum
1252 1985 1266 2030 :
1301 1969 1598 2030 Transeat
1637 1986 1674 2029 a
1709 1985 1812 2028 me

311 2067 480 2128 calix
537 2067 678 2129 iste.
737 2066 854 2129 Hic
912 2083 1168 2148 quoque
1227 2067 1453 2130 modus
1511 2065 1812 2148 loquendi

311 2165 612 2228 convenit
654 2164 807 2227 huic
849 2163 1092 2239 formae,
1138 2165 1290 2248 quia
1333 2165 1396 2228 in
1438 2165 1814 2228 consecrati·

305 2281 430 2326 one
486 2263 818 2345 sanguinis
868 2264 1110 2327 directe
1157 2264 1540 2346 exprimitur
1581 2271 1812 2347 myste-

307 2363 479 2424 rium
527 2363 863 2445 passionis.
915 2363 1045 2427 Nec
1097 2362 1305 2426 obstat
1359 2363 1528 2445 quod
1585 2361 1811 2444 objici-

309 2467 436 2534 tur,
459 2462 630 2543 quod
659 2461 1022 2542 figurativas
1060 2460 1414 2524 locutiones
1450 2461 1811 2524 distrahunt

307 2557 708 2621 intellectum
761 2568 830 2622 et
885 2559 1130 2622 faciunt
1183 2560 1458 2642 evagari,
1507 2560 1806 2650 quoniam

309 2675 492 2720 mens
522 2657 871 2721 sacerdotis
899 2657 1090 2721 dehet
1118 2677 1258 2722 esse
1296 2668 1424 2721 tam
1467 2659 1709 2722 intenta
1745 2666 1812 2722 et

307 2757 443 2819 l'ixa
481 2757 560 2819 ad
599 2775 676 2820 ea
713 2777 858 2839 quae
895 2757 1072 2832 dicit,
1105 2759 1272 2840 quod
1309 2775 1436 2821 non
1468 2758 1592 2821 levi
1631 2775 1810 2822 occa-

307 2856 490 2918 sione
529 2863 850 2937 evagetur.

387 2955 696 3018 Praeterea
739 2973 884 3037 quae
926 2954 992 3017 in
1039 2955 1514 3019 consecratione
1557 2955 1808 3037 sangui-

1924 1984 2153 2029 norum
2183 1986 2325 2050 quae
2356 1967 2539 2031 nobis
2567 1987 2605 2029 a
2634 1969 2813 2031 Patre
2842 1968 3269 2052 disponuntur
3296 1987 3421 2034 coe-

1925 2064 2085 2127 lesti.
2140 2064 2314 2138 Quod
2364 2073 2813 2129 testamentum
2873 2067 3107 2129 dicitur
3152 2085 3415 2143 novum,

1923 2163 2227 2246 quoniam
2259 2164 2324 2226 in
2365 2165 2838 2228 renovationem
2872 2165 3091 2228 mundi
3132 2173 3421 2250 tempore

1920 2261 2139 2344 gratiae
2168 2271 2264 2326 est
2294 2263 2693 2344 institutum3
2724 2272 2789 2328 et
2818 2265 2971 2328 item
3002 2265 3245 2328 ratione
3274 2282 3419 2347 pro·

1923 2362 2247 2425 missionis
2278 2381 2392 2445 per
2421 2363 2653 2426 Christi
2682 2364 3053 2446 sanguinem
3086 2363 3422 2428 confirma·

1921 2466 2023 2534 tae,
2045 2479 2189 2542 quae
2216 2468 2399 2523 vetus
2429 2460 2958 2543 impedimentum
2988 2461 3418 2544 percipiendas

1921 2557 2291 2620 hereditatis
2320 2559 2559 2622 amovit
2592 2577 2607 2620 ε
2640 2559 2860 2641 sicque
2899 2559 3222 2622 innovatio
3251 2579 3421 2642 quae·

1921 2656 2065 2719 dam
2117 2657 2561 2740 promissionis
2608 2676 2725 2741 per
2775 2658 3005 2721 Christi
3053 2658 3416 2740 passionem

1919 2763 2017 2818 est
2047 2755 2297 2819 effecta.
2322 2757 2568 2820 Dicitur
2595 2774 2851 2840 quoque
2882 2757 3051 2820 idem
3082 2764 3421 2820 testamen-

1921 2861 2058 2917 tum
2089 2854 2306 2938 aliquo
2347 2863 2639 2938 respectu
2668 2863 2999 2932 aeternum,
3032 2857 3136 2919 vel
3175 2856 3421 2919 ratione

1921 2962 2305 3018 aetcrnorum
2344 2954 2680 3030 bonorum,
2714 2954 2791 3017 de
2824 2953 3059 3037 quibus
3100 2961 3197 3018 cst
3233 2963 3421 3018 testa-

303 3055 409 3116 nis
440 3061 876 3137 apponuntur,
907 3054 1280 3138 exprimunt
1317 3054 1632 3138 passionis
1662 3072 1810 3119 con·
1841 3062 1885 3126 c
1925 3060 2252 3135 mentum3
2283 3053 2386 3116 vel
2416 3053 2719 3135 quoniam
2760 3053 3043 3117 continet
3072 3053 3416 3130 Christum,

301 3152 608 3228 ditioneS,
657 3152 981 3236 praecipue
1031 3154 1384 3216 secundum
1441 3154 1611 3236 quod
1665 3172 1814 3237 ope-

305 3260 486 3313 ratur
536 3250 604 3313 in
654 3252 1088 3315 sacramentis.
1137 3252 1207 3315 In
1255 3252 1550 3335 passione
1597 3260 1811 3316 autern

307 3349 668 3413 secundum
706 3350 878 3432 quod
916 3358 1218 3432 operatur
1263 3350 1330 3413 in
1373 3351 1808 3427 sacramentiS,

307 3450 432 3511 tria
479 3458 631 3513 sunt
673 3449 1149 3513 consideranda.
1194 3450 1478 3513 Primum
1522 3459 1621 3514 est
1656 3451 1812 3514 effe·

309 3556 454 3611 ctus
497 3567 693 3631 quem
737 3547 1006 3623 inducit,
1039 3548 1150 3630 qui
1191 3556 1286 3611 est
1332 3549 1624 3613 remissio
1667 3568 1811 3633 pec-

311 3656 602 3711 catorum
637 3664 651 3709 :
685 3646 858 3729 quod
896 3647 1176 3728 tangitur
1214 3648 1368 3709 dum
1406 3648 1660 3723 dicitur,
1693 3648 1811 3723 Qui

311 3764 430 3828 pro
471 3744 656 3809 vobis
703 3752 770 3807 et
814 3762 932 3827 pro
981 3744 1200 3808 multis
1249 3745 1640 3820 effundetur,
1686 3754 1805 3809 etc.

309 3844 678 3907 Secundum
723 3851 822 3906 est
863 3844 1148 3906 medium
1197 3862 1327 3926 quo
1373 3843 1644 3908 effectus
1692 3844 1812 3908 iste

310 3942 380 4005 in
411 3941 570 4006 alios
599 3942 974 4019 traducitur,
997 3942 1167 4024 quod
1198 3950 1296 4005 est
1319 3942 1506 4019 fides,
1526 3963 1652 4025 qua
1681 3963 1812 4007 me·

311 4040 528 4104 diante
557 4041 751 4105 habet
778 4040 1084 4105 effectum
1118 4049 1254 4103 tum
1287 4041 1354 4104 in
1383 4041 1485 4104 his
1514 4042 1624 4123 qui
1659 4061 1814 4126 prae·

313 4148 664 4216 cesserunt,
705 4148 844 4202 tum
893 4139 960 4203 in
1009 4139 1110 4203 his
1159 4140 1270 4222 qui
1317 4149 1710 4223 sequuntur3
1750 4150 1815 4205 et

1922 3152 2033 3233 qui
2078 3160 2176 3215 est
2216 3170 2489 3235 persona
2530 3159 2796 3232 aeterna3
2828 3152 2929 3216 vel
2974 3154 3217 3217 ratione
3266 3171 3423 3236 prae·

1923 3249 2363 3313 destinationis
2391 3257 2643 3314 aetcrnae
2673 3250 2835 3313 hanc
2872 3250 3139 3332 gratiam
3180 3268 3421 3333 proepa·

1923 3348 2140 3411 rantis.
2174 3382 2255 3393 -—
2282 3349 2361 3411 At
2403 3366 2556 3411 vero
2596 3347 2855 3430 sanguis
2898 3348 3130 3412 Christi
3170 3347 3422 3412 effusus

1923 3453 2020 3509 est
2076 3464 2193 3529 pro
2239 3446 2539 3510 omnibus
2599 3454 2909 3527 quantum
2958 3448 3035 3510 ad
3091 3445 3421 3509 sufficien-

1923 3545 2101 3619 tiam,
2133 3546 2243 3607 sed
2286 3562 2401 3627 pro
2438 3544 2659 3608 electis
2697 3552 2945 3608 tantum
2987 3551 3296 3627 quantum
3341 3546 3420 3607 ad

1923 3642 2317 3723 efficaciam3
2348 3650 2412 3705 ct
2441 3661 2521 3706 ne
2553 3650 2813 3725 putetur
2841 3642 3089 3706 effusus
3120 3661 3238 3726 pro
3270 3643 3422 3707 solis

1921 3741 2155 3806 Judaeis
2203 3741 2443 3816 electiS,
2491 3741 2727 3824 quibus
2776 3742 3116 3824 promissio
3160 3741 3288 3803 fuit
3332 3741 3425 3804 fa-

1925 3848 2047 3915 cta,
2090 3840 2235 3902 ideo
2275 3840 2452 3915 dicit,
2494 3840 2610 3902 Pro
2647 3838 2853 3913 vobiS,
2895 3838 3007 3920 qui
3052 3838 3303 3901 scilicet
3344 3858 3423 3901 ex

1921 3939 2155 4003 Judaeis
2201 3938 2375 4013 estiS,
2420 3945 2485 4001 et
2530 3956 2647 4021 pro
2694 3936 2937 4012 multis,
2984 3944 3295 4018 quantum
3344 3938 3423 4001 ad

1926 4037 2402 4101 multitudinem
2432 4037 2719 4119 gentium
2762 4036 3129 4099 electarum.
3166 4034 3277 4099 Vel
3309 4055 3424 4119 per

1923 4134 2255 4219 Apostolos
2285 4133 2607 4217 significat
2634 4133 3264 4217 sacerdotes,quibus
3297 4152 3425 4199 me·

313 4244 626 4319 quantum
664 4237 743 4300 ad
782 4237 904 4300 hoc
935 4236 1192 4313 dicitur,
1233 4238 1600 4322 Mysterium
1629 4239 1807 4304 fidei,
1843 4244 1894 4307 D
1923 4233 2248 4297 diantibus
2276 4233 2355 4296 ad
2384 4232 2543 4297 alios
2582 4232 2874 4315 pervenit
2909 4231 3181 4297 effectus
3218 4232 3421 4298 domi·

313 4335 496 4410 Quod
537 4344 744 4419 potest
779 4336 1004 4399 referri
1043 4344 1175 4399 tam
1214 4338 1293 4400 ad
1330 4338 1534 4421 ipsam
1579 4341 1814 4422 passio-

315 4452 494 4509 nem,
537 4454 676 4518 quae
717 4444 819 4499 est
865 4436 1238 4519 mysterium
1289 4436 1466 4512 fidei,
1509 4446 1810 4522 tanquam

316 4533 638 4598 occultum
667 4536 820 4618 quid
853 4536 1054 4598 latens
1086 4535 1152 4598 in
1181 4535 1312 4599 fide
1341 4536 1617 4600 omnium
1649 4538 1818 4603 Chri-

319 4631 722 4709 stifidelium,
774 4635 1106 4718 potissime
1161 4636 1594 4720 antiquorum,
1645 4641 1816 4723 apud

319 4748 494 4814 quos
535 4732 654 4795 ruit
698 4736 766 4796 in
816 4736 1118 4819 mysterio
1165 4736 1554 4813 abscondita,
1603 4738 1816 4803 multi-

323 4828 579 4913 pliciter
616 4831 922 4914 figurata3
953 4851 1148 4914 quam
1185 4835 1262 4897 ad
1295 4835 1524 4900 Christi
1565 4836 1816 4919 sangui-

323 4946 482 4991 nem
521 4939 702 5013 prout
739 4930 806 4992 in
853 4940 1254 4995 sacramento
1290 4934 1671 5010 continetur,
1704 4936 1816 5017 qui

323 5028 488 5091 latet
529 5028 642 5091 sub
699 5028 1064 5112 speciebu3‚
1116 5038 1181 5094 et
1237 5032 1577 5095 maximam
1626 5032 1819 5097 habet

323 5124 774 5191 difficultatem
804 5130 883 5192 ad
915 5130 1338 5211 credendum3
1361 5139 1618 5213 propter
1646 5132 1817 5213 quod

322 5226 812 5291 antonomastice
841 5228 1071 5292 dicitur
1099 5230 1470 5312 mysterium
1497 5230 1666 5293 fidei.
1681 5230 1820 5294 Ter·

323 5322 502 5387 tium
528 5330 617 5387 est
641 5324 795 5390 finis
825 5328 904 5391 ad
941 5346 1134 5411 quem
1172 5328 1384 5411 passio
1414 5328 1645 5393 Christi
1675 5347 1818 5413 per-

574 5459 644 5513 T.
680 5464 760 5515 24.

1924 4334 2084 4397 nicae
2126 4332 2438 4415 passionis
2483 4351 2598 4416 per
2634 4332 3174 4415 dispensationem
3219 4350 3422 4396 sacra·

1926 4440 2309 4507 mentorum,
2344 4432 2456 4514 qui
2494 4432 2687 4495 etiam
2718 4450 2834 4515 pro
2871 4450 2941 4495 se
2980 4432 3135 4515 ipsis
3173 4450 3247 4493 ac
3276 4432 3420 4496 aliis

1924 4542 2123 4598 orant.
2158 4567 2238 4580 --
2265 4533 2353 4596 De
2394 4532 2745 4597 mutatione
2785 4533 3067 4607 demum,
3099 4532 3420 4597 additione

1924 4644 1988 4699 et
2017 4634 2448 4700 subtractione
2488 4632 2658 4697 idem
2697 4633 3038 4697 dicendum
3069 4641 3166 4696 est
3204 4634 3269 4697 in
3300 4634 3421 4698 hoc

1925 4742 2343 4810 sacramento,
2376 4734 2546 4816 quod
2595 4752 2808 4817 supra,
2845 4733 3251 4797 distinctione
3297 4742 3422 4797 ter·

1926 4834 2034 4907 tia,
2066 4834 2313 4897 dictum
2340 4840 2456 4909 est,
2492 4832 2661 4895 circa
2688 4832 2959 4895 formam
2992 4832 3317 4915 Baptismi.
3340 4864 3421 4878 -
3475 4856 3629 4911 quat.
3644 4852 3687 4897 2.

1927 4934 2069 4997 Haec
2099 4933 2371 4997 Thomas
2412 4933 2477 4997 in
2518 4932 2785 5014 Scripto.
2821 4930 3051 4993 Eadem
3093 4929 3317 4993 scribit
3354 4932 3419 4994 in

1927 5032 2112 5095 tertia
2142 5038 2342 5115 parte,
2374 5029 2725 5114 quaestione
2753 5030 3220 5113 septuagesima
3255 5037 3421 5093 octa-

1927 5150 2027 5206 va,
2072 5130 2341 5194 articulo
2382 5130 2588 5193 tertio.

2019 5230 2323 5293 Praeterea
2380 5230 2599 5292 Petrus
2650 5244 2665 5290 :
2718 5228 2897 5293 Circa
2950 5226 3224 5291 formam
3280 5226 3423 5309 (ait)

1930 5328 2424 5392 consecrationis
2467 5326 2797 5410 sanguinis
2842 5326 3133 5410 quaedam
3181 5344 3425 5411 ponun-

3110 5461 3175 5512 15
