4267 6250
74 3232 88 3385 -.*
71 2451 88 3221 “fflss--.-—*.-
71 2388 80 2403 U
71 996 78 2278 ⁸————-—---————————-—-——
71 916 73 929 -
71 892 73 901 -
71 836 74 877 .—

1048 538 1113 585 m
1154 538 1376 585 msnmt
1416 540 1477 584 ιν
1518 538 2001 586 smum-unum
2042 557 2123 568 —
2163 540 2318 587 msr.
2363 541 2431 587 m
2473 540 2683 588 suun
3335 518 3416 585 99

361 711 512 774 enim
556 712 740 776 tertio
790 714 1085 779 immersi
1135 716 1317 795 estiS,
1357 715 1473 798 qui
1520 715 1864 798 accepistis
1911 716 2326 798 Baptismum
2381 716 2450 780 in
2494 715 2762 780 nomine
2808 713 3170 778 Trinitatis.
3213 712 3417 777 Recte

356 826 521 890 tertio
554 828 863 911 immersi,
904 832 1063 912 quia
1097 832 1442 913 accepistis
1478 812 1895 914 Baptismum
1934 834 2005 897 in
2048 834 2318 897 nomine
2359 832 2626 913 Christi,
2669 832 2785 913 qui
2821 831 2929 896 die
2973 831 3168 896 tertia
3203 848 3422 895 resur·

354 943 499 1005 rexit
530 962 565 1006 a
598 946 893 1010 mortuis.
922 947 1045 1010 Illa
1073 948 1251 1011 enim
1288 948 1481 1012 tertio
1521 950 1797 1030 repetita
1831 950 2170 1014 immersio
2200 952 2436 1031 typum
2473 949 2823 1013 dominicae
2855 948 3168 1029 exprimit
3203 946 3422 1028 sepul-

352 1060 512 1123 turae.
535 1096 619 1107 —
648 1061 915 1126 Constat
943 1080 1121 1145 ergo,
1145 1062 1569 1145 baptizandos
1600 1066 1793 1129 tertio
1830 1065 2065 1129 debere
2106 1066 2451 1148 immergi;
2482 1066 2546 1128 et
2582 1067 2804 1129 tamen
2840 1064 2898 1128 si
2926 1064 3130 1127 semel
3159 1064 3420 1127 tantum

350 1174 805 1259 immergantur,
856 1197 1085 1243 verum
1152 1179 1493 1261 Baptisma
1556 1182 1907 1263 accipiunt.
1968 1183 2055 1246 Et
2108 1183 2224 1263 qui
2279 1182 2485 1246 semel
2541 1180 2878 1262 immergit
2941 1181 3222 1258 tantum,
3285 1195 3418 1242 non

350 1293 565 1371 peceat,
594 1293 720 1355 nisi
756 1296 1161 1360 consuetudo
1200 1296 1511 1361 Ecclesiae
1550 1296 1847 1378 obsistat,
1870 1297 1975 1362 vel
2004 1299 2131 1361 hoc
2167 1298 2365 1361 modo
2405 1298 2663 1361 tantum
2699 1297 2934 1361 debere
2970 1296 3112 1361 fieri
3143 1296 3412 1359 asserat.

988 1545 1075 1611 Κ.
1118 1550 1413 1615 Quando
1463 1551 1929 1613 circumcisio
1980 1550 2239 1612 amisit
2283 1552 2435 1613 vim
2479 1564 2723 1613 suam.

458 1755 626 1821 Solet
660 1758 857 1822 etiam
892 1761 1124 1841 quaeri,
1158 1762 1213 1825 si
1245 1762 1660 1827 circumcisio
1688 1762 1912 1827 amisit
1942 1762 2169 1827 statim
2204 1762 2344 1826 vim
2381 1779 2570 1826 suam
2610 1762 2693 1826 ab
2729 1762 3143 1827 institutione
3184 1764 3413 1846 Bapti-
3441 1774 3708 1833 ungesun-

347 1874 473 1934 smi.
503 1872 598 1936 Ad
632 1875 807 1955 quod
842 1875 1151 1957 dicimus,
1184 1878 1254 1941 in
1282 1877 1527 1943 Christi
1564 1880 1773 1942 morte
1802 1880 2154 1943 terminata
2191 1895 2333 1942 esse
2367 1877 2602 1960 legalia
2638 1878 2883 1942 omnia.
2923 1879 3026 1943 Ex
3063 1881 3220 1943 tunc
3256 1898 3412 1961 ergo
3439 1840 3702 1954 ι’Ϊ-Ῑοιεῖῗὲ.

347 1988 717 2053 circumcisio
753 1991 1042 2073 perdidit
1090 1994 1231 2056 vim
1266 2012 1480 2075 suam,
1525 1994 1617 2057 ita
1662 1995 1845 2077 quod
1886 1996 2117 2078 postea
2163 2011 2296 2057 non
2344 1994 2718 2075 profecerit,
2762 1993 2876 2057 sed
2925 1995 3150 2077 potius
3197 1995 3414 2060 obfuit

348 2103 837 2171 observatoribus
872 2108 1037 2172 suis.
1080 2109 1209 2174 Sed
1238 2128 1447 2192 usque
1478 2112 1561 2175 ad
1592 2111 1989 2176 oblationem
2020 2128 2194 2175 verae
2236 2111 2471 2174 hostiae
2507 2111 2724 2192 potuit
2760 2112 3092 2192 prodesse.
3127 2111 3196 2176 Si
3235 2113 3412 2177 enim

347 2222 473 2285 ante
526 2226 891 2304 passionem
950 2226 1186 2309 legalia
1239 2228 1441 2292 finem
1494 2228 1898 2309 habuissent,
1960 2245 2094 2291 non
2149 2246 2224 2293 ea
2277 2228 2666 2292 imminente
2717 2229 2909 2292 vetus
2964 2229 3207 2310 pascha
3261 2246 3415 2293 cum

348 2338 653 2421 discipulis
695 2342 1177 2409 manducasset.

1328 2588 1405 2652 L.
1456 2593 1558 2653 De
1604 2605 1833 2654 causa
1881 2591 2389 2655 institutionis.

455 2800 651 2867 Causa
684 2820 841 2867 vero
877 2802 1317 2867 institutionis
1345 2802 1672 2885 Baptismi
1708 2805 1809 2868 est
1835 2804 2174 2868 innovatio
2213 2805 2477 2883 mentiS,
2518 2804 2594 2866 ut
2619 2804 2846 2884 homo,
2881 2802 2997 2884 qui
3030 2821 3149 2885 per
3181 2820 3412 2886 pecca-

346 2916 465 2979 tum
489 2920 669 2982 vetus
704 2918 941 3000 fuerat,
971 2936 1091 3002 per
1117 2919 1397 3000 gratiam
1432 2918 1759 3001 Baptismi
1787 2920 2138 2984 renovetur
2180 2940 2194 2980 :
2237 2920 2416 3001 quod
2443 2920 2519 2983 fit
2552 2919 2964 3000 depositione
2990 2919 3308 2983 vitiorum
3346 2921 3413 2985 et

346 3032 652 3097 collatione
701 3035 1046 3097 virtutum.
1100 3034 1209 3098 Sic
1264 3034 1441 3098 enim
1490 3035 1567 3099 fit
1626 3036 1907 3117 quisque
1971 3052 2187 3099 novus
2250 3035 2476 3115 homo,
2527 3052 2736 3117 quum
2786 3034 3050 3099 abolitis
3101 3037 3406 3118 peccatiS‚

347 3151 577 3214 ornatur
616 3150 991 3215 virtutihus.
1024 3150 1319 3215 Abolitio
1364 3153 1783 3233 peccatorum
1818 3152 2006 3234 pellit
2052 3151 2454 3234 foeditatem3
2495 3151 2824 3235 appositio
2863 3152 3183 3216 virtutum
3223 3152 3412 3216 affert

346 3261 629 3330 decorem.
668 3267 753 3329 Et
806 3267 949 3331 haec
999 3269 1101 3331 est
1145 3283 1251 3331 res
1294 3267 1499 3348 hujus
1541 3268 1957 3347 sacramenti,
1997 3267 2251 3332 scilicet
2297 3268 2569 3332 interior
2611 3267 2959 3332 munditia.

736 3517 827 3582 M.
884 3521 1255 3587 ouoeritur
1300 3535 1404 3584 an
1444 3521 1869 3595 Baptismus
1915 3520 2215 3594 aperuit
2259 3523 2547 3596 coelum,
2587 3523 2780 3596 quod
2819 3535 2970 3585 non

1428 3637 1728 3711 aperuit
1760 3638 2254 3700 circumcisio,

444 3857 509 3921 Si
552 3859 887 3940 quaeritur,
926 3859 1153 3922 utrum
1190 3857 1573 3941 Baptismus
1622 3857 1881 3938 aperuit
1929 3856 2194 3936 coelum,
2227 3856 2406 3938 quod
2440 3873 2573 3920 non
2632 3855 2891 3937 aperuit
2940 3856 3399 3941 circumcisi03

338 3969 604 4054 dicimus
639 3977 795 4058 quia
831 3992 952 4039 nec
987 3975 1371 4057 Baptismus
1394 3991 1513 4038 nec
1542 3973 1954 4037 circumcisio
1994 3973 2180 4054 regni
2205 3971 2398 4036 nobis
2439 3972 2694 4036 aditum
2731 3973 3010 4055 aperuit,
3041 3972 3157 4036 sed
3183 3972 3404 4038 hostia

339 4084 657 4155 Salvatoris
690 4112 705 4154 ε
736 4108 887 4173 quae
931 4091 991 4156 si
1026 4094 1321 4174 tempore
1371 4089 1894 4154 circumcisionis
1942 4089 2159 4152 oblata
2215 4088 2470 4168 fuisset,
2514 4089 2697 4154 illius
2741 4089 3060 4171 temporis
3094 4089 3402 4154 homines

340 4219 583 4286 regnum
625 4209 997 4272 intrassent.
1046 4207 1179 4272 Res
1224 4225 1378 4290 ergo
1427 4207 1629 4290 hujus
1674 4206 2065 4271 sacramenti
2104 4206 2493 4288 justificatio
2542 4208 2662 4271 est.

1827 4452 1879 4515 A
1908 4453 1973 4515 in
2012 4453 2132 4516 ista
2161 4453 2571 4516 distinctione
2600 4452 2810 4535 primo
2838 4453 3220 4518 determinat
3245 4452 3402 4536 quid

874 4530 1232 4598 SUMMA
1907 4551 2008 4614 sit.
2045 4551 2358 4626 Secundo,
2390 4571 2534 4634 quae
2563 4552 2646 4614 sit
2675 4551 2881 4616 forma
2920 4552 3161 4635 ipsius;
3191 4560 3256 4616 et
3283 4552 3402 4615 cir-

575 4696 1171 4755 DISTINCTIONJS
1224 4695 1533 4753 TERTIAE
1906 4669 1981 4713 ca
2018 4650 2141 4713 hoc
2182 4657 2396 4713 movet
2429 4670 2503 4713 ac
2541 4651 2732 4714 solvit
2764 4650 3068 4714 difficiles
3109 4652 3401 4734 quaestio·

1905 4767 2039 4812 neS.
2074 4748 2304 4824 Tertio,
2337 4750 2592 4831 quando
2633 4750 2718 4812 sit
2757 4750 3106 4814 institutus.
3147 4750 3398 4826 Quane,

1906 4848 1984 4910 de
2025 4847 2228 4930 ipsius
2275 4849 2556 4912 materia.
2591 4849 2842 4924 Quinto,
2874 4850 2956 4912 de
2991 4849 3401 4913 immersione

448 4945 833 5012 RAEMISSIS
870 4947 1279 5030 praeambulis
1316 4956 1380 5010 et
1408 4946 1659 5029 figuris,
1692 4947 1797 5009 hic
1904 4945 2293 5028 Baptismum
2349 4947 2758 5028 suscipientis
2824 4947 2892 5010 in
2957 4946 3134 5010 fonte
3190 4947 3400 5030 Bapti-

466 5046 589 5127 jam
628 5047 857 5129 incipit
898 5053 1279 5129 pertractare
1319 5047 1397 5109 de
1440 5045 1597 5128 ipsis
1642 5045 1799 5127 legis
1906 5045 2148 5106 smatis.
2211 5045 2421 5120 Sexto,
2481 5045 2735 5126 quando
2797 5044 3204 5107 circumcisio
3261 5044 3397 5107 vim

340 5146 683 5227 evangelicae
730 5145 1167 5220 sacramentis,
1206 5151 1271 5208 et
1312 5145 1523 5228 primo
1570 5144 1651 5206 de
1690 5144 1800 5206 Ba·
1906 5161 2087 5206 suam
2145 5142 2451 5218 amiserit,
2503 5144 2672 5225 quod
2719 5142 2852 5224 jam
2910 5161 3104 5226 supra
3155 5143 3397 5206 discus·
3427 5161 3696 5219 diut.=.q.⁸.

340 5241 563 5320 mismo,
600 5246 772 5328 quod
814 5252 1077 5308 vocatur
1117 5252 1183 5308 et
1222 5251 1321 5307 est
1358 5243 1555 5326 janua
1594 5261 1797 5306 sacra·
1906 5261 2049 5304 sum
2092 5249 2208 5304 est.
2257 5241 2563 5325 Septimo,
2609 5242 2688 5305 de
2735 5259 2926 5305 causa
2967 5241 3147 5306 finali
3189 5242 3402 5326 Bapti-

88 5422 96 5431 .
160 5338 320 5410 Ques.
340 5349 689 5419 mentorum,
740 5342 909 5406 sicut
953 5341 1315 5425 expositum
1366 5348 1481 5405 est.
1534 5342 1623 5405 De
1670 5358 1799 5424 quo
1906 5339 2148 5403 smatis.
