4267 6250
630 3517 647 3536 ⁶
663 3516 844 3560 veritate

898 464 1022 532 108

1564 485 1631 532 m
1668 484 1893 533 mmm
1932 485 1997 532 lv
2036 484 2526 533 summanum
2563 500 2647 515 ···-
2685 485 2841 533 msr.
2881 486 2992 550 1113
3035 485 3260 543 Qusssr.
3301 487 3348 533 n

903 657 1123 721 eadem
1154 657 1329 720 vocis
1360 655 1777 740 significati03
1802 664 1993 740 atque
2022 657 2089 719 in
2118 655 2409 740 qualibet
2440 654 2489 718 A
2517 656 2688 738 quod
2736 655 2816 719 fit
2871 656 2939 718 in
2987 664 3168 720 actus
3225 657 3654 740 expressione.
3707 654 4012 719 Similiter

906 756 1121 837 lingua
1163 756 1357 820 verba
1396 756 1505 818 illa
1542 757 1907 838 specialiter
1956 756 2280 837 pertinent
2325 755 2404 817 ad

902 854 1175 917 formam
1214 854 1545 936 Baptismi,
1580 874 1721 936 quae
1764 853 2186 937 principalius
2231 853 2408 916 insti·

898 959 1037 1015 tuta
1066 960 1217 1015 sunt
1243 953 1321 1016 ad
1352 951 1849 1034 significandum
1880 952 2050 1034 ipsas
2081 968 2400 1033 personas,

982 1052 1071 1113 De
1101 1058 1399 1133 corrupta
1428 1051 1691 1113 demum
1723 1050 2240 1133 pronuntiatione
2271 1068 2408 1112 ver-

900 1149 1153 1222 borum,
1188 1149 1355 1211 sicut
1382 1148 1524 1229 ejus
1554 1148 1668 1231 qui
1697 1168 1774 1211 ex
1806 1148 2162 1230 ignorantia
2197 1148 2404 1210 Latini

902 1247 1217 1311 sermonis
1257 1246 1437 1321 dixit,
1471 1246 1601 1328 Ego
1640 1254 1703 1309 te
1742 1246 1994 1329 baptizo
2038 1246 2104 1308 in
2143 1245 2404 1309 nomine

904 1345 1108 1408 Patria
1150 1350 1212 1408 et
1252 1344 1409 1408 Filia
1454 1352 1520 1408 et
1566 1344 1843 1428 Spiritus
1890 1345 2140 1417 Sancta,
2191 1351 2262 1407 ut
2309 1345 2403 1407 in-

902 1445 1001 1508 fra
1038 1452 1351 1517 narratur,
1385 1443 1740 1519 sciendum,
1779 1444 1929 1525 quia
1966 1450 2077 1507 aut
2122 1443 2279 1507 facit
2323 1462 2402 1506 ex

903 1542 1239 1616 industria,
1302 1551 1365 1605 et
1423 1542 1515 1605 sic
1572 1560 1701 1615 non
1758 1541 2013 1605 videtur
2070 1542 2402 1605 intendere

903 1642 1074 1723 quod
1115 1641 1390 1704 intendit
1417 1640 1722 1715 Ecclesia,
1754 1647 1819 1703 et
1856 1640 1950 1703 sic
1990 1659 2117 1705 non
2159 1648 2256 1704 est
2293 1642 2403 1703 Ba-

901 1740 1216 1822 ptismus;
1255 1747 1362 1801 aut
1402 1738 1553 1802 facit
1590 1739 1711 1802 boc
1748 1758 1827 1802 ex
1869 1738 2121 1802 defectu
2165 1739 2399 1821 linguae

2517 754 2845 836 expressio
2891 773 3178 838 personae
3225 755 3555 838 baptizatae
3601 762 3698 819 est
3745 755 3828 819 de
3872 754 4012 818 sub-

2517 852 2748 914 stantia
2773 850 3019 928 formae,
3051 854 3202 936 quia
3240 872 3356 936 per
3383 872 3524 916 eam
3555 854 4014 916 determinatur

2515 958 2694 1012 actus
2731 952 2808 1014 ad
2851 951 3044 1014 istum
3084 953 3480 1035 Baptismum
3526 970 3541 1014 :
3585 952 3730 1015 ideo
3771 952 3829 1014 si
3867 952 4009 1015 sub-

2516 1049 2822 1124 trahatur,
2872 1069 3003 1114 non
3060 1052 3182 1113 erit
3236 1050 3618 1133 Baptismus.
3675 1051 4014 1133 Expressio

2515 1156 2728 1211 autem
2789 1166 3075 1230 personae
3132 1149 3512 1232 baptizantis
3575 1167 3705 1213 non
3763 1157 3866 1213 est
3917 1150 4014 1231 (ut

2515 1246 2749 1327 fertur)
2775 1247 2854 1310 de
2884 1247 3160 1311 essentia
3199 1247 3420 1312 formae
3456 1255 3770 1331 quantum
3809 1248 3892 1310 ad
3921 1268 4015 1310 sa-

2516 1346 2824 1408 cramenti
2854 1346 3322 1421 necessitatem,
3355 1346 3466 1409 sed
3505 1365 3583 1409 ex
3615 1346 4014 1409 institutione

2516 1443 2837 1519 Ecclesiae,
2871 1452 2942 1507 ut
2972 1444 3242 1508 intentio
3278 1444 3480 1526 magis
3518 1443 3762 1507 feratur
3797 1446 3880 1507 ad
3915 1463 4016 1507 ac·

2514 1550 2650 1605 tum
2695 1544 2879 1607 illum
2915 1561 2930 1607 :
2971 1544 3116 1608 ideo
3154 1544 3208 1607 si
3246 1544 3600 1619 omittatur,
3640 1546 3766 1607 erit
3805 1544 4015 1628 Bapti-

2515 1661 2716 1717 smuS,
2759 1643 2870 1706 sed
2914 1652 3138 1725 peccat
3176 1643 3500 1707 omittens.

2603 1742 2889 1823 Denique
2937 1741 3016 1805 de
3064 1742 3386 1805 additione
3433 1742 3562 1805 duo
3607 1749 3759 1804 sunt
3803 1742 4020 1806 obser-

900 1858 1011 1902 seu
1047 1838 1421 1921 ignorantia,
1455 1846 1519 1901 et
1548 1846 1701 1902 tunc
1729 1838 1985 1913 dicitur,
2015 1839 2188 1921 quod
2228 1838 2280 1901 si
2317 1838 2400 1901 sit
2438 1838 2486 1903 B
2516 1840 2738 1902 vanda.
2759 1840 3042 1903 Primum
3072 1848 3168 1904 est
3197 1859 3274 1903 ex
3306 1849 3486 1922 parte
3513 1840 3842 1903 addentis:
3865 1842 4020 1923 quia

898 1945 1071 2000 tanta
1110 1937 1434 2019 corruptio
1482 1938 1648 2019 quod
1700 1937 1966 1999 omnino
2009 1935 2221 1999 aufert
2263 1956 2402 1999 sen-

900 2056 1045 2105 sum
1089 2035 1449 2109 locutioniS,
1482 2053 1609 2098 non
1649 2043 1747 2099 est
1781 2035 2180 2117 Baptismus;
2213 2035 2267 2098 si
2297 2054 2406 2099 au-

900 2142 1031 2197 tem
1082 2152 1307 2196 sensus
1357 2133 1694 2196 locutionis
1746 2140 2089 2207 remaneat,
2130 2133 2254 2195 erit
2295 2134 2405 2196 Ba·

903 2233 1200 2315 ptismus.
1253 2232 1511 2314 Hocque
1560 2232 1882 2313 praecipue
1929 2231 2182 2305 accidit,
2231 2232 2401 2314 quod

902 2350 1131 2393 sensus
1160 2348 1287 2393 non
1328 2336 1630 2404 mutatur,
1664 2331 1919 2411 quando
1954 2338 2292 2412 corruptus
2321 2330 2406 2391 sit

900 2429 1079 2503 finis,
1129 2429 1283 2512 quia
1332 2448 1408 2491 ex
1457 2436 1635 2511 parte
1682 2429 1837 2492 finis
1886 2428 2155 2492 mutatio
2203 2428 2406 2491 variat

901 2526 1589 2608 consignificationem,
1650 2544 1779 2589 non
1836 2525 2398 2607 significationem,

900 2634 971 2688 ut
998 2625 1397 2707 grammatici
1428 2625 1667 2688 dicunt.
1691 2624 1948 2687 Mutatio
1977 2642 2128 2687 vero
2158 2643 2234 2687 ex
2266 2642 2405 2706 par-

899 2733 963 2788 te
1008 2724 1309 2807 principii
1354 2724 1557 2786 variat
1598 2722 2187 2804 significationem:
2232 2722 2402 2785 unde

902 2823 1227 2905 corruptio
1258 2822 1423 2897 talis,
1458 2821 1735 2884 maxime
1774 2822 1827 2885 si
1858 2822 1944 2884 sit
1974 2839 2226 2902 magna,
2259 2840 2402 2883 sen-

900 2941 1043 2984 sum
1086 2920 1425 2984 locutionis
1462 2919 1727 2983 omnino
1764 2919 1989 2981 aufert.
2030 2920 2216 2982 Porro
2244 2918 2401 2981 dum

2513 1939 2566 2001 si
2608 1938 2850 2020 aliquid
2885 1939 3146 2002 adderet
3184 1939 3522 2002 intendens
3560 1938 3718 2001 illud
3757 1958 3898 2002 esse
3935 1940 4016 2002 de

2512 2036 2739 2110 forma,
2773 2038 2955 2119 quasi
2995 2038 3217 2101 volens
3247 2056 3362 2119 per
3393 2038 3514 2100 hoc
3544 2054 3783 2100 novum
3816 2038 4016 2099 ritum

2511 2136 2848 2210 adducere,
2897 2142 3144 2199 constat
3179 2136 3350 2218 quod
3395 2153 3524 2198 non
3571 2135 3846 2198 intendit
3889 2136 4016 2198 for-

2514 2252 2680 2295 mam
2730 2232 3016 2316 proferre
3054 2252 3181 2315 qua
3229 2234 3430 2296 utitur
3472 2233 3777 2307 Ecclesia,
3821 2242 3890 2296 et
3929 2234 4018 2297 ita

2513 2350 2630 2394 nec
2669 2332 2909 2395 faceret
2957 2332 3127 2414 quod
3174 2331 3327 2395 facit
3365 2331 3668 2405 Ecclesia,
3703 2331 3849 2395 ideo
3883 2351 4015 2396 non

2511 2439 2678 2493 esset
2706 2430 3095 2513 Baptismus;
3127 2449 3312 2493 secus
3341 2438 3508 2493 esset
3541 2430 3594 2493 si
3624 2449 3702 2493 ex
3734 2430 3842 2513 pia
3871 2450 4018 2493 cau-

2511 2548 2580 2591 sa
2610 2529 2764 2611 quid
2801 2530 3083 2603 adderet,
3116 2535 3188 2590 ut
3219 2548 3298 2592 ex
3339 2528 3676 2592 devotione
3709 2530 4010 2611 quadam.

2512 2627 2876 2689 Secundum
2906 2634 3004 2689 est
3031 2646 3108 2691 ex
3140 2635 3317 2709 parte
3345 2628 3487 2709 ejus
3516 2627 3688 2710 quod
3715 2627 4014 2691 additur:

2513 2726 2683 2807 quod
2733 2725 2786 2787 si
2837 2726 2919 2789 sit
2963 2726 3402 2807 corruptivum
3452 2725 3694 2799 formae,
3741 2744 3876 2789 non
3919 2735 4015 2789 est

2509 2824 2894 2906 BaptismuS,
2928 2832 3000 2885 ut
3028 2824 3080 2886 si
3121 2823 3387 2899 dicatur,
3421 2824 3492 2887 In
3521 2824 3784 2887 nomine
3812 2824 4016 2888 Patris

2513 2922 2773 3003 majoris
2805 2930 2869 2985 et
2899 2922 3040 2984 Filii
3073 2922 3354 2985 minoris.
3376 2921 3440 2985 Si
3471 2930 3686 2985 autem
3716 2922 4012 2996 addatur,

898 3038 1123 3083 sensus
1156 3018 1493 3082 locutionis
1520 3018 1736 3100 aliquo
1768 3018 1955 3080 modo
1988 3024 2223 3091 manet,
2247 3024 2399 3079 tunc
2439 3022 2482 3087 C
2513 3021 2590 3083 Et
2627 3021 2692 3083 B.
2725 3021 2955 3096 Μαι-ἔω,
2988 3020 3184 3102 aliqui
3217 3020 3440 3083 dicunt
3467 3038 3592 3083 non
3633 3039 3772 3083 esse
3801 3020 4019 3103 Bapti-

898 3118 1193 3202 quamvis
1242 3125 1527 3180 mutetur
1574 3117 1779 3180 forma
1828 3125 2135 3200 quantum
2182 3116 2260 3179 ad
2304 3134 2400 3180 so-

899 3237 1055 3280 num
1084 3216 1623 3290 sensibilem‚non
1654 3223 1865 3278 tamen
1898 3222 2181 3278 mutatur
2209 3233 2403 3296 quan·

897 3325 1037 3379 tum
1066 3316 1143 3378 ad
1174 3314 1731 3398 significationem.
1758 3315 1912 3377 Nam
1945 3313 2241 3396 quamvis
2268 3331 2402 3376 ora-

902 3415 993 3478 tio
1044 3422 1343 3497 corrupte
1399 3413 1663 3497 prolata,
1724 3411 1886 3475 nihil
1942 3410 2265 3493 significet
2321 3431 2399 3474 ex

900 3515 1136 3578 virtute
1157 3517 1182 3542 *
1213 3512 1663 3595 impositioniS,
1690 3511 2013 3593 significat
2041 3519 2256 3573 tamen
2287 3511 2398 3573 ali-

850 3649 869 3660 -
899 3613 1055 3697 quid
1099 3632 1177 3676 ex
1218 3611 1802 3676 accommodatione
1844 3630 2017 3674 usus.

980 3713 1306 3785 Praeterea,
1347 3711 1503 3773 dum
1540 3709 1868 3792 quaeritur,
1910 3728 1991 3770 an
2036 3707 2226 3770 liceat
2273 3707 2398 3770 for-

901 3830 1021 3875 mae
1067 3809 1375 3892 Baptismi
1423 3807 1667 3890 aliquid
1714 3807 1859 3869 addi
1908 3815 2017 3869 aut
2064 3805 2397 3884 subtrabi3

897 3909 1437 3992 respondendum,
1478 3907 1648 3989 quod
1689 3906 1767 3968 de
1806 3903 2238 3969 subtractione
2279 3904 2400 3966 hoc

898 4015 1145 4071 certum
1194 4014 1311 4080 est,
1362 4006 1531 4088 quod
1582 4004 1636 4067 si
1688 4003 2097 4067 subtrahatur
2155 4002 2394 4084 aliquid

898 4106 1070 4188 quod
1102 4106 1186 4168 sit
1213 4105 1293 4167 de
1320 4104 1597 4166 essentia
1628 4101 1871 4175 formae,
1904 4118 2031 4163 non
2063 4107 2162 4164 est
2189 4099 2399 4183 Bapti-

2513 3139 2748 3194 smum,
2791 3120 2942 3202 quia
2983 3119 3343 3202 Baptismus
3377 3137 3504 3183 non
3547 3118 3628 3182 fit
3664 3119 3732 3182 in
3773 3119 4016 3183 virtute

2511 3218 2576 3280 B.
2611 3217 2854 3292 Mariae;
2889 3216 3076 3281 fieret
3101 3225 3316 3280 tamen
3346 3217 3706 3300 Baptismus
3741 3217 3797 3280 si
3835 3219 4016 3281 dice·

2513 3325 2707 3390 retur,
2741 3315 2817 3378 Et
2855 3316 2918 3378 B.
2953 3315 3144 3378 Maria
3179 3315 3442 3396 adjuvet
3477 3333 3749 3398 puerum
3787 3316 4012 3390 istum,

2510 3415 2613 3478 vel
2655 3414 2899 3496 aliquid
2947 3414 3089 3477 tale.
3141 3413 3266 3477 Alii
3317 3414 3712 3496 probabilius
3761 3414 4013 3488 dicunt,

2509 3512 2679 3594 quod
2719 3518 2886 3575 esset
2923 3511 3304 3594 BaptismuS,
3337 3512 3531 3575 etiam
3572 3512 3782 3594 primo
3819 3514 4018 3576 modo

2508 3611 2674 3674 facta
2696 3610 3018 3674 additione
3033 3627 3048 3673 ε
3063 3611 3216 3693 quia
3243 3611 3596 3674 secundum
3619 3611 4013 3693 Magistrum,

2511 3711 2577 3773 in
2617 3710 2878 3773 nomine
2917 3709 3138 3786 PatriS,
3172 3710 3340 3772 idem
3379 3717 3480 3772 est
3515 3711 3686 3792 quod
3731 3710 3798 3772 in
3839 3710 4022 3774 invo-

2511 3807 2758 3870 catione
2796 3806 3012 3869 Patris.
3056 3807 3265 3870 Potest
3301 3814 3513 3869 autem
3555 3807 3621 3869 in
3665 3807 4020 3871 invocatio-

2509 3925 2591 3968 ne
2629 3906 2694 3968 B.
2731 3905 2938 3969 Mariae
2974 3905 3121 3968 fieri
3158 3904 3522 3987 Baptismus
3567 3923 3716 3968 cum
3761 3905 4022 3969 invoca-

2509 4005 2684 4066 tione
2741 4003 3066 4066 Trinitatis
3127 4020 3142 4065 :
3203 4021 3332 4066 non
3389 4003 3572 4085 quasi
3636 4022 3715 4065 ex
3769 4003 4018 4067 virtute

2511 4102 2714 4184 ipsius
2758 4101 3119 4183 Baptismus
3165 4100 3527 4164 efficaciam
3573 4101 3804 4164 habeat
3843 4102 4022 4164 sicut

898 4224 1098 4268 smus.
1116 4204 1353 4266 Verum
1383 4200 1582 4283 aliqui
1614 4201 1855 4273 dicunt,
1877 4199 2044 4281 quod
2074 4199 2400 4280 expressio
2431 4202 2482 4264 D
2511 4219 2588 4264 ex
2619 4199 2944 4262 Trinitatis
2973 4199 3226 4272 virtute,
3241 4200 3351 4262 sed
3377 4207 3450 4263 ut
3471 4199 3614 4280 ejus
3637 4200 4020 4264 intercessio

900 4311 1079 4365 actus
1129 4319 1257 4364 non
1306 4299 1388 4362 sit
1444 4299 1525 4362 de
1576 4297 1932 4360 substantia
1979 4297 2200 4360 formae
2251 4314 2266 4358 ε
2313 4297 2402 4359 ita

903 4402 1073 4484 quod
1119 4399 1170 4462 si
1212 4397 1639 4469 subtrabatur,
1681 4396 1814 4459 sola
1857 4394 2182 4458 Trinitatis
2229 4395 2403 4458 invo-

902 4499 1149 4564 catione
1179 4497 1367 4570 facta,
1384 4495 1507 4558 erit
1534 4493 1917 4576 BaptismuS,
1936 4493 2232 4575 quamvis
2262 4512 2403 4577 pec-

901 4605 1003 4662 cet
1042 4597 1128 4658 ita
1168 4593 1515 4676 baptizanS.
1559 4592 1679 4655 Sed
1718 4599 1939 4654 contra
1976 4598 2074 4654 est
2110 4591 2400 4654 Decreta-

901 4696 981 4758 lis
1018 4689 1359 4757 Alexandri
1396 4690 1579 4772 Papae
1620 4689 1789 4752 tertii
1832 4689 2197 4762 asserentis,
2230 4689 2400 4771 quod

896 4795 951 4860 si
996 4794 1141 4876 quis
1184 4807 1459 4872 puerum
1502 4796 1596 4850 ter
1640 4787 1707 4850 in
1750 4806 1916 4869 aqua
1956 4788 2269 4862 merserit,
2307 4788 2400 4850 di-

899 4893 1122 4965 cendo,
1152 4891 1221 4952 ln
1252 4887 1511 4950 nomine
1541 4886 1737 4948 Patris
1767 4892 1831 4948 et
1861 4886 2001 4948 Filii
2033 4893 2096 4948 et
2124 4886 2402 4968 Spiritus

902 4990 1139 5063 Sancti,
1178 4987 1233 5050 si
1286 5002 1413 5048 non
1450 4985 1627 5058 dicit,
1669 4985 1799 5066 Ego
1839 4984 2091 5066 baptizo
2130 4991 2214 5057 te,
2257 4985 2402 5047 talis

900 5087 1229 5153 immersio
1258 5102 1385 5146 non
1418 5083 1569 5145 facit
1596 5083 1932 5165 Baptisma.
1950 5082 2209 5166 Oportet
2235 5084 2402 5146 enim

900 5196 971 5250 ut
1024 5203 1140 5268 per
1192 5182 1463 5247 formam
1516 5181 1719 5244 virtus
1772 5180 2096 5244 Trinitatis
2151 5181 2404 5245 invoca-

901 5295 983 5352 tae
1018 5284 1099 5346 ad
1131 5279 1521 5366 propositam
1550 5278 2012 5343 determinetur
2042 5280 2398 5357 materiam,

2511 4299 2826 4382 baptizato
2857 4297 3153 4380 proficiat
3179 4297 3258 4360 ad
3288 4297 3578 4361 salutem.
3612 4298 3884 4372 Quidam
3922 4300 4018 4362 di-

2513 4405 2667 4460 cunt
2704 4395 2965 4458 tertium
3012 4396 3490 4470 attendendum,
3543 4402 3783 4478 utpote,
3835 4398 4016 4478 quod

2513 4495 2566 4558 si
2613 4495 2729 4557 fiat
2769 4493 3008 4558 additio
3049 4493 3113 4557 in
3153 4493 3474 4577 principio
3510 4501 3620 4557 aut
3663 4494 3730 4556 in
3769 4497 4016 4570 medio,

2513 4611 2640 4656 non
2701 4599 2800 4655 est
2857 4591 3270 4673 Baptismus;
3329 4591 3382 4654 si
3443 4599 3656 4654 autem
3722 4591 3789 4654 in
3845 4593 4016 4668 fine,

2513 4698 2612 4754 est
2665 4690 3048 4772 Baptismus.
3103 4689 3224 4752 Sed
3283 4691 3405 4752 hoc
3463 4690 3708 4752 nullam
3755 4691 4020 4754 videtur

2513 4789 2748 4852 babere
2797 4787 3128 4850 rationem.
3179 4788 3356 4850 Unde
3413 4788 3768 4850 secundum
3823 4790 4016 4860 alios,

2513 4886 3067 4970 qualitercumque
3124 4885 3241 4948 fiat
3305 4885 3546 4948 additio
3602 4903 3730 4949 non
3789 4887 4015 4962 refert,

2513 4985 2860 5048 dummodo
2897 5001 3024 5046 non
3063 4984 3148 5045 sit
3185 4983 3500 5046 contraria
3529 4982 3771 5057 formae,
3805 4993 3876 5048 et
3911 4985 4022 5048 ba·

2513 5083 2759 5166 ptizans
2797 5100 2924 5144 non
2963 5081 3251 5145 intendat
3289 5088 3534 5143 mutare
3571 5079 3765 5144 ritum
3804 5082 4020 5166 Bapti-

2514 5181 2637 5246 smi
2681 5180 2999 5244 Ecclesiae.

2594 5279 2937 5353 Postrem0,
2969 5279 3124 5341 dum
3155 5277 3480 5360 quaeritur,
3509 5297 3593 5340 an
3631 5277 3838 5361 possit
3865 5279 4016 5344 fieri
