4267 6250
820 474 863 538 8
1575 493 1852 541 ermom
1891 491 2359 540 msrnvcnouuu
2396 493 2557 541 mnu
2596 493 2659 542 1v
2700 493 3165 544 smum-mame

817 663 1028 720 Christi
1081 663 1360 737 baptizari
1413 664 1714 737 oportebat
1765 664 2112 737 (secundum
2170 661 2315 719 alios
2340 660 2394 726 Α
2424 664 2557 720 dem
2618 661 2913 722 innovatio
2968 667 3057 724 est
3109 665 3288 724 etiam
3348 683 3440 726 res
3503 666 3661 725 illius
3724 683 3917 725 sacra-

816 753 1104 826 doctores)
1138 770 1345 811 omnes
1390 753 1804 819 indifferenter,
1844 752 2020 810 etiam
2064 752 2316 827 baptiza·

2421 751 2623 810 menti.

811 846 900 900 tos
928 843 1164 901 Joannis
1201 842 1570 916 baptismate,
1601 844 1702 918 qui
1737 843 1959 901 scilicet
1984 843 2313 916 baptizabat
2420 869 2643 920 Peccafi
2674 869 2928 922 maculas
2956 884 3100 936 pura
3126 871 3365 936 detergit
3394 871 3449 922 in
3481 873 3633 924 unda

811 933 873 989 in
912 933 1152 991 nomine
1187 932 1436 991 venturi.

810 1049 1118 1101 Enumerat
1148 1052 1364 1115 septem
1399 1048 1701 1115 praesentia
1733 1048 1882 1101 dona
1913 1047 2116 1100 salutis

871 1123 1239 1175 Sacramenta
1265 1135 1425 1172 novae
1456 1120 1598 1186 legis
1628 1123 1849 1172 amator
1877 1119 2064 1172 homo.

1271 1308 1698 1373 DISTINCTIO
1737 1309 1836 1371 ΙΙΙ.

1039 1446 1184 1509 Post
1224 1444 1359 1508 haec
1401 1444 1749 1506 videndum
1794 1449 1910 1519 est,
1953 1451 2071 1506 etc.

930 1644 1266 1701 APTISMUS
1312 1646 1400 1701 est
1445 1641 1664 1700 ablutio
1722 1642 1979 1714 corporis
2034 1642 2303 1710 exterior,

955 1733 1109 1790 facta
1146 1733 1205 1789 in
1244 1750 1397 1805 aqua
1433 1733 1542 1789 sub
1579 1735 1738 1789 certa
1763 1731 2074 1788 verborum
2113 1731 2304 1790 forma

2480 941 2809 1006 Baptismus
2838 941 3104 994 membris
3135 943 3352 1008 integer
3380 943 3501 1010 ipse
3532 944 3673 996 suis.

2877 1167 3304 1232 DISTINCTIO
3345 1169 3443 1232 lv.

2754 1330 2869 1394 Hic
2910 1331 3253 1394 dicendum
3296 1337 3413 1408 est,
3458 1339 3576 1395 etc.

2494 1551 2674 1608 NTER
2720 1569 2817 1610 eos
2863 1552 2962 1627 qui
3010 1554 3394 1628 baptizantur,
3444 1554 3689 1628 quidam
3736 1555 3914 1614 simul

2520 1641 2815 1714 accipiunt
2860 1659 2987 1700 rem
3028 1647 3087 1701 et
3126 1647 3583 1710 sacramentum,
3623 1649 3689 1702 ut
3728 1646 3914 1702 adulti

2414 1731 2698 1805 dispositi,
2730 1736 2788 1790 et
2815 1733 3040 1807 parvuli
3070 1733 3179 1792 rite
3207 1733 3499 1806 baptizati.
3532 1735 3783 1801 Quidam
3816 1753 3917 1793 au-

805 1821 1160 1896 praescripta.
1190 1821 1338 1878 Nam
1382 1823 1691 1878 accedente
1728 1821 1899 1878 verbo
1937 1821 2010 1876 ad
2050 1821 2303 1878 elemen-
2335 1811 2383 1874 B
2412 1824 2527 1878 tem
2586 1827 3021 1880 sacramentum
3075 1826 3328 1888 tantum,
3377 1827 3437 1880 et
3480 1839 3597 1880 non
3652 1841 3800 1888 rem,
3848 1829 3915 1883 ut

804 1916 951 1976 tum,
983 1911 1049 1968 fit
1075 1913 1511 1968 sacramentum
1545 1927 1559 1967 ε
1591 1910 1789 1982 sicque
1818 1911 1878 1966 in
1908 1911 2080 1967 verbo
2109 1915 2169 1967 et
2194 1912 2304 1968 ele-

803 2005 1004 2059 mento
1042 2000 1374 2073 Baptismus
1417 1999 1697 2065 consistit,
1737 2016 1869 2072 quae
1907 2000 2130 2057 scilicet
2166 2004 2304 2057 sunt

803 2094 876 2149 de
912 2091 1038 2163 ejus
1073 2089 1416 2147 substantia.
1449 2090 1647 2146 Cetera
1680 2105 1814 2146 vero
1851 2091 1927 2146 ad
1969 2089 2153 2162 ipsius
2196 2091 2300 2147 de-

802 2197 997 2238 corem
1037 2183 1095 2237 et
1130 2179 1539 2236 solennitatem
1583 2177 1852 2235 instituta
1891 2182 2045 2244 sunt,
2077 2195 2209 2251 quae
2250 2179 2299 2234 si

803 2270 979 2329 etiam
1027 2269 1392 2333 omittantur,
1441 2284 1560 2324 non
1615 2271 1704 2325 est
1748 2267 1946 2326 minus
1991 2284 2197 2325 verum
2244 2273 2301 2326 et

799 2363 1070 2417 sanctum
1125 2361 1581 2415 sacramentum.
1631 2359 1798 2424 Quod
1849 2373 1984 2414 vero
2040 2358 2299 2429 Apostoli

799 2451 862 2509 in
909 2449 1148 2506 nomine
1195 2447 1403 2505 Christi
1462 2447 1779 2520 baptizasse
1828 2447 1888 2503 in
1937 2447 2175 2504 Actibus
2221 2448 2300 2506 le-

802 2544 1036 2615 guntur,
1069 2537 1457 2611 dispensative
1499 2537 1672 2594 fiebat
1712 2539 1787 2594 ad
1828 2540 2061 2610 tempus
2103 2539 2177 2594 ad
2218 2539 2302 2595 di-

797 2628 1192 2703 vulgationem
1242 2626 1501 2683 nominis
1545 2626 1776 2692 Christi,
1818 2626 1877 2682 in
1922 2643 2038 2699 quo
2081 2630 2140 2684 et
2178 2630 2299 2684 tota

796 2719 1047 2777 Trinitas
1091 2716 1454 2790 intelligitur,
1493 2715 1713 2773 scilicet
1752 2717 1921 2773 Pater
1961 2733 2205 2789 ungens,
2243 2721 2300 2774 et

798 2808 979 2866 Filius
1025 2809 1255 2871 unctus»,
1295 2808 1354 2862 et
1393 2805 1640 2877 Spiritus
1687 2806 1934 2862 Sanctus
1979 2822 2084 2877 per
2119 2823 2295 2879 quem

799 2899 1010 2956 unctus
1037 2898 1141 2953 est.
1155 2895 1432 2962 Quamvis
1461 2898 1656 2951 autem
1683 2897 1741 2951 et
1765 2894 1824 2950 in
1855 2894 2094 2951 nomine
2121 2896 2297 2952 unius

2411 1911 2595 1969 adulti
2634 1912 2733 1984 qui
2772 1912 2901 1971 ficte
2930 1916 2987 1970 et
3013 1914 3139 1970 sine
3178 1913 3291 1970 fide
3319 1915 3377 1970 et
3404 1911 3531 1970 sine
3567 1913 3914 1972 contritione

2407 2002 2711 2058 accedunt.
2764 2002 3209 2075 Consequuntur
3252 2002 3429 2059 etiam
3484 2002 3727 2075 quidam
3783 2021 3910 2061 rem

2408 2090 2691 2163 Baptismi
2737 2092 2862 2149 sine
2910 2089 3292 2158 sacramento,
3333 2095 3400 2150 ut
3436 2093 3499 2149 hi
3536 2093 3637 2165 qui
3680 2094 3915 2167 sangui—

2409 2196 2543 2236 nem
2586 2197 2689 2252 pro
2726 2180 2950 2238 Christo
2988 2181 3048 2237 in
3086 2181 3327 2238 caritate
3364 2179 3637 2246 fundunt,
3671 2199 3779 2240 nec
3820 2200 3913 2240 sa-

2408 2273 2774 2327 cramentum
2816 2269 3028 2328 habere
3067 2275 3325 2343 possunt,
3368 2275 3470 2330 aut
3508 2272 3759 2338 contriti,
3792 2289 3911 2329 non

2408 2362 2672 2432 potentes
2710 2359 2940 2424 hahere,
2974 2361 3279 2418 decedunt.
3312 2362 3478 2427 Quod
3520 2365 3717 2420 autem
3762 2364 3911 2436 Apo-

2406 2448 2591 2504 stolus
2629 2448 2788 2512 dicit,
2820 2450 3114 2522 Quotquot
3150 2449 3211 2505 in
3249 2450 3473 2506 Christo
3509 2450 3783 2523 baptizati
3821 2469 3911 2508 es-

2408 2537 2499 2602 tis,
2541 2536 2833 2596 Christum
2885 2537 3177 2604 induistis,
3217 2538 3479 2612 loquitur
3524 2543 3595 2598 de
3636 2539 3745 2597 rite
3793 2541 3910 2598 dis-

2409 2626 2627 2699 positis,
2660 2644 2775 2700 quo
2812 2626 2988 2683 etiam
3020 2627 3330 2700 Augustini
3368 2627 3671 2701 inquisitio
3707 2629 3909 2686 reduci

2408 2716 2594 2772 debet.
2627 2716 2803 2772 Porro
2830 2715 3203 2773 auctoritates
3232 2733 3364 2789 quae
3397 2717 3589 2775 dicere
3615 2719 3905 2784 videntur,

2407 2806 2564 2877 quod
2602 2805 2729 2862 sine
2768 2822 2922 2877 aqua
2958 2805 3239 2878 Baptismi
3288 2805 3445 2863 salus
3486 2811 3750 2864 constare
3790 2823 3907 2864 non

2407 2894 2604 2966 possit,
2638 2897 2708 2952 de
2738 2895 3245 2953 contemnentibus
3284 2899 3719 2953 sacramentum
3759 2897 3911 2954 acci-

798 2989 1066 3045 Personoe
1111 2985 1242 3042 aliae
1286 2983 1706 3056 intelligantur,
1753 2987 2107 3057 quapropter
2152 3001 2302 3057 prae-
2327 2978 2373 3044 C
2408 2982 2874 3056 piuntur.Neque
2896 2984 3021 3040 haec
3038 2987 3270 3041 tantum
3294 2984 3351 3040 in
3374 2983 3754 3043 fundentibus
3780 3003 3911 3042 san-

798 3077 1000 3135 sertim
1032 3078 1089 3133 et
1115 3075 1176 3131 in
1207 3073 1412 3131 mortis
1440 3072 1704 3139 articulo,
1741 3089 1862 3131 una
1889 3074 2143 3131 Persona
2170 3077 2299 3131 tan-

797 3171 926 3224 tum
983 3181 1258 3238 expressa
1311 3163 1443 3236 quis
1495 3163 1774 3235 baptizari
1831 3166 2042 3236 posset,
2099 3164 2299 3221 habita

799 3254 1120 3313 intentione
1162 3251 1526 3325 baptizandi;
1567 3252 1751 3309 tutius
1793 3256 1990 3309 tamen
2034 3256 2136 3317 est,
2178 3270 2301 3310 om-

799 3344 974 3402 nibus
1005 3342 1310 3417 expressis.
1343 3344 1672 3399 Invocando
1707 3345 1906 3399 autem
1935 3341 2294 3407 Trinitatem,

799 3451 918 3491 non
962 3434 1134 3490 debet
1174 3431 1290 3489 dici
1335 3431 1396 3487 in
1441 3429 1796 3496 nominibuS,
1837 3446 1978 3487 nam
2025 3434 2168 3489 tunc
2214 3450 2302 3488 sa·

800 3521 1086 3581 cramenti
1137 3520 1328 3577 forma
1375 3522 1726 3587 mutaretur;
1775 3522 1877 3577 sed
1927 3519 1988 3577 in
2037 3521 2295 3590 nomine,

799 3614 938 3688 quia
968 3614 1089 3669 tota
1123 3610 1372 3667 Trinitas
1409 3609 1588 3666 simul
1626 3609 1702 3666 ibi
1753 3613 2041 3682 operatur,
2075 3627 2205 3683 quoe
2242 3615 2300 3669 et

799 3703 860 3759 in
897 3701 1104 3759 Christi
1148 3700 1436 3773 baptismo
1478 3698 1767 3771 apparuit,
1800 3702 2035 3771 quando
2078 3700 2299 3759 scilicet

799 3792 1057 3850 Christus
1103 3793 1261 3847 tactu
1317 3789 1726 3847 mundissimae
1771 3790 1964 3846 carnis
2010 3808 2132 3847 suae
2176 3792 2294 3847 vim

798 3880 1258 3955 regenerativam
1315 3879 1482 3951 aquis
1537 3878 1800 3944 contulit,
1851 3879 1951 3935 ubi
1997 3881 2055 3935 et
2100 3880 2291 3952 ipsum

797 3970 1067 4029 instituit.
1098 3969 1216 4027 Sub
1251 3968 1526 4041 proedicta
1561 3967 1738 4025 etiam
1777 3967 1968 4023 forma
1994 3970 2299 4040 Apostolos

798 4062 931 4117 ante
960 4057 1292 4132 passionem
1320 4056 1527 4112 Christi
1567 4056 1887 4127 baptizasse
1916 4056 2163 4129 intelligi
2197 4075 2297 4129 po-

2408 3071 2645 3146 guinem
2676 3088 2813 3129 vera
2848 3075 3002 3138 sunt,
3034 3075 3135 3130 sed
3166 3076 3225 3130 et
3251 3073 3309 3130 in
3350 3072 3481 3131 aliis
3522 3073 3697 3132 fidem
3729 3078 3786 3132 et
3814 3092 3908 3133 ca·
4012 3134 4027 3144 ,

2406 3161 2639 3220 ritatem
2678 3162 3046 3220 habentibus.
3078 3164 3141 3219 ln
3174 3163 3429 3235 parvulis
3466 3167 3663 3223 autem
3694 3165 3908 3238 quibus

2406 3252 2598 3308 aliena
2627 3252 2771 3308 fides
2800 3254 3025 3325 oportet
3052 3253 3418 3326 suffragetur,
3432 3270 3599 3311 secus
3626 3256 3747 3311 est:
3770 3255 3909 3313 hinc

2408 3341 2519 3397 nisi
2573 3341 2633 3397 in
2690 3358 2844 3414 aqua
2901 3341 3277 3413 baptizentur,
3330 3347 3591 3415 pereunt.
3644 3346 3811 3410 Quod
3856 3345 3906 3401 si

2407 3433 2538 3505 quis
2566 3435 2699 3489 ante
2724 3432 3089 3504 Baptismum
3122 3434 3297 3489 modo
3328 3436 3603 3506 praetacto
3634 3434 3901 3507 gratiam,

2406 3525 2464 3579 et
2501 3522 2585 3578 sic
2634 3521 2850 3593 peccati
2891 3521 3260 3587 deletionem,
3301 3526 3599 3580 assecutus
3645 3524 3737 3590 sit,
3787 3539 3905 3581 non

2404 3616 2492 3669 est
2540 3628 2641 3684 per
2685 3611 2794 3668 hoc
2840 3611 3175 3683 Baptismus
3218 3610 3451 3669 frustra.
3494 3614 3639 3669 Nam
3691 3614 3909 3688 obliga-

2403 3701 2624 3758 tionem
2660 3702 2737 3756 ad
2768 3717 2997 3773 poenam
3030 3699 3235 3765 aufert,
3268 3704 3325 3757 et
3353 3702 3601 3774 gratiam
3631 3704 3901 3777 adauget,

2404 3790 2669 3846 fomitem
2718 3806 2948 3862 quoque
3000 3788 3316 3863 restringit,
3366 3794 3426 3847 et
3470 3790 3529 3847 in
3587 3807 3903 3850 numerum

2406 3880 2666 3936 fidelium
2707 3895 2977 3951 expresse
3016 3878 3179 3950 ponit
3208 3896 3222 3935 t
3252 3879 3373 3935 imo
3412 3897 3518 3937 nec
3554 3880 3680 3938 sine
3716 3882 3907 3953 Bapti-

2404 3969 2517 4024 smi
2555 3972 2686 4024 voto
2733 3968 2982 4041 gratiam
3031 3968 3163 4040 quis
3207 3973 3633 4041 assequeretur.
3672 3971 3909 4029 Manent

2404 4061 2599 4115 autem
2646 4061 2774 4130 post
2811 4057 3175 4129 Baptismum
3220 4059 3581 4130 poenalitates
3620 4076 3634 4116 ε
3673 4064 3799 4117 tum
3841 4066 3907 4119 ut

794 4152 924 4214 test,
956 4147 1224 4221 quamvis
1253 4145 1536 4218 scriptum
1564 4144 1804 4200 nonsit.
1835 4146 1934 4200 Est
1960 4149 2158 4203 autem
2190 4147 2296 4204 hu-
2324 4150 2374 4211 D
2404 4147 2583 4203 vitam
2632 4145 2891 4204 futuram
2945 4146 3043 4203 ubi
3088 4147 3178 4204 hae
3220 4148 3451 4219 penitus
3494 4153 3741 4216 cessant,
3784 4154 3906 4209 stu-

785 4239 887 4312 J'us
931 4233 1284 4293 sacramenti
1331 4233 1580 4289 materia
1626 4249 1780 4305 aqua
1825 4250 1990 4304 pura,
2033 4234 2091 4290 in
2136 4235 2295 4307 quali

795 4331 853 4385 et
893 4324 1156 4382 Christus
1200 4322 1519 4394 baptizatus
1559 4324 1662 4387 est,
1696 4323 1768 4380 de
1810 4339 1926 4394 qua
1967 4327 2025 4379 et
2060 4323 2300 4381 Nicode-

796 4432 963 4474 mum
1021 4412 1314 4478 instruxit,
1365 4427 1496 4484 quoe
1542 4415 1599 4468 et
1641 4428 1712 4468 ex
1771 4411 1952 4484 ipsius
2007 4413 2187 4470 latere
2236 4414 2295 4470 in

795 4522 965 4564 cruce
1009 4500 1300 4577 profluxit.
1339 4502 1408 4557 Et
1452 4500 1562 4557 hoc
1601 4500 2031 4566 convenienter,
2064 4506 2299 4575 propter

795 4593 1070 4654 elementi
1110 4590 1596 4649 communitatem
1636 4593 1695 4648 et
1732 4590 2040 4647 locutionis
2078 4591 2301 4665 signiti-

793 4685 1103 4743 cationem.
1152 4682 1346 4738 Potest
1389 4682 1586 4736 autem
1641 4679 2022 4751 baptizandus
2075 4683 2165 4737 ter
2208 4682 2297 4739 vel

792 4774 976 4834 semel
1015 4770 1309 4844 immergi,
1341 4768 1611 4842 perfundi
1651 4770 1739 4826 vel
1783 4770 2052 4843 adspergi
2095 4788 2297 4828 secun-

795 4869 938 4923 dum
977 4878 1204 4920 morem
1244 4860 1466 4933 patriae,
1499 4859 1632 4916 licet
1661 4859 1921 4932 primum
1961 4860 2172 4919 melius
2200 4862 2291 4928 sit,

790 4952 1000 5011 Christi
1041 4950 1379 5024 significans
1424 4951 1672 5005 mortem
1719 4951 1776 5005 et
1814 4950 2197 5020 sepulturam,
2230 4953 2293 5009 in

790 5060 908 5117 qua
933 5044 989 5098 et
1025 5038 1235 5113 legalia
1269 5036 1584 5094 terminata
1627 5041 1782 5094 sunt.
1813 5038 1996 5095 Causa
2033 5056 2165 5095 vero
2205 5040 2293 5094 in-

789 5130 1108 5190 stitutionis
1166 5126 1449 5200 Baptismi
1508 5130 1594 5184 est
1655 5127 1913 5184 hominis
1967 5146 2002 5185 a
2056 5133 2292 5201 peccato

789 5224 928 5296 (quo
994 5218 1244 5276 infectus
1297 5215 1429 5288 suit)
1485 5216 1796 5281 innovatio,
1857 5234 2034 5289 quam
2098 5219 2290 5292 Bapti-

791 5327 956 5369 smus
991 5308 1167 5366 habet
1208 5322 1280 5364 ex
1328 5305 1626 5363 dominica
1657 5305 1943 5378 passione.
1984 5308 2125 5373 Quae
2166 5307 2291 5381 qui-

2406 4236 2627 4293 diosius
2682 4235 3091 4308 inquiramus;
3146 4239 3271 4294 tum
3322 4238 3499 4294 etiam
3559 4241 3624 4295 ut
3673 4239 3905 4297 virtutis

2402 4327 2742 4383 exercendae
2772 4324 3081 4381 materiam
3121 4324 3460 4383 habeamus.
3496 4328 3657 4384 Patet
3684 4345 3754 4387 ex
3792 4329 3902 4395 his,

2401 4431 2529 4471 rem
2585 4414 2957 4479 sacramenti,
3007 4413 3227 4471 scilicet
3273 4415 3544 4488 gratiam,
3594 4416 3653 4473 id
3710 4417 3901 4491 ipsum

2404 4506 2754 4577 quandoque
2786 4505 3109 4575 praecedere
3133 4521 3147 4561 τ
3171 4506 3327 4577 quod
3357 4521 3463 4562 nec
3492 4505 3904 4565 inconveniens

2405 4596 2721 4664 reputatur,
2754 4610 2937 4665 quum
2978 4596 3035 4650 et
3062 4595 3415 4667 quandoque
3452 4594 3622 4668 longe
3660 4600 3789 4669 post
3816 4614 3905 4655 se·

2403 4684 2633 4754 quatur,
2664 4685 2727 4739 ut
2757 4684 2914 4753 patet
2942 4681 3001 4737 in
3035 4682 3161 4739 ficte
3191 4685 3519 4749 accedente,
3554 4688 3753 4756 postea
3786 4704 3904 4758 poe·

2402 4772 2641 4830 nitente.
2682 4773 3029 4843 Quanquam
3078 4775 3275 4829 autem
3323 4773 3547 4845 parvuli
3596 4792 3771 4833 usum
3810 4793 3904 4833 ar-

2400 4861 2559 4919 bitrii
2616 4862 2881 4917 nondum
2946 4860 3215 4927 habeant,
3277 4862 3527 4935 gratiam
3582 4867 3783 4921 tamen
3839 4866 3899 4923 in

2401 4949 2699 5022 Baptismo
2750 4948 3109 5007 habitualem
3156 4949 3454 5024 accipiunt
3492 4966 3506 5009 :
3551 4970 3669 5025 qua
3714 4957 3771 5010 et
3815 4955 3901 5012 uti

2402 5042 2673 5113 poterunt
2722 5037 2927 5105 adulti,
2977 5038 3091 5095 nisi
3149 5042 3442 5112 peccando
3497 5058 3628 5099 eam
3682 5044 3901 5100 exstin-
3956 5110 3965 5119 ‚

2401 5132 2599 5204 guant

2396 5248 2537 5297 Rem
2571 5244 2701 5309 pius
2730 5244 3031 5305 interdum,
3061 5244 3231 5298 fluvio
3260 5246 3630 5309 Baptismatis
3660 5247 3893 5314 absque,

2456 5317 2673 5382 Martyr
2698 5328 2981 5382 purpureo
3012 5316 3287 5381 sanguine
3317 5317 3469 5370 lotus
3498 5318 3683 5371 habet.
