4267 6250
816 455 899 530 88
1780 478 1957 528 mm
1997 481 2058 528 iv
2101 479 2585 528 sumnum.
2628 499 2711 510 —
2748 475 2903 528 nisr.
2946 483 2969 530 1

1485 714 1540 776 Ι.
1582 717 1685 778 Dc
1730 714 2191 779 institutione
2237 714 2311 776 et
2353 728 2582 778 causa
2630 715 3240 780 circumcisionis.

951 939 1078 1002 Hic
1115 937 1466 1003 dicendum
1505 938 1626 1017 est,
1668 937 1739 1000 in
1781 954 1913 1018 quo
1950 935 2255 1000 instituta
2301 935 2500 1001 fuerit
2547 935 2986 1017 circumcisi0,
3026 938 3092 1002 et
3128 953 3353 1019 quare,
3399 937 3465 1001 et
3506 954 3622 1000 cur
3666 939 3923 1002 mutata

817 1073 936 1139 per
969 1054 1409 1138 Baptismum.
1443 1053 1778 1118 Abraham
1814 1053 2072 1134 primus
2104 1052 2489 1116 mandatum
2521 1051 3041 1116 circumcisionis
3069 1051 3321 1132 habuit,
3355 1052 3437 1116 ad
3465 1052 3921 1134 probationem

822 1171 1249 1252 obedientiae;
1279 1187 1399 1235 nec
1437 1172 1498 1235 ei
1534 1171 1661 1234 soli
1703 1171 2030 1253 praecepta
2067 1170 2197 1234 fuit
2238 1171 2676 1250 circumcisio,
2720 1172 2835 1236 sed
2882 1172 3122 1235 semini
3159 1171 3328 1253 eju3,
3361 1170 3429 1233 id
3471 1172 3573 1235 est
3611 1170 3923 1235 omnibus

561 1306 673 1350 cen.
693 1319 795 1358 xm,
821 1287 1121 1352 Hebraeis
1165 1307 1180 1348 :
1215 1305 1377 1368 quae
1425 1281 1621 1350 fiebat
1662 1286 2026 1351 secundum
2075 1286 2291 1368 legem
2339 1287 2569 1350 octava
2606 1287 2737 1368 die,
2792 1286 3050 1370 lapideo
3106 1281 3341 1366 cultro,
3392 1287 3461 1349 in
3509 1304 3700 1351 carne
3749 1304 3924 1368 prae-

531 1372 599 1421 n.
622 1371 690 1413 η.
949 1404 988 1418 ..
1611 1403 1622 1418 .
1741 1403 1754 1416 .
1992 1403 2006 1416 .
2052 1403 2065 1416 .
2318 1403 2331 1416 .
2804 1404 2817 1417 .
2999 1403 3012 1416 .
3050 1404 3063 1418 .
3660 1403 3671 1416 .
3795 1403 3808 1416 .

527 1432 664 1476 ,νοω
690 1445 732 1483 v,
755 1433 795 1474 2.
822 1407 1016 1486 putu.
1049 1404 1217 1468 Data
1261 1405 1484 1468 autem
1531 1402 1660 1467 fu1t
1700 1420 2113 1467 circumclsio
2161 1402 2464 1486 plumbus
2510 1402 2591 1467 de
2641 1421 2879 1483 causls,
2924 1403 3174 1467 scillcet
3213 1405 3288 1467 ut
3332 1421 3450 1486 per
3486 1403 3926 1468 obedientiam

529 1494 798 1602 ἀξξοῖζξζζζ
823 1519 1116 1584 mandati
1155 1517 1487 1583 Abraham
1525 1519 1813 1601 placeret
1856 1518 2019 1599 De0,
2063 1518 2169 1582 cui
2207 1536 2325 1600 per
2361 1519 2965 1600 praevaricationem
3014 1517 3225 1582 Adam
3271 1518 3717 1601 displicuerat.
3760 1519 3932 1582 Data

528 1632 630 1671 ''¹''
653 1623 715 1663 ¹⁰·
825 1636 1022 1700 etiam
1062 1635 1190 1699 fuit
1227 1636 1297 1699 in
1333 1636 1598 1717 signum
1637 1652 1892 1716 magnae
1931 1635 2083 1699 fidei
2111 1634 2418 1715 Abrahae,
2452 1635 2567 1716 qui
2604 1635 2881 1699 credidit
2914 1653 2987 1700 se
3021 1635 3403 1698 habiturum
3444 1634 3659 1699 filium
3698 1635 3766 1699 in
3796 1652 3929 1717 quo

821 1754 1008 1818 fieret
1051 1752 1418 1818 benedictio
1467 1753 1790 1816 omnium.
1833 1752 2108 1830 Deinde,
2149 1753 2226 1815 ut
2270 1752 2397 1815 hoc
2443 1752 2632 1834 signo
2675 1769 2714 1814 a
2750 1752 2983 1816 ceteris
3029 1751 3408 1816 nationibus
3453 1752 3935 1816 discerneretur

533 1849 800 1954 augasma.
824 1870 1111 1953 populus
1151 1869 1284 1933 ille.
1319 1869 1395 1932 In
1434 1886 1626 1933 carne
1662 1885 1816 1932 vero
1862 1870 2170 1951 praeputii
2207 1869 2355 1932 ideo
2386 1868 2575 1949 ,iussa
2614 1870 2712 1933 est
2755 1869 2896 1933 fieri
2939 1869 3377 1949 circumcisio,
3409 1868 3569 1949 quia
3612 1869 3681 1931 in
3719 1886 3931 1932 reme-

527 1960 800 2075 ζ’,αῗῗζί
825 1986 1010 2050 dium
1051 1986 1353 2049 instituta
1388 1987 1487 2049 est
1523 1985 1862 2067 originalis
1897 1985 2171 2067 peccati,
2212 1985 2392 2067 quod
2431 2003 2470 2049 a
2506 1985 2888 2068 parentibus
2930 1985 3256 2048 trahimus
3299 2003 3418 2067 per
3454 1986 3928 2067 concupiscen-

824 2102 988 2166 tiam
1045 2103 1282 2178 carniS,
1336 2118 1484 2183 quae
1539 2101 1607 2165 in
1657 2102 1842 2183 parte
1893 2101 2010 2164 illa
2057 2101 2272 2182 magis
2330 2101 2741 2183 dominatur;
2798 2102 2862 2164 et
2918 2101 3075 2182 quia
3125 2101 3195 2163 in
3248 2103 3435 2182 parte
3490 2101 3605 2165 illa
3661 2101 3925 2183 culpam

824 2218 1285 2284 inobedientiae
1332 2217 1590 2300 primus
1635 2217 1839 2282 homo
1881 2218 2110 2298 sensit,
2152 2217 2373 2282 decuit
2410 2218 2487 2281 ut
2533 2217 2625 2281 ibi
2674 2218 2939 2300 signum
2990 2217 3379 2282 obedientiae
3426 2218 3769 2300 acciperet.

1547 2467 1634 2533 K.
1683 2471 1927 2537 Quare
1970 2471 2089 2533 dic
2136 2470 2422 2545 octav0,
2462 2470 2536 2532 ct
2572 2470 2871 2543 petrino
2918 2470 3188 2532 cultro.

575 2720 754 2766 niam.
951 2692 1184 2757 Fiebat
1218 2693 1442 2756 autem
1489 2693 1719 2756 octavo
1757 2692 1887 2772 die,
1929 2692 1996 2755 et
2038 2691 2296 2772 petrino
2346 2691 2555 2755 cultro
2599 2711 2613 2753 :
2660 2691 2817 2773 quia
2854 2693 2919 2756 et
2960 2691 3029 2755 in
3075 2691 3551 2779 resurrectione
3590 2692 3933 2756 communi

821 2811 1054 2873 octava
1089 2809 1278 2873 aetate
1318 2808 1562 2889 futura,
1594 2826 1712 2890 per
1746 2809 2000 2890 petram
2028 2806 2367 2872 Christum
2401 2808 2619 2871 omnis
2646 2807 2727 2872 ab
2754 2809 2980 2873 electis
3016 2807 3438 2872 abscindetur
3473 2807 3834 2890 corrupti0‚
3868 2811 3935 2873 et

821 2943 938 3009 per
973 2924 1216 2990 Christi
1253 2925 1798 2990 resurrectionem
1837 2925 2067 2988 octava
2102 2923 2210 2988 die
2248 2923 2511 3004 factam,
2546 2925 3038 2988 circumciditur
3064 2942 3103 2988 a
3130 2924 3417 3006 peccatis
3452 2924 3675 2988 anima
3704 2925 3935 3005 'cnjus-

823 3059 952 3125 que
989 3042 1060 3106 in
1097 3057 1251 3107 eum
1289 3041 1634 3108 credentis.
1666 3041 1832 3106 Duae
1871 3058 2024 3123 ergo
2062 3058 2168 3104 res
2203 3042 2358 3104 sunt
2396 3041 2578 3104 illius
2614 3041 3029 3105 sacramenti.

1355 3293 1434 3356 L.
1491 3296 1734 3362 Quare
1781 3296 1860 3357 in
1902 3294 2370 3368 Baptismum
2412 3294 2705 3357 mutata
2751 3294 2853 3357 cit
2896 3295 3388 3357 circumcisio,

958 3521 1116 3584 Ideo
1153 3518 1376 3582 autem
1413 3516 1667 3581 mutata
1695 3517 1795 3580 est
1823 3514 2237 3580 circumcisio
2266 3532 2383 3598 per
2418 3514 2859 3598 Baptismum,
2894 3514 3051 3596 quia
3086 3517 3569 3580 sacramentum
3605 3515 3934 3598 Baptismi

828 3636 1250 3703 communius
1293 3637 1390 3699 est
1429 3635 1494 3698 et
1533 3632 1911 3714 perfectiuS,
1952 3632 2112 3714 quia
2158 3632 2437 3714 pleniori
2485 3632 2695 3714 gratia
2741 3632 3253 3696 accumulatum.
3296 3632 3397 3696 Ibi
3444 3633 3621 3697 enim
3668 3638 3937 3715 peccata

827 3755 1048 3819 solum
1095 3751 1617 3831 dimittebantur,
1666 3751 1784 3814 sed
1829 3768 1948 3813 nec
2001 3750 2211 3831 gratia
2263 3749 2346 3812 ad
2392 3749 2555 3812 bene
2614 3749 3018 3830 operandum
3068 3749 3382 3831 adjutrix,
3432 3767 3553 3814 nec
3608 3751 3931 3815 virtutum

829 3871 1159 3955 possessio
1201 3868 1306 3933 vel
1352 3869 1782 3951 augmentum
1831 3866 1923 3930 ibi
1977 3865 2432 3949 praestabatur,
2476 3866 2552 3929 ut
2598 3866 2665 3928 in
2716 3866 3083 3947 Baptismo,
3124 3866 3240 3930 ubi
3288 3884 3425 3930 non
3474 3868 3936 3933 tantummodo

830 3987 1174 4052 abolentur
1211 3986 1498 4066 peccata,
1539 3983 1655 4047 sed
1701 3984 1901 4047 etiam
1946 3982 2157 4063 gratia
2202 3980 2493 4062 adJutrix
2528 3981 2882 4059 confertur,
2924 3983 2990 4045 et
3036 3981 3313 4045 virtutes
3358 3983 3703 4063 augentur.
3745 3982 3937 4048 Unde

546 4126 628 4171 Ρ..
643 4138 744 4178 xm.
760 4126 802 4169 2.
830 4121 1003 4185 aqua
1056 4100 1430 4166 refectionis
1479 4098 1586 4164 vel
1641 4099 2154 4180 regenerationis
2200 4097 2462 4178 dicitur,
2516 4098 2673 4179 quia
2719 4098 2939 4161 aridos
2992 4097 3321 4178 fecundat,
3363 4100 3429 4162 et
3466 4098 3608 4179 jam
3660 4097 3939 4163 fructifi-

832 4222 1055 4285 cantes
1091 4216 1396 4299 ampliori
1432 4215 1728 4279 ubertate
1768 4214 1991 4294 donat,
2042 4214 2201 4296 quia
2236 4215 2845 4295 quantumcumque
2891 4231 3008 4295 per
3049 4213 3247 4277 fidem
3296 4215 3361 4278 et
3406 4214 3745 4279 caritatem
3784 4219 3936 4281 ante

832 4333 1125 4399 habitam
1168 4332 1411 4413 aliquis
1445 4330 1671 4411 justus
1717 4330 1801 4393 ad
1847 4328 2266 4411 Baptismum
2314 4328 2585 4409 accedit,
2627 4327 2997 4392 uberiorem
3044 4328 3137 4391 ibi
3188 4329 3421 4411 recipit
3463 4330 3767 4411 gratiam,
3816 4332 3935 4394 sed

831 4449 1088 4515 nonita
1122 4448 1192 4511 in
1223 4446 1741 4511 circumcisione.
1777 4445 1964 4509 Unde
1989 4443 2273 4509 Abrahae
2302 4460 2419 4526 per
2446 4443 2642 4507 fidem
2677 4443 2817 4524 jam
2842 4442 3202 4523 Justificato
3232 4444 3646 4525 signaculum
3672 4446 3934 4509 tantum

833 4568 985 4647 fuit,
1011 4565 1182 4630 nihil
1219 4564 1280 4629 ei
1318 4564 1498 4628 intus
1535 4562 1836 4628 contulit.

1426 4814 1515 4878 M.
1556 4818 1658 4880 De
1697 4819 2044 4891 parvulis
2087 4815 2454 4889 defunctis
2498 4815 2675 4879 ante
2720 4816 2917 4878 diem
2963 4815 3331 4879 octavum.

561 5086 703 5144 nugo,
726 5086 802 5131 ubi
961 5056 1032 5121 Si
1078 5070 1234 5118 vero
1282 5050 1602 5134 quaeritur
1641 5049 1723 5113 de
1778 5048 2073 5131 parvulis
2114 5047 2231 5131 qui
2279 5048 2429 5111 ante
2475 5046 2653 5110 diem
2704 5045 3011 5108 octavum
3067 5044 3537 5126 moriebantur,
3582 5047 3937 5127 antequam

531 5162 678 5204 ⁸¹¹⁹*
819 5172 1017 5237 fiebat
1066 5167 1478 5234 circumcisio
1511 5182 1594 5229 ex
1631 5164 1797 5245 lege,
1833 5163 2058 5226 utrum
2096 5161 2505 5226 salvarentur
2533 5162 2637 5225 vel
2662 5178 2835 5243 non;
2867 5160 3039 5223 idem
3080 5161 3297 5243 potest
3334 5161 3712 5243 responderi
3754 5163 3934 5243 quod

819 5288 1100 5354 sentitur
1137 5286 1218 5351 de
1263 5281 1560 5368 parvulis
1605 5282 1755 5345 ante
1801 5280 2221 5362 Baptismum
2271 5278 2623 5357 defunctiS,
2667 5293 2835 5361 quos
2882 5278 3095 5360 perire
3142 5277 3417 5341 constat.
3462 5276 3653 5342 Unde
3688 5277 3918 5343 Beda:
