4267 6250
1070 505 1153 553 nr.
1194 504 1639 564 muniamus,
1674 504 1821 563 oum
1859 504 2024 565 surr,
2062 505 2138 552 ιτ
2179 506 2342 553 uuna
2381 507 2586 567 rim,
2625 507 2755 554 irre.
3343 484 3462 553 551

355 693 502 737 mus
532 681 599 737 et
630 695 749 759 pro
778 678 1154 760 poenitentia
1184 678 1251 740 in
1280 676 1419 741 foro
1446 676 1865 741 confessionis
1894 676 1947 739 A
1978 676 2108 759 Ego
2157 694 2272 761 pro
2319 685 2380 740 te
2427 679 2665 761 rogavi,
2705 687 2776 741 ut
2820 697 2948 742 non
2997 677 3258 742 deficiat
3301 677 3468 740 fides
3521 696 3627 742 ιιι.
3659 710 3759 751 m,

357 772 769 855 injungimus
796 795 1121 839 assumere
1150 776 1551 839 consulatum
1582 784 1691 839 aut
1720 794 1869 858 prae-
3495 762 3546 803 ³²

1976 785 2100 839 tua.
2136 777 2520 840 Universalis
2555 785 2770 842 autem
2811 776 3096 841 Ecclesia
3139 776 3470 858 indulgen-
3548 789 3563 802 ·

356 870 681 937 secturam
714 875 815 937 vel
844 874 971 937 alia
1000 874 1241 957 quaevis
1268 874 1507 937 officia.
1532 874 1867 957 Quumque
1974 875 2097 937 tias
2144 874 2296 937 facit
2341 885 2405 938 et
2445 876 2774 959 approbat.
2822 876 3164 958 Apostolus
3209 892 3466 958 quoque

354 972 859 1037 honorificentia
888 974 1241 1055 majestatis
1269 973 1523 1047 divinae,
1538 972 1709 1035 salus
1737 973 1869 1034 ani·

1976 980 2244 1037 testatur
2283 993 2298 1037 :
2340 973 2470 1056 Ego
2511 976 2684 1057 quod
2725 974 2978 1047 donavi,
3017 974 3072 1035 si
3119 972 3274 1056 quid
3323 988 3466 1054 pro-
3523 972 3562 1015 ¹¹
3583 972 3684 1017 ⁶⁰¹·-
3711 984 3760 1024 ¹·-

357 1089 641 1144 marum,
686 1072 1049 1135 communis
1098 1072 1361 1145 utilitas,
1414 1072 1617 1134 multo
1667 1071 1867 1151 magis

1977 1060 2118 1153 pte'r
2159 1089 2272 1134 vos
2312 1072 2544 1135 donavi
2589 1074 2655 1136 in
2698 1090 2970 1155 persona
3010 1071 3262 1135 Christi.
3295 1070 3470 1133 Glos-
3495 1038 3564 1079 ’θ’

356 1169 719 1231 consistant
746 1170 813 1231 in
844 1170 1319 1234 constructione
1358 1169 1549 1231 unius
1588 1168 1867 1231 basilicae
1976 1188 2045 1231 sa
2088 1186 2103 1231 :
2145 1170 2215 1231 Id
2255 1177 2374 1243 est,
2407 1189 2480 1233 ac
2522 1171 2576 1233 si
2626 1171 2914 1234 Christus
2960 1170 3274 1233 donasset.
3309 1168 3468 1231 Hinc

96 5122 219 5165 θεὸν.

354 1266 795 1350 omnibusque
850 1268 1039 1331 bonis
1094 1287 1237 1350 quae
1292 1269 1373 1329 de
1432 1276 1645 1329 cetero
1704 1266 1868 1329 fient

357 1363 429 1427 in
458 1384 559 1437 ea,
592 1384 787 1447 quam
828 1366 895 1427 in
932 1365 1287 1428 afflictione
1328 1363 1863 1448 poenitentialium

356 1464 852 1544 exercitiorum3
890 1464 1033 1527 ideo
1060 1464 1443 1547 episcopalis
1473 1462 1865 1526 auctoritatis

357 1568 479 1634 est,
514 1562 637 1625 ista
677 1562 843 1625 bona
878 1563 1127 1625 minora
1158 1580 1345 1645 posse
1376 1569 1769 1624 commutare
1798 1562 1863 1623 in

361 1658 473 1721 illa
504 1660 767 1741 majora.
800 1659 1119 1742 Amplius,
1150 1678 1373 1722 servus
1404 1667 1469 1721 et
1498 1666 1866 1740 procurator

360 1777 477 1821 seu
526 1759 932 1841 dispensator
978 1758 1221 1821 domini
1270 1758 1569 1839 alicujus,
1613 1765 1865 1819 tenetur

1974 1265 2057 1328 ab
2102 1267 2420 1331 universis
2461 1269 2853 1343 conceditur,
2895 1266 3320 1349 indulgentias
3361 1264 3474 1329 ali·

1976 1366 2131 1447 quid
2175 1366 2405 1428 valere.
2447 1367 2606 1430 Nam
2649 1368 2922 1450 impium
2963 1374 3131 1429 esset
3165 1383 3470 1439 asserere,

1976 1464 2148 1545 quod
2179 1464 2462 1527 Ecclesia
2489 1465 2730 1547 aliquid
2762 1464 2998 1527 faceret
3024 1482 3206 1526 vane.
3237 1464 3474 1525 Verum

1974 1560 2174 1643 aliqui
2213 1563 2458 1635 dicunt,
2499 1564 2668 1645 quod
2703 1581 2830 1625 non
2861 1563 3077 1625 valent
3111 1560 3354 1643 aliquid
3393 1560 3474 1623 ad

1972 1659 2434 1723 absolvendum
2463 1680 2502 1723 a
2529 1669 2708 1723 reatu
2749 1680 2952 1742 poenae
2989 1679 3182 1742 quam
3219 1660 3368 1741 quis
3405 1659 3472 1721 in

1977 1758 2342 1840 purgatorio
2370 1760 2724 1821 secundum
2758 1758 3074 1839 judicium
3115 1756 3228 1821 Dei
3269 1775 3472 1819 mere-

362 1856 533 1920 boua
576 1856 825 1920 domini
864 1857 965 1920 sui
1003 1857 1365 1939 expendere
1406 1855 1471 1918 in
1515 1855 1719 1938 ipsius
1754 1855 1861 1917 do-
1898 1852 1945 1916 B
1975 1863 2100 1930 tur,
2132 1856 2244 1918 sed
2275 1856 2488 1919 valent
2511 1856 2592 1918 ad
2629 1855 3090 1919 absolvendum
3125 1855 3208 1917 ab
3237 1855 3472 1937 obliga-

359 1956 525 2017 mini
556 1956 867 2018 honorem
896 1974 970 2018 ac
1000 1954 1525 2027 commodum,ac
1554 1953 1729 2034 regni
1762 1952 1863 2015 sui

358 2053 707 2116 utilitatem
750 2053 1078 2135 majorem.
1113 2052 1449 2134 Quumque
1484 2051 1861 2124 additioneS,

358 2152 847 2225 diminutiones,
912 2151 1463 2225 commutationes,
1532 2149 1863 2211 relaxatio-

358 2268 475 2313 nae
515 2248 1061 2332 poenitentialium
1099 2247 1609 2311 satisfactionum
1645 2246 1865 2329 praela-

358 2350 443 2411 tis
473 2349 837 2412 commissae
864 2348 1016 2421 sint,
1034 2356 1281 2410 certum
1312 2355 1409 2411 est
1438 2347 1757 2430 pertinere
1785 2348 1863 2410 ad

362 2448 559 2530 ἤρεσε,
576 2454 647 2511 ut
676 2445 819 2509 illas
848 2446 1221 2529 dispensent
1248 2453 1312 2509 et
1337 2453 1600 2527 erogent
1628 2445 1865 2526 largius

360 2554 471 2610 aut
512 2546 770 2631 parcius
809 2546 1163 2609 secundum
1202 2544 1587 2625 exigentiam
1630 2544 1867 2625 negoti-

362 2663 549 2707 orum
609 2643 1215 2723 occurrentiumque
1272 2660 1631 2715 causarum,
1678 2648 1868 2723 prout

361 2744 571 2806 honor
614 2741 730 2805 Dei
772 2750 837 2805 et
876 2741 1049 2805 salus
1090 2741 1356 2821 exigunt
1393 2740 1751 2803 animarum
1792 2758 1867 2802 ac

360 2841 607 2905 bonum
656 2858 1001 2903 commune
1056 2840 1251 2902 totius
1306 2839 1667 2902 christianin
1723 2837 1866 2901 reli-

359 2940 597 3022 gioniS,
644 2938 947 3002 videlicet
993 2939 1135 3020 ejus
1183 2937 1493 3012 defensio,
1539 2955 1867 3000 conserva·

1975 1953 2148 2017 tione
2176 1972 2303 2034 qua
2336 1954 2630 2016 sacerdos
2667 1953 2907 2035 obligat
2933 1953 3352 2035 poenitentem
3389 1953 3469 2014 ad

1972 2069 2233 2134 poenam
2269 2052 2634 2134 quamdam,
2668 2050 2769 2115 vel
2807 2052 2884 2113 ad
2921 2070 3112 2134 quam
3147 2052 3342 2113 etiam
3369 2068 3467 2113 or-

1972 2154 2230 2216 dinatur
2259 2173 2337 2217 ex
2366 2172 2684 2217 canonum
2714 2153 3042 2216 institutis
3075 2153 3224 2227 Quae
3251 2152 3472 2235 opinio

1974 2270 2102 2315 non
2135 2252 2388 2315 videtur
2416 2271 2584 2315 vera.
2613 2253 2845 2327 Primo,
2866 2252 3020 2334 quia
3047 2270 3348 2335 expresse
3375 2259 3474 2313 est

1974 2357 2194 2413 contra
2229 2350 2638 2433 privilegium
2670 2351 2730 2414 S.
2755 2351 2938 2414 Petro
2969 2368 3368 2423 concessum,
3401 2356 3474 2412 ut

1974 2449 2144 2531 quod
2187 2448 2251 2511 in
2282 2457 2452 2510 terra
2488 2448 2860 2522 remitteret,
2893 2449 2960 2511 in
2993 2449 3156 2512 coelo
3189 2448 3470 2510 remitte·
3496 2468 3763 2519 uaccam,

1975 2554 2153 2609 retur
2195 2564 2210 2608 τ
2254 2546 2404 2608 hinc
2449 2546 2742 2609 remissio
2773 2566 2918 2629 quae
2955 2546 3033 2608 fit
3070 2546 3134 2608 in
3177 2546 3316 2608 foro
3356 2546 3470 2607 Ec-
3500 2534 3566 2575 ¹⁹·

1975 2644 2208 2718 clesiae,
2225 2644 2395 2707 valet
2421 2644 2614 2707 etiam
2641 2651 2952 2726 quantum
2981 2645 3060 2707 ad
3091 2644 3300 2708 forum
3333 2644 3466 2706 Dei.

1978 2742 2281 2805 Praeterea
2310 2742 2594 2805 Ecclesia
2623 2740 3049 2823 indulgentias
3079 2740 3343 2814 facienS,
3376 2760 3472 2803 se·

1977 2841 2262 2903 cundum
2292 2840 2412 2904 hoc
2445 2840 2646 2921 magis
2673 2839 3117 2903 damnificaret
3145 2858 3338 2921 quam
3365 2840 3474 2901 ad·

1974 2937 2231 3019 juvaret
2260 2956 2275 3001 z
2309 2938 2614 3022 quoniam
2641 2937 3027 3001 absolvendo
3055 2937 3136 3001 ab
3168 2936 3476 3018 injunctis

358 3040 473 3115 tio,
506 3038 860 3121 ampliatiO.
894 3039 1183 3121 Insuper,
1206 3038 1259 3101 si
1292 3056 1401 3100 rex
1430 3047 1541 3100 aut
1572 3038 1867 3119 princeps
1898 3032 1943 3096 C
1979 3036 2398 3119 poenitentiiS,
2451 3036 2805 3100 remitteret
2851 3037 2930 3099 ad
2979 3052 3199 3117 poenas
3249 3054 3476 3118 purga·

360 3139 829 3203 commissurus
860 3139 945 3200 sit
972 3139 1284 3220 praelium,
1298 3137 1405 3199 dat
1432 3136 1705 3199 ducibus
1734 3136 1868 3198 suis

363 3244 745 3322 potestatem
788 3235 1197 3319 perquirendi
1230 3255 1304 3298 ac
1334 3234 1729 3299 conducendi
1758 3254 1866 3298 au-

362 3334 653 3399 xiliarios
683 3334 895 3416 dignis
925 3333 1263 3416 stipendiis
1295 3333 1737 3415 praemiandos.
1764 3333 1869 3396 Sic

363 3452 519 3516 ergo
562 3441 628 3495 et
670 3433 981 3506 Christus,
1014 3451 1125 3494 rex
1168 3451 1413 3513 regum,
1446 3433 1749 3495 adversus
1792 3431 1867 3494 fi-

364 3533 469 3595 dei
516 3531 783 3595 aemulos
827 3549 943 3613 per
985 3548 1133 3593 suos
1175 3529 1401 3593 fideles
1443 3529 1865 3611 praeliaturuS,

364 3650 482 3713 per
522 3629 816 3712 praelatos
854 3628 1214 3711 spiritualia
1241 3629 1407 3691 dona
1440 3627 1705 3709 largitur
1741 3627 1869 3690 bel-

365 3727 679 3792 latoribus
728 3727 884 3801 suis,
927 3725 1163 3808 quibus
1206 3725 1431 3789 armati
1474 3732 1540 3788 et
1578 3726 1865 3799 animati,

362 3826 599 3890 fortius
630 3825 1022 3907 praelientur,
1038 3824 1471 3907 vitiorumque
1498 3824 1701 3886 aciem
1734 3823 1871 3885 vin-

364 3933 529 3988 cant.
545 3924 827 4005 Insuper,
840 3939 1021 4002 reges
1044 3929 1329 4003 tempore
1352 3921 1866 4002 congressionum

362 4022 589 4088 aeraria
626 4040 740 4084 sua
778 4019 1077 4103 aperiunt
1111 4020 1190 4082 ad
1226 4020 1653 4102 praestandum
1690 4018 1871 4100 largi-

363 4123 501 4184 flue
540 4119 859 4202 stipendia
908 4117 1222 4180 militibus
1266 4117 1419 4180 suis,
1454 4118 1545 4180 Ita
1583 4125 1648 4180 et
1692 4117 1867 4181 Chri-

1978 3135 2127 3198 torii
2169 3136 2512 3216 graviores.

2059 3233 2209 3295 ldeo
2235 3232 2419 3296 aliter
2447 3242 2546 3295 est
2571 3233 2940 3307 dicendum,
2963 3233 3284 3307 videlicet,
3306 3233 3481 3315 quod

1978 3330 2233 3393 valeant
2272 3338 2398 3393 tam
2438 3331 2646 3412 quoad
2686 3329 2899 3394 forum
2931 3331 3252 3404 Ecclesiae,
3285 3349 3478 3412 quam

1977 3435 2292 3510 quantum
2319 3429 2398 3491 ad
2429 3428 2541 3490 Dei
2569 3428 3002 3509 judicium,ad
3033 3428 3480 3491 remissionem

1978 3544 2184 3609 poenae
2233 3527 2502 3591 residuae
2545 3534 2689 3608 post
2731 3526 3201 3600 contritionem,
3234 3526 3480 3590 confes-

1976 3625 2224 3687 sionem
2265 3632 2329 3687 et
2355 3625 2844 3699 absolutionem,
2877 3625 3012 3687 sive
3051 3625 3136 3686 sit
3163 3623 3472 3706 injuncta,

1977 3723 2113 3786 sive
2157 3741 2304 3786 non.
2339 3723 2518 3786 Ratio
2562 3731 2776 3786 autem
2824 3741 3022 3805 quare
3069 3723 3281 3786 valere
3329 3741 3470 3806 pos-

1976 3829 2148 3894 sunt,
2180 3829 2280 3884 est
2321 3821 2530 3884 unitas
2579 3823 2862 3904 corporis
2913 3821 3187 3904 mystici,
3233 3822 3296 3884 in
3349 3841 3477 3904 qua

1980 3919 2168 3981 multi
2223 3919 2288 3981 in
2338 3919 2642 4001 operibus
2701 3919 3092 4001 poenitentiae
3148 3937 3478 4001 superero—

1978 4025 2289 4100 gaverunt
2330 4025 2640 4100 quantum
2685 4019 2763 4080 ad
2801 4017 3161 4081 debitorum
3211 4036 3474 4082 suorum

1980 4133 2389 4195 mensuram;
2441 4116 2672 4179 multas
2730 4133 2986 4198 quoque
3032 4115 3478 4181 tribulationes

362 4228 502 4282 stus
561 4237 640 4280 ex
690 4218 990 4280 thesauro
1046 4215 1347 4279 Ecclesiae
1404 4233 1519 4297 per
1576 4216 1867 4298 praelatos
1898 4217 1949 4280 D
1980 4213 2252 4294 injustas
2292 4213 2734 4276 sustinuerunt
2780 4213 3114 4296 patienter,
3161 4233 3275 4296 per
3319 4235 3479 4297 quas

364 4314 797 4396 indulgentias
856 4320 1133 4396 praestat,
1186 4321 1249 4376 et
1304 4312 1599 4394 obligatis
1654 4311 1869 4374 debita

368 4414 571 4476 multa
612 4412 869 4476 relaxat.
902 4447 985 4457 —
1010 4411 1155 4476 Haec
1195 4411 1592 4475 Guillelmus.
1625 4410 1743 4484 Qui
1785 4410 1870 4473 lo-

370 4531 447 4576 co
490 4511 895 4594 praeallegato
942 4510 1019 4572 de
1061 4511 1163 4573 his
1209 4509 1467 4584 diffuse,
1509 4510 1869 4572 devotiona·

372 4610 592 4673 biliter
618 4618 811 4692 atque
841 4608 1162 4672 subtiliter
1200 4609 1501 4690 loquitur,
1534 4609 1601 4671 in
1630 4609 1867 4691 quibus

372 4708 587 4771 innuit
645 4707 1072 4789 indulgentias
1130 4714 1375 4769 tantum
1436 4707 1645 4769 valere
1702 4708 1871 4770 sicut

373 4806 887 4889 pronuntiantur.

455 4906 761 4968 Praeterea
790 4903 849 4967 S.
874 4902 1145 4965 Thomas
1175 4902 1275 4964 his
1304 4919 1661 4965 consonans
1688 4921 1703 4966 ε
1728 4903 1871 4966 Uni-

374 5003 641 5068 versalis
667 5002 937 5084 (inquit)
962 5001 1245 5064 Ecclesia
1286 5018 1411 5063 non
1457 5008 1664 5082 potest
1706 5021 1871 5064 erra·

242 5125 347 5173 m.
376 5121 465 5174 re,
489 5099 797 5184 quoniam
830 5099 939 5162 ille
968 5100 1080 5182 qui
1112 5100 1177 5160 in
1208 5099 1510 5162 omnibus
1540 5100 1871 5163 exauditus

378 5207 475 5262 est
514 5217 633 5280 pro
674 5217 788 5260 sua
832 5197 1209 5270 reverentia,
1240 5195 1401 5258 dixit
1443 5196 1643 5268 Petro,
1684 5215 1877 5277 super

384 5296 571 5378 cujus
622 5295 1023 5358 confessione
1070 5293 1352 5357 Ecclesia
1402 5301 1499 5356 est
1548 5293 1808 5357 fundata
1858 5312 1871 5357 :

1982 4311 2328 4375 multitudo
2357 4329 2688 4393 poenarum
2731 4319 2975 4394 poterat
3003 4313 3270 4394 expiari,
3301 4313 3355 4376 si
3385 4314 3480 4377 eis

1982 4409 2324 4473 deberetur
2365 4427 2380 4472 ε
2422 4428 2694 4492 quorum
2747 4411 3122 4474 meritorum
3171 4418 3344 4473 tanta
3384 4419 3482 4474 est

1982 4509 2188 4590 copia,
2225 4515 2294 4569 ut
2322 4526 2578 4571 omnem
2620 4527 2876 4591 poenam
2913 4528 3084 4571 nunc
3115 4509 3480 4572 viventibus

1982 4607 2264 4669 debitam
2309 4607 2638 4679 excedant,
2674 4608 3004 4688 potissime
3049 4615 3309 4689 propter
3353 4626 3480 4669 me-

1980 4705 2176 4767 ritum
2210 4705 2465 4780 Christi,
2489 4704 2658 4786 quod
2687 4705 2982 4786 quamvis
3023 4705 3088 4767 in
3125 4723 3479 4768 sacramen-

1980 4805 2061 4867 tis
2090 4810 2412 4884 operetur,
2445 4820 2572 4865 non
2603 4807 2816 4864 tamen
2849 4802 2914 4863 in
2946 4801 3074 4864 illis
3103 4801 3473 4876 includitur,

1982 4903 2111 4966 imo
2152 4920 2267 4964 sua
2305 4901 2624 4963 infinitate
2659 4898 3020 4962 efficaciam
3057 4909 3476 4964 sacramento-

1980 5021 2124 5064 rum
2157 5001 2423 5063 excedit.
2455 4999 2876 5063 Praebabitum
2909 5005 3126 5062 autem
3155 5007 3270 5070 est,
3303 5001 3472 5081 quod
3503 5017 3768 5073 epasmo.

1982 5119 2150 5162 unus
2191 5116 2305 5181 pro
2331 5099 2458 5162 alio
2487 5097 2848 5160 satisfacere
2879 5098 3098 5180 possit.
3133 5097 3344 5160 Sancti
3375 5117 3478 5161 ve-

1983 5216 2055 5261 ro
2084 5197 2150 5259 in
2185 5196 2422 5278 quibus
2461 5195 3044 5278 superabundantia
3079 5213 3346 5278 operum
3387 5215 3478 5258 sa-

1986 5294 2366 5358 tisfactionis
2406 5294 2547 5369 fuit,
2581 5310 2706 5357 non
2748 5293 3036 5356 fecerunt
3074 5313 3149 5357 ea
3185 5293 3479 5356 determi-
