4267 6250
802 478 921 545 158

1466 502 1531 549 IN
1571 502 1795 549 Limum
1835 503 1897 548 lv
1940 500 2429 549 SENTENTIARUU.
2469 522 2550 533 -
2590 504 2744 550 mS'r.
2785 504 2888 567 v13
2931 504 3154 561 QUAEsT.
3195 504 3241 551 11

798 667 1125 751 applicans
1155 670 1355 734 sidem
1394 673 1468 735 ad
1513 672 1704 734 istum
1739 671 1842 735 vel
1885 672 2063 735 illum
2101 689 2116 733 t
2152 672 2295 735 ideo
2326 670 2375 735 A
2406 672 2582 734 ciens
2630 672 2915 747 domum,
2959 673 3232 736 intendit
3273 692 3412 735 eam
3457 689 3913 735 consummare

796 764 961 829 fides
1007 767 1285 831 salvatur
1329 770 1392 831 in
1437 770 1847 852 generalitate
1890 770 2208 833 Ecclesiae.

874 865 939 927 Si
984 874 1197 929 autem
1242 868 1530 948 objicias,
1564 869 1715 950 quia
1762 869 1814 931 si
1867 868 2136 932 intentio
2184 868 2296 931 illa

797 964 1162 1046 requiritur,
1216 984 1406 1029 nemo
1455 974 1664 1029 certus
1714 974 1813 1031 est
1868 986 1935 1030 se
1984 968 2296 1031 veraciter

791 1080 929 1125 esse
980 1063 1395 1146 baptizatum,
1438 1085 1637 1147 quum
1690 1065 2150 1148 baptizantium
2199 1067 2292 1128 in-

792 1161 991 1223 tentio
1032 1161 1271 1225 incerta
1309 1164 1392 1226 sit
1428 1163 1787 1247 baptizatis,
1821 1172 1885 1227 et
1924 1164 2009 1226 ita
2048 1171 2288 1247 oporte-

792 1258 886 1321 bit
930 1260 1331 1344 rebaptizari,
1366 1269 1475 1325 aut
1523 1263 1922 1326 committere
1966 1282 2035 1325 se
2078 1263 2290 1345 ipsum

791 1358 1185 1439 discrimini3
1231 1362 1596 1437 dicendum,
1646 1362 1817 1445 quod
1868 1379 1992 1425 non
2043 1368 2294 1445 oportet

793 1474 910 1519 nec
942 1459 1231 1541 sequitur
1260 1460 1452 1535 istud,
1486 1460 1789 1543 quoniam
1820 1460 2175 1543 baptizatus
2206 1459 2295 1522 fe-

794 1556 881 1618 cit
909 1557 1079 1638 quod
1110 1558 1175 1619 in
1209 1577 1275 1621 se
1306 1566 1404 1621 est
1435 1576 1450 1619 t
1480 1558 1717 1622 idcirco
1746 1559 1823 1622 ad
1854 1558 2132 1642 amplius
2165 1576 2292 1622 non

792 1661 1065 1729 tenetur,
1100 1656 1452 1738 praesertim
1492 1657 1545 1719 si
1589 1656 1877 1720 defectus
1918 1655 2291 1719 intentionis

790 1753 1077 1833 nequivit
1106 1755 1395 1835 cognosci
1425 1773 1503 1817 ex
1530 1754 1737 1837 aliquo
1766 1754 2294 1837 signo—Utrum

2403 776 2594 850 atque
2627 768 3018 847 inhabitare3
3052 771 3135 831 ita
3169 769 3232 831 in
3263 776 3658 832 sacramento
3697 768 3914 830 inten-

2405 866 2500 929 dit
2555 867 2701 949 quis
2759 868 2968 950 prima
3025 868 3377 931 intentione
3433 875 3912 931 sacramentum

2405 965 2704 1029 Ecclesiae
2734 966 3116 1040 ministrare,
3150 966 3380 1029 deinde
3420 965 3692 1028 intendit
3720 984 3910 1028 suam

2407 1063 2742 1125 utilitatem
2777 1064 3106 1147 parvulive
3137 1064 3558 1138 salutem,seu
3587 1063 3910 1146 quidquid

2405 1161 2487 1223 sit
2517 1162 2695 1225 illud.
2731 1162 2936 1225 Prima
2969 1163 3238 1225 intentio
3276 1170 3372 1225 est
3409 1163 3489 1224 de
3525 1162 3910 1225 necessitate

2405 1261 2820 1339 sacramenti3
2872 1262 3152 1323 secunda
3198 1268 3296 1324 est
3347 1262 3426 1323 de
3483 1259 3905 1342 congruitate.

2404 1358 2610 1421 Prima
2647 1377 2902 1442 quoque
2947 1360 3217 1423 intentio
3257 1376 3384 1422 non
3426 1358 3615 1422 babet
3653 1367 3908 1421 rectum

2404 1466 2468 1520 et
2514 1457 2872 1540 obliquum,
2910 1459 3021 1521 sed
3071 1459 3367 1521 secunda.
3401 1494 3484 1504 —-
3522 1459 3666 1521 Haec
3708 1458 3914 1521 Bona-

2403 1564 2688 1619 ventura.
2738 1557 3090 1621 Concordat
3127 1557 3443 1620 Albertus.

2483 1654 2754 1717 Thomas
2806 1672 3062 1737 quoque
3119 1655 3340 1717 eadem
3399 1654 3542 1717 aliis
3599 1654 3913 1736 exprimit

2404 1752 2619 1816 verbis
2653 1770 2667 1815 ε
2701 1753 2897 1815 Unius
2937 1752 3209 1815 effectus
3247 1753 3605 1836 (inquiens)
3643 1772 3770 1816 una
3807 1762 3914 1815 est

790 1869 941 1915 vero
971 1851 1055 1913 sit
1084 1852 1461 1936 baptizatuS,
1486 1862 1583 1916 est
1612 1854 1849 1937 duplex
1877 1854 2115 1936 opinio.
2139 1855 2290 1928 Una,
2326 1848 2373 1910 B
2404 1869 2611 1913 causa.
2634 1850 2780 1912 Ideo
2809 1850 2862 1912 si
2895 1870 2972 1913 ex
3002 1850 3298 1934 pluribus
3329 1851 3540 1913 causis
3571 1870 3738 1913 unus
3767 1868 3914 1933 pro·

790 1951 960 2031 quod
993 1951 1159 2014 Deus
1200 1953 1462 2035 deputat
1494 1952 1677 2014 illum
1716 1953 2129 2035 baptizatum,
2163 1972 2290 2015 non

788 2055 1037 2113 tantum
1096 2050 1402 2125 Ecclesia,
1459 2071 1658 2133 quum
1717 2052 1887 2114 dicat
1943 2052 2222 2115 Isidorus
2274 2068 2288 2114 ε

789 2148 1193 2229 Quacumque
1222 2156 1354 2211 arte
1385 2149 1723 2213 verborum
1754 2150 1899 2232 quis
1926 2149 2114 2231 juret,
2128 2150 2292 2212 Deus

790 2246 883 2307 sic
922 2247 1157 2329 accipit
1194 2248 1361 2309 sicut
1400 2247 1506 2310 ille
1546 2248 1649 2310 cui
1685 2248 1937 2330 juratur
1969 2249 2286 2329 intelligit.

792 2344 911 2408 Sed
960 2345 1079 2408 hoc
1125 2345 1503 2427 intelligitur
1547 2354 1854 2429 quantum
1894 2348 1972 2409 ad
2011 2348 2290 2429 culpam,

794 2462 921 2507 non
957 2452 1267 2526 quantum
1308 2446 1385 2508 ad
1427 2447 1737 2509 rationem
1775 2447 1905 2510 voti
1944 2456 2055 2509 aut
2092 2466 2297 2510 sacra-

796 2543 993 2605 menti
1030 2560 1044 2605 :
1079 2551 1142 2606 et
1174 2544 1293 2608 1166
1337 2545 1747 2607 manifestum
1796 2552 1892 2607 est
1939 2553 2002 2607 et
2051 2545 2117 2607 in
2171 2564 2296 2607 ma-

794 2641 1097 2705 trimonio
1125 2649 1191 2705 et
1219 2642 1283 2704 in
1315 2650 1479 2706 voto.
1517 2643 1676 2705 Hinc
1706 2643 1814 2705 alii
1848 2644 2089 2717 dicunt,
2123 2644 2294 2726 quod

796 2757 923 2803 non
954 2748 1051 2803 est
1082 2740 1169 2803 ibi
1201 2749 1692 2813 sacramentum,
1716 2742 2009 2824 quamvis
2040 2742 2129 2805 ibi
2167 2742 2296 2805 sint

796 2838 991 2900 verba
1024 2856 1037 2900 :
1072 2838 1223 2921 quia
1254 2846 1323 2899 ut
1353 2839 1418 2900 in
1450 2838 1790 2901 Moralibus
1819 2840 1907 2901 ait
1935 2840 2293 2921 Gregorius,

796 2954 923 3000 non
970 2937 1160 2999 debet
1210 2937 1476 3000 intentio
1528 2938 1848 3001 deservire
1897 2937 2133 3012 verbiS,
2185 2939 2294 3001 sed

2403 1949 2583 2011 cedat
2641 1948 2934 2023 effectuS,
2987 1955 3236 2031 oportet
3291 1949 3460 2032 quod
3521 1948 3646 2013 illae
3695 1967 3906 2012 causae

2402 2047 2619 2129 aliquo
2647 2048 2837 2110 modo
2873 2046 3056 2111 factae
3085 2048 3214 2109 sint
3253 2067 3452 2110 unum
3482 2048 3559 2110 ad
3597 2047 3900 2111 invicem.

2402 2147 2737 2228 Quumque
2785 2146 2862 2208 ad
2911 2146 3218 2209 effectum
3271 2148 3647 2209 sacramenti
3697 2147 3906 2229 Bapti-

2403 2245 2522 2308 smi
2575 2246 2775 2307 multa
2824 2253 3224 2319 concurrant,
3264 2246 3562 2309 videlicet
3611 2247 3900 2321 materia,

2405 2342 2629 2417 forma,
2687 2343 3000 2417 minister,
3057 2352 3226 2423 etc.;
3276 2360 3404 2408 non
3463 2352 3708 2427 queunt
3765 2346 3904 2408 haec

2404 2441 2694 2504 connecti
2738 2448 2804 2503 ut
2843 2442 3140 2505 eumdem
3183 2444 3536 2524 producant
3567 2441 3900 2519 effectum,

2405 2538 2528 2602 nisi
2572 2558 2688 2622 per
2724 2538 3105 2621 baptizantis
3149 2540 3590 2616 intentionem,
3621 2542 3733 2623 qui
3780 2540 3906 2605 for-

2404 2656 2576 2700 mam
2617 2638 2695 2700 ad
2741 2638 3070 2701 materiam
3111 2639 3410 2721 applicat,
3442 2647 3508 2703 et
3547 2659 3735 2703 suum
3783 2641 3902 2704 mi·

2403 2736 2739 2799 nisterium
2784 2737 2862 2799 ad
2905 2744 3270 2820 utrumque,
3301 2746 3491 2821 atque
3531 2738 3652 2802 1166
3691 2747 3900 2803 totum

2403 2836 2480 2898 ad
2523 2837 2900 2898 sacramenti
2951 2837 3354 2901 collationem
3389 2854 3404 2900 ε
3437 2837 3590 2900 11166
3634 2839 3904 2921 requiri·

2405 2942 2508 2997 tur
2540 2936 2806 2998 intentio
2837 2935 3478 3019 baptizantiS.Sicque
3509 2938 3574 2999 in
3606 2938 3906 3001 omnibus

794 3034 987 3098 verba
1018 3035 1353 3097 intentioni
1381 3036 1589 3118 :quod
1623 3036 1687 3097 in
1720 3036 2133 3099 sacramentis
2166 3056 2292 3099 ma·
2331 3037 2374 3101 C
2403 3034 2816 3095 sacramentis
2881 3033 3228 3115 requiritur
3289 3034 3567 3096 ministri
3635 3035 3906 3097 intentio

794 3134 965 3197 xime
995 3134 1187 3197 habet
1216 3134 1447 3197 locum.
1470 3135 1714 3198 Idcirco
1746 3135 1809 3198 in
1842 3135 1952 3198 tali
1984 3155 2133 3198 casu
2165 3154 2293 3199 uon

793 3241 889 3296 est
917 3233 1302 3316 BaptismuS,
1335 3241 1643 3315 quantum
1685 3242 1780 3296 est
1818 3254 1895 3296 ex
1936 3241 2112 3317 parte
2153 3234 2293 3316 ejus

793 3331 963 3415 quod
995 3350 1111 3414 per
1140 3331 1466 3394 hominem
1505 3340 1756 3414 gestum
1788 3340 1901 3395 est.
1930 3333 2005 3394 Et
2036 3334 2087 3396 si
2119 3333 2294 3396 adul-

793 3440 895 3493 tus
926 3429 1284 3512 baptizetur
1311 3437 1383 3492 ut
1410 3430 1621 3504 debet,
1656 3430 1817 3494 fides
1851 3431 2113 3494 interior
2145 3452 2292 3515 sup-

794 3529 962 3612 plet;
994 3529 1046 3590 si
1079 3529 1404 3611 parvulus,
1430 3528 1534 3610 pie
1565 3529 1951 3592 credendum
1992 3539 2089 3593 est
2122 3531 2292 3612 quod

794 3628 1089 3710 suppleat
1116 3645 1407 3690 summus
1438 3627 1761 3701 SacerdOS,
1796 3629 1905 3710 qui
1942 3636 2156 3691 tamen
2186 3645 2293 3691 vo-

795 3727 914 3788 luit
962 3743 1077 3790 nos
1125 3725 1341 3808 aliquo
1390 3726 1575 3789 modo
1622 3745 1761 3790 esse
1812 3727 1889 3789 de
1938 3735 2154 3790 nostra
2201 3746 2295 3788 sa-

796 3826 927 3888 lute
964 3824 1260 3899 16661163,
1294 3825 1369 3886 ad
1411 3824 1880 3887 humiliandum
1922 3824 2290 3908 superbiam

794 3930 1099 3998 nostram,
1160 3930 1223 3985 et
1283 3923 1361 3985 ad
1422 3923 1827 3985 excitandum
1891 3923 2292 4004 diligentiam

794 4029 1096 4086 nostram.

873 4123 1178 4185 Praeterea
1206 4119 1259 4182 si
1292 4128 1631 4203 quaeratur,
1664 4139 1742 4182 an
1776 4121 1854 4184 ad
1893 4120 2290 4205 Baptismum

2405 3151 2552 3194 cum
2613 3132 3032 3194 determinata
3091 3132 3299 3195 forma
3358 3141 3550 3216 atque
3613 3134 3901 3208 materia,

2403 3248 2530 3292 non
2577 3231 2783 3294 solum
2829 3231 2906 3293 ad
2952 3233 3472 3313 consequendum
3521 3233 3904 3295 sacramenti

2403 3328 2728 3402 effectum,
2763 3329 2873 3391 sed
2915 3328 3108 3391 etiam
3149 3330 3225 3392 ad
3265 3331 3644 3392 sacramenti
3689 3349 3906 3414 perce-

2404 3427 2709 3510 ptionem.

2483 3527 2618 3590 Non
2665 3535 2880 3590 autem
2924 3527 3275 3610 requiritur
3311 3536 3482 3592 recta
3519 3529 3902 3612 baptizantis

2403 3626 2690 3689 intentio.
2715 3626 2965 3689 Etenim
2998 3634 3242 3689 rectum
3273 3634 3371 3690 est
3399 3627 3584 3709 cujus
3615 3628 3900 3692 medium

2401 3743 2530 3788 non
2560 3725 2883 3807 egreditur
2919 3725 3000 3786 ab
3039 3725 3359 3790 extremis.
3393 3727 3755 3809 Baptismus
3793 3747 3902 3790 au-

2401 3831 2531 3885 tem
2589 3831 2686 3886 est
2742 3840 2870 3905 quo
2919 3823 3237 3886 mediante
3293 3824 3646 3907 acquiritur
3693 3825 3900 3908 bapti·

2403 3922 2620 3984 smalis
2649 3921 2922 3984 effectus
2954 3922 3018 3984 in
3058 3922 3271 3986 anima
3301 3921 3620 4005 baptizati.
3657 3924 3900 3988 idcirco

2401 4029 2554 4083 tunc
2586 4027 2758 4083 recta
2795 4027 2890 4082 est
2928 4019 3197 4083 intentio
3235 4020 3616 4103 baptizantis
3645 4041 3758 4084 seu
3789 4021 3898 4086 ba-

2403 4119 2641 4202 ptizati,
2676 4120 2829 4182 dum
2873 4119 3125 4182 ordinat
3167 4127 3635 4183 sacramentum
3677 4122 3756 4183 ad
3799 4141 3898 4184 sa·

794 4220 1151 4282 necessaria
1197 4219 1280 4281 sit
1327 4226 1498 4280 recta
1548 4218 1813 4283 intentio
1864 4237 1879 4282 ε
1931 4228 1995 4282 61
2041 4221 2294 4284 videtur
2322 4220 2373 4281 D
2403 4219 2710 4281 eramenti
2757 4217 3088 4292 effectum,
3121 4219 3230 4301 qui
3275 4225 3372 4282 est
3415 4219 3603 4282 salus.
3641 4220 3704 4283 Si
3745 4238 3899 4303 ergo

793 4317 964 4400 quod
1007 4317 1159 4390 imo,
1206 4317 1509 4398 quoniam
1559 4316 1725 4378 sicut
1769 4318 1847 4380 ad
1895 4319 2292 4400 Baptismum

795 4415 1142 4499 requiritur
1201 4416 1491 4490 intenti0,
1544 4415 1629 4478 ita
1686 4417 1763 4478 ad
1812 4435 2037 4479 verum
2083 4418 2293 4501 Bapti-

794 4534 1005 4580 smum
1048 4533 1199 4577 vera
1240 4522 1305 4577 et
1352 4522 1523 4577 recta
1567 4513 1834 4578 intentio
1858 4533 1874 4594 ;
1908 4518 2293 4599 responden-

794 4615 965 4689 dum,
980 4614 1148 4697 quod
1182 4613 1449 4676 intentio
1480 4611 1644 4676 idem
1674 4620 1769 4676 est
1800 4615 1967 4697 quod
1998 4615 2291 4680 voluntas

794 4711 1096 4794 regulata,
1148 4719 1340 4794 prout
1386 4711 1452 4772 in
1500 4710 1700 4774 finem
1750 4711 2063 4794 dirigitur.
2118 4713 2290 4777 Finis

792 4829 945 4875 vero
972 4817 1069 4874 est
1097 4810 1335 4892 duplex
1361 4827 1375 4871 :
1400 4829 1589 4884 unus,
1621 4810 1731 4892 qui
1761 4818 1859 4873 est
1889 4811 1979 4874 rei
2011 4812 2291 4894 comple—

795 4918 1082 4974 mentum
1132 4928 1245 4972 366
1292 4909 1642 4988 terminus3
1672 4910 1852 4985 alter,
1894 4910 2003 4992 qui
2052 4919 2149 4973 est
2197 4913 2289 4975 rei

794 5010 1053 5073 utilitas.
1088 5008 1190 5072 Sic
1235 5009 1301 5070 in
1343 5008 1666 5091 Baptismo
1712 5009 1960 5092 primus
2004 5009 2158 5072 finis
2197 5017 2294 5073 est

796 5109 948 5171 unio
978 5107 1157 5171 verbi
1188 5113 1252 5168 et
1279 5105 1617 5185 elementi3
1650 5108 1967 5170 secundus
2009 5105 2160 5170 finis
2197 5116 2294 5171 est

793 5206 1042 5269 fructus
1084 5225 1199 5270 seu
1240 5204 1483 5267 utilitas
1526 5224 1603 5266 ex
1639 5204 1963 5287 Baptismo
2002 5207 2294 5288 proveni-

798 5324 911 5370 ens
940 5305 1258 5387 baptizato
1286 5321 1398 5366 seu
1429 5302 1793 5386 baptizanti.
1816 5303 1993 5366 Sicut
2021 5305 2166 5386 quis
2199 5304 2290 5367 fa-

2400 4317 2565 4380 adsit
2604 4317 2872 4380 intentio
2913 4317 2978 4378 in
3022 4316 3402 4400 baptizante,
3436 4319 3590 4401 quia
3625 4319 3901 4384 intendit

2401 4424 2869 4480 sacramentum
2917 4414 3229 4491 conferre,
3270 4417 3381 4479 sed
3429 4416 3596 4480 desit
3640 4419 3900 4482 rectitu-

2401 4519 2502 4593 do,
2537 4517 2839 4600 quoniam
2883 4517 3131 4579 ordinat
3179 4524 3647 4580 sacramentum
3690 4519 3769 4582 ad
3816 4519 3897 4582 fi-

2401 4635 2548 4680 nem
2609 4616 2998 4695 indebitum3
3049 4633 3176 4678 non
3235 4616 3586 4698 impeditur
3634 4618 3718 4681 ob
3773 4619 3898 4682 1166

2402 4717 2729 4798 perceptio
2765 4715 3143 4778 sacramenti
3191 4715 3254 4777 in
3299 4716 3710 4799 suscipiente,
3743 4719 3898 4800 quia

2400 4815 2477 4876 ad
2521 4814 2642 4877 hoc
2685 4813 2889 4877 fertur
2926 4813 3195 4877 intentio
3237 4813 3652 4897 baptizantis3
3685 4835 3896 4898 neque

2400 4911 2670 4975 effectus
2705 4912 3105 4987 sacramenti,
3139 4912 3290 4994 quia
3329 4912 3594 4976 interior
3632 4915 3898 4977 munda-

2401 5010 2489 5072 tio
2531 5029 2567 5072 a
2618 5011 2910 5074 ministro
2949 5029 3076 5074 non
3120 5018 3215 5074 631
3257 5029 3272 5074 :
3316 5011 3466 5075 hinc
3503 5013 3645 5094 ejus
3693 5014 3898 5077 inten-

2399 5109 2490 5171 tio
2518 5110 2595 5172 ad
2624 5109 2744 5172 hoc
2785 5110 2948 5172 nihil
2989 5110 3160 5173 facit.
3194 5111 3257 5174 Si
3289 5129 3442 5174 vero
3481 5112 3547 5174 in
3577 5112 3898 5196 baptizato

2400 5207 2483 5270 sit
2521 5208 2790 5272 intentio
2829 5209 3224 5292 percipiendi
3259 5220 3750 5290 sacramentum,
3783 5215 3898 5278 sed

2401 5305 2566 5369 desit
2584 5308 2898 5372 rectitudo
2929 5309 3319 5385 16166116613,
3343 5311 3572 5394 recipit
3599 5313 3772 5396 quod
3802 5314 3898 5380 in-
