4267 6250
847 460 968 527 444
1755 478 1933 527 unm
1971 480 2034 527 tv
2073 478 2559 527 smum-unuin.
2599 497 2680 509 --
2718 478 2873 525 msr.
2914 479 3044 525 xvn

849 657 1181 740 omnibus,
1220 677 1354 724 non
1389 658 1595 723 alium
1642 658 1946 723 statuatis
1991 656 2327 738 nuntium,
2367 655 2483 739 qui
2520 675 2639 739 pro
2683 656 2873 722 vobis
2911 658 3141 723 offerat
3178 674 3423 721 munus
3462 656 3605 721 Deo
3642 673 3681 719 a
3715 652 3953 737 Moyse

848 775 1204 858 statutum3
1245 777 1361 841 sed
1410 777 1526 858 qui
1567 794 1684 858 per
1723 792 1843 839 vos
1884 775 2229 856 peccastis,
2274 792 2391 857 per
2432 791 2554 838 vos
2592 774 3015 839 erubescatis.
3062 774 3531 839 Erubescentia
3574 773 3753 837 enim
3800 772 3953 855 ipsa

844 893 1098 973 partem
1145 892 1342 957 habet
1375 892 1808 958 remissionis.
1849 892 1953 955 Ex
2002 891 2453 955 misericordia
2496 891 2674 955 enim
2721 892 2849 955 hoc
2888 890 3201 973 praecepit
3239 890 3593 971 DominuS,
3632 891 3709 953 ut
3749 906 3953 953 nemo

841 1010 1186 1110 poeniteret
1223 1011 1292 1073 in
1329 1010 1608 1074 occulto.
1649 1009 1728 1072 In
1765 1009 1891 1072 hoc
1929 1008 2106 1072 enim
2154 1008 2331 1089 quod
2371 1025 2489 1089 per
2529 1024 2601 1071 se
2638 1009 2859 1090 ipsum
2896 1008 3059 1071 dicit
3092 1008 3415 1072 sacerdoti
3458 1008 3522 1072 et
3564 1004 3956 1071 erubescen-

843 1126 1004 1188 tiam
1052 1127 1258 1190 vincit
1304 1127 1543 1189 timore
1591 1126 1846 1206 offensi,
1889 1126 1966 1189 fit
2009 1124 2205 1189 venia
2251 1124 2569 1188 criminis.
2615 1124 2725 1187 Fit
2772 1125 2949 1189 enim
2998 1124 3253 1188 veniale
3302 1140 3420 1205 per
3466 1122 3953 1188 confessionem

841 1242 1019 1322 quod
1057 1242 1394 1307 criminale
1431 1244 1568 1306 erat
1605 1242 1675 1305 in
1713 1241 2126 1324 operatione3
2160 1242 2225 1304 et
2256 1241 2313 1304 si
2342 1258 2477 1303 non
2504 1241 2727 1305 statim
2768 1242 3104 1323 purgatur,
3137 1240 3213 1305 fit
3238 1242 3460 1304 tamen
3487 1238 3743 1303 veniale
3768 1240 3953 1320 quod

843 1359 1264 1421 commiserat
1301 1358 1596 1422 mortale.
1631 1358 1914 1421 Multum
1946 1357 2121 1420 enim
2152 1356 2621 1421 satisfactionis
2650 1355 2891 1421 obtulit
2926 1357 3041 1438 qui
3077 1356 3543 1421 erubescentiae
3571 1354 3949 1437 dominans,

841 1474 1009 1537 nihil
1051 1491 1282 1540 eorum
1317 1492 1467 1557 quae
1499 1474 1854 1554 commisit,
1886 1473 2119 1538 nuntio
2149 1474 2274 1538 Dei
2311 1473 2595 1554 negavit.
2623 1474 2805 1547 Deus
2833 1473 3035 1553 enim,
3065 1473 3183 1555 qui
3216 1446 3591 1538 misericors
3628 1472 3695 1535 et
3721 1471 3953 1552 justus

841 1591 964 1671 est,
1004 1590 1177 1654 sicut
1224 1592 1443 1655 servat
1489 1571 2008 1655 misericordiam
2059 1590 2129 1652 in
2169 1590 2455 1670 justitia,
2500 1590 2594 1653 ita
2639 1591 2705 1654 et
2745 1590 3075 1670 jnstitiam
3121 1590 3191 1653 in
3240 1589 3710 1654 misericordia.
3756 1588 3951 1671 Opus

839 1707 1016 1771 enim
1054 1707 1520 1771 misericordiae
1557 1708 1680 1788 est,
1711 1708 2006 1788 peccanti
2043 1706 2310 1788 peccata
2344 1706 2709 1789 dimittere3
2748 1707 2865 1771 sed
2902 1707 3160 1789 oportet
3194 1708 3270 1770 ut
3296 1705 3521 1787 justus
3557 1706 3951 1769 misereatur

830 1822 1032 1903 juste.
1065 1822 1450 1887 Considerat
1487 1823 1687 1902 enim,
1723 1823 1780 1887 si
1818 1822 2058 1905 dignus
2095 1824 2218 1903 est,
2250 1840 2381 1886 non
2420 1823 2567 1886 dico
2599 1822 2884 1903 justitia,
2918 1822 3035 1887 sed
3070 1823 3136 1886 et
3172 1821 3643 1886 misericordia.
3674 1821 3951 1885 Justitia

837 1940 1015 2003 enim
1045 1939 1188 2004 sola
1221 1940 1527 2022 damnat;
1559 1941 1676 2004 sed
1711 1940 1951 2022 dignus
1988 1941 2088 2004 est
2118 1939 2567 2004 misericordia
2595 1940 2708 2021 qui
2748 1938 3076 2021 spirituali
3115 1938 3334 2002 labore
3372 1938 3611 2019 quaerit
3636 1938 3943 2018 gratiam.

835 2054 1120 2119 Laborat
1169 2056 1345 2119 enim
1397 2074 1585 2121 mens
1644 2056 1951 2139 patiendo
2009 2056 2570 2137 erubescentiam3
2622 2057 2688 2120 et
2737 2056 3052 2137 quoniam
3104 2054 3496 2119 verecundia
3551 2070 3789 2135 magna
3842 2056 3950 2118 est

835 2190 1051 2254 poena,
1092 2172 1207 2253 qui
1255 2171 1580 2236 erubescit
1623 2190 1742 2254 pro
1785 2171 2069 2251 Christ0‚
2112 2172 2190 2237 fit
2232 2172 2473 2253 dignus
2518 2172 2990 2237 misericordia.
3024 2171 3214 2237 Unde
3259 2170 3461 2252 patet,
3502 2170 3659 2251 quia
3694 2171 3944 2251 quanto

835 2286 1138 2369 pluribus
1166 2286 1583 2351 confitebitur
1619 2288 1688 2350 in
1724 2305 1840 2369 spe
1878 2288 2086 2353 veniae
2117 2288 2595 2369 turpitudinem
2632 2287 2954 2367 criminis,
2987 2286 3169 2350 tanto
3210 2285 3470 2349 facilius
3507 2286 3949 2366 consequetur

837 2403 1116 2484 gratiam
1153 2403 1584 2467 remissionis.
1618 2403 1753 2485 Ipsi
1797 2404 1975 2467 enim
2019 2404 2391 2469 sacerdotes
2430 2404 2583 2485 plus
2614 2403 2755 2484 jam
2793 2403 3075 2485 possunt
3100 2402 3415 2484 proficere
3453 2402 3519 2464 et
3552 2400 3705 2482 plus
3741 2396 3948 2464 confi-

567 2536 628 2609 ρο
651 2534 810 2580 rann.
838 2519 1128 2583 tentibus
1164 2536 1448 2601 parcere.
1483 2520 1652 2583 Item
1687 2520 1823 2583 Leo
1860 2520 2042 2601 Papa
2073 2540 2088 2581 ε
2122 2520 2443 2594 Quamvis
2482 2519 2825 2601 plenitudo
2862 2513 3014 2582 fidei
3054 2518 3355 2581 videatur
3390 2534 3532 2581 esse
3563 2515 3943 2597 laudabiliS,

541 2599 984 2717 d·.t.1.e.s⁹.quae
1031 2636 1298 2717 propter
1341 2636 1466 2699 Dei
1514 2636 1818 2699 timorem
1859 2636 2033 2717 apud
2071 2636 2375 2700 homines
2420 2635 2799 2700 erubescere
2836 2651 2969 2697 non
3010 2635 3308 2716 veretur3
3342 2635 3563 2697 tamen
3604 2632 3761 2715 quia
3806 2650 3945 2696 non

835 2752 1133 2815 omnium
1186 2752 1342 2815 sunt
1390 2752 1850 2833 hujuscemodi
1898 2754 2187 2834 peccata,
2230 2754 2305 2815 ut
2351 2768 2426 2815 ea
2476 2752 2590 2833 qui
2638 2752 3093 2833 poenitentiam
3138 2752 3442 2833 poscunt,
3480 2768 3613 2814 non
3665 2750 3948 2814 timeant

833 2867 1189 2949 publicare,
1242 2869 1658 2933 removeatur
1707 2868 2162 2950 improbabilis
2212 2868 2642 2948 consuetudO,
2692 2886 2774 2932 ne
2828 2868 3024 2931 multi
3080 2885 3119 2930 a
3172 2867 3575 2949 poenitentiae
3630 2866 3947 2931 remediis

833 2984 1194 3063 arceantur,
1230 2985 1389 3048 dum
1432 2986 1549 3048 aut
1584 2984 1999 3064 erubescunt,
2047 2987 2163 3047 aut
2204 2985 2441 3048 timent
2483 2984 2772 3049 inimicis
2808 3002 2930 3048 sua
2970 2984 3139 3048 facta
3176 3000 3463 3049 reserare
3505 2984 3752 3065 quibus
3786 3000 3948 3065 pos-

833 3100 989 3164 sunt
1016 3098 1238 3181 legum
1274 3100 1540 3181 percelli
1579 3099 2068 3164 constitutione.
2101 3098 2354 3164 Sufficit
2383 3101 2558 3164 enim
2601 3099 2952 3182 confessio,
2984 3117 3133 3182 quae
3169 3100 3461 3181 primum
3489 3099 3630 3164 Deo
3669 3099 3946 3164 offertur

833 3219 898 3280 et
939 3218 1094 3280 tunc
1132 3217 1328 3280 etiam
1373 3217 1717 3298 sacerdoti,
1762 3217 1876 3298 qui
1923 3235 2042 3298 pro
2090 3216 2349 3281 delictis
2394 3218 2857 3299 poenitentium
2894 3218 3191 3298 precator
3228 3217 3497 3280 accedit.
3538 3216 3723 3279 Tunc
3760 3216 3945 3280 enim

831 3333 1056 3416 plures
1091 3334 1173 3396 ad
1219 3334 1674 3416 poenitentiam
1723 3335 2034 3416 poterunt
2080 3333 2447 3416 provocari,
2494 3335 2551 3396 si
2600 3334 2830 3415 populi
2876 3333 3147 3397 auribus
3197 3349 3331 3396 non
3376 3331 3750 3414 publicet-ur
3787 3349 3949 3396 con·

832 3449 1106 3513 scientia
1161 3444 1554 3513 confitentis.
1611 3483 1690 3496 —
1735 3449 1837 3512 Ex
1880 3449 1986 3513 his
2026 3449 2307 3530 aliisque
2353 3449 2657 3530 pluribus
2706 3447 3153 3513 indubitanter
3196 3448 3586 3529 ostenditur,
3640 3449 3947 3529 oportere

831 3565 972 3629 Deo
1027 3567 1318 3648 primum
1376 3566 1441 3629 et
1491 3566 1726 3630 deinde
1773 3566 2095 3630 sacerdoti
2143 3565 2362 3630 offerri
2411 3565 2917 3646 confessionem,
2968 3582 3089 3630 nec
3134 3566 3326 3630 aliter
3368 3582 3564 3647 posse
3609 3565 3947 3647 perveniri

832 3683 915 3745 ad
961 3683 1334 3764 ingressum
1380 3683 1690 3764 paradisi,
1733 3683 1792 3747 si
1838 3683 2011 3748 adsit
2057 3683 2355 3747 facultas.

1193 3979 1271 4042 E.
1319 3981 1420 4042 De
1465 3980 1685 4042 tertio
1734 3980 2084 4054 articam,
2124 3980 2408 4043 scilicet
2451 3995 2555 4043 an
2598 3979 2909 4053 sufficiat
2953 3978 3289 4051 confiteri
3336 3980 3551 4041 laico.

963 4249 1156 4313 Nunc
1205 4247 1593 4330 priusquam
1640 4247 2006 4327 praemissis
2051 4244 2576 4326 auctoritatibus,
2617 4263 2766 4328 quae
2819 4246 2927 4310 his
2978 4246 3417 4311 contradicere
3464 4246 3795 4328 videntur,
3843 4266 3947 4312 re-

829 4365 1298 4447 spondeamuS,
1339 4362 1602 4426 tertiam
1649 4362 2086 4444 quaestionem
2122 4363 2519 4427 intueamur.
2562 4362 2753 4436 Quod
2790 4363 2970 4427 enim
3006 4363 3295 4427 secunda
3329 4363 3609 4445 quaestio
3648 4364 3947 4428 contine-

828 4480 963 4559 bat,
1004 4478 1255 4542 scilicet
1293 4495 1378 4540 an
1423 4476 1568 4542 sine
1614 4477 2027 4542 confessione
2070 4481 2136 4542 et
2175 4479 2429 4560 judicio
2470 4478 2851 4559 sacerdotis,
2892 4478 3019 4542 soli
3064 4479 3205 4542 Deo
3248 4474 3543 4543 confiteri
3587 4478 3941 4561 sufficeret,

831 4594 1213 4676 expeditum
1243 4593 1345 4658 est
1379 4594 1447 4656 et
1482 4588 1910 4656 certificatum
1951 4593 2317 4674 praemissis
2353 4594 2776 4674 testimoniis,
2809 4593 2989 4675 quod
3026 4610 3157 4657 non
3194 4592 3436 4658 sufficit
3462 4594 3759 4659 confiteri
3798 4595 3943 4659 Deo

828 4711 971 4776 sine
1003 4711 1375 4792 sacerdote;
1414 4726 1535 4774 nec
1573 4711 1673 4773 est
1699 4726 1852 4774 vere
1888 4709 2165 4772 humilis
2201 4710 2267 4772 et
2300 4710 2650 4791 poenitens,
2682 4710 2742 4773 si
2778 4727 2911 4772 non
2948 4710 3275 4774 desiderat
3309 4711 3376 4773 et
3411 4710 3689 4791 requirit
3723 4727 3947 4776 sacer-

827 4829 1003 4894 dotis
1042 4827 1392 4909 Judicium.
1443 4825 1574 4890 Sed
1618 4826 1942 4907 numquid
1989 4843 2176 4907 aeque
2217 4826 2393 4889 valet
2436 4825 2634 4889 alicui
2682 4821 2977 4890 confiteri
3026 4826 3232 4905 soci0,
3278 4826 3382 4890 vel
3429 4827 3735 4908 proximo
3788 4845 3940 4910 su0,

826 4945 1062 5010 saltem
1111 4960 1318 5025 quum
1364 4943 1550 5007 deest
1600 4941 1903 5006 sacerdos
1930 4941 1962 5005 ἱ)
2020 4943 2189 5006 Sane
2245 4942 2329 5005 ad
2382 4941 2509 5004 hoc
2562 4942 2781 5023 potest
2829 4942 2985 5023 dici,
3030 4943 3208 5023 quod
3256 4943 3615 5009 sacerdotis
3659 4963 3941 5011 examen

827 5060 1290 5141 requirendum
1322 5061 1423 5122 est
1458 5058 1777 5137 studiose,
1809 5059 1967 5140 quia
1993 5057 2443 5122 sacerdotibus
2471 5058 2795 5122 concessit
2826 5059 3008 5122 Deus
3034 5061 3429 5141 potestatem
3466 5061 3711 5142 ligandi
3740 5064 3939 5144 atque

827 5175 1150 5239 solvendi.
1195 5176 1280 5240 Et
1316 5176 1465 5239 ideo
1504 5175 1747 5257 quibus
1789 5175 1916 5256 ipsi
1955 5175 2323 5255 dimittunt,
2357 5176 2421 5238 et
2458 5173 2640 5238 Deus
2686 5174 2985 5237 dimittit.
3032 5175 3102 5239 Si
3144 5176 3367 5240 tamen
3403 5176 3690 5241 defuerit
3730 5195 3941 5242 sacer-

827 5291 971 5368 doS‚
997 5291 1302 5372 proximo
1329 5291 1434 5355 vel
1459 5289 1640 5354 socio
1670 5291 1770 5354 est
1807 5289 2103 5355 facienda
2131 5289 2480 5355 confessio.
2514 5288 2645 5354 Sed
2682 5290 2863 5354 curet
2891 5291 3171 5372 quisque
3204 5292 3611 5357 sacerdotem
3640 5311 3933 5376 quaerere
