4267 6250
425 2950 645 3001 henam
654 2953 693 2996 5.

726 475 847 541 598

1348 494 1413 541 m
1451 494 1674 541 LIBRUM
1716 494 1777 541 1v
1819 492 2302 541 SENTENTIARUR.
2345 510 2427 523 —-
2465 493 2620 541 msr.
2659 494 2854 557 111113
2899 494 3123 550 QuAEsT.
3165 494 3209 539 11

728 665 849 729 nis,
882 664 1192 728 Medicina
1230 683 1381 728 vero
1418 664 1749 729 ordinatur
1784 664 1862 727 ad
1903 662 2225 745 depellen-
2256 663 2307 726 A
2338 662 2780 745 poenitentiam
2828 670 3083 727 tenetur
3132 663 3436 745 implere3
3468 680 3587 725 nec
3625 661 3834 744 quoad

729 765 883 826 dum
950 763 1417 838 infirmitatem,
1478 764 1697 845 sicque
1756 768 2224 825 sacramentum

726 863 847 925 hoc
878 870 975 925 est
1013 862 1453 945 principaliter
1490 862 1853 925 institutum
1893 862 1971 923 ad
2004 880 2226 923 sanan-

727 961 882 1023 dum
915 960 1355 1024 infirmitatem
1388 960 1655 1043 peccati,
1678 967 1902 1042 estque
1932 959 2228 1041 spiritua-

728 1059 806 1121 lis
840 1060 1111 1134 medela,
1145 1066 1209 1123 et
1236 1060 1675 1142 praesupponit
1703 1057 2103 1141 spiritualem
2135 1058 2228 1121 vi-

727 1164 856 1219 tam
894 1157 960 1220 in
999 1176 1075 1221 eo
1116 1158 1219 1220 cui
1262 1157 1638 1239 applicatur.
1673 1158 1834 1219 Hinc
1876 1174 2003 1219 non
2045 1156 2230 1217 datur

728 1264 949 1319 contra
977 1256 1283 1337 originale
1313 1264 1378 1318 et
1406 1256 1673 1319 mortale
1708 1246 2062 1337 peccatum,
2086 1272 2228 1336 quae

729 1354 925 1417 vitam
956 1355 1355 1437 spiritualem
1395 1354 1828 1436 exstinguunt,
1862 1353 1971 1415 sed
2010 1360 2230 1414 contra

729 1452 1018 1516 defectus
1067 1452 1301 1535 quibus
1348 1453 1541 1516 homo
1588 1452 2005 1534 spiritualiter
2052 1450 2230 1512 inl'ir-

731 1558 960 1625 matur,
996 1552 1081 1613 ita
1119 1552 1289 1633 quod
1336 1568 1464 1613 non
1506 1550 1698 1613 habet
1740 1549 2096 1632 perfectum
2141 1548 2231 1610 vi-

726 1669 947 1732 gorem
982 1650 1062 1713 ad
1102 1658 1279 1713 actus
1317 1650 1535 1731 gratiae
1574 1657 1639 1711 et
1675 1648 1891 1729 gloriae
1931 1665 2228 1709 exercen-

728 1750 859 1812 dos.
916 1750 1032 1812 Hic
1089 1766 1344 1831 quoque
1403 1747 1690 1811 defectus
1748 1746 1841 1808 nil
1898 1746 2073 1809 aliud
2130 1754 2228 1808 est

2337 761 2638 843 reliquias
2670 762 2896 844 culpae,
2919 762 3071 845 quia
3097 762 3304 825 adhuc
3336 768 3597 824 manent
3622 760 3834 843 dispo-

2337 859 2599 923 sitiones
2638 860 2764 923 illae
2793 880 2872 923 ex
2909 859 3158 923 actibus
3195 858 3704 943 praecedentibus
3743 877 3838 921 re-

2339 957 2526 1031 lictae,
2560 966 2630 1019 ut
2659 966 2802 1040 post
2831 959 3405 1021 convalescentiam
3435 964 3609 1040 patet
3639 976 3654 1019 :
3687 973 3838 1038 ergo

2339 1074 2453 1138 per
2491 1056 2854 1119 Extremam
2893 1057 3268 1120 Unctionem
3311 1057 3490 1120 nullo
3530 1057 3719 1119 modo
3761 1055 3841 1118 rit

2340 1163 2746 1238 peccatorum
2791 1156 3102 1219 remissio.
3136 1192 3217 1202 —
3245 1154 3622 1227 Dicendum,
3669 1155 3839 1237 quod

2339 1254 2564 1316 Unctio
2603 1254 2900 1317 Extrema
2942 1262 3251 1335 quantum
3290 1254 3370 1316 ad
3408 1251 3530 1316 tria
3568 1252 3699 1327 illa,
3731 1252 3842 1315 ali·

2340 1369 2465 1433 quo
2535 1353 2722 1415 modo
2790 1352 3056 1415 remittit
3123 1360 3476 1434 peccatum.
3539 1351 3840 1426 Quamvis

2340 1451 2513 1513 enim
2571 1452 2760 1533 culpa
2818 1460 3128 1533 quantum
3187 1452 3264 1514 ad
3325 1450 3639 1514 maculam
3699 1450 3838 1513 sine

2339 1549 2718 1613 contritione
2750 1568 2877 1613 non
2908 1550 3214 1624 deleatur,
3239 1557 3451 1612 tamen
3481 1550 3602 1611 hoc
3633 1567 3837 1611 sacra-

2339 1654 2625 1711 mentum
2670 1667 2783 1730 per
2811 1649 3075 1729 gratiam
3116 1667 3308 1730 quam
3349 1646 3652 1721 infundit,
3683 1646 3838 1709 facit

2340 1746 2510 1827 quod
2541 1754 2753 1809 motus
2783 1746 2892 1809 ille
2932 1745 3117 1809 liberi
3155 1745 3406 1809 arbitrii
3442 1754 3661 1809 contra
3691 1764 3837 1827 pec·

726 1867 920 1931 quam
966 1848 1253 1930 quaedam
1296 1846 1653 1929 ineptitudo
1694 1852 1886 1928 atque
1931 1842 2225 1907 debilitas
2265 1839 2312 1902 B
2341 1852 2553 1906 catum
2586 1844 2671 1906 sit
2699 1845 3015 1908 contritio.
3049 1846 3313 1908 Beatum
3345 1863 3600 1928 quoque
3631 1863 3838 1927 poenae

724 1966 867 2029 quae
897 1947 962 2009 in
1006 1944 1188 2009 nobis
1229 1945 1611 2027 relinquitur
1650 1964 1729 2008 ex
1760 1950 2021 2027 peccato
2053 1950 2226 2006 actu-

723 2044 806 2108 ali
839 2044 940 2107 vel
971 2044 1264 2126 originali
1301 2061 1315 2105 :
1350 2052 1567 2105 contra
1597 2062 1789 2125 quam
1830 2041 2226 2105 debilitatem

724 2142 917 2206 homo
980 2160 1094 2224 per
1154 2147 1621 2204 sacramentum
1685 2140 1803 2203 hoc
1871 2138 2221 2203 roboratur.

724 2240 1061 2322 Quumque
1092 2240 1211 2302 hoc
1242 2238 1437 2301 robur
1465 2238 1656 2301 faciat
1684 2238 1899 2319 gratia,
1922 2257 2067 2319 quae
2097 2255 2224 2300 non

724 2337 1111 2420 compatitur
1140 2356 1359 2400 secum
1392 2346 1726 2420 peccatum
1762 2336 2048 2409 mortale,
2083 2335 2226 2398 ideo

724 2458 802 2501 ex
852 2437 1290 2519 consequenti,
1334 2437 1386 2499 si
1440 2435 1683 2498 invenit
1730 2441 2062 2518 peccatum
2110 2434 2222 2496 ali-

723 2537 892 2619 quod
938 2535 1205 2599 mortale
1246 2542 1357 2598 aut
1394 2534 1666 2609 veniale,
1710 2534 1919 2617 quoad
1964 2533 2222 2616 culpam

723 2635 892 2698 tollit
932 2636 1164 2718 ipsum,
1198 2635 1546 2697 dummodo
1587 2652 1715 2697 non
1749 2640 2021 2715 ponatur
2060 2633 2223 2695 obex

724 2753 802 2798 ex
846 2742 1023 2817 parte
1072 2733 1462 2816 recipientis.
1497 2734 1644 2796 ldeo
1686 2731 1957 2795 Jacobus
2006 2732 2085 2794 de
2132 2748 2226 2791 re-

725 2832 1029 2895 missione
1074 2832 1316 2914 peccati
1364 2830 1877 2893 conditionaliter
1918 2829 2220 2911 loquitur,

722 2931 941 2994 dicens
976 2948 991 2992 z
1027 2930 1090 2991 Si
1124 2929 1189 2991 in
1231 2928 1509 3011 peccatis
1547 2936 1664 3001 est,
1699 2927 2103 2989 dimittentur
2139 2926 2217 2989 ei.

2337 1942 2709 2025 temporalis
2759 1943 3086 2017 diminuit,
3119 1943 3230 2005 sed
3272 1961 3352 2005 ex
3396 1942 3834 2024 consequenti,

2339 2042 2406 2104 in
2446 2050 2754 2124 quantum
2799 2042 2965 2105 tollit
3002 2041 3394 2105 debilitatem
3431 2058 3445 2103 :
3480 2042 3631 2123 quia
3668 2060 3839 2103 eam-

2337 2141 2482 2203 dem
2514 2158 2770 2222 poenam
2803 2140 3007 2203 levius
3049 2147 3257 2223 portat
3283 2139 3466 2204 fortis
3504 2159 3696 2222 quam
3733 2139 3840 2202 de-

2337 2237 2505 2301 bilis.
2558 2240 2734 2302 Unde
2791 2257 2919 2302 non
2977 2246 3226 2321 oportet
3283 2247 3354 2300 ut
3410 2246 3668 2321 propter
3714 2237 3836 2300 hoc

2339 2337 2664 2399 minuatur
2693 2336 3146 2401 satisfactionis
3180 2355 3495 2400 mensura.
3529 2335 3836 2417 Reliquiae

2337 2453 2590 2518 quoque
2635 2435 2878 2517 peccati
2921 2455 3049 2500 non
3091 2443 3397 2499 vocantur
3425 2435 3530 2498 hic
3569 2434 3836 2517 disposi-

2335 2534 2541 2598 tiones
2573 2534 2808 2598 relictae
2838 2554 2915 2597 ex
2945 2535 3195 2598 actibus
3225 2554 3366 2618 quae
3401 2543 3551 2597 sunt
3579 2532 3833 2596 habitus

2337 2633 2638 2708 inchoati,
2673 2634 2782 2695 sed
2821 2635 3110 2716 quaedam
3151 2633 3502 2715 spiritualis
3537 2631 3833 2695 debilitas

2337 2732 2402 2793 in
2455 2740 2667 2794 mente
2715 2732 3028 2795 exsistens
3081 2750 3094 2793 :
3145 2751 3272 2814 qua
3319 2730 3588 2803 sublata,
3639 2730 3830 2793 etiam

2334 2829 2741 2893 manentibus
2786 2830 3312 2912 dispositionibus
3355 2849 3469 2893 seu
3508 2828 3833 2891 habitibus

2334 2929 2598 3003 eisdem,
2633 2946 2762 2991 non
2809 2936 3017 3011 potest
3059 2948 3240 2991 mens
3285 2929 3372 2991 ita
3415 2928 3710 2991 inclinari
3754 2928 3831 2991 ad

720 3030 879 3094 Nam
943 3029 1151 3111 quoad
1213 3028 1491 3109 culpam,
1554 3045 1681 3090 non
1744 3044 1998 3108 semper
2054 3025 2224 3088 delet
2259 3023 2302 3086 C
2335 3029 2732 3111 peccandum
2777 3036 2846 3090 ut
2887 3036 3052 3091 ante.

721 3135 1078 3211 peccatum,
1112 3126 1263 3208 quia
1294 3145 1420 3190 non
1462 3145 1715 3207 semper
1745 3125 2027 3202 invenit3
2062 3143 2224 3186 sem-

720 3245 838 3309 per
874 3243 1026 3289 vero
1070 3223 1339 3288 remittit
1378 3225 1586 3306 quoad
1626 3223 2019 3286 debilitatem
2067 3242 2221 3304 prae-

720 3325 979 3399 dictam,
1012 3343 1205 3406 quam
1253 3324 1516 3406 quidam
1559 3329 1787 3385 vocant
1834 3321 2079 3404 peccati
2128 3340 2222 3383 re-

720 3423 969 3506 liquias.
1015 3458 1096 3467 -
1139 3420 1406 3495 Quidam
1455 3439 1607 3484 vero
1650 3419 1997 3494 affirmant,
2049 3420 2220 3502 quod

722 3521 1161 3604 principaliter
1192 3519 1275 3582 sit
1316 3519 1681 3582 institutum
1722 3526 1941 3594 contra
1969 3518 2220 3581 veniale

721 3625 1076 3701 peccatum.
1112 3618 1287 3691 Quod
1330 3635 1456 3680 non
1497 3617 1751 3679 videtur
1789 3635 2036 3691 verum,
2070 3635 2222 3698 quo-

720 3718 892 3780 niam
923 3716 1296 3798 poenitentia
1326 3715 1723 3778 sufficienter
1753 3714 1919 3777 delet
1946 3715 2224 3778 'venialia

721 3815 786 3877 in
818 3814 945 3876 vita
976 3814 1095 3876 hac
1124 3813 1331 3895 quoad
1363 3813 1822 3895 culpam.Quod
1852 3820 2064 3875 autem
2098 3831 2224 3876 non

718 3918 982 3995 possunt
1010 3912 1230 3974 evitari
1263 3919 1405 3993 post
1432 3919 1747 3993 peractam
1777 3912 2222 3994 poenitentiam‚

719 4030 848 4075 non
896 4010 1105 4072 aufert
1152 4009 1531 4091 praecedenti
1594 4010 1985 4092 poenitentiae
2036 4029 2226 4072 suum

721 4108 1069 4188 effectum3
1102 4116 1165 4171 et
1197 4127 1437 4180 rursuS,
1473 4108 1591 4171 hoc
1634 4109 1913 4190 pertinet
1945 4109 2023 4171 ad
2055 4108 2229 4171 debi-

2413 3127 2877 3209 lnsuper‚sicut
2905 3128 3265 3210 Baptismus
3295 3147 3410 3210 per
3439 3126 3833 3210 corporalem

2329 3224 2722 3288 ablutionem
2753 3224 2907 3287 facit
2936 3225 3305 3288 interiorem
3335 3224 3834 3297 mundationem,

2332 3323 2418 3384 ita
2467 3323 2588 3385 hoc
2647 3330 3116 3385 sacramentum
3177 3341 3290 3404 per
3341 3323 3831 3386 medicationem

2333 3421 2714 3484 exteriorem
2771 3419 2926 3482 facit
2982 3419 3352 3484 interiorem
3411 3421 3826 3483 curationem.

2335 3519 2457 3582 Sed
2508 3520 2851 3602 corporalis
2903 3519 3146 3583 ablutio
3201 3520 3510 3602 Baptismi
3556 3521 3832 3584 naturali

2335 3618 2570 3682 virtute
2609 3619 3021 3700 corporaliter
3060 3626 3322 3701 purgat3
3354 3619 3490 3683 haec
3529 3637 3679 3683 vero
3719 3640 3832 3682 un-

2335 3717 2461 3780 ctio
2491 3716 2762 3779 naturali
2791 3717 3026 3780 virtute
3057 3735 3184 3780 non
3216 3726 3394 3780 sanat
3433 3736 3688 3800 corpuS,
3719 3719 3831 3782 sed

2336 3822 2644 3896 potestate
2690 3815 2928 3888 divina,
2962 3834 3114 3897 quae.
3148 3823 3444 3897 operatur
3487 3817 3830 3898 sapienter,

2335 3914 2687 3976 secundum
2720 3914 2888 3995 quod
2920 3913 3218 3996 expedit:
3248 3914 3392 3977 ideo
3422 3932 3548 3977 non
3580 3934 3836 3997 semper

2335 4020 2514 4074 sanat
2557 4030 2810 4094 corpuS,
2845 4013 2954 4075 sed
3005 4013 3260 4094 quando
3307 4013 3386 4075 ad
3434 4013 3834 4096 spiritualem

2336 4110 2670 4173 sanitatem
2711 4111 3057 4192 expediens
3096 4119 3211 4186 est,
3247 4111 3372 4174 nisi
3410 4132 3487 4174 ex
3525 4121 3702 4194 parte
3741 4132 3834 4175 re-

720 4208 966 4271 litatem
996 4205 1344 4289 praesatam.
1380 4205 1623 4268 Idcirco
1652 4204 2018 4282 dicendum,
2053 4208 2224 4288 quod
2255 4212 2305 4274 D
2337 4209 2636 4292 cipientis
2676 4210 2758 4271 sit
2797 4209 3084 4272 defectus
3127 4209 3226 4272 vel
3274 4210 3829 4292 impedimentum.

720 4303 1095 4388 principalis
1145 4303 1417 4365 effectus
1467 4305 1845 4366 sacramenti
1896 4305 2078 4367 istius
2128 4314 2226 4367 est

719 4404 1013 4468 remissio
1061 4409 1467 4485 peccatorum
1518 4403 1724 4484 quoad
1777 4402 2020 4484 peccati
2074 4404 2220 4466 reli-

720 4503 924 4585 quias,
963 4511 1027 4566 et
1073 4521 1151 4565 ex
1198 4501 1615 4583 consequenti
1664 4502 1856 4563 etiam
1906 4509 2217 4584 quantum

718 4602 796 4665 ad
841 4602 1120 4683 culpam,
1166 4600 1220 4663 si
1266 4599 1550 4662 inveniat
1590 4617 1751 4662 eam.

800 4700 862 4763 Si
914 4706 1129 4762 autem
1187 4698 1551 4780 objiciatur,
1602 4700 1770 4781 quod
1830 4699 1897 4761 in
1956 4708 2217 4781 peccato

719 4817 843 4862 non
891 4805 1040 4860 sunt
1080 4797 1205 4860 nisi
1249 4797 1382 4860 haec
1425 4799 1567 4872 tria,
1602 4799 1852 4862 macula
1897 4807 1961 4862 et
2004 4807 2216 4864 reatus

717 4916 921 4980 poenae
949 4915 1023 4958 ac
1062 4896 1306 4978 peccati
1349 4896 1670 4978 reliquiae3
1702 4898 1813 4960 sed
1856 4917 1969 4979 per
1998 4899 2212 4962 Extre-

716 5015 887 5059 mam
918 4995 1293 5058 Unctionem
1324 5013 1449 5058 non
1480 4995 1824 5057 remittitur
1855 4997 2104 5060 macula
2134 5001 2215 5061 si-

713 5115 795 5158 ne
825 5092 1227 5168 contritione,
1254 5112 1396 5175 quae
1426 5093 1617 5156 etiam
1649 5094 1787 5155 sine
1817 5094 1935 5158 hac
1966 5098 2211 5161 unctio-

704 5213 794 5276 ·ne
845 5192 1160 5256 maculam
1216 5191 1460 5272 aulert3
1509 5210 1628 5254 nec
1672 5194 1880 5275 quoad
1927 5213 2206 5276 poenam,

712 5292 1016 5375 quoniam
1046 5291 1100 5354 si
1132 5300 1361 5354 unctus
1398 5291 1817 5367 convalescat,
1853 5291 2205 5374 injunctam

2416 4309 2479 4371 Si
2522 4310 2783 4372 demum
2827 4316 3166 4391 quaeratur,
3200 4318 3415 4373 utrum
3466 4311 3587 4374 hoc
3631 4331 3836 4375 sacra-

2335 4415 2622 4470 mentum
2672 4408 3101 4470 characterem
3159 4408 3519 4491 imprimat;
3571 4429 3830 4492 respon-

2331 4506 2633 4579 dendum,
2667 4506 2838 4588 quod
2885 4506 3210 4568 character
3257 4525 3386 4568 non
3433 4508 3828 4589 imprimitur

2329 4605 2453 4667 nisi
2496 4604 2562 4666 in
2608 4604 2735 4667 illis
2779 4606 3192 4668 sacramentis
3236 4604 3471 4687 quihus
3513 4607 3705 4670 homo
3745 4609 3824 4670 ad
3855 4624 4141 4682 oppansa.

2328 4721 2579 4766 sacrum
2621 4703 2880 4785 aliquod
2920 4704 3278 4785 deputatur.
3313 4704 3443 4767 Hoc
3477 4712 3693 4768 autem
3732 4725 3825 4769 sa-

2327 4811 2723 4866 cramentum
2762 4812 2860 4866 est
2901 4804 2965 4866 in
3009 4804 3361 4867 remedium
3402 4813 3670 4881 tantum,
3705 4825 3824 4869 nec

2326 4921 2440 4984 per
2470 4903 2682 4985 ipsum
2723 4903 3064 4984 deputatur
3092 4902 3285 4966 homo
3323 4904 3401 4965 ad
3439 4902 3694 4986 aliquod
3727 4925 3823 4967 sa-

2324 5020 2505 5063 crum
2554 5001 2871 5081 agendum
2919 5008 3030 5063 aut
3087 5000 3567 5084 suscipiendum
3618 5020 3633 5064 :
3679 5002 3824 5066 ideo

2321 5097 2388 5159 in
2439 5099 2577 5179 ipso
2636 5115 2763 5160 non
2823 5098 3214 5180 imprimitur
3273 5099 3614 5163 character.
3665 5101 3821 5164 Rur-

2320 5216 2450 5270 suS,
2483 5197 2808 5260 character
2834 5197 2988 5260 facit
3025 5197 3502 5262 distinctionem
3537 5207 3820 5264 statuum
3849 5215 4139 5274 Gna-¹⁷⁶⁰·-

2318 5303 2625 5379 quantum
2652 5297 2729 5359 ad
2761 5315 2836 5360 ea
2866 5317 3008 5380 quae
3039 5297 3106 5360 in
3137 5297 3419 5362 Ecclesia
3449 5308 3598 5361 sunt
3633 5319 3820 5380 agen—
