4267 6250
94 1468 331 1517 trimma.

1467 509 1549 557 1>ss
1588 508 1999 560 conuertunt
2039 512 2362 561 mmm

3344 502 3460 572 531

361 681 491 747 tur,
524 675 697 737 sicut
724 682 791 739 et
818 674 957 757 ipse
986 674 1129 737 aliis
1158 675 1312 739 talia
1340 675 1548 739 debet.
1582 677 1731 741 Ideo
1758 677 1869 741 alii
1894 678 1949 743 A
1976 698 2119 761 quae
2158 688 2406 744 tantum
2445 682 2636 747 debet
2663 703 2802 749 esse
2838 686 2919 750 de
2959 686 3335 762 manifestiS,
3365 688 3470 753 vel

360 771 599 835 melius
629 773 876 847 dicunt,
908 774 1075 856 quod
1114 773 1283 837 sicut
1310 793 1387 837 ea
1417 794 1561 858 quae
1589 784 1741 839 sunt
1768 795 1869 841 ca-

358 870 571 934 ritatis
618 872 697 935 ad
749 872 1097 955 proximos,
1150 873 1445 955 praelatus
1504 874 1593 936 ita
1648 893 1869 955 gerere

358 968 556 1031 debet
593 970 673 1034 ad
710 969 1025 1043 subditos,
1058 978 1131 1033 ut
1158 990 1289 1035 suae
1328 988 1456 1034 non
1496 972 1867 1055 praejudicet

356 1068 751 1143 auctoritati,
792 1087 873 1131 ne
918 1068 1075 1131 dum
1116 1069 1389 1132 nimium
1431 1079 1721 1134 servatur
1752 1070 1871 1133 hu-

361 1164 627 1238 militaS,
670 1164 998 1247 frangatur
1046 1165 1303 1247 regendi
1350 1168 1731 1247 auctoritas3
1782 1168 1869 1231 ita

360 1263 685 1345 correptio
730 1264 807 1327 ad
859 1263 1151 1345 praelatos
1202 1263 1413 1327 taliter
1458 1264 1603 1327 l'ieri
1652 1264 1863 1339 debet,

362 1378 443 1423 ne
502 1359 749 1443 aliquid
808 1360 1220 1423 subtrahatur
1277 1363 1665 1425 reverentiae.
1722 1362 1865 1425 Pro—

364 1465 509 1540 pter
552 1458 721 1541 quod
768 1459 931 1520 dixit
972 1458 1313 1541 Apostolus
1352 1480 1367 1523 :
1409 1459 1737 1523 Seniorem
1774 1468 1864 1524 'ne

362 1556 823 1639 increpaveris,
873 1557 985 1620 sed
1032 1556 1295 1619 obsecra
1348 1566 1419 1620 ut
1466 1566 1733 1640 patrem.
1784 1594 1865 1604 —-

360 1656 507 1719 Haec
550 1654 842 1718 Thomas,

442 1754 560 1829 Qui
592 1762 1061 1837 consequenter
1090 1754 1193 1817 hic
1224 1754 1607 1829 sciscitatur,
1627 1773 1709 1817 au
1738 1754 1862 1817 fra·

1974 796 2091 860 per
2135 780 2518 844 evidentiam
2571 781 2743 857 facti,
2789 790 2899 847 aut
2945 804 3059 867 per
3108 792 3321 860 testeS,
3361 793 3472 850 aut

1974 894 2091 957 per
2135 877 2460 959 propriam
2509 879 2976 945 confessionem
3024 902 3038 947 :
3091 902 3232 966 quae
3279 883 3471 947 debet

1972 972 2117 1035 fieri
2167 974 2235 1036 in
2281 982 2521 1057 aperto,
2560 977 2640 1039 ad
2679 996 2874 1060 quam
2919 979 3128 1043 solum
3171 987 3470 1043 tenentur

1974 1070 2234 1152 praelati.
2269 1072 2412 1136 Haec
2453 1074 2782 1139 Hem-icus.

2055 1168 2232 1231 Unde
2277 1169 2546 1233 Thomas
2603 1172 2842 1255 aliique
2900 1176 3329 1255 communiter
3373 1176 3466 1239 di-

1972 1272 2148 1338 cunt,
2194 1266 2364 1348 quod
2410 1266 2690 1331 fraterna
2737 1272 3054 1354 correptio
3101 1290 3230 1335 uno
3279 1272 3468 1336 modo

1971 1369 2069 1424 est
2106 1372 2288 1426 actus
2335 1366 2616 1429 caritatis
2663 1386 2776 1431 seu
2825 1369 3016 1433 etiam
3069 1370 3320 1452 pietatis
3364 1370 3466 1433 vel

1974 1460 2446 1537 misericordiae,
2479 1472 2699 1547 utpote
2731 1465 3134 1550 eleemosyna
3171 1468 3468 1551 spiritua-

1972 1555 2073 1629 lis,
2104 1566 2170 1619 et
2197 1560 2288 1621 sic
2323 1568 2566 1642 spectat
2594 1563 2674 1625 ad
2707 1581 2948 1627 omnes.
2983 1565 3122 1628 Alio
3153 1566 3342 1629 modo
3369 1574 3468 1629 est

1968 1662 2149 1717 actus
2185 1656 2472 1737 justitiae,
2505 1668 2568 1721 et
2597 1660 2690 1724 sic
2729 1662 3005 1743 pertinet
3033 1663 3109 1725 ad
3149 1663 3462 1745 praelatoS‚

1971 1755 2081 1835 qui
2122 1755 2326 1820 nihilo
2369 1757 2581 1820 minus
2611 1777 2689 1820 ex
2729 1760 2964 1842 pietate
2995 1769 3060 1823 et
3088 1780 3167 1823 ex
3205 1762 3464 1825 caritate

360 1862 542 1915 terna
580 1861 647 1916 et
684 1861 927 1917 secreta
966 1853 1319 1917 admonitio
1358 1854 1715 1935 praecedere
1754 1854 1859 1916 de·
1898 1854 1945 1915 B
1971 1852 2205 1915 debent
2237 1857 2554 1938 corripere
2589 1874 2602 1919 :
2639 1858 2768 1920 imo
2799 1860 3232 1924 misericordia
3271 1861 3466 1923 maxi-

359 1951 471 2014 bet
518 1952 1069 2015 denuntiationem
1130 1951 1429 2015 Ecclesiae
1476 1951 1859 2026 faciendam,

358 2051 660 2114 similiter
690 2051 949 2114 testium
980 2050 1375 2130 inducti03et
1402 2052 1609 2133 qualis
1638 2052 1865 2115 debeat

361 2168 503 2213 esse
542 2150 861 2234 correptio
902 2150 1041 2233 ipsa
1078 2170 1149 2213 ac
1186 2150 1559 2225 admoniti0,
1587 2170 1671 2214 an
1704 2150 1865 2214 dura

362 2249 465 2311 vel
497 2248 733 2323 molliS,
764 2268 991 2331 aspera
1016 2267 1098 2312 an
1130 2256 1481 2313 mansueta.
1513 2248 1597 2311 De
1625 2248 1863 2331 quibus

322 2346 667 2420 ‚omnibus
710 2346 901 2410 etiam
947 2347 1013 2409 in
1062 2347 1344 2411 secunda
1390 2348 1685 2410 secundae
1736 2366 1865 2411 ma-

360 2446 710 2528 gistraliter
744 2444 989 2507 scribit.
1024 2446 1145 2509 Sed
1182 2446 1335 2528 quia
1364 2446 1443 2509 dc
1481 2445 1581 2508 his
1616 2446 1683 2508 in
1719 2444 1863 2509 aliis

364 2544 661 2627 pluribus
710 2543 867 2608 locis
920 2550 1112 2626 atque
1158 2543 1563 2607 sermonibus
1608 2544 1860 2626 scripsi,

362 2642 727 2725 specialiter
766 2642 834 2704 in
869 2641 1199 2724 opusculis
1232 2642 1311 2705 de
1340 2642 1671 2723 Regimine
1710 2661 1865 2725 prm-

366 2741 661 2815 latorum,
694 2740 773 2803 de
815 2740 957 2803 Vita
1003 2747 1067 2802 et
1114 2739 1425 2821 regimine
1472 2748 1859 2815 curatorum,

362 2840 441 2902 de
479 2838 623 2901 Vita
664 2846 730 2901 et
764 2838 1077 2920 regimine
1122 2837 1490 2920 primulum,
1522 2838 1863 2920 specialius

364 2955 515 3001 vero
562 2956 637 2999 ac
687 2936 948 3020 plenius
990 2936 1057 2999 in
1104 2935 1423 3018 spirituali
1471 2944 1740 3000 tractatu
1782 2938 1861 2999 de

360 3035 545 3098 Modo
570 3033 898 3115 judicandi
928 3042 994 3096 et
1020 3033 1435 3116 corripiendi3
1456 3033 1694 3098 idcirco
1724 3053 1863 3118 per-
1897 3038 1941 3101 C
1972 3042 2188 3098 utrum
2227 3038 2522 3101 sacerdos
2561 3038 2880 3120 corripere
2917 3037 3144 3103 debeat
3175 3040 3466 3107 subditos
3543 3067 3674 3123 qm.

363 3142 615 3197 transeo
646 3134 711 3196 in
742 3135 863 3197 hoc
894 3133 1056 3207 loco,
1089 3133 1239 3215 quia
1268 3152 1387 3196 nec
1418 3134 1694 3196 multum
1727 3153 1865 3216 per-

362 3234 523 3297 tinet
552 3234 632 3296 ad
662 3233 837 3296 hunc
868 3251 1147 3314 passum.
1180 3232 1439 3313 Propter
1466 3233 1635 3314 quod
1666 3233 1863 3296 Bona-

362 3341 635 3396 ventura
676 3338 741 3394 et
776 3329 886 3393 alii
925 3329 1187 3413 quidam
1224 3328 1389 3392 nihil
1425 3330 1531 3392 hic
1572 3330 1863 3394 scribunt

364 3430 442 3493 de
486 3430 646 3493 istis.

444 3530 713 3610 Insuper
740 3527 1049 3590 Henricus
1086 3526 1462 3601 Quodlibeto
1502 3526 1729 3610 quinto
1766 3547 1861 3590 re-

365 3627 689 3710 spondens
734 3626 815 3689 ad
860 3626 1051 3700 istud,
1084 3633 1299 3688 utrum
1344 3643 1567 3688 omnes
1606 3633 1863 3688 tenean-

363 3734 470 3788 tur
514 3725 593 3787 ad
644 3723 1111 3807 correptionem
1153 3723 1497 3786 fraternam
1542 3743 1557 3788 :
1601 3723 1665 3786 Si
1716 3723 1862 3806 quis

360 3823 631 3907 (inquit)
670 3823 867 3885 alium
908 3822 1137 3904 diligit,
1170 3821 1413 3885 bonum
1452 3820 1593 3902 ejus
1636 3822 1860 3903 satagit

362 3939 729 4006 procurare,
742 3921 895 4003 quia
922 3920 1277 3983 secundum
1308 3920 1704 4002 Gregorium,
1719 3938 1859 4002 pro-

360 4021 534 4084 batio
564 4019 925 4082 dilectionis
954 4026 1050 4082 est
1077 4018 1393 4082 exhibitio
1420 4019 1653 4101 operiS.
1680 4019 1859 4100 Ejus-

358 4120 507 4182 dem
542 4125 755 4180 autem
794 4116 1058 4180 rationis
1086 4124 1204 4190 est,
1236 4117 1477 4179 bonum
1516 4135 1857 4198 procurare

1974 1970 2075 2015 ma
2114 1960 2230 2027 est,
2262 1973 2389 2035 qua
2427 1956 2666 2018 malum
2709 1956 2914 2039 culpae
2945 1957 3232 2021 aufertur
3259 1979 3295 2022 a
3325 1978 3468 2042 pro-

1972 2051 2164 2114 ximo.
2197 2088 2278 2098 —-
2307 2054 2757 2118 Verumtamen
2795 2056 2963 2138 quod
3005 2058 3094 2120 ait
3135 2058 3466 2136 HenricuS,

1972 2152 2441 2232 correptionem
2509 2153 2966 2218 admonitionis
3029 2158 3470 2221 tantummodo

1972 2267 2111 2312 esse
2151 2250 2382 2315 debere
2420 2252 2500 2315 de
2533 2254 2812 2336 peccatis
2852 2254 3122 2318 occultis
3163 2264 3226 2319 et
3265 2256 3331 2319 in
3369 2276 3472 2320 oc-

1973 2346 2169 2422 culto,
2203 2366 2330 2412 non
2367 2358 2631 2432 apparet
2661 2369 2675 2413 :
2710 2353 2862 2433 quia
2899 2359 2963 2415 et
2995 2353 3074 2416 de
3115 2354 3472 2418 manifestis

1973 2453 2182 2528 potest
2227 2449 2596 2523 consistere,
2641 2458 2711 2511 ut
2753 2450 2808 2513 si
2855 2451 3001 2533 quis
3055 2452 3120 2515 in
3172 2453 3470 2516 societate

1970 2544 2188 2607 audiat
2213 2545 2494 2628 aliquem
2536 2547 2795 2630 publice
2827 2548 3470 2634 irrationabiliterque

1968 2642 2206 2724 jurare,
2239 2642 2430 2706 debet
2457 2652 2522 2707 et
2549 2653 2759 2727 potest
2786 2665 2936 2709 eum
2971 2665 3121 2710 cum
3159 2648 3471 2713 modestia

1971 2740 2300 2803 evidenter
2355 2742 2697 2824 corripere,
2749 2743 2914 2807 sicut
2970 2752 3034 2807 et
3089 2744 3206 2809 Lot
3258 2747 3468 2827 arguit
3497 2768 3757 2818 cemma.

1972 2856 2119 2902 suos
2163 2840 2478 2903 concives».

2049 2937 2367 3021 Amplius,
2429 2938 2804 3013 Quodlibcto
2861 2946 3039 3003 sexto
3097 2941 3462 3024 interrogat,

1970 3153 2119 3198 suos
2151 3135 2337 3199 facto.
2370 3137 2444 3198 Et
2473 3137 2811 3219 respondet
2836 3155 2850 3199 :
2875 3137 3134 3202 Factum
3165 3158 3292 3222 quo
3321 3141 3468 3225 quis

1971 3233 2257 3315 corripit,
2311 3234 2648 3316 multiplex
2693 3253 2833 3298 esse
2889 3244 3119 3318 potest,
3170 3238 3470 3302 videlicet

1970 3330 2210 3394 sactum
2261 3332 2412 3394 boni
2461 3333 2763 3415 exempli,
2811 3340 2876 3396 et
2923 3333 3162 3397 factum
3223 3337 3468 3400 subtra-

1969 3431 2199 3494 ctionis
2229 3449 2450 3494 eorum
2490 3451 2632 3513 quae
2668 3433 2920 3496 occasio
2953 3443 3103 3498 sunt
3133 3438 3463 3518 peccandi,

1968 3527 2210 3592 factum
2254 3547 2508 3612 quoque
2547 3530 2979 3612 percussionis
3026 3539 3136 3595 aut
3184 3533 3465 3598 incarce-

1969 3625 2232 3689 rationis
2279 3645 2392 3688 seu
2436 3625 2904 3692 vinculationis.
2944 3628 3173 3693 Primis
3216 3631 3466 3696 duobus

1967 3722 2154 3786 factis
2203 3723 2391 3787 debet
2439 3725 2610 3806 ipsos
2659 3725 3021 3808 corripere;
3072 3745 3200 3792 non
3247 3739 3460 3794 autem

1966 3821 2134 3885 facto
2165 3822 2616 3905 percussioniS,
2650 3824 2952 3906 quoniam
2993 3825 3112 3889 hoc
3150 3826 3228 3890 ad
3265 3828 3464 3891 eccle-

1966 3920 2254 3984 siasticos
2285 3920 2456 3984 viros
2497 3939 2624 3984 non
2663 3923 2960 4004 pertinet,
2992 3942 3192 4005 quum
3223 3925 3301 3988 de
3330 3927 3464 4008 epi-

1965 4037 2160 4101 scopo
2205 4018 2374 4082 dicat
2414 4020 2778 4101 Apostolus,
2819 4021 2954 4085 Non
2995 4040 3455 4104 percussorem.
3490 4048 3753 4102 ira-mma.

1966 4117 2296 4200 Corripere
2335 4136 2486 4181 vero
2529 4117 2696 4181 facto
2736 4118 3185 4182 vinculationis
3221 4128 3332 4184 aut
3371 4120 3462 4185 in-

358 4218 616 4291 dilecto,
646 4225 709 4278 et
740 4235 890 4280 eum
928 4233 1045 4298 pro
1078 4233 1263 4298 posse
1300 4215 1569 4279 liberare
1598 4235 1635 4278 a
1665 4216 1850 4282 malo.
1884 4221 1937 4285 D
1965 4216 2414 4281 carcerationis
2465 4234 2590 4280 non
2641 4217 2813 4293 licet,
2855 4218 2980 4281 nisi
3021 4219 3460 4302 superioribus

358 4315 909 4392 Quemadmodum
956 4332 1107 4395 ergo
1152 4332 1375 4378 omnes
1422 4320 1720 4378 tenentur
1777 4317 1855 4380 ad

356 4415 627 4480 fraterni
657 4413 809 4476 boni
844 4413 1379 4496 procurationem,
1413 4415 1499 4476 ita
1530 4414 1609 4477 ad
1640 4415 1858 4477 frater-

358 4515 425 4578 ni
470 4513 625 4576 mali
662 4513 1072 4587 amotionem,
1103 4513 1274 4595 quod
1306 4511 1387 4574 fit
1414 4532 1529 4596 per
1557 4515 1859 4596 correpti·

359 4631 551 4678 onem
582 4611 944 4675 fraternam.
966 4611 1078 4674 Est
1102 4618 1317 4674 autem
1347 4611 1583 4694 duplex
1612 4613 1857 4695 peccati

360 4711 681 4794 correptio
713 4731 728 4776 ε
764 4729 889 4774 una
919 4710 1265 4785 caritativa,
1298 4710 1377 4773 ad
1412 4711 1611 4774 solam
1642 4730 1855 4784 emen·

360 4813 683 4875 dationem
742 4808 1101 4893 peccantis3
1149 4809 1275 4872 alia
1330 4810 1727 4892 potestativa,
1776 4811 1857 4874 ad

360 4919 671 4974 terrorem
707 4907 1141 4992 adspicientis.
1176 4908 1383 4972 Prima
1415 4909 1732 4991 correptio
1762 4917 1860 4972 est

358 5009 837 5082 admonitionis,
880 5027 1021 5090 quae
1070 5015 1319 5070 tantum
1366 5007 1557 5071 debet
1596 5027 1736 5072 esse
1778 5008 1858 5071 de

360 5109 631 5173 occultis
660 5116 725 5171 et
754 5108 821 5172 in
850 5106 1101 5171 occqu
1135 5124 1149 5170 τ
1182 5108 1262 5170 ad
1292 5125 1485 5189 quam
1514 5107 1857 5191 unusquis-

359 5229 487 5292 que
519 5215 794 5282 tenetur,
828 5205 893 5269 in
922 5213 1233 5288 quantum
1263 5212 1361 5268 est
1390 5205 1679 5288 peccanti
1718 5223 1859 5288 pro·

363 5309 667 5393 pinquus.
691 5305 981 5372 Secunda
1008 5310 1104 5368 est
1132 5303 1447 5386 correptio
1476 5303 1853 5388 punitioniS,

1965 4314 2399 4380 sacerdotibus
2422 4317 2812 4399 superiorem
2837 4316 3340 4398 jurisdictionem
3363 4320 3466 4384 ha-

1966 4414 2289 4490 bentibuS,
2324 4434 2517 4497 quam
2559 4417 2916 4480 sacerdotes
2950 4419 3152 4482 curati
3192 4437 3316 4484 non
3357 4420 3464 4486 ha-

1965 4513 2119 4577 bent
2179 4531 2192 4576 :
2259 4514 2401 4578 ideo
2465 4515 2644 4580 nullo
2705 4516 2894 4579 modo
2955 4517 3076 4581 hoc
3139 4517 3286 4582 licet
3343 4521 3458 4584 eis.

1963 4648 2044 4658 —-
2072 4611 2316 4687 Quibus
2355 4611 2552 4694 objici
2591 4621 2798 4696 potest
2826 4615 2999 4696 quod
3037 4615 3319 4698 loquitur
3347 4620 3466 4681 Au·

1964 4711 2257 4792 gustinus
2283 4731 2296 4775 ε
2322 4711 2757 4793 corripiamus
2788 4713 3023 4790 verbiS,
3043 4715 3462 4798 corripiamus
3581 4763 3588 4772 .

1966 4818 2029 4873 et
2056 4809 2446 4873 verberibus.
2464 4810 2745 4893 itemque
2762 4811 3012 4874 :Peccat
3040 4814 3275 4876 semel?
3295 4814 3466 4897 Igno-

1966 4929 2091 4974 sce.
2112 4910 2349 4990 Ignovi.
2374 4909 2595 4972 Peccat
2623 4910 2950 4974 secundo?
2980 4911 3260 4994 Ignosce.
3285 4914 3460 4996 Igno·

1966 5009 2049 5072 vi.
2091 5009 2226 5071 Jam
2271 5007 2501 5070 tertio?
2539 5007 2828 5090 Vapulet.
2869 5008 3087 5091 Itaque
3134 5014 3464 5093 percussio

1967 5105 2324 5188 disciplinae
2353 5113 2450 5168 est
2479 5105 2673 5180 licita,
2706 5124 2900 5188 quam
2939 5106 3006 5168 in
3037 5107 3330 5173 claustris
3370 5112 3462 5174 in-

1967 5207 2190 5289 fligere
2230 5211 2497 5286 possunt
2534 5203 2944 5287 praesidentes
2983 5205 3176 5270 etiam
3217 5208 3455 5274 invitis.

1970 5305 2047 5368 Et
2093 5304 2186 5368 sic
2230 5303 2300 5366 in
2347 5302 2631 5385 collegiis
2680 5302 2824 5366 lieri
2883 5307 3230 5370 consuevit.
3283 5308 3460 5384 Quod
