4267 6250
587 4028 650 4073 De
662 4030 842 4074 cimm-

569 4094 739 4136 nuntiis
751 4106 841 4148 pae-

569 4156 672 4200 cati.

875 480 995 544 434

1514 500 1578 545 m
1619 498 1842 545 unum!
1883 498 1945 543 lv
1985 492 2471 543 smmnrumm.
2514 510 2593 521 --
2634 492 2787 539 nlsr.
2830 491 2977 553 xv1;
3020 491 3247 548 QUAEST..
3288 491 3335 537 11

875 668 998 730 sito
1026 667 1428 742 emendandi,
1461 666 1754 749 quamvis
1785 684 1912 729 non
1953 664 2208 748 penitus
2239 661 2369 725 suf·
2397 660 2450 723 A
2481 667 2610 724 teat
2650 662 2729 723 ad
2775 659 2989 723 minus
3036 678 3176 723 esse
3212 656 3520 723 terminos
3561 656 3741 729 duos,
3774 672 3981 737 quum

874 765 1103 828 ficiens
1147 766 1223 829 ad
1265 766 1706 848 expulsionem
1749 764 2013 847 peccati,
2046 763 2124 825 ad
2158 760 2370 823 minus

874 864 1232 926 necessaria
1273 872 1372 927 est
1413 865 1491 926 de
1535 862 1836 927 omnibus
1880 861 2159 945 peccatis
2202 875 2370 922 mor-

872 960 1107 1025 talibus
1165 963 1521 1026 actualibus
1588 961 2097 1045 praecedentibus
2160 957 2370 1039 Bapti-

873 1080 1109 1134 smum,
1160 1070 1465 1142 tanquam
1523 1078 1714 1123 causa
1774 1076 2107 1122 removens
2156 1056 2369 1139 ipsum

873 1159 1042 1240 quod
1075 1157 1374 1240 prohibet
1404 1157 1877 1239 susceptionem
1915 1156 2132 1239 gratiae
2166 1154 2371 1237 bapti-

875 1256 1111 1318 smalis.
1155 1257 1298 1319 Haec
1339 1256 1708 1320 RicharduS.
1741 1292 1822 1301 -—
1861 1256 2033 1317 Idem
2075 1254 2315 1316 PetruS.

956 1354 1307 1417 Concordat
1344 1372 1598 1436 quoque
1637 1352 2140 1435 ArgentinensiS,
2173 1357 2237 1414 et
2273 1350 2374 1412 ad-

876 1452 1008 1514 dit:
1042 1453 1214 1515 Unus
1245 1459 1309 1515 et
1339 1452 1509 1514 idem
1543 1452 1800 1514 morbus
1833 1448 2175 1532 multiplici
2211 1448 2371 1511 indi-

874 1556 980 1630 get
1012 1549 1346 1612 medicina.
1366 1549 1590 1623 Primo,
1611 1548 1928 1612 medicina
1957 1546 2373 1630 praeparativa

875 1666 987 1710 seu
1019 1648 1412 1730 dispositiva.
1446 1648 1760 1721 Secundo,
1795 1646 2112 1710 medicina
2142 1646 2371 1709 sanita-

872 1745 954 1807 tis
1009 1746 1352 1808 inductiva.
1404 1746 1634 1819 Tertio,
1687 1745 2008 1808 medicina
2065 1742 2371 1807 morbidae

2480 759 2641 821 nihil
2700 758 2821 821 sibi
2876 758 2998 840 ipsi
3045 756 3609 840 proportionetur3
3662 753 3813 815 hinc
3862 752 3986 813 cir-

2480 858 2863 921 cumstantia
2888 865 3065 919 actus
3104 856 3360 920 moralis
3400 852 3744 938 dupliciter
3771 850 3981 933 accipi

2482 956 2815 1020 consuevit
2857 974 2870 1018 :
2910 955 3213 1038 quoniam
3255 960 3463 1036 potest
3500 950 3987 1015 circumstantia

2481 1054 2631 1127 dici,
2684 1054 2784 1117 vel
2838 1053 2994 1116 illud
3055 1055 3133 1116 ad
3190 1060 3403 1115 actum
3454 1068 3841 1113 concurrens
3898 1048 3983 1110 ad

2481 1172 2671 1235 quem
2710 1152 3243 1235 proportionatur‚
3276 1149 3445 1213 sicut
3473 1150 3649 1212 locus
3686 1154 3797 1209 aut
3822 1156 3987 1209 tem-

2482 1266 2640 1332 pus;
2671 1250 2772 1312 vel
2805 1250 2943 1332 ipsa
2982 1249 3313 1331 conceptio
3344 1266 3486 1329 quae
3524 1266 3600 1309 ex
3633 1245 3761 1307 illis
3792 1244 3989 1307 relin-

2481 1348 2721 1429 quitur,
2756 1355 2826 1409 ut
2854 1347 3107 1429 quando
3134 1345 3238 1409 vel
3270 1345 3400 1408 ubi.
3434 1345 3537 1408 Sic
3568 1362 3717 1425 ergo
3751 1343 3987 1406 ultimo

2482 1446 2672 1509 modo
2702 1445 3245 1509 circumstantiam
3276 1442 3808 1527 accipiendo,erit
3836 1460 3991 1505 con-

2482 1543 2640 1607 ditio
2687 1552 2798 1606 aut
2843 1544 3197 1627 proprietas
3244 1550 3459 1621 actus;
3500 1560 3723 1605 verum
3769 1540 3990 1623 primo

2483 1642 2673 1705 modo
2702 1644 3034 1716 sumendo,
3058 1642 3347 1724 quaedam
3378 1639 3859 1703 circumstantia
3884 1647 3991 1701 est

2484 1741 2837 1823 proprietas
2864 1748 3065 1815 actus,
3090 1748 3162 1802 ut
3192 1741 3417 1802 modus
3446 1738 3696 1821 agendi,
3718 1745 3784 1801 et
3813 1757 3991 1820 quae-

871 1843 1196 1926 qualitatis
1227 1844 1580 1926 expulsiva,
1615 1862 1757 1926 quae
1787 1843 2058 1926 qualitas
2098 1849 2198 1904 est
2229 1861 2368 1924 per·
2406 1842 2453 1905 B
2483 1840 2628 1901 dam
2672 1847 2869 1913 extra,
2904 1846 2974 1901 ut
3015 1839 3191 1902 locus
3234 1846 3298 1901 et
3338 1846 3613 1921 tempus,

871 1940 1053 2005 fectae
1082 1942 1369 2005 sanitatis
1399 1942 1792 2025 impeditiva.
1813 1942 1918 2005 Sic
1948 1942 2014 2003 in
2045 1940 2371 2023 proposito

870 2039 1110 2102 attritio
1149 2058 1263 2102 seu
1309 2038 1717 2121 displicentia
1762 2046 2169 2121 peccatorum
2214 2057 2373 2119 prae—

873 2137 1105 2200 cedens
1134 2136 1352 2217 gratias
1384 2136 1798 2211 infusionem,
1830 2145 1928 2200 est
1956 2136 2138 2219 quasi
2176 2136 2373 2199 medi-

871 2235 1018 2298 cina
1062 2236 1438 2318 dispositiva
1462 2253 1478 2315 ;
1520 2236 1802 2318 perfecta
1846 2254 1998 2299 vero
2047 2235 2367 2309 contriti0‚

871 2334 1158 2395 sanitatis
1189 2341 1290 2396 est
1317 2333 1642 2396 inductiva
1667 2352 1684 2413 3
1715 2333 2034 2397 confessio
2062 2340 2275 2396 autem
2308 2340 2372 2395 et

869 2431 1239 2505 satisfactio,
1274 2432 1623 2514 expulsivae
1653 2439 1803 2495 sunt
1833 2431 2249 2514 reliquiarum
2280 2432 2371 2494 in-

868 2530 1190 2593 firmitatis
1217 2530 1459 2612 peccati
1481 2548 1495 2591 :
1517 2530 1811 2611 mitigant
1834 2549 2110 2612 namque
2132 2528 2371 2593 violen-

867 2636 994 2691 tam
1026 2628 1507 2691 inclinationem
1547 2648 1673 2711 qua
1711 2628 1902 2691 homo
1942 2627 2369 2691 inclinabatur

867 2727 945 2789 ad
976 2728 1368 2809 peccandum
1399 2734 1738 2809 antequam
1774 2726 2369 2809 poeniteret.Quam-

867 2824 964 2887 vis
995 2832 1209 2887 autem
1240 2824 1533 2887 minister
1570 2824 1892 2899 Ecclesiae‚
1925 2826 2243 2899 sacerdOS,
2278 2825 2368 2887 di-

869 2930 1048 2983 catur
1095 2929 1562 2985 sacramentum
1610 2921 1923 2995 conferre,
1976 2940 2104 2985 non
2152 2932 2365 2985 tamen

2561 1938 2830 2020 Insuper
2872 1937 3365 2001 circumstantiae
3412 1935 3815 2017 assignantur
3856 1934 3987 1998 hoc

2482 2053 2671 2097 versu
2707 2053 2720 2096 :

3713 2111 3987 2177 [quando.

2482 2185 2640 2245 Quis,
2674 2185 2825 2251 quid,
2858 2185 2971 2245 ubi,
3005 2184 3209 2251 quibus
3244 2184 3490 2245 auxiliis,
3522 2198 3641 2244 cur,
3674 2184 3985 2249 quomodo,

2480 2330 2600 2404 Qui
2632 2349 2855 2395 versus
2884 2330 3218 2411 distinguit
3250 2328 3760 2391 circumstantias
3788 2327 3989 2390 Tullii

2480 2435 2669 2511 atque
2716 2428 2941 2503 Boetii‚
2975 2435 3163 2510 prout
3204 2448 3241 2490 a
3280 2428 3531 2489 rhetore
3580 2427 3993 2490 consideran-

2482 2535 2608 2601 tur,
2642 2528 2752 2610 qui
2785 2546 2861 2590 ex
2892 2527 2987 2590 eis
3016 2526 3251 2609 accipit
3280 2533 3653 2607 argumenta
3679 2526 3758 2589 ad
3790 2544 3992 2588 excu-

2482 2626 2752 2689 sandum
2783 2625 2885 2689 vel
2912 2625 3363 2687 accusandum.
3386 2625 3673 2687 Sumitur
3702 2643 3993 2707 namque

2480 2731 2927 2805 argumentum
2974 2722 3361 2786 rhetoricum
3411 2723 3513 2785 vel
3560 2742 3637 2785 ex
3682 2740 3759 2786 eo
3806 2724 3991 2805 quod

2479 2828 2576 2883 est
2622 2822 3001 2883 attributum
3050 2838 3359 2905 personae,
3400 2828 3464 2883 et
3513 2820 3599 2883 ita
3644 2828 3742 2884 est
3790 2824 3945 2901 quis
3960 2844 3995 2891 ,-

2478 2920 2579 2983 vel
2616 2939 2692 2982 ex
2733 2938 2809 2982 eo
2847 2920 3017 3002 quod
3057 2928 3155 2982 est
3189 2920 3568 2983 attributum
3607 2920 3861 3001 negotio
3900 2920 3993 2983 de

868 3027 1085 3083 causat
1144 3020 1472 3083 materiam
1533 3021 1936 3095 sacramenti,
1989 3022 2100 3084 sed
2161 3021 2365 3104 ipsam
2398 3021 2441 3085 C
2479 3037 2606 3101 quo
2654 3019 2862 3100 agitur
2914 3036 2929 3081 ε
2980 3027 3045 3081 et
3100 3020 3221 3083 hoc
3269 3020 3371 3082 vel
3420 3018 3783 3082 continetur
3828 3039 3994 3083 cum

868 3118 1325 3201 praesupponit.
1368 3118 1916 3193 Quemadmodum
1960 3138 2109 3201 ergo
2149 3120 2217 3183 in
2255 3121 2368 3183 Ba-

866 3217 1104 3301 ptismo
1136 3216 1427 3279 minister
1457 3217 1895 3299 praesupponit
1925 3219 2273 3294 materiam,
2287 3220 2366 3282 ad

867 3335 1059 3398 quam
1105 3315 1445 3377 accedente
1492 3316 1689 3379 verbo
1737 3315 2008 3378 ministri
2051 3316 2129 3378 fit
2168 3337 2367 3380 sacra-

869 3421 1201 3493 mentum3
1244 3413 1337 3475 sic
1376 3414 1442 3476 in
1483 3412 1810 3497 proposito
1848 3415 2142 3478 sacerdos
2188 3415 2368 3479 abso-

869 3512 1176 3575 lutionem
1219 3512 1743 3575 sacramentalem
1784 3531 1932 3574 cum
1965 3513 2365 3593 injunctione

867 3610 1316 3674 satisfactionis
1346 3611 1484 3673 unit
1511 3609 1898 3674 confessioni
1929 3612 2237 3685 contritae,
2254 3613 2368 3674 sic·

865 3727 994 3791 que
1039 3709 1390 3790 integratur
1429 3709 1822 3772 Poenitentiae
1869 3719 2360 3774 sacramentum.

868 3809 1010 3872 Haec
1053 3807 1552 3888 ArgentinensiS.

949 4005 1129 4067 Modo
1158 4005 1236 4067 de
1267 4004 1760 4068 circumstantiis
1793 4013 1984 4068 restat
2021 4007 2361 4086 agendum,

870 4103 948 4165 de
977 4100 1213 4185 quibus
1245 4102 1304 4164 S.
1338 4101 1610 4164 Thomas
1638 4102 1742 4164 hic
1775 4122 1904 4184 prae
1941 4103 2171 4166 ceteris
2205 4103 2365 4166 mul-

2482 3117 2623 3201 ipso
2658 3118 2934 3201 negotio,
2968 3127 3033 3182 et
3071 3118 3163 3182 sic
3203 3127 3302 3183 est
3330 3120 3516 3199 quid,
3548 3128 3861 3202 quantum
3898 3120 3995 3183 ad

2480 3216 2901 3279 substantiam
2941 3217 3090 3280 facti
3135 3217 3451 3296 exterius3
3482 3238 3629 3289 cur,
3665 3226 3994 3300 quantum

2478 3315 2555 3376 ad
2604 3314 2897 3378 facientis
2947 3314 3365 3378 intentionem
3416 3316 3717 3396 interius3
3752 3324 3863 3378 aut
3909 3317 3993 3380 in

2482 3415 2618 3496 ipsa
2675 3415 3119 3496 prosecutione
3176 3414 3411 3497 negotii
3472 3415 3853 3491 continetur,
3912 3425 3997 3480 et

2481 3513 2567 3574 ita
2596 3521 2746 3575 sunt
2787 3520 3079 3595 quatuor,
3112 3521 3333 3596 utpote
3365 3532 3380 3576 ε
3414 3518 3749 3594 quomodo,
3780 3533 3995 3597 quan-

2478 3618 2615 3674 tum
2658 3613 2737 3674 ad
2778 3620 2958 3674 actus
2996 3612 3400 3695 qualitatem;
3433 3615 3549 3673 ubi
3584 3620 3648 3675 et
3686 3617 3989 3692 quando,

2479 3717 2791 3791 quantum
2831 3711 2909 3772 ad
2949 3718 3125 3773 actus
3170 3728 3566 3790 mensuram3
3598 3713 3834 3792 quibus
3860 3733 3993 3774 au-

2476 3809 2693 3879 oeiliis,
2742 3816 3053 3891 quantum
3106 3810 3186 3872 ad
3246 3809 3683 3873 instrumenta.
3732 3845 3807 3855 -
3850 3810 3991 3874 Sed

2479 3914 2670 3988 prout
2711 3907 3032 3989 pertinent
3068 3908 3147 3970 ad
3187 3907 3514 3981 moralem,
3548 3914 3756 3990 potest
3790 3908 3995 3972 aliter

2478 4004 2681 4087 accipi
2714 4023 3021 4068 numerus
3050 4006 3429 4068 earumdem.
3444 4006 3769 4089 Proportio
3796 4007 3995 4090 quip-

2479 4120 2559 4184 pe
2587 4110 2768 4165 actus
2797 4104 2877 4166 ad
2908 4103 3108 4167 finem
3138 4103 3345 4187 accipi
3384 4111 3595 4188 potest
3623 4105 3722 4169 vel
3752 4123 3993 4168 secun-

867 4209 930 4263 ta
961 4199 1307 4263 conscribit
1333 4199 1538 4273 utilia,
1572 4199 1782 4281 primo
1811 4219 2124 4283 quaerens,
2148 4209 2362 4265 utrum
2396 4205 2446 4267 D
2478 4201 2631 4264 dum
2674 4202 2736 4264 id
2778 4203 2948 4284 quod
2986 4209 3083 4265 est
3120 4202 3184 4265 in
3232 4203 3373 4285 ipso
3407 4211 3575 4277 actu,
3609 4203 3710 4266 vel
3746 4223 3987 4268 secun·

867 4296 1346 4362 circumstantia
1374 4297 1457 4359 sit
1488 4296 1842 4379 proprietas
1871 4306 2050 4361 actus
2083 4300 2361 4363 moralis.

865 4395 1225 4477 Respondet
1260 4411 1274 4456 :
1308 4394 1502 4456 Actus
1533 4394 1731 4456 nostri
1761 4395 2063 4458 dicuntur
2094 4398 2365 4461 morales

867 4494 932 4556 in
963 4499 1273 4576 quantum
1305 4511 1342 4554 a
1371 4491 1614 4555 ratione
1655 4492 2032 4556 ordinantur
2059 4494 2123 4557 in
2162 4495 2364 4560 finem

862 4590 1229 4663 voluntatiS,
1273 4588 1424 4672 quia
1471 4607 1550 4651 ex
1600 4588 1718 4653 hoc
1767 4591 2005 4655 habent
2053 4593 2365 4657 rationem

862 4688 1012 4754 boni
1053 4695 1164 4751 aut
1201 4687 1372 4750 mali.
1407 4687 1608 4750 Omne
1645 4695 1859 4752 autem
1905 4691 2075 4773 quod
2117 4692 2364 4756 ordina-

858 4798 964 4852 tur
993 4789 1058 4850 in
1090 4787 1582 4868 finem,oportet
1611 4787 1730 4850 fini
1763 4807 1902 4852 esse
1933 4791 2365 4873 proportiona-

859 4897 996 4951 tum
1025 4905 1038 4951 :
1065 4888 1209 4950 ideo
1238 4885 1400 4950 ratio
1427 4905 1571 4968 quae
1601 4893 1814 4950 actum
1847 4896 2135 4951 nostrum
2168 4889 2364 4953 refert

860 4987 926 5049 in
969 4986 1195 5059 finem,
1226 4984 1496 5047 attendit
1538 4984 2016 5067 proportionem
2058 4994 2239 5048 actus
2282 4989 2361 5051 ad

857 5103 931 5148 ea
975 5104 1118 5167 quae
1161 5083 1241 5146 ad
1284 5082 1485 5146 finem
1533 5100 1911 5146 concurrere
1960 5094 2247 5166 possunt.
2284 5085 2361 5148 Et

857 5184 992 5248 haec
1041 5182 1579 5247 commensuratio
1627 5183 2105 5247 circumstantia
2156 5185 2356 5247 nomi-

857 5290 1057 5345 natur.
1074 5282 1410 5363 Quumque
1441 5279 1505 5341 in
1538 5281 1714 5342 omni
1745 5283 2154 5364 proportione
2180 5300 2359 5366 opor-

2476 4301 2630 4363 dum
2664 4300 2727 4363 id
2758 4302 2929 4383 quod
2958 4309 3055 4364 est
3084 4310 3277 4365 extra.
3299 4302 3361 4365 Si
3395 4303 3607 4386 primo
3634 4303 3843 4378 modo,
3860 4313 3989 4368 aut

2475 4405 2785 4480 quantum
2814 4399 2893 4460 ad
2924 4399 3203 4482 speciem
3232 4407 3427 4475 actuS,
3438 4408 3501 4463 et
3523 4402 3617 4464 sic
3645 4409 3744 4465 est
3768 4404 3989 4482 quid,-

2475 4505 2583 4559 aut
2622 4504 2931 4578 quantum
2970 4498 3048 4560 ad
3088 4499 3351 4562 modum
3392 4498 3617 4582 ipsiuS,
3649 4507 3713 4562 et
3751 4500 3837 4564 ita
3874 4509 3989 4564 est

2476 4599 2811 4674 quomodo.
2870 4596 2935 4659 Si
2991 4604 3205 4660 autem
3262 4616 3378 4679 per
3431 4599 3985 4680 comparationem

2473 4693 2551 4755 ad
2591 4700 2787 4767 extra,
2821 4694 2922 4756 vel
2968 4713 3083 4776 per
3124 4695 3663 4778 comparationem
3706 4697 3784 4760 ad
3827 4716 3987 4761 cau-

2473 4811 2631 4866 sam,
2682 4799 2792 4854 aut
2840 4811 2957 4876 per
3006 4794 3543 4876 comparationem
3591 4795 3671 4858 ad
3720 4813 3987 4882 mensu-

2474 4909 2626 4952 ram.
2682 4890 2747 4953 Si
2794 4891 3005 4972 primo
3054 4892 3265 4966 modo,
3317 4892 3419 4955 vel
3466 4893 3546 4955 ad
3592 4912 3846 4958 causam
3896 4895 3985 4960 si-

2472 4989 2705 5064 nalem,
2762 4996 2827 5051 et
2885 4989 2973 5052 ita
3028 4998 3126 5052 est
3182 5011 3305 5052 cur
3336 5014 3365 5062 ,·
3416 4991 3519 5056 vel
3575 4993 3653 5056 ad
3712 5013 3981 5060 causam

2470 5086 2863 5150 efficientem
2919 5106 2934 5150 :
2986 5089 3088 5151 vel
3138 5089 3712 5167 instrumentalem,
3762 5101 3829 5156 et
3876 5094 3981 5158 sic

2468 5193 2561 5248 est
2610 5187 2847 5265 quibus
2892 5189 3221 5258 avcoeiliis,·
3261 5188 3366 5251 vel
3408 5189 3856 5274 principalem,
3904 5201 3981 5257 et

2468 5285 2553 5348 ita
2594 5291 2691 5347 est
2718 5287 2885 5364 quie.
2922 5286 2985 5349 Si
3025 5295 3238 5350 autem
3280 5307 3395 5372 per
3424 5292 3975 5372 comparationem
