4267 6250
698 492 786 539 AN
825 492 1174 541 ιιεετιτυτιο
1215 492 1308 539 srr
1349 492 1504 543 rans
1547 489 2060 549 suisne-noum,
2099 490 2175 537 nr
2214 490 2591 541 NacnssuuA
2630 494 2716 541 AD
2758 488 3041 541 samm
3307 477 3429 543 399

315 658 490 741 palis
533 660 831 736 restituit,
869 660 980 726 alii
1028 661 1473 743 deobligantur
1519 680 1556 723 a
1603 658 1818 722 debito
1847 656 1898 720 Α
1928 657 2285 740 tripliciter.
2319 660 2551 735 Primo,
2583 679 2809 723 verum
2840 660 3133 737 dicendo,
3165 669 3231 725 et
3253 661 3425 744 juste

315 758 724 823 restituendi.

401 855 668 939 Insuper
696 858 1026 941 quaeritur,
1057 878 1138 921 an
1175 857 1494 921 restitutio
1527 855 1820 919 facienda

313 952 406 1015 sit
443 972 697 1037 semper
733 956 794 1019 ei
835 957 948 1038 qui
987 956 1293 1019 damnum
1327 972 1670 1037 perpessus
1700 960 1814 1015 est.

316 1050 400 1112 Et
430 1052 682 1115 videtur
724 1055 898 1136 quod
933 1072 1086 1129 non,
1117 1054 1270 1136 quia
1299 1054 1682 1137 quandoque
1713 1051 1821 1113 ille

316 1150 624 1213 nescitur.
667 1150 994 1215 Interdum
1035 1153 1226 1215 etiam
1269 1170 1400 1215 non
1438 1158 1645 1234 potest
1684 1169 1822 1233 per-

315 1248 540 1309 venire
582 1249 661 1312 ad
703 1250 888 1311 illum
926 1250 1066 1313 sine
1103 1250 1328 1331 grandi
1376 1248 1682 1331 periculo.
1717 1248 1822 1311 Sic

315 1345 512 1407 etiam
543 1346 612 1408 in
642 1347 1111 1430 depraedatione
1139 1348 1490 1419 civitatum,
1511 1347 1822 1429 praedator

317 1441 568 1522 ignorat
597 1445 704 1507 cui
735 1445 954 1507 intulit
981 1446 1306 1509 damnum.
1331 1480 1411 1491 -—
1442 1444 1818 1518 Dicendum,

316 1539 489 1621 quod
535 1543 873 1607 restituere
911 1551 1010 1605 est
1043 1544 1327 1626 aliquem
1369 1561 1590 1605 rursus
1632 1549 1823 1604 statu-

318 1658 428 1701 ere
473 1640 540 1701 in
593 1661 856 1704 suarum
906 1661 1120 1705 rerum
1169 1642 1571 1724 possessione
1617 1658 1632 1703 ε
1679 1640 1823 1704 ideo

321 1736 640 1801 restitutio
667 1737 814 1801 fieri
846 1738 1033 1803 debet
1060 1739 1120 1801 ei
1151 1739 1265 1821 qui
1295 1758 1364 1801 re
1395 1758 1510 1801 sua
1538 1738 1822 1821 privatus

1929 775 2040 819 seu
2071 758 2381 832 ordinate,
2412 765 2481 820 ut
2510 759 2663 821 dum
2694 759 2839 841 quis
2879 758 3125 822 crimen
3163 760 3427 823 alterius

1931 854 2143 936 prodit
2198 855 2412 919 debito
2468 856 2691 920 ordine
2750 856 3029 919 caritatis
3084 866 3276 940 atque
3322 856 3425 938 ju-

1931 950 2118 1015 stitiae
2156 951 2489 1015 observato
2530 970 2544 1014 :
2587 961 2651 1015 et
2689 960 2841 1016 tunc
2880 970 3009 1016 non
3046 961 3301 1017 tenetur
3341 953 3420 1015 ad

1933 1047 2119 1112 famae
2150 1050 2640 1124 restitutionem,
2674 1069 2881 1133 neque
2910 1051 2987 1114 ad
3020 1051 3299 1133 aliquam
3330 1067 3421 1113 re-

1931 1148 2519 1229 compensationem
2554 1148 2932 1211 faciendam.
2967 1150 3277 1223 Secunde,
3312 1148 3426 1211 fal-

1932 1264 2076 1307 sum
2115 1244 2407 1319 dicendo,
2439 1254 2503 1308 et
2542 1246 2777 1327 injuste
2809 1265 2823 1308 :
2855 1254 3136 1330 tuncque
3174 1254 3427 1310 tenetur

1930 1342 2010 1404 ad
2043 1341 2277 1405 famam
2308 1344 2789 1419 restituendam,
2822 1344 3188 1409 confitendo
3215 1362 3283 1407 se
3314 1342 3427 1406 fal-

1933 1459 2074 1502 sum
2125 1440 2382 1504 dixisse.
2436 1442 2667 1517 Tertio,
2711 1461 2935 1505 verum
2982 1442 3272 1516 dicendo,
3315 1442 3426 1504 sed

1931 1536 2192 1618 injuste,
2238 1547 2306 1601 ut
2348 1538 2502 1601 dum
2541 1539 2686 1622 quis
2728 1540 2971 1603 crimen
3010 1539 3231 1623 pandit
3276 1539 3426 1602 alte-

1934 1635 2068 1699 rius
2099 1654 2228 1699 non
2257 1644 2505 1701 servato
2535 1636 2749 1700 debito
2778 1638 3023 1713 ordine,
3048 1646 3264 1720 utpote
3296 1655 3422 1701 non

1934 1734 2334 1816 procedendo
2364 1736 2716 1799 secundum
2750 1735 3019 1799 formam
3050 1744 3115 1799 et
3140 1737 3425 1799 ordinem

324 1842 436 1897 est.
496 1836 594 1898 Ad
650 1836 906 1919 objecta
959 1845 1174 1901 autem
1231 1838 1601 1913 dicendum,
1650 1837 1821 1919 quod
1857 1838 1904 1901 B
1935 1831 2227 1896 fraternae
2257 1834 2791 1917 correptioniszet
2821 1842 2975 1897 tunc
3004 1836 3084 1897 ad
3114 1834 3299 1897 famae
3328 1853 3424 1897 re-

323 1934 582 2014 quando
613 1935 894 1999 incertus
933 1944 1029 1999 est
1065 1937 1364 2000 dominus
1402 1954 1618 1999 rerum
1652 1936 1822 1998 abla-

328 2038 558 2107 tarum,
601 2052 916 2117 pauperes
959 2043 1108 2099 sunt
1144 2036 1410 2099 heredes
1455 2051 1470 2097 ε
1515 2034 1658 2097 ideo
1697 2051 1824 2096 non

325 2129 729 2213 deobligatur
765 2154 804 2197 a
839 2133 1055 2197 debito
1083 2133 1529 2208 restitutioniS,
1561 2132 1688 2195 nisi
1717 2132 1825 2195 det

325 2230 718 2311 pauperibus
757 2249 875 2313 pro
911 2232 1127 2294 anima
1163 2232 1304 2312 ejus
1353 2231 1457 2293 cui
1507 2230 1825 2293 restitutio

324 2325 695 2401 debebatur,
726 2328 1014 2391 adhibita
1042 2336 1256 2392 tamen
1288 2328 1466 2411 prius
1495 2328 1826 2409 diligentia

324 2424 538 2487 debita
581 2444 698 2508 pro
739 2426 849 2490 illo
887 2427 1324 2509 cognoscendo
1361 2434 1472 2489 aut
1508 2427 1824 2509 reperien-

329 2522 428 2584 do.
464 2524 555 2585 Ad
594 2524 767 2587 aliud
799 2543 952 2589 vero
988 2526 1355 2599 dicendum,
1390 2526 1560 2608 quod
1597 2526 1652 2588 si
1695 2526 1826 2587 sint

329 2638 432 2682 res
461 2623 674 2705 magni
711 2624 969 2699 valoris,
1003 2624 1194 2687 debet
1230 2624 1355 2687 sibi
1395 2624 1824 2687 transmittere

327 2719 383 2781 si
433 2722 764 2785 commode
812 2730 1039 2805 potest.
1085 2722 1214 2785 Nec
1256 2723 1486 2797 obstat,
1527 2723 1698 2805 quod
1745 2740 1824 2784 ex

329 2816 454 2879 hoc
492 2819 728 2900 patitur
767 2821 1096 2896 damnum,
1129 2821 1281 2903 quia
1323 2821 1599 2903 ipsemet
1635 2839 1826 2883 causa

329 2922 428 2977 est
457 2915 581 2978 sibi
609 2917 980 2998 hujusmodi
1013 2916 1248 2980 damni.
1285 2918 1350 2981 Si
1380 2926 1594 2981 autem
1625 2926 1824 2981 trans-

1933 1931 2329 1994 stitutionem
2379 1939 2651 2006 tenetur,
2704 1941 3015 2015 quantum
3064 1939 3292 2016 potest,
3340 1940 3427 1994 ta·

1936 2047 2084 2091 men
2113 2029 2253 2092 sine
2282 2030 2632 2104 mendaci0,
2648 2031 2736 2093 ita
2767 2038 2836 2093 ut
2863 2031 3136 2095 fateatur
3162 2049 3230 2093 se
3262 2031 3425 2093 male

1933 2126 2193 2202 dixisse,
2226 2134 2291 2189 et
2318 2129 2486 2210 quod
2520 2128 2756 2210 injuste
2783 2128 3215 2193 diffamaverit
3242 2146 3425 2207 eum3

1934 2232 1999 2287 et
2027 2224 2081 2287 si
2112 2242 2239 2289 non
2272 2233 2479 2309 potest
2506 2226 2566 2289 ei
2599 2227 2933 2291 restituere
2960 2228 3219 2301 famam,
3238 2226 3430 2291 debet

1935 2324 1992 2385 ei
2035 2324 2223 2386 aliter
2264 2343 2381 2407 pro
2428 2343 2615 2408 posse
2662 2325 2873 2389 facere
2920 2343 3421 2409 recompensam.

2013 2423 2330 2496 Quaeritur
2357 2442 2635 2506 quoque,
2667 2442 2748 2487 an
2780 2424 3065 2488 sufficiat
3094 2425 3426 2489 restituere

1935 2520 2263 2603 simplum.
2313 2522 2389 2583 Et
2432 2521 2683 2585 videtur
2726 2522 2895 2605 quod
2944 2540 3095 2597 non,
3136 2524 3288 2606 quia
3328 2524 3429 2603 (ut

1935 2625 2175 2681 tactum
2220 2620 2345 2699 est)
2381 2620 2449 2682 in
2491 2620 2704 2683 Exodo
2742 2621 3049 2683 Dominus
3083 2620 3275 2701 jussit
3312 2638 3428 2703 pro

3508 2451 3592 2490 ut.

3618 2449 3659 2490 ³.

1938 2736 2064 2780 una
2089 2734 2209 2780 ove
2239 2716 2446 2781 furata
2482 2719 2658 2781 reddi
2696 2725 2969 2801 quatuor
3004 2736 3177 2793 oves,
3210 2726 3275 2781 et
3310 2737 3427 2801 pro
3453 2740 3722 2793 umam,

1936 2832 2064 2877 uno
2102 2814 2265 2878 bove
2307 2815 2545 2897 injuste
2588 2816 2837 2879 sublato
2880 2817 3165 2899 quinque
3208 2815 3423 2879 boves.
3458 2808 3477 2847 ¹

1935 2912 2311 2989 Dicendum,
2345 2915 2514 2997 quod
2553 2915 2708 2977 dum
2747 2914 2891 2998 quis
2932 2915 3168 2996 injuste
3196 2915 3433 2998 accipit

330 3015 584 3077 mittere
614 3016 859 3101 nequit,
891 3016 994 3080 vel
1025 3035 1126 3079 res
1166 3016 1400 3080 modici
1441 3024 1538 3080 est
1565 3017 1821 3091 valoris,
1861 3016 1904 3081 C
1935 3028 2072 3073 rem
2102 3012 2401 3087 alienam,
2437 3013 2566 3075 duo
2594 3021 2743 3075 sunt
2769 3013 3245 3076 consideranda·
3270 3013 3431 3087 Quo·

327 3120 537 3195 potest
575 3133 716 3178 eam
757 3114 910 3178 dare
954 3115 1334 3199 propinquis
1377 3115 1575 3191 illius,
1622 3116 1674 3179 si
1717 3115 1828 3178 ha-

327 3212 458 3287 bet,
489 3213 591 3276 vel
627 3212 825 3276 alicui
865 3213 1163 3289 claustro,
1197 3214 1252 3277 si
1291 3233 1420 3278 non
1461 3214 1654 3277 habet
1687 3231 1828 3297 pro-

326 3312 625 3394 pinquos,
669 3331 819 3375 cum
857 3313 1311 3395 protestatione
1349 3314 1520 3395 quod
1562 3312 1825 3376 reddere

327 3409 738 3484 tenebuntur,
769 3409 825 3473 si
859 3410 968 3472 ille
997 3411 1364 3494 requisierit
1401 3419 1511 3474 aut
1541 3429 1820 3493 unquam

327 3509 774 3591 comparuerit.
811 3508 1024 3583 Porro,
1066 3510 1179 3591 qui
1218 3508 1616 3592 depraedatur
1655 3526 1824 3571 com-

329 3608 703 3671 munitatem
762 3615 828 3670 et
884 3608 1090 3671 nescit
1133 3627 1328 3692 quem
1384 3615 1494 3672 aut
1550 3626 1710 3691 quos
1759 3609 1825 3670 in

329 3707 610 3788 speciali,
635 3707 973 3770 restituere
1004 3707 1194 3770 debet
1224 3707 1616 3791 pauperibus
1650 3707 1825 3769 illius

331 3804 604 3868 civitatis
632 3813 745 3868 aut
770 3805 945 3870 villae
973 3805 1076 3869 vel
1107 3807 1727 3881 communitatiS,seu
1759 3806 1824 3868 in

331 3902 482 3966 alios
522 3904 668 3985 pios
705 3923 862 3967 usus
899 3904 1041 3967 talis
1081 3904 1557 3968 communitatis
1593 3922 1826 3987 expen-

330 4000 478 4063 dere
535 4001 894 4065 secundum
953 4002 1287 4066 arbitrium
1351 4003 1662 4085 episcopi,
1719 4010 1828 4064 aut

331 4097 586 4163 illorum
617 4100 698 4163 ad
727 4118 890 4184 quos
920 4101 1397 4165 communitatis
1429 4101 1604 4164 illius
1634 4102 1826 4183 perti-

1936 3129 2078 3172 rum
2129 3130 2333 3174 unum
2382 3119 2479 3174 est
2527 3111 2921 3195 inaequalitas
2970 3131 3049 3176 ex
3096 3120 3275 3196 parte
3313 3111 3429 3188 rei,

1935 3228 2076 3292 quae
2115 3209 2439 3273 interdum
2478 3218 2575 3272 est
2612 3210 2751 3273 sine
2790 3211 3128 3291 injustitia,
3161 3211 3329 3275 sicut
3366 3211 3431 3274 in

1937 3307 2197 3370 mutuis.
2250 3306 2439 3370 Aliud
2486 3316 2584 3370 est
2640 3307 2973 3389 injustitiae
3029 3309 3240 3392 culpa,
3292 3329 3435 3392 quae

1935 3411 2145 3488 potest
2184 3422 2322 3468 esse
2365 3406 2557 3467 etiam
2596 3425 2747 3468 cum
2788 3407 2880 3469 rei
2915 3407 3275 3489 inqualitate
3311 3426 3325 3470 :
3364 3415 3437 3469 ut

1937 3521 2138 3585 quum
2169 3501 2315 3584 quis
2354 3501 2625 3564 intendit
2666 3503 2903 3567 inferre
2943 3504 3313 3567 violentiam
3344 3505 3433 3568 al-

1935 3601 2077 3674 teri,
2101 3601 2212 3663 sed
2244 3617 2370 3663 non
2400 3607 2629 3682 potest.
2663 3601 2981 3675 Quantum
3012 3603 3092 3666 ad
3124 3603 3429 3685 primum,

1936 3698 2277 3761 adhibetur
2305 3699 2657 3762 remedium
2690 3718 2807 3782 per
2836 3700 3330 3774 restitutionem,
3366 3701 3431 3763 in

1937 3805 2247 3880 quantum
2277 3815 2391 3880 per
2420 3814 2561 3860 eam
2592 3797 2917 3879 aequalitas
2950 3804 3278 3880 reparatur
3307 3817 3320 3860 :
3352 3799 3432 3861 ad

1935 3897 2103 3978 quod
2135 3895 2403 3970 sufficit,
2436 3896 2607 3978 quod
2635 3902 2884 3957 tantum
2915 3895 3207 3958 restituat
3236 3916 3433 3979 quan-

1933 4000 2074 4057 tum
2120 3994 2201 4057 de
2248 3993 2459 4056 alieno
2502 3994 2769 4076 accepit.
2824 3992 2945 4056 Sed
2994 4002 3308 4075 quantum
3354 3996 3433 4058 ad

1936 4092 2215 4174 culpam,
2249 4091 2606 4154 remedium
2636 4091 2974 4154 adhibetur
3005 4110 3123 4174 per
3150 4110 3433 4174 poenam,

327 4205 434 4261 net
461 4217 638 4262 cura.
672 4199 849 4272 Quod
889 4199 943 4261 si
982 4200 1278 4282 praelatus
1307 4199 1586 4280 alicujus
1617 4199 1828 4263 Ecole-
1855 4195 1904 4258 D
1936 4191 2122 4271 cujus
2163 4190 2437 4253 inflictio
2477 4190 2754 4273 pertinet
2794 4190 2873 4253 ad
2908 4190 3197 4271 judicem
3232 4209 3245 4254 :
3292 4191 3435 4256 ideo

327 4296 454 4372 siae,
496 4317 602 4360 res
641 4316 772 4361 suae
813 4296 1112 4361 Ecclesiae
1150 4297 1386 4379 injuste
1430 4298 1724 4360 concedit
1760 4306 1823 4360 et

327 4397 556 4478 perdit,
601 4395 922 4459 restitutio
964 4395 1109 4459 fieri
1152 4395 1343 4458 debet
1387 4395 1708 4470 Ecclesiae,
1755 4403 1828 4458 ut

327 4511 426 4556 res
473 4494 602 4557 illoe
649 4493 993 4556 deveniant
1037 4494 1118 4556 ad
1163 4512 1596 4557 successorem
1652 4493 1826 4557 illius

327 4591 592 4674 praelati,
654 4592 959 4675 quoniam
1020 4592 1316 4674 quamvis
1376 4593 1513 4675 ipse
1569 4611 1678 4655 eas
1736 4610 1830 4655 re-

327 4693 540 4774 cipere
589 4708 719 4754 non
779 4697 1081 4765 meretur,
1127 4697 1340 4752 tamen
1391 4691 1674 4753 Ecclesia
1721 4709 1828 4754 eas

330 4806 458 4851 non
503 4789 698 4852 debet
741 4788 1054 4853 amittere.
1101 4824 1184 4834 —
1229 4789 1373 4854 Haec
1431 4789 1702 4852 Thomas
1760 4790 1828 4852 in

333 4887 602 4969 Scripto.

412 4986 493 5047 At
521 5005 674 5050 vero
713 4986 779 5049 in
815 4987 1097 5050 secunda
1133 4986 1448 5059 secundae,
1481 4986 1830 5068 quaestione

335 5085 729 5167 sexagesima
779 5085 1081 5160 secunda,
1132 5085 1266 5148 haec
1315 5084 1537 5147 eadem
1584 5084 1829 5160 scribit,

335 5194 401 5249 et
445 5185 662 5267 aliqua
703 5184 881 5248 addit
925 5183 1030 5246 vel
1077 5183 1330 5267 planius
1372 5183 1698 5266 exprimit,
1740 5184 1833 5246 di-

135 5303 200 5344 ιιι
221 5303 258 5344 2.
335 5303 492 5348 cens
525 5301 539 5346 ε
570 5283 819 5366 Aliquis
848 5289 1058 5365 potest
1093 5283 1276 5345 alteri
1314 5282 1550 5346 famam
1581 5280 1833 5345 auferre

1933 4296 2273 4371 antequam
2322 4289 2407 4351 sit
2453 4290 2910 4353 condemnatus
2960 4309 3077 4372 per
3121 4290 3431 4372 judicem,

1935 4406 2064 4472 non
2107 4395 2363 4452 tenetur
2406 4389 2552 4471 plus
2595 4390 2860 4453 reddere
2904 4409 3096 4472 quam
3144 4391 3433 4474 accepit3

1935 4487 2046 4549 sed
2085 4487 2231 4549 data
2272 4487 2609 4562 sententia,
2648 4494 2902 4550 tenetur
2943 4489 3137 4551 etiam
3184 4490 3437 4553 solvere

1937 4602 2213 4668 poenam.
2246 4620 2329 4630 —
2354 4585 2471 4648 Per
2501 4585 2669 4666 quod
2700 4586 2935 4668 objecti
2970 4593 3143 4669 patet
3172 4587 3431 4662 solutio,

1939 4683 2090 4766 quia
2120 4682 2222 4747 lex
2261 4682 2371 4745 illa
2410 4682 2535 4744 fuit
2567 4683 3054 4748 determinativa
3086 4703 3291 4768 poenae
3322 4705 3437 4768 per

1934 4782 2222 4863 judicem
2261 4779 2646 4862 infligendae.
2690 4781 2925 4844 Tamen
2968 4783 3047 4846 ad
3092 4783 3435 4847 observan-

1937 4882 2093 4945 tiam
2152 4881 2326 4944 illius
2381 4879 2708 4960 judicialis
2764 4883 3065 4964 praecepti
3124 4900 3316 4947 nemo
3366 4885 3433 4948 in

1939 4981 2307 5063 evangelica
2336 4981 2473 5062 lege
2501 4986 2771 5042 tenetur.
2807 4980 2877 5042 In
2908 4998 3033 5062 qua
3070 4983 3274 5047 nihilo
3315 4985 3432 5047 mi-

1939 5103 2061 5145 nus
2089 5081 2334 5163 aliquid
2374 5079 2586 5144 simile
2625 5079 2816 5141 statui
2857 5085 3072 5162 posset
3098 5099 3211 5163 per
3240 5090 3432 5148 tantae

1940 5179 2331 5245 auctoritatis
2373 5178 2702 5262 praelatum
2746 5196 2859 5240 seu
2896 5177 3198 5258 judicem.

2023 5278 2333 5370 Denique,
2372 5295 2573 5359 quum
2617 5276 2937 5340 restitutio
2982 5277 3309 5342 ordinetur
3344 5281 3427 5344 ad
3510 5302 3593 5344 m.
3621 5303 3661 5346 5.
