4267 6250
847 469 929 534 56
1483 561 1489 567 .
1527 488 1593 536 m
1631 489 1856 536 amnon
1895 488 1958 535 ιν
1997 487 2483 536 suurn-urnam.
2524 507 2606 519 --
2645 489 2799 537 mar.
2842 491 2904 554 13
2946 491 3170 548 cumr.
3214 493 3277 539 ιν

851 657 932 720 ab
961 657 1339 734 extrinsecO,
1372 678 1452 722 an
1483 659 1712 723 educat
1739 658 1980 741 aliquid
2011 659 2091 722 de
2131 666 2350 742 poten·
2377 660 2429 723 Α
2460 666 2853 724 sacramenta
2899 679 3080 726 novae
3137 661 3296 744 legis
3342 661 3577 726 habere
3621 662 3949 726 virtutem.

848 755 940 818 tia
981 756 1048 818 in
1093 765 1326 819 actum.
1360 757 1642 820 Primum
1682 765 1779 820 est
1821 757 1938 820 soli
1982 757 2111 820 Deo
2154 757 2353 839 possi—

851 852 1004 928 bile,
1020 857 1370 918 secundum
1401 874 1552 918 vero
1581 855 1852 918 difficile
1880 863 1978 918 est
2004 855 2344 938 explicare.

851 953 1112 1027 RursuS,
1165 953 1434 1017 difficile
1482 962 1580 1016 est
1627 953 1983 1036 intelligere
2030 954 2350 1036 quomodo

852 1052 1232 1114 characteris
1291 1053 1630 1134 impressio
1677 1053 1878 1135 possit
1925 1071 2066 1115 esse
2111 1053 2192 1116 ab
2240 1052 2351 1114 illa

849 1149 1107 1224 virtute,
1151 1170 1350 1233 quum
1401 1152 1726 1214 character
1765 1151 2056 1214 videatur
2097 1169 2237 1213 esse
2280 1151 2347 1212 in

848 1249 1164 1330 superiori
1194 1256 1372 1330 parte
1401 1250 1651 1324 animai,
1671 1249 1733 1310 in
1763 1267 1956 1330 quam
1987 1249 2155 1312 solus
2185 1249 2347 1312 Deus

847 1352 1057 1428 potest
1102 1345 1394 1409 influere.
1439 1346 1782 1421 Postremo,
1825 1347 1891 1409 in
1940 1346 2347 1410 Sacramento

845 1445 1084 1519 altaris,
1119 1445 1185 1507 in
1214 1463 1342 1526 quo
1370 1445 1450 1508 fit
1477 1445 1691 1508 subito
1723 1445 2345 1509 transsubstantiatio

847 1543 1031 1625 panis
1061 1545 1417 1606 secundum
1458 1563 1526 1606 se
1551 1551 1758 1606 totum
1800 1544 1865 1606 in
1905 1561 2138 1626 corpus
2170 1544 2345 1607 Chri-

846 1642 927 1704 sti
971 1643 1170 1724 (quod
1214 1661 1352 1705 esse
1402 1660 1530 1705 non
1580 1642 1749 1705 valet
1791 1643 1914 1705 nisi
1963 1643 2045 1704 ab
2088 1643 2345 1706 infinita

845 1740 1130 1822 virtute),
1183 1741 1502 1822 quomodo
1551 1740 1819 1804 verbum
1882 1741 2201 1823 prolatum
2260 1741 2340 1804 ab

2455 757 2534 820 Et
2575 758 2888 821 differunt
2925 760 2991 822 in
3030 760 3151 823 hoc
3192 779 3231 822 a
3269 761 3679 824 sacramentis
3715 759 3953 824 veteris

2456 854 2634 936 legia,
2660 857 3011 938 praesertim
3043 859 3251 940 quoad
3282 859 3457 922 illam
3486 859 3823 922 efficacem
3856 875 3957 922 or-

2454 954 2845 1018 dinationem
2882 973 2896 1017 z
2930 957 3083 1038 quia
3125 975 3253 1020 non
3298 956 3761 1020 interveniebat
3804 956 3955 1018 talis

2453 1054 2664 1134 pactio
2696 1053 2758 1116 in
2801 1052 2929 1116 illis
2970 1055 3403 1134 sacramentis,
3436 1073 3552 1137 per
3581 1073 3773 1136 quam
3810 1052 3957 1116 effi-

2453 1170 2567 1214 cax
2598 1152 3085 1234 infallibilisque
3125 1152 3313 1217 fieret
3350 1154 3665 1234 ordinatio
3702 1154 3779 1216 ad
3812 1171 3954 1234 gra-

2451 1251 2629 1325 tiam,
2664 1251 2831 1314 sicut
2874 1251 2939 1314 in
2984 1253 3397 1316 sacramentis
3440 1268 3621 1315 novae
3669 1250 3848 1333 legis,
3882 1257 3955 1312 ut

2451 1357 2626 1430 patet
2672 1349 2737 1412 in
2787 1349 3187 1413 institutione
3235 1350 3565 1433 Baptismi,
3614 1349 3727 1412 ubi
3778 1349 3957 1413 Chri-

2452 1452 2586 1508 stus
2634 1446 2797 1509 dixit
2849 1464 2862 1508 :
2915 1447 3033 1521 Qui
3092 1448 3432 1510 crediderit
3482 1456 3546 1510 et
3592 1447 3955 1529 baptizatus
4002 1463 4237 1516 uorem,

2452 1543 2667 1619 fuerit,
2703 1545 2915 1608 salvus
2958 1545 3097 1608 erit.
3137 1547 3207 1608 ln
3248 1545 3392 1609 aliis
3439 1564 3695 1628 quoque
3741 1545 3954 1608 tribus
3988 1531 4057 1570 ¹⁶·

2452 1642 2961 1706 modishabendi
2994 1644 3319 1719 virtutem,
3339 1643 3705 1708 differentia
3732 1651 3830 1707 est
3862 1644 3957 1704 in-

2450 1749 2547 1804 ter
2578 1749 2845 1824 utraque
2886 1750 3289 1805 sacramenta·
3313 1761 3509 1825 penes
3542 1743 3743 1824 magis
3782 1759 3959 1804 com·

843 1838 1105 1901 homine
1146 1846 1276 1901 tam
1321 1838 1522 1902 finita)
1559 1838 1834 1914 virtutiS,
1868 1838 2102 1921 poterit
2138 1839 2337 1901 adis·
2375 1841 2422 1904 B
2452 1840 2697 1922 pletum
2756 1847 2820 1902 et
2876 1839 3089 1902 minus
3145 1839 3535 1923 completum
3599 1859 3614 1903 t
3674 1841 3824 1923 quia
3884 1840 3955 1902 in

841 1943 971 1998 tam
1020 1936 1788 2000 transsubstantiationem
1840 1937 2189 2018 cooperari,
2230 1945 2341 1998 aut

839 2034 1083 2116 aliquid
1123 2034 1417 2116 operarii
1447 2034 1526 2097 Et
1564 2042 1734 2097 certe
1777 2035 1831 2096 si
1873 2035 2031 2097 illud
2069 2034 2339 2097 verbum

839 2132 1143 2196 virtutem
1174 2149 1302 2194 non
1335 2132 1526 2195 habet
1554 2140 1868 2213 agentem,
1895 2133 2096 2196 multo
2125 2133 2340 2196 minus

839 2229 1036 2292 verba
1073 2229 1345 2292 aliorum
1388 2237 1950 2293 sacramentorum.
1985 2266 2067 2276 —
2096 2231 2240 2294 Haee
2278 2239 2343 2294 et

838 2328 1042 2391 multa
1071 2328 1172 2390 his
1203 2327 1580 2402 consimilia,
1605 2328 1788 2391 valde
1819 2328 2090 2391 difficile
2119 2336 2217 2390 est
2248 2329 2341 2390 in-

837 2426 1128 2508 telligere
1157 2432 1221 2490 et
1249 2425 1604 2508 explicare:
1626 2446 1768 2508 quae
1797 2435 2012 2489 tamen
2041 2445 2170 2490 non
2202 2447 2341 2489 nar-

839 2542 913 2587 ro
955 2525 1136 2606 quasi
1187 2525 1452 2587 credens
1500 2543 1576 2587 ea
1622 2525 1992 2589 insolubilia
2039 2544 2201 2600 esse,
2234 2531 2343 2587 aut

840 2643 956 2705 per
984 2641 1059 2686 ea
1088 2624 1471 2704 positionem
1502 2624 1665 2686 hanc
1696 2624 2097 2707 improbans;
2130 2625 2239 2686 sed
2270 2631 2343 2686 ut

839 2722 1169 2784 ostendam
1200 2740 1302 2784 me
1333 2739 1408 2783 ea
1435 2739 1564 2784 non
1595 2721 1951 2803 intelligere
1982 2723 2187 2804 plene,
2202 2723 2343 2786 ideo

838 2837 958 2882 nec
989 2817 1317 2882 affirmare
1347 2837 1558 2900 neque
1588 2837 1818 2900 negare
1851 2820 1986 2883 haec
2016 2819 2201 2883 velle.
2236 2821 2341 2882 Ni-

838 2916 973 2980 hilo
1003 2917 1218 2980 minus
1257 2916 1443 3000 plura
1481 2924 1690 2999 potest
1727 2917 1936 2981 facere
1975 2917 2143 2980 Deus
2179 2925 2243 2981 et
2275 2919 2340 2980 in

2450 1937 2863 2000 sacramentis
2912 1955 3094 2000 novae
3142 1936 3299 2018 legis
3358 1937 3633 2020 Spiritus
3682 1938 3955 2000 Sanctus

2446 2033 2761 2114 justitiam
2791 2032 3073 2096 influens
3114 2033 3369 2115 plenius
3407 2034 3678 2108 adsistit,
3710 2040 3775 2097 et
3814 2053 3958 2116 pas-

2447 2132 2544 2195 sio
2595 2131 2825 2194 Christi
2879 2131 3079 2212 magis
3127 2132 3451 2194 meritorie
3494 2132 3836 2195 concurrit.
3882 2133 3955 2194 In

2448 2230 2634 2310 cujus
2683 2231 2937 2310 signum
2991 2231 3069 2293 de
3122 2230 3315 2293 latere
3364 2229 3595 2294 Christi
3649 2231 3954 2313 patientis

2448 2328 2778 2391 fluxerunt
2824 2328 3081 2409 sanguis
3130 2336 3193 2390 et
3238 2347 3425 2410 aqua,
3458 2335 3523 2392 et
3567 2348 3682 2411 per
3728 2347 3953 2393 conse-
3996 2355 4237 2404 lamam,

2448 2445 2652 2509 quens
2682 2433 3096 2500 sacramenta,
3130 2427 3208 2489 de
3238 2426 3474 2509 quibus
3506 2427 3809 2491 fundatur
3836 2427 3954 2490 Ec-
3983 2423 4052 2464 ³*-

2449 2524 2660 2588 clesia.
2703 2524 3143 2587 Abundantior
3192 2525 3345 2588 item
3393 2533 3491 2587 est
3536 2525 3953 2608 suscipientis

2449 2624 2723 2696 devotio,
2758 2630 2895 2686 tum
2944 2631 3207 2706 propter
3251 2623 3405 2686 fidei
3451 2624 3951 2700 incrementum,

2448 2729 2586 2784 tum
2617 2729 2878 2804 propter
2908 2721 3268 2784 subsidium
3312 2721 3464 2784 fidei
3505 2723 3700 2785 totius
3738 2723 3959 2786 Eccle-

2450 2820 2559 2883 siae
2594 2837 2608 2882 ε
2644 2820 2797 2902 quia
2839 2819 2903 2880 in
2948 2817 3081 2882 fide
3127 2818 3426 2882 Ecclesiae
3470 2820 3833 2903 suscipiunt
3874 2822 3957 2883 fi-

2450 2919 2623 2981 deles
2656 2925 3048 2980 sacramenta
3078 2916 3527 2980 ecclesiastica.
3564 2919 3782 3001 Itaque
3812 2939 3959 3002 pro·

839 3015 1253 3078 sacramentis
1283 3015 1476 3078 etiam
1516 3015 1690 3088 facit,
1723 3034 1917 3097 quam
1959 3034 2073 3079 nos
2107 3016 2342 3079 intelli·
2374 3020 2417 3083 C
2451 3024 2595 3100 pter
2622 3018 2737 3080 hos
2770 3016 2985 3080 modos
3016 3015 3288 3078 habendi
3320 3017 3637 3090 virtutem,
3653 3019 3961 3081 dicuntur

839 3132 989 3196 gere
1018 3113 1362 3178 valeamus.
1397 3115 1574 3177 Unde
1612 3114 1688 3177 ad
1725 3114 2340 3197 incomprehensibi-

842 3212 969 3275 lem
1009 3213 1121 3275 Dei
1160 3212 1687 3295 omnipotentiam
1726 3213 2175 3294 confugiendo,
2208 3232 2340 3277 om-

841 3311 950 3375 nia
991 3328 1333 3393 possumus
1376 3311 1564 3374 facile
1607 3311 1946 3374 declinare.

922 3412 1227 3475 Praeterea
1256 3410 1528 3473 aliorum
1559 3410 1792 3492 positio
1831 3417 1928 3473 est
1960 3428 1974 3472 ε
2009 3412 2342 3493 supposito

841 3511 1010 3594 quod
1042 3510 1108 3572 in
1138 3509 1552 3572 sacramentis
1581 3527 1760 3572 novae
1792 3509 1949 3591 legis
1978 3509 2196 3572 divina
2224 3511 2344 3573 vir-

839 3618 943 3672 tus
986 3607 1292 3671 secretius
1334 3614 1635 3687 operetur
1661 3606 1840 3688 (quia
1881 3607 2005 3670 hoc
2047 3616 2145 3670 est
2186 3608 2339 3672 fidei

840 3713 904 3771 et
943 3704 1305 3770 communis
1345 3704 1722 3784 sententiaa),
1767 3704 2068 3768 dixerunt
2113 3706 2337 3788 aliqui,

841 3811 1234 3869 sacramenta
1289 3820 1470 3867 novae
1528 3803 1684 3885 legis
1744 3803 1977 3866 habere
2035 3805 2339 3869 virtutem

837 3900 1237 3985 justificandi
1286 3918 1300 3963 ε
1341 3901 1641 3963 virtutem
1690 3901 2012 3982 (inquam)
2061 3901 2341 3965 influen-

839 4011 993 4077 tem,
1027 4000 1330 4064 virtutem
1361 4007 1856 4080 promerentem,
1880 4000 2183 4062 virtutem
2214 4002 2340 4065 dis-

840 4106 1184 4184 ponentem
1217 4104 1282 4159 et
1311 4095 1665 4158 efficaciter
1692 4096 2110 4160 ordinantem.
2135 4099 2343 4162 Virtu-

2451 3123 2847 3179 sacramenta
2885 3115 3267 3196 evangelica»,
3307 3115 3462 3197 legis
3497 3115 3856 3197 justificare
3892 3128 3960 3181 et

2454 3234 2593 3278 esse
2636 3234 2826 3278 causa
2864 3215 3099 3296 gratiae.

2533 3314 2970 3395 Denique,qui
3005 3312 3167 3376 hanc
3198 3313 3513 3376 sustinent
3542 3314 3956 3395 positionem,

2452 3410 2519 3472 in
2549 3410 2963 3473 sacramentis
3004 3427 3185 3473 novae
3225 3410 3383 3493 legis
3422 3410 3765 3474 noluerunt
3806 3414 3958 3495 plus

2453 3526 2691 3591 ponere
2725 3526 2739 3571 ε
2774 3516 2934 3583 tum,
2970 3507 3120 3590 quia
3162 3507 3283 3571 ista
3312 3510 3612 3572 videntur
3640 3511 3793 3573 satis
3823 3512 3958 3575 suf·

2451 3606 2647 3669 ficere
2678 3607 2755 3669 ad
2786 3614 3065 3669 nostram
3106 3607 3498 3669 sanationem
3540 3615 3603 3671 et
3635 3608 3957 3690 justifica-

2451 3706 2728 3784 tionem3
2760 3712 2920 3778 tum,
2945 3705 3095 3787 quia
3123 3724 3203 3767 ex
3235 3704 3355 3767 isto
3383 3706 3786 3789 quadruplici
3822 3726 3959 3772 mo-

2452 3804 2534 3866 do
2586 3802 2861 3866 habendi
2918 3803 3245 3877 virtutem,
3302 3804 3453 3865 satis
3506 3805 3959 3870 manifestatur

2450 3900 2749 3964 nobilitas
2789 3910 3330 3964 sacramentorum
3370 3904 3753 3983 evangelicae
3792 3905 3957 3987 legis

2451 4000 2516 4062 in
2548 4018 2617 4061 se
2648 3998 2841 4081 ipsis3
2872 4007 3032 4074 tum,
3054 4000 3206 4081 quia
3236 4003 3589 4065 secundum
3621 4002 3777 4073 hanc,
3798 4005 3955 4067 satis

2447 4106 2711 4180 apparet
2764 4096 3128 4160 differentia
3186 4098 3351 4162 inter
3398 4101 3732 4183 utriusque
3789 4101 3957 4183 legis

837 4206 967 4261 tem
1028 4194 1432 4268 influentem,
1488 4193 1732 4256 ratione
1792 4194 2066 4276 Spiritus
2125 4196 2337 4259 Sancti
2367 4198 2418 4259 D
2448 4201 2877 4274 sacramenta3
2908 4203 3069 4269 tum,
3102 4196 3254 4277 quia
3292 4197 3469 4260 nulla
3506 4217 3807 4281 expressa
3838 4219 3954 4262 au-

835 4293 1230 4370 adsistentis;
1255 4292 1556 4353 virtutem
1588 4299 2080 4373 promerentem,
2095 4295 2338 4359 ratione

840 4392 1050 4456 meriti
1102 4389 1416 4473 passionis
1459 4387 1689 4451 Christi
1740 4390 1818 4451 ad
1869 4400 2335 4456 sacramentum

839 4487 1320 4567 concurrentis3
1365 4486 1666 4549 virtutem
1717 4486 2183 4568 disponentem,
2240 4510 2335 4553 ra-

837 4589 1012 4652 tione
1059 4585 1414 4650 devotionis
1462 4584 1666 4667 ipsius
1714 4584 1928 4648 fidelis
1977 4606 2337 4651 sacramen-

836 4694 977 4750 tum
1008 4681 1454 4767 suscipientis3
1485 4681 1788 4747 virtutem
1818 4683 2095 4767 denique
2125 4686 2336 4749 effica-

835 4786 995 4849 citer
1022 4783 1444 4856 ordinantem,
1477 4781 1721 4845 ratione
1749 4782 1982 4845 divinae
2021 4783 2333 4865 pactionis

833 4881 1247 4948 instituentis
1282 4880 1385 4945 Sic
1433 4879 1675 4963 quippe
1722 4880 2000 4943 instituit
2039 4883 2227 4957 DeuS,
2262 4891 2333 4946 ut

829 4985 908 5049 ad
957 4981 1102 5045 talis
1142 4978 1325 5043 verbi
1369 4978 1788 5061 prolationem
1839 4986 1904 5041 et
1951 4982 2332 5045 sacramenti

830 5084 1005 5168 piam
1047 5078 1543 5161 susceptionem,
1577 5077 1694 5139 fiat
1732 5077 1800 5140 in
1830 5078 2331 5161 suscipientibus

834 5177 1148 5245 mirabilis
1177 5177 1481 5259 operatio,
1501 5176 1762 5249 curatio,
1778 5176 2171 5257 justificatiO,
2190 5196 2333 5240 con·

834 5277 1113 5352 fortatio,
1145 5283 1306 5357 etc.;
1355 5281 1545 5359 atque
1595 5291 1710 5357 pro
1758 5281 1954 5349 tanto,
1999 5274 2331 5339 affirmant

2449 4294 2703 4357 ctoritas
2735 4294 2989 4356 videtur
3019 4310 3265 4374 cogere,
3289 4297 3567 4379 amplius
3598 4296 3955 4361 attribuere

2446 4391 2858 4455 sacramentis
2899 4410 3079 4455 novae
3120 4391 3295 4474 legis.
3329 4394 3502 4456 Hane
3542 4394 3734 4458 etiam
3779 4397 3955 4479 posi-

2443 4492 2679 4554 tionem
2712 4490 3030 4553 sustinent
3058 4490 3273 4573 plures
3301 4491 3466 4555 bene
3497 4493 3947 4576 intelligentes.

2445 4589 2566 4652 Sed
2596 4596 2659 4650 et
2687 4588 2981 4651 dominus
3012 4589 3390 4655 Guillelmus
3418 4592 3789 4656 Parisiensis
3817 4595 3955 4676 epi·

2444 4705 2698 4769 scopuS,
2751 4687 2816 4748 in
2868 4687 3351 4752 determinando
3400 4688 3465 4751 in
3514 4690 3751 4754 scholis
3798 4692 3951 4755 Fra-

2444 4794 2613 4848 trum
2658 4785 2996 4859 Minorum,
3041 4786 3416 4867 approbavit
3464 4788 3637 4851 hunc
3678 4790 3949 4855 modum

2443 4882 2697 4946 dicendi
2747 4900 2960 4945 coram
3003 4882 3198 4947 fratre
3240 4883 3597 4949 Alexandro
3640 4888 3761 4969 piae
3810 4907 3951 4953 me-

2443 4981 2677 5044 morias.
2732 4982 2967 5043 Verum
3028 4982 3090 5043 in
3149 4982 3250 5044 his
3310 4982 3525 5045 dubiis
3574 5002 3701 5047 non
3750 5003 3948 5068 opor-

2440 5087 2529 5143 tet
2568 5078 2811 5162 aliquid
2855 5086 3096 5144 temere
3141 5080 3491 5157 affirmare,
3532 5083 3644 5145 sed
3691 5083 3949 5149 sufficit

2438 5180 2602 5241 scire
2661 5178 2815 5261 quid
2874 5180 3193 5260 sapientes
3248 5190 3608 5255 senserunt,
3662 5202 3782 5246 nec
3841 5194 3948 5249 est

2439 5277 2595 5340 utile
2626 5276 3143 5341 contentionibus
3174 5278 3513 5343 deservire.
3540 5316 3615 5325 —
3647 5282 3792 5345 Haec
3821 5283 3944 5347 Bo-
