4267 6250
1474 487 1538 534 IN
1578 488 1800 536 Lutum!
1841 490 1903 536 lv
1943 488 2427 538 snmnmunuu.
2469 507 2549 520 -
2588 491 2743 538 msT.
2786 491 2890 555 113
2934 492 3159 548 QUAEST.
3202 493 3223 538 1

792 655 1033 719 ratione
1079 666 1339 734 naturae,
1374 667 1446 722 ut
1483 659 1691 741 primo
1732 660 2145 744 Physicorum
2183 661 2289 724 ha·
2316 660 2367 724 A
2396 680 2511 745 per
2547 670 2985 744 augmentum,
3018 663 3121 727 vel
3162 663 3389 726 saltem
3432 682 3547 746 per
3584 671 3905 726 restaura-

789 753 994 817 betur.
1046 756 1590 829 Quemadmodum
1648 767 1860 822 autem
1919 779 2059 822 esse
2116 778 2287 823 com·

791 854 1004 935 posit-i,
1045 855 1214 936 quod
1259 875 1334 918 ex
1385 858 1956 940 praesuppositione
2005 859 2287 922 materiae

791 960 1016 1015 natura
1059 955 1373 1035 producit,
1406 957 1761 1038 operationi
1804 964 2044 1020 naturae
2086 957 2287 1038 subji-

794 1051 996 1130 citui-3
1040 1053 1126 1114 ita
1170 1053 1307 1135 ipsa
1349 1055 1614 1118 materia
1659 1056 1893 1119 actioni
1943 1054 2288 1137 subjicitur

792 1150 983 1231 primi
1021 1153 1286 1232 agentis,
1319 1172 1356 1215 a
1384 1172 1511 1235 quo
1540 1172 1679 1217 esse
1715 1173 1902 1216 suum
1944 1154 2287 1236 potentiale

795 1248 1246 1330 imperfectum
1289 1252 1508 1314 sortita
1550 1261 1663 1316 est.
1700 1253 1932 1335 Sicque
1969 1253 2135 1316 actio
2173 1253 2286 1315 Dei

793 1347 1098 1429 pertingit
1127 1369 1320 1432 usque
1347 1350 1427 1412 ad
1459 1351 1660 1432 ipsam
1696 1351 2024 1413 materiam
2055 1359 2118 1413 et
2148 1351 2287 1432 ejus

792 1446 1232 1522 variationem,
1285 1448 1372 1512 ita
1426 1451 1596 1533 quod
1653 1450 1821 1512 sicut
1867 1458 2090 1513 natura
2136 1448 2289 1512 facit

794 1544 914 1607 hoc
957 1552 1158 1608 totum
1198 1566 1336 1611 esse
1374 1548 1495 1612 hoc
1527 1555 1754 1624 totum,
1786 1556 1857 1611 ut
1886 1567 1963 1610 ex
1995 1556 2128 1610 toto
2166 1548 2289 1610 hoc

791 1660 936 1705 aere
966 1652 1160 1706 totam
1202 1645 1366 1708 hanc
1398 1665 1668 1728 aquam3
1709 1646 1802 1709 sic
1830 1647 1996 1710 Deus
2027 1646 2181 1709 facit
2208 1665 2288 1709 ex

791 1742 1054 1805 materia
1095 1743 1214 1807 ista
1255 1743 1498 1826 signata
1543 1745 1738 1808 illam.
1781 1746 2116 1827 Quumque
2162 1765 2289 1807 ma-

2394 761 2634 824 tionem
2667 762 3001 843 deperditi,
3034 762 3202 826 sicut
3232 762 3297 825 in
3326 762 3737 826 nutrimento.
3771 763 3906 825 Sed

2396 860 2523 934 hic,
2559 860 2677 923 hoc
2708 860 2921 942 ipsum
2952 861 3019 924 in
3061 861 3233 945 quod
3267 860 3346 923 fit
3374 861 3729 934 conversio,
3760 869 3909 924 erat

2397 958 2863 1039 praeexsistens‚
2905 966 2969 1021 et
3012 977 3136 1022 non
3182 959 3243 1022 ei
3286 959 3539 1022 additur
3578 978 3595 1023 :
3637 959 3788 1041 quia
3830 967 3909 1020 ut

2396 1055 2639 1118 dictum
2690 1064 2807 1131 est,
2862 1057 3021 1120 illud
3071 1059 3241 1141 quod
3291 1058 3703 1131 convertitur,
3748 1075 3907 1120 con-

2396 1155 2666 1217 vertitur
2707 1155 2774 1217 in
2813 1155 3025 1238 ipsum
3069 1156 3423 1219 secundum
3466 1163 3667 1218 totum
3702 1163 3768 1219 et
3804 1175 3909 1218 se-

2397 1252 2679 1315 cundum
2740 1261 2950 1335 partes
2998 1254 3141 1336 ejus
3198 1271 3439 1317 omneS.
3493 1254 3669 1316 Unde
3716 1263 3781 1317 et
3831 1255 3905 1317 in

2396 1352 3101 1417 transsubstantiatione
3149 1353 3213 1417 id
3262 1354 3327 1416 in
3376 1355 3547 1437 quod
3598 1353 3905 1417 termina-

2395 1458 2500 1513 tur
2530 1451 2883 1526 conversio,
2915 1460 3135 1534 utpote
3165 1470 3398 1534 corpus
3426 1451 3683 1526 Christi,
3716 1451 3907 1515 nullo

2396 1551 2587 1612 modo
2629 1557 3107 1624 transmutatur,
3144 1551 3255 1614 sed
3298 1550 3505 1614 solum
3553 1551 3737 1633 panis
3778 1551 3901 1633 qui

2396 1649 2807 1712 convertitur.
2842 1650 3059 1731 ltaque
3091 1648 3423 1713 conversio
3452 1649 3572 1712 ista
3599 1649 3721 1712 sub
3752 1651 3905 1712 nul·

2401 1748 2461 1810 la
2514 1748 3005 1811 conversionum
3062 1748 3449 1811 naturalium
3507 1748 3899 1812 continetur.

789 1840 949 1903 teria
995 1842 1240 1924 signata
1287 1843 1370 1905 sit
1413 1843 1933 1908 individuationis
1982 1845 2285 1926 principi·
2322 1846 2371 1911 B
2398 1846 2693 1928 Aliquam
2724 1853 2936 1909 tamen
2972 1847 3484 1910 convenientiam
3522 1846 3716 1910 habet
3742 1866 3902 1910 cum

792 1960 922 2012 um,
965 1940 1107 2005 ideo
1153 1943 1272 2005 hoc
1320 1943 1517 2006 solius
1565 1944 1676 2006 Dei
1724 1944 2092 2027 operatione
2142 1943 2285 2006 fieri

789 2048 1018 2123 potest,
1063 2051 1132 2103 ut
1173 2042 1293 2105 hoc
1338 2041 1739 2105 individuum
1784 2043 2287 2106 demonstratum

789 2139 907 2201 fiat
953 2139 1110 2202 illud
1171 2141 1574 2203 individuum
1634 2142 2158 2205 demonstratum.
2212 2142 2290 2204 Et

792 2237 933 2299 talis
963 2239 1294 2302 conversio
1324 2247 1419 2302 est
1450 2240 1514 2301 in
1547 2240 1666 2302 hoc
1696 2247 2112 2314 sacramento,
2136 2241 2288 2322 quia

791 2355 868 2398 ex
911 2336 1030 2400 hoc
1071 2356 1232 2419 pane
1272 2337 1350 2401 fit
1387 2339 1508 2402 hoc
1547 2339 1778 2401 Christi
1819 2357 2068 2421 corpus.

872 2435 1033 2498 Hinc
1075 2445 1267 2518 patet,
1304 2437 1474 2520 quod
1524 2437 1642 2499 ista
1688 2437 2020 2500 conversio
2067 2437 2288 2500 differt

790 2534 869 2596 ab
905 2534 1080 2598 omni
1121 2535 1534 2598 conversione
1573 2535 1846 2597 naturali
1886 2535 1952 2597 in
1992 2544 2281 2617 quatuor.

789 2633 1019 2708 Primo,
1070 2633 1222 2715 quia
1276 2634 1354 2696 ad
1412 2633 1686 2716 primam
1743 2634 2048 2716 pertingit
2095 2642 2289 2696 mate·

786 2732 969 2806 riam,
1004 2733 1173 2816 quod
1215 2733 1278 2794 in
1317 2732 1459 2794 aliis
1499 2750 1627 2795 non
1669 2732 1996 2814 contingit.
2033 2733 2110 2796 Et
2136 2733 2288 2814 quia

789 2831 1053 2894 materia
1083 2839 1178 2893 est
1208 2831 1490 2912 primum
1523 2830 1909 2911 subjectum,
1943 2830 2128 2912 cujus
2158 2849 2285 2892 non

787 2938 884 2994 est
913 2930 1279 3012 subjectum
1315 2930 1526 3009 aliud3
1569 2931 1807 2994 idcirco
1851 2931 2130 2994 secundo
2171 2931 2289 2993 dif-

2398 1945 2924 2008 transmutatione
2988 1945 3389 2017 nutrimenti,
3457 1944 3519 2006 in
3581 1953 3905 2028 quantum

2396 2052 2665 2125 utraque
2710 2044 3042 2107 conversio
3085 2043 3163 2106 fit
3206 2043 3271 2106 in
3313 2043 3555 2125 aliquid
3604 2044 3908 2125 praeexsi-

2397 2149 2607 2221 stens3
2650 2142 2871 2204 differt
2917 2160 3172 2224 quoque
3220 2142 3299 2205 ab
3338 2161 3433 2216 ea,
3478 2142 3543 2204 in
3583 2149 3901 2225 quantum

2396 2241 2501 2303 hic
2534 2258 2659 2303 non
2696 2240 2771 2302 fit
2800 2241 3015 2323 aliqua
3053 2241 3291 2304 additio
3322 2239 3597 2304 termino
3630 2259 3903 2304 conver-

2396 2340 2595 2402 sionis
2639 2345 2707 2401 ut
2748 2339 2857 2401 ibi.

2477 2439 2598 2501 Sed
2638 2437 2836 2518 objici
2886 2445 3116 2521 potest,
3156 2437 3311 2519 quia
3356 2438 3687 2501 conversio
3727 2438 3900 2501 acci-

2397 2537 2551 2599 dens
2583 2537 2900 2618 quoddam
2931 2543 3127 2610 est,et
3154 2554 3344 2599 omne
3372 2535 3669 2599 accidens
3696 2543 3793 2598 est
3824 2536 3901 2600 in

2396 2634 2721 2717 subject03
2755 2655 2873 2699 nec
2903 2643 3111 2718 potest
3138 2634 3289 2708 dici,
3323 2635 3493 2717 quod
3521 2633 3714 2715 hujus
3746 2653 3902 2698 con-

2397 2733 2708 2796 versionis
2747 2733 3109 2815 subjectum
3150 2733 3234 2795 sit
3265 2733 3471 2815 paniS,
3504 2751 3623 2796 nec
3660 2750 3903 2816 corpus

2396 2832 2651 2906 Christi,
2685 2832 2835 2915 quia
2868 2849 2996 2894 non
3036 2839 3134 2895 est
3163 2831 3330 2894 idem
3361 2831 3725 2912 subjectum
3758 2851 3907 2894 mu-

2394 2930 2673 3004 tationis,
2706 2938 2771 2993 et
2806 2930 3120 2993 terminus
3158 2949 3197 2992 a
3233 2948 3359 3011 quo
3390 2931 3490 2992 vel
3530 2931 3609 2993 ad
3647 2948 3845 3012 quem
3883 2948 3901 2993 ε

789 3028 915 3092 fert
945 3029 1010 3091 in
1041 3029 1183 3102 hoc,
1218 3029 1387 3109 quod
1420 3029 1538 3090 ista
1566 3029 1898 3091 conversio
1929 3047 2055 3092 non
2096 3029 2287 3092 habet
2323 3028 2367 3091 C
2397 3047 2545 3110 ergo
2589 3029 2772 3111 panis
2820 3047 3223 3111 nequaquam
3270 3029 3336 3090 in
3386 3047 3619 3111 corpus
3662 3028 3905 3093 Christi

792 3127 1157 3210 subjectum
1205 3135 1276 3190 ut
1322 3128 1465 3190 inae.
1510 3128 1741 3199 Tertio,
1784 3128 1956 3210 quod
2000 3128 2064 3189 in
2108 3136 2285 3191 natu-

791 3227 1030 3290 ralibus
1079 3226 1604 3290 conversionibus
1653 3227 2044 3290 convertitur
2079 3235 2283 3291 totum

793 3327 858 3389 in
891 3334 1118 3401 totum,
1151 3345 1277 3389 non
1318 3335 1528 3389 autem
1570 3334 1781 3408 partes
1809 3327 2179 3389 essentiales
2220 3326 2283 3389 in

791 3434 1002 3508 partes
1036 3444 1050 3488 τ
1084 3433 1254 3488 totus
1298 3444 1574 3507 namque
1621 3445 1731 3488 aer
1776 3426 2169 3488 convertitur
2217 3426 2283 3487 in

787 3543 1040 3608 aquam,
1075 3524 1338 3588 materia
1366 3542 1516 3587 vero
1543 3525 1707 3587 aeris
1737 3544 1862 3587 non
1894 3524 2286 3587 convertitur

791 3624 856 3686 in
894 3624 1159 3706 aliquid,
1196 3623 1324 3687 imo
1354 3623 1576 3686 eadem
1619 3631 1866 3701 manet3
1900 3622 2103 3685 forma
2133 3641 2286 3705 quo-

788 3743 914 3806 que
947 3741 1073 3786 non
1115 3723 1526 3795 convertitur,
1561 3723 1671 3785 sed
1711 3722 1969 3796 recedit,
2001 3728 2066 3784 et
2096 3722 2285 3785 intro-

787 3822 1042 3884 ducitur
1071 3821 1216 3884 alia.
1238 3820 1358 3883 Sed
1390 3820 1455 3883 in
1489 3821 1604 3883 hac
1636 3819 2050 3883 conversione
2079 3827 2283 3883 totum

789 3920 1180 3983 convertitur
1229 3920 1293 3981 in
1343 3926 1571 3991 totum,
1618 3919 1920 4000 quoniam
1976 3918 2159 4000 panis
2208 3918 2287 3980 fit

2397 3130 2806 3193 convertitur.
2822 3166 2901 3175 --
2919 3130 3476 3211 Respondendum,
3494 3130 3664 3211 quod
3692 3136 3907 3193 trans-

2397 3228 2662 3292 mutatio
2720 3228 3026 3290 naturalis
3085 3227 3266 3310 ponit
3320 3235 3533 3291 actum
3593 3227 3902 3310 imperse-

2396 3336 2593 3401 ctum,
2620 3334 2688 3389 ut
2715 3327 2951 3390 dicitur
2978 3326 3167 3390 tertio
3196 3326 3628 3410 physicorum.
3661 3327 3903 3400 Quum-

2395 3444 2520 3508 que
2559 3426 2727 3489 idem
2772 3426 2855 3487 sit
2892 3425 3252 3506 subjectum
3296 3434 3476 3488 actus
3522 3423 3786 3507 perfecti
3830 3434 3903 3488 et

2397 3524 2779 3606 imperfecti,
2814 3531 3062 3606 oportet
3089 3524 3261 3606 quod
3299 3523 3661 3606 subjectum
3696 3531 3904 3586 trans-

2397 3623 2766 3686 mutationis
2812 3622 3117 3685 naturalis
3166 3623 3250 3685 sit
3290 3623 3355 3685 id
3397 3623 3567 3704 quod
3614 3631 3901 3704 postmo-

2396 3723 2549 3784 dum
2593 3728 2691 3785 est
2726 3721 3089 3802 subjectum
3130 3728 3308 3784 actus
3350 3721 3641 3803 perfecti,
3674 3722 3903 3784 videli-

2396 3828 2497 3883 cet
2536 3821 2757 3883 formae
2796 3821 2875 3882 ad
2916 3839 3108 3902 quam
3154 3820 3357 3883 tendit
3398 3825 3629 3895 motus,
3660 3828 3725 3883 et
3768 3838 3904 3883 non

2396 3921 2611 4001 ipsum
2651 3920 2785 4001 jam
2828 3918 3207 4002 perlectum.
3241 3919 3707 3982 Transmutatio
3746 3938 3907 3983 vero

788 4036 1019 4100 corpus
1051 4018 1314 4097 Christi3
1348 4025 1411 4079 et
1441 4024 1648 4099 partes
1679 4017 1870 4079 etiam
1906 4024 2285 4080 convertun-

788 4126 914 4192 tur,
949 4118 1100 4200 quia
1141 4118 1404 4179 materia
1443 4116 1628 4199 panis
1664 4116 1742 4178 fit
1777 4116 2036 4179 materia
2069 4133 2286 4198 corpo·

2396 4018 2589 4100 hujus
2639 4018 3075 4082 conversionis
3132 4034 3261 4079 non
3309 4017 3467 4079 dicit
3513 4023 3726 4080 actum
3783 4018 3905 4081 ali-

2397 4136 2586 4199 quem
2631 4116 3105 4199 imperfectum,
3148 4117 3258 4179 sed
3302 4116 3507 4179 solum
3551 4117 3899 4199 quamdam

789 4216 877 4278 ris
927 4215 1195 4295 Christi3
1247 4223 1310 4279 et
1357 4215 1791 4277 substantialis
1839 4215 2044 4277 forma
2100 4216 2285 4298 panis
2314 4214 2365 4276 D
2395 4216 2865 4279 successionem
2931 4214 3383 4297 perfectorum,
3444 4233 3570 4278 non
3632 4223 3899 4279 actuum

789 4314 1087 4377 similiter
1133 4314 1213 4376 sit
1261 4314 1369 4376 illa
1415 4312 1620 4375 forma
1667 4334 1810 4395 quae
1857 4321 1954 4376 est
2000 4314 2285 4396 corporis
2394 4322 2664 4389 tantum,
2700 4315 2809 4377 sed
2849 4322 2913 4376 et
2945 4313 3429 4376 subsistentium
3472 4331 3703 4376 rerum.
3738 4314 3897 4377 Suc-

790 4413 1042 4475 Christi.
1086 4412 1340 4488 Quarto,
1375 4412 1533 4493 ‘quia
1577 4411 1639 4473 in
1693 4411 2088 4473 naturalibus
2136 4430 2284 4475 con·
2393 4412 2596 4476 cessio
2645 4430 2900 4494 quoque
2948 4420 3046 4475 est
3085 4412 3151 4474 in
3200 4411 3689 4474 succedentibus
3736 4412 3892 4488 sibi,

789 4510 1192 4574 versionibus
1230 4517 1686 4573 transmutatur
1725 4518 1788 4571 et
1825 4510 1887 4572 id
1928 4511 2096 4591 quod
2138 4527 2284 4573 con·
2392 4512 2932 4594 quemadmodum
2964 4511 3119 4573 ordo
3151 4510 3214 4571 in
3244 4509 3585 4589 ordinatis;
3616 4518 3682 4572 et
3705 4509 3895 4592 juxta

788 4611 1079 4683 vertitur,
1113 4618 1176 4673 et
1208 4609 1269 4671 id
1302 4609 1364 4671 in
1397 4610 1566 4690 quod
1598 4608 2006 4671 convertitur.
2041 4609 2283 4691 Nempe
2393 4610 2675 4692 regulam
2720 4610 2787 4671 in
2832 4610 3041 4691 primo
3081 4609 3245 4672 libro
3282 4608 3573 4671 traditam
3614 4609 3693 4672 de
3726 4609 3891 4672 rela-
3954 4630 4053 4686 cs.
4080 4639 4122 4677 t.
4154 4636 4257 4687 xx,

785 4710 955 4793 quod
990 4709 1054 4770 in
1085 4707 1352 4770 alterum
1385 4706 1793 4780 convertitur,
1807 4725 2060 4789 semper
2087 4714 2283 4770 trans·
2388 4709 2563 4782 tivis,
2596 4708 2717 4770 erit
2747 4708 2866 4771 ista
2895 4707 3117 4770 relatio
3145 4706 3389 4770 ordinis
3418 4706 3609 4787 hujus
3638 4726 3894 4771 succes-
3922 4696 4257 4747 “²⁰⁰⁸'⁰²³·

789 4815 1070 4872 mutatur
1109 4806 1535 4888 corruptione.
1581 4805 1646 4867 ld
1680 4823 1829 4868 vero
1866 4805 1928 4865 in
1966 4806 2136 4886 quod
2175 4806 2285 4867 ali·
2390 4807 2589 4871 sionis
2620 4806 2873 4869 realiter
2900 4805 2967 4867 in
2999 4824 3161 4887 pane
3188 4804 3301 4888 qui
3330 4805 3744 4881 convertitur,
3758 4824 3895 4871 non

785 4908 942 4991 quid
983 4906 1351 4970 naturaliter
1381 4904 1787 4977 convertitur,
1819 4904 1871 4967 si
1904 4904 1988 4967 sit
2017 4904 2283 4986 simplex
2394 4906 2460 4968 in
2510 4922 2773 4988 corpore
2822 4904 3076 4977 Christi,
3128 4903 3252 4965 nisi
3302 4902 3654 4967 secundum
3705 4904 3897 4967 ratio-

787 5006 1612 5079 conversi0,transmutatur
1645 5022 1758 5085 per
1783 5004 2281 5084 generationem,
2392 5023 2564 5078 nem,
2598 5002 2901 5085 quoniam
2941 5009 3272 5084 permanet
3310 5002 3736 5065 immutatum.

791 5114 859 5168 ut
889 5106 1042 5167 dum
1084 5122 1250 5186 aqua
1285 5109 1624 5184 generatur
1654 5120 1730 5164 ex
1766 5119 1943 5182 aere;
1975 5102 2027 5164 si
2069 5110 2284 5165 autem
2472 5101 2785 5175 Quaeritur
2827 5118 3104 5184 quoque,
3144 5119 3225 5162 an
3270 5099 3601 5163 conversio
3642 5099 3762 5163 ista
3810 5100 3898 5164 sit

789 5204 872 5267 sit
901 5200 1234 5267 conversio
1266 5219 1414 5264 cum
1453 5199 1776 5264 additione
1805 5200 1880 5263 ad
1920 5201 2095 5263 aliud
2134 5222 2288 5284 prae-
2394 5199 2772 5265 successiva.
2799 5200 3174 5274 Dicendum,
3194 5200 3363 5281 quod
3394 5217 3583 5263 causa
3612 5218 3728 5261 cur
3756 5218 3899 5263 mu·

2396 5298 2549 5362 tatio
2578 5304 2675 5362 est
2703 5296 3195 5373 successiva,est
3224 5296 3523 5360 distantia
3548 5296 3691 5378 ejus
3718 5298 3897 5379 quod

3880 5389 3915 5417 Ο

791 5302 1124 5377 exsistenS,
1170 5300 1325 5363 illud
1370 5299 1475 5362 cui
1515 5299 1788 5375 additur,
1831 5306 2290 5363 transmutatur
