4267 6250
1232 806 2472 935 COMMENTARIA

517 1148 752 1286 IN
914 1143 2076 1312 QUARTUM
2250 1142 3190 1283 LIBRUM

845 1503 2859 1676 SENTENTIARUM

1372 2248 2336 2362 PROOEMIUM

325 2631 808 2910 SANABO
831 2633 1257 2693 contritiones
1284 2651 1532 2702 eorum,
1561 2631 1840 2708 diliqam
1867 2649 1970 2692 eos
1998 2638 2367 2707 spontanee,
2387 2629 2547 2708 quia
2576 2647 2845 2689 aversus
2870 2638 2964 2688 est
2989 2629 3193 2706 furor
3218 2648 3397 2690 meus

522 2745 604 2802 ab
643 2743 762 2802 eis.
795 2739 954 2804 Osee
993 2757 1120 2812 xw,
1151 2738 1209 2802 5.

643 2848 715 2910 In
753 2846 1015 2910 exordio
1051 2845 1430 2909 saeculorum
1471 2844 1718 2928 primus
1757 2844 1867 2907 ille
1903 2851 2209 2926 apostata,
2242 2843 2352 2926 qui
2395 2842 2461 2904 in
2498 2842 2765 2904 veritate
2803 2859 2930 2905 non
2970 2842 3165 2916 stetit,
3197 2842 3396 2905 ambi·
3420 2871 3692 2927 lacunam,

306 2956 488 3019 tionis
529 2975 664 3020 suae
703 2972 952 3018 veneno
991 2953 1232 3036 primos
1275 2959 1524 3017 nostros
1563 2952 1837 3034 decepit,
1872 2951 2109 3033 dejecit
2146 2958 2213 3014 et
2251 2949 2737 3014 convulneravit
2778 2957 3073 3032 parentes
3107 2967 3123 3012 ι
3158 2949 3289 3013 imo
3330 2957 3397 3013 et
3420 2936 3492 2980 ⁴⁴·

307 3063 730 3145 posteritatem
777 3061 843 3123 in
885 3079 1001 3123 sua
1044 3059 1270 3125 infecit
1305 3060 1540 3135 radice,
1571 3077 1645 3122 ac
1685 3078 1801 3142 per
1842 3058 1962 3122 hoc
2007 3077 2211 3142 genus
2254 3057 2609 3119 humanum
2649 3063 2743 3120 tot
2778 3063 2841 3120 et
2880 3057 3073 3120 tantis
3120 3057 3398 3140 subjecit

304 3172 618 3245 aerumnis,
653 3168 946 3233 cladibus
975 3175 1040 3231 et
1069 3168 1370 3250 peccatis,
1405 3168 1472 3230 in
1501 3166 1837 3230 animabus
1875 3174 2067 3249 atque
2098 3164 2499 3249 corporibus,
2532 3173 2603 3227 ut
2632 3164 2794 3228 illud
2824 3164 2999 3229 lsaiae
3027 3165 3157 3228 dici
3194 3166 3397 3249 possit

303 3277 376 3340 de
401 3278 494 3341 eis
527 3298 543 3344 ε
575 3278 628 3341 Α
659 3276 877 3359 planta
915 3275 1096 3358 pedis
1134 3292 1340 3357 usque
1367 3274 1446 3337 ad
1475 3274 1782 3343 verticem
1813 3275 2042 3358 capitis
2081 3292 2211 3337 non
2242 3280 2340 3337 est
2369 3272 2433 3335 in
2464 3291 2542 3336 eo
2570 3273 2806 3337 sanitas
2824 3290 2842 3354 ;
2872 3266 3108 3337 vulnus
3135 3282 3204 3337 et
3230 3275 3395 3339 livor
3444 3293 3605 3347 ιι.ι.ο.

303 3394 362 3447 et
388 3385 570 3469 plaga
597 3394 878 3448 tumens.
911 3382 1056 3447 Haec
1085 3389 1237 3445 sunt
1265 3382 1574 3464 originale
1614 3390 1948 3466 peccatum
1977 3390 2041 3445 et
2069 3388 2343 3464 quatuor
2370 3380 2639 3444 vulnera
2676 3380 2837 3445 illud
2876 3390 3127 3463 secuta3
3160 3383 3391 3447 deinde

305 3508 550 3573 quoque
591 3490 1088 3554 innumerabilia
1131 3488 1298 3551 mala
1336 3489 1542 3571 culpae
1579 3508 1652 3551 ac
1691 3508 1897 3572 poenae
1937 3489 2082 3553 vitae
2125 3486 2478 3570 praesentiS,
2512 3487 2600 3549 ita
2644 3494 2715 3549 ut
2757 3486 2916 3551 illud
2962 3488 3391 3554 Ecclesiastici

303 3604 461 3659 recte
489 3597 744 3659 dicatur
777 3614 792 3660 :
825 3590 1170 3677 occupatio
1201 3612 1430 3675 magna
1459 3601 1666 3657 creata
1693 3601 1792 3657 est
1819 3594 2143 3669 omnibuS,
2176 3602 2242 3658 et
2268 3612 2457 3676 grave
2484 3593 2711 3677 jugum
2748 3614 2943 3678 super
2969 3613 3192 3660 omnes
3220 3596 3393 3661 filios
3419 3614 3689 3670 saeuam.

299 3702 512 3777 Adam,
546 3722 588 3765 a
611 3703 718 3767 die
755 3703 966 3767 exitus
1005 3702 1086 3765 de
1113 3708 1337 3764 ventre
1377 3700 1598 3763 matris
1635 3718 1858 3765 eorum
1899 3720 2104 3784 usque
2146 3702 2209 3764 in
2250 3702 2421 3765 diem
2462 3702 2807 3786 sepulturae
2846 3703 2915 3766 in
2954 3712 3223 3768 matrem
3261 3723 3395 3769 om·

300 3812 490 3875 nium.
525 3812 834 3876 Proeterea
863 3810 1118 3875 Creator
1156 3808 1511 3892 piissimus,
1542 3808 1827 3891 deceptis
1865 3808 2092 3892 primis
2131 3808 2503 3893 parentibus
2532 3818 2595 3873 et
2624 3828 2846 3874 eorum
2885 3812 3069 3895 stirpi
3108 3821 3392 3876 statuens

301 3918 606 3993 misereri,
639 3925 861 3982 contra
891 3916 1152 4000 praefata
1181 3917 1448 3981 vulnera
1487 3915 1765 3999 providit
1792 3916 1870 3979 de
1901 3917 2199 3998 congruis
2233 3917 2605 4001 idoneisque
2635 3917 2957 3993 remediis,
2989 3926 3119 3981 tam
3156 3918 3222 3981 in
3254 3918 3391 4000 lege

299 4034 556 4101 naturae,
590 4044 784 4109 quam
815 4025 882 4087 in
919 4024 1060 4106 lege
1092 4024 1329 4107 scripta
1359 4030 1422 4087 et
1451 4023 1835 4105 evangelicae
1865 4030 2157 4106 tempore
2195 4024 2352 4106 legis
2385 4044 2400 4089 :
2436 4046 2471 4085 (ι
2501 4024 2748 4088 Sanabo
2774 4024 3133 4108 (inquiens)
3158 4026 3390 4089 contri-

298 4133 494 4197 tiones
533 4151 758 4196 eorum
790 4154 848 4206 n,
881 4137 1141 4214 peccata
1176 4129 1478 4211 delendo;
1513 4153 1547 4191 (t
1577 4131 1840 4212 diligam
1885 4148 1994 4193 eos
2033 4138 2379 4212 spontanee
2408 4153 2466 4206 n,
2500 4132 2663 4196 dona
2700 4132 2919 4213 gratiae
2960 4133 3027 4195 in
3068 4133 3387 4215 praesenti,

299 4239 588 4324 bonaque
613 4240 832 4323 gloriae
863 4239 930 4303 in
961 4238 1178 4302 futuro
1210 4238 1368 4322 ipsis
1397 4238 1755 4321 praestando
1787 4254 1802 4300 ε
1839 4260 1874 4299 c<
1903 4238 2056 4320 quia
2081 4256 2345 4302 aversus
2373 4247 2471 4303 est
2499 4238 2677 4304 furor
2707 4258 2889 4303 meus
2917 4240 2999 4303 ab
3028 4241 3122 4303 eis
3152 4262 3211 4317 n,
3236 4260 3390 4324 quo-

298 4349 462 4411 niam
501 4349 676 4430 rigor
708 4347 975 4430 justitiae
1013 4347 1082 4409 in
1118 4347 1445 4409 dulcorem
1485 4345 1841 4409 clementiae
1879 4352 1977 4408 est
2005 4363 2373 4421 conversus,
2405 4347 2758 4428 praesertim
2798 4355 3087 4431 tempore
3124 4366 3389 4431 evange-

299 4454 428 4519 licae
467 4455 628 4537 legis
665 4473 738 4517 ac
777 4452 1018 4535 gratiae,
1049 4454 1116 4517 in
1155 4471 1284 4536 quo
1320 4452 1618 4536 apparuit
1646 4453 2007 4519 humanitas
2047 4459 2114 4514 et
2142 4452 2501 4533 benignitas
2540 4452 2881 4517 Salvatoris
2920 4455 3119 4519 nostri
3150 4456 3281 4519 Dei.
3314 4458 3385 4519 In
3442 4472 3671 4529 renunt.

297 4562 526 4644 quibus
563 4562 760 4625 etiam
797 4561 1014 4625 verbis
1052 4560 1173 4624 tria
1209 4568 1574 4641 tanguntur.
1607 4560 1892 4623 Primum
1929 4567 2047 4635 est,
2078 4560 2355 4641 gratiosa
2389 4560 2641 4641 generis
2684 4561 2950 4625 humani
2988 4563 3230 4627 curatio
3274 4583 3389 4647 per
3476 4598 3479 4603 ·

298 4669 722 4733 ecclesiastica
763 4674 1178 4741 sacramenta,
1213 4686 1414 4750 quum
1443 4667 1680 4730 dicitur
1713 4685 1728 4731 :
1762 4690 1798 4729 α
1827 4666 2074 4731 Sanabo
2114 4668 2528 4730 contritiones
2565 4685 2786 4731 eorum
2819 4687 2887 4749 »3
2919 4669 2999 4732 de
3040 4670 3276 4752 quibus
3320 4671 3386 4734 in

296 4778 497 4858 prima
544 4784 723 4860 parte
760 4776 956 4858 hujus
1002 4775 1209 4857 quarti
1258 4781 1565 4837 tractatur
1606 4774 1973 4839 voluminis.
2017 4774 2383 4839 Secundum
2431 4781 2550 4852 est,
2591 4775 2865 4857 gloriosa
2912 4778 3115 4839 sanati
3164 4778 3387 4859 populi

296 4884 610 4949 decoratio
640 4902 757 4967 per
783 4882 1290 4966 supernaturalia
1319 4882 1700 4946 charismata
1729 4882 1947 4964 gratiae
1976 4900 2050 4945 ac
2079 4882 2326 4958 salutiS,
2359 4883 2441 4946 de
2468 4883 2705 4967 quibus
2738 4884 2805 4946 in
2835 4885 3170 4966 posteriori
3210 4892 3387 4967 parte

295 4992 496 5073 agitur
541 4992 737 5075 hujus
780 4990 952 5064 libri,
983 5009 1181 5072 quum
1227 4989 1546 5065 subditur,
1590 5012 1624 5050 ι(
1654 4990 1916 5072 diligam
1959 5007 2068 5054 eos
2117 4996 2464 5072 spontanee
2494 5013 2550 5053 ».
2594 4990 2835 5074 Nempe
2877 5010 2956 5055 ex
2996 4992 3271 5074 gratuito
3311 5011 3387 5054 ac

299 5101 704 5181 praevenienti
735 5100 849 5163 Dei
877 5116 1093 5162 amore
1122 5098 1201 5161 ad
1231 5116 1348 5162 nos
1379 5099 1828 5162 confluxerunt
1855 5097 2157 5161 universa
2186 5098 2505 5162 beneficia
2530 5118 2604 5162 ac
2635 5100 2947 5182 promissa
2971 5099 3193 5182 ipsius.
3209 5100 3385 5163 Unde

299 5208 608 5289 praetactis
647 5205 1016 5290 apostolicis
1051 5204 1270 5269 verbis
1311 5206 1546 5287 adjecit
1592 5205 1731 5288 ipse
1769 5205 1993 5269 beatus
2035 5205 2376 5289 Apostolus
2422 5223 2436 5269 :
2482 5206 2619 5269 Non
2666 5224 2744 5269 ex
2782 5206 3086 5289 operibus
3120 5206 3387 5288 justitiae
3438 5222 3555 5269 ma.
3580 5228 3620 5270 s.

299 5332 436 5397 quae
473 5314 748 5379 fecimus
777 5331 914 5389 noS,
946 5312 1056 5376 sed
1086 5313 1445 5397 secundum
1481 5331 1664 5375 suam
1705 5312 2209 5375 misericordiam
2239 5312 2448 5376 salvos
2477 5329 2593 5377 nos
2625 5312 2795 5376 fecit.
2828 5312 2961 5378 Hoc
2988 5320 3087 5377 est
3115 5314 3287 5404 quod
3317 5315 3386 5383 in
