4267 6250
558 953 629 1010 Cf.
638 954 816 1009 μῧδθΑ.

842 451 965 516 450

1388 522 1397 529 ‚
1487 470 1552 516 IN
1591 469 1814 515 Limum
1854 469 1916 515 iv
1959 466 2442 514 SENTENTIARUH.
2484 486 2566 495 —
2607 466 2759 513 DIST.
2799 467 2967 530 xv113
3010 466 3235 524 QnAEsr.
3275 467 3321 513 11

847 639 1078 721 primo,
1111 641 1460 703 secundum
1507 640 1712 721 legem
1762 655 2210 716 communem;
2250 656 2344 700 se·
2371 637 2424 700 Α
2452 637 2705 701 sentire.
2739 637 2899 700 Hinc
2928 638 3004 700 ad
3040 637 3513 720 susceptionem
3548 634 3955 717 justificatio-

847 738 1078 812 cund0,
1114 758 1308 820 penes
1349 739 1756 822 privilegium
1797 737 2075 821 speciale
2109 754 2122 799 ε
2158 736 2243 800 ita
2280 742 2345 799 et

847 836 926 898 de
980 836 1461 916 justificatione.
1518 837 1595 899 Et
1650 837 1818 899 sicut
1874 835 2193 918 loquendo
2248 852 2343 897 se·

848 935 1056 997 cundo
1107 936 1294 998 modo
1339 935 1418 997 de
1459 934 1837 997 remissione
1877 934 2143 1016 peccati,
2178 934 2344 996 Deus

846 1040 1061 1115 posset
1104 1040 1437 1115 peccatum
1496 1033 1820 1095 remittere
1877 1030 2118 1114 absque
2167 1030 2343 1094 omni

723 1188 726 1191 ,
847 1130 1332 1211 satisfactione3
1395 1131 1487 1193 sic
1548 1138 1760 1211 posset
1819 1131 2096 1193 secundo
2157 1130 2344 1192 modo

847 1229 1186 1312 loquend0,
1220 1230 1492 1311 impium
1531 1228 1890 1310 justificare
1922 1228 2164 1311 absque
2196 1247 2348 1309 prae·

846 1327 952 1389 via
991 1328 1404 1391 conversione
1442 1327 1788 1391 voluntatis
1827 1327 1968 1407 ejus
2005 1327 2079 1389 ad
2117 1327 2338 1389 Deum.

848 1425 968 1488 Sed
1009 1425 1326 1507 loquendo
1369 1426 1447 1488 de
1482 1425 1946 1508 justificatione
1987 1425 2342 1487 secundum

848 1523 1051 1602 legem
1079 1539 1511 1596 communem,
1541 1523 1684 1585 dico
1716 1523 1884 1605 quod
1915 1522 2080 1585 sicut
2111 1540 2344 1604 corpus

845 1622 984 1684 sine
1033 1622 1268 1704 praevia
1316 1621 1774 1704 praeparatione
1823 1639 1948 1684 non
2001 1628 2208 1704 potest
2250 1621 2343 1682 in-

845 1720 1106 1783 formari
1155 1720 1234 1783 ab
1283 1721 1518 1795 anima,
1573 1720 1658 1783 ita
1717 1738 1834 1783 nec
1881 1720 2096 1782 anima
2142 1720 2344 1781 adulti

2453 735 2553 797 nis
2582 735 2931 818 requiritur
2962 735 3026 798 in
3056 735 3291 798 adultis
3323 735 3509 797 liberi
3540 733 3785 797 arbitrii
3816 752 3954 796 mo-

2452 841 2554 895 tus
2610 852 2735 916 quo
2792 833 3009 915 gratiae
3058 834 3167 897 Dei
3229 834 3563 896 consentit.
3614 832 3955 914 Quumque

2454 933 2700 1014 primus
2749 941 2957 996 motus
3002 952 3115 995 seu
3159 940 3339 995 actus
3380 950 3509 1015 quo
3548 932 3763 1013 gratiae
3806 948 3955 995 con-

2452 1031 2665 1104 sentit,
2700 1030 2784 1094 sit
2814 1038 3023 1094 motus
3066 1030 3259 1110 fidei3
3292 1030 3435 1094 ideo
3466 1037 3675 1093 motus
3714 1029 3824 1092 ille
3852 1036 3953 1092 est

2452 1129 2605 1191 fidei
2647 1136 2874 1192 motus.
2910 1130 3086 1193 Unde
3122 1129 3201 1191 ad
3241 1130 3578 1203 Romanos,
3606 1126 3949 1191 Justificati

2454 1245 2569 1309 per
2610 1227 2831 1301 fidem,
2876 1227 3095 1291 Glossa
3128 1244 3142 1289 τ
3173 1227 3241 1289 Id
3285 1234 3401 1301 est,
3432 1246 3511 1289 ex
3554 1234 3729 1289 motu
3761 1226 3948 1289 liberi

2451 1325 2719 1401 arbitrii,
2753 1326 2864 1408 qui
2904 1333 3004 1389 est
3040 1344 3118 1387 ex
3166 1324 3316 1387 fide.
3361 1326 3534 1389 Unde
3576 1326 3642 1388 in
3681 1325 3951 1388 Actibus

2455 1423 2704 1504 legitur,
2756 1424 2905 1486 Fide
2954 1422 3307 1506 purificans
3358 1424 3547 1486 corda
3585 1442 3599 1487 :
3644 1424 3948 1505 quoniam

2454 1529 2663 1585 motus
2711 1522 2867 1584 fidei
2906 1522 3115 1604 primo
3160 1523 3238 1585 ad
3290 1522 3807 1605 purificationem
3857 1542 3952 1585 re-

2452 1620 2747 1701 quiritur.
2789 1620 2933 1683 Haec
2981 1620 3439 1683 Bonaventura.
3480 1656 3563 1666 —
3598 1620 3953 1683 concordat

2451 1717 2963 1799 AlbertuS,cujus
2992 1736 3294 1802 responsa
3321 1719 3385 1781 in
3418 1717 3785 1801 praebabitis
3814 1736 3955 1782 con-

845 1825 1054 1900 potest
1086 1837 1199 1899 per
1236 1818 1502 1899 gratiam
1545 1818 1899 1891 informari,
1932 1817 2057 1880 nisi
2088 1833 2341 1880 conver·
2368 1816 2417 1879 B
2455 1816 2757 1879 tinentur.

845 1916 1024 1979 sione
1053 1916 1398 1979 voluntatis
1437 1916 1514 1979 ad
1556 1917 1758 1979 Deum
1797 1915 2197 1998 praecedente
2234 1934 2343 1977 na-

845 2020 987 2076 tura
1024 2022 1134 2075 aut
1172 2021 1483 2096 tempore,
1516 2033 1643 2095 qua
1683 2013 2098 2076 conversione
2130 2012 2346 2074 anima

845 2112 1220 2193 disponatur
1277 2111 1358 2173 ad
1414 2112 1886 2193 susceptionem
1941 2110 2160 2191 gratiae
2218 2128 2346 2192 qua

845 2208 1203 2272 formaliter
1241 2208 1653 2290 justificatur.
1688 2209 1831 2272 Haec
1872 2208 2241 2272 Richardus.

925 2308 1365 2381 Bonaventura
1409 2325 1560 2371 vero
1609 2308 1953 2389 respondet
1990 2324 2005 2368 ε
2050 2307 2119 2368 ln
2166 2307 2344 2369 omni

844 2423 1039 2488 opere
1095 2406 1207 2467 Dei
1265 2413 1416 2467 sunt
1475 2405 1912 2468 misericordia
1965 2412 2030 2467 et
2085 2405 2341 2479 veritaS,

846 2504 1198 2585 praesertim
1244 2504 1308 2565 in
1358 2504 1478 2566 hoc
1527 2503 1728 2566 nobili
1778 2521 1992 2586 opere,
2034 2503 2206 2585 quod
2248 2511 2346 2565 est

840 2601 1236 2682 justificatio.
1271 2602 1581 2675 Quoniam
1617 2619 1766 2683 ergo
1803 2601 1996 2664 bomo
2030 2602 2341 2683 peccavit,

844 2707 908 2762 et
961 2707 1108 2762 ante
1165 2700 1382 2781 gratiae
1441 2700 1830 2764 infusionem
1888 2699 2049 2762 nihil
2111 2700 2345 2762 meruit

844 2800 1014 2882 apud
1067 2800 1290 2873 Deum,
1344 2800 1481 2882 ipse
1529 2800 1696 2862 Deus
1751 2800 1926 2880 justo
1979 2798 2228 2880 judicio
2278 2801 2342 2862 in

841 2895 1302 2976 justificatione
1342 2914 1468 2959 non
1509 2896 1773 2959 omnino
1815 2895 1980 2958 tollit
2013 2896 2219 2978 culpae
2256 2896 2345 2959 ef-

2893 2133 3366 2207 QUAESTIO
3434 2135 3513 2198 II

2603 2403 2667 2465 Ic
2704 2402 2897 2466 etiam
2938 2404 3264 2485 quaeritur,
3296 2405 3507 2483 Quid
3543 2406 3771 2486 prius
3810 2408 3953 2487 sit,

2632 2501 2925 2568 deletio
2954 2516 3097 2568 seu
3121 2503 3490 2568 remissio
3517 2503 3957 2583 euipae,aut

2450 2598 2747 2667 infusio
2786 2598 3091 2679 gratim.

2529 2698 2793 2761 Videtur
2846 2698 3017 2780 quod
3075 2698 3311 2761 deletio
3364 2699 3593 2781 culpae,
3644 2700 3955 2783 quoniam

2452 2796 2661 2878 primo
2694 2803 2944 2878 oportet
2970 2815 3007 2858 a
3038 2797 3206 2859 malo
3233 2798 3552 2872 recedere,
3572 2805 3637 2860 et
3667 2806 3955 2862 mentem

2451 2912 2722 2975 purgare
2749 2900 2940 2975 atque
2969 2895 3045 2957 ad
3075 2894 3341 2975 gratiam
3372 2914 3956 2979 praeparare,quam

846 2993 1108 3069 fectum,
1163 2994 1290 3057 imo
1341 3012 1596 3076 poenam
1647 2994 1953 3076 relinquit
2005 3011 2019 3056 ε
2072 2994 2217 3057 ideo
2275 2995 2339 3057 in
2370 2998 2415 3061 C
2450 2994 2530 3055 ad
2570 2993 2808 3055 bonum
2849 2993 3151 3057 accedere
3186 3001 3249 3056 et
3284 2993 3816 3058 illuminationem
3860 3015 3956 3059 re-

847 3094 1125 3176 priorem
1175 3100 1410 3157 statum
1466 3111 1594 3157 non
1645 3093 1857 3156 statim
1911 3093 2187 3157 restituit
2233 3095 2343 3158 ho-

847 3193 1108 3255 minem.
1145 3193 1222 3254 Et
1249 3193 1402 3274 quia
1439 3192 1805 3255 misericors
1834 3200 1952 3266 est,
1987 3193 2179 3256 etiam
2214 3213 2343 3257 ma-

842 3291 948 3372 jus
977 3291 1216 3354 donum
1249 3291 1475 3365 reddit,
1490 3292 1640 3374 quia
1672 3291 1862 3354 homo
1893 3291 2038 3372 plus
2073 3291 2341 3373 indiget:

848 3389 1015 3450 unde
1045 3405 1172 3451 non
1202 3387 1410 3451 solum
1443 3388 1720 3450 restituit
1751 3388 2205 3464 innocentiam,
2232 3390 2345 3452 sed

845 3486 1040 3549 etiam
1087 3487 1194 3549 dat
1239 3486 1529 3567 gratiam.
1576 3486 1736 3549 Hinc
1785 3487 2078 3569 quamvis
2129 3487 2344 3551 delere

847 3592 1063 3667 posset
1092 3585 1230 3647 sine
1261 3585 1474 3648 medio
1507 3585 1785 3667 culpam,
1819 3585 2102 3649 decrevit
2130 3594 2345 3649 tamen

846 3682 1060 3745 delere
1097 3701 1237 3745 eam
1283 3701 1398 3765 per
1433 3683 1724 3763 gratiam,
1770 3672 1913 3765 qu'ae
1955 3702 2084 3746 non
2133 3684 2343 3747 solum

848 3780 1039 3843 faciat
1081 3780 1509 3856 innocentem,
1541 3800 1767 3844 verum
1811 3781 2003 3844 etiam
2051 3790 2345 3845 naturam

847 3877 1242 3942 debilitatam
1279 3879 1358 3941 ad
1399 3878 1640 3942 bonum
1681 3879 1975 3943 habilitet
2004 3888 2068 3942 et
2096 3881 2344 3943 confor-

845 3983 955 4038 tet.
991 3977 1203 4040 Gratia
1239 3985 1454 4040 autem
1493 3984 1591 4040 est
1626 3978 1942 4052 accidenS‚
1976 3997 2094 4041 nec
2132 3986 2343 4041 ortum

847 4075 1040 4138 habet
1073 4094 1112 4137 a
1149 4093 1266 4139 suo
1305 4077 1617 4156 subjecto,
1651 4076 1762 4138 sed
1802 4095 1839 4138 a
1876 4077 2004 4140 Deo
2044 4077 2339 4140 totaliter.

2452 3092 2687 3174 cipere,
2717 3090 2898 3172 juxta
2940 3092 3110 3173 quod
3152 3092 3465 3174 scriptum
3510 3101 3609 3156 est
3639 3112 3655 3157 z
3689 3093 3957 3158 Declina
3983 3112 4227 3218 ἔμηνε,

2450 3210 2487 3253 a
2530 3189 2717 3262 malo,
2750 3197 2816 3252 et
2856 3188 2957 3252 fac
3001 3189 3263 3253 bonum.

2530 3289 2602 3351 In
2649 3288 3018 3370 oppositum
3067 3296 3184 3362 est,
3225 3291 3394 3372 quod
3444 3289 3684 3353 infusio
3729 3292 3955 3372 gratiae

2451 3395 2548 3451 est
2586 3405 2775 3450 causa
2818 3388 3213 3469 purgationis
3255 3388 3778 3471 remissionisque
3820 3391 3958 3453 cul-

2454 3506 2569 3568 pae.
2605 3485 2807 3548 Causa
2844 3493 3061 3548 autem
3104 3494 3201 3548 est
3242 3487 3416 3568 prior
3455 3485 3717 3550 effectu.

2530 3682 2624 3745 Ad
2672 3682 2793 3745 boc
2836 3683 2902 3744 in
2952 3699 3069 3744 suo
3110 3682 3560 3745 Sacramentali
3611 3686 3961 3766 respondet

2453 3781 2833 3844 Guillelmus
2858 3799 2872 3844 z
2897 3780 3157 3843 Duobus
3190 3780 3393 3843 modis
3424 3781 3701 3844 sumitur
3732 3785 3958 3846 remis-

2452 3879 2548 3942 sio
2596 3887 3023 3961 peccatorum.
3066 3879 3296 3953 Primo,
3339 3897 3457 3961 pro
3501 3897 3629 3942 non
3679 3881 3959 3962 imputa·

2451 3978 2625 4041 tione
2662 3995 2886 4040 eorum
2913 3994 2929 4057 ;
2961 3977 3263 4052 secundo,
3295 3994 3411 4060 pro
3438 3977 3786 4042 abolitione
3826 3998 3959 4041 ma·

2454 4076 2742 4138 cularum
2776 4076 3083 4157 ipsorum.
3107 4076 3420 4139 Remissio
3450 4076 3663 4158 itaque
3694 4085 3956 4160 sumpta

846 4173 1191 4256 Triplicem
1240 4191 1496 4256 quoque
1544 4173 1736 4236 habet
1777 4176 2339 4256 comparationem,
2372 4180 2420 4242 D
2454 4193 2569 4256 pro
2598 4192 2727 4237 non
2757 4174 3197 4255 imputatione,
3222 4175 3539 4256 praecedit.
3562 4175 3743 4237 Prius
3772 4175 3951 4238 enim

848 4280 1067 4354 utpote
1101 4292 1117 4336 z
1150 4273 1229 4334 ad
1270 4273 1660 4355 principium
1692 4291 1729 4334 a
1757 4290 1884 4354 quo
1916 4274 2245 4354 processit,
2278 4281 2343 4338 et

842 4370 922 4432 ad
963 4377 1295 4452 peccatum
1335 4371 1726 4433 contrarium
1760 4371 1930 4452 quod
1961 4372 2245 4453 expellit,
2278 4380 2343 4436 et

841 4468 920 4530 ad
958 4468 1321 4548 subjectum
1353 4469 1521 4550 quod
1564 4467 1838 4550 perficit.
1875 4469 1952 4530 Et
1980 4487 2203 4533 omnes
2243 4471 2341 4535 hae

841 4566 1344 4649 comparationes
1392 4566 1585 4628 simul
1633 4574 1781 4629 sunt
1829 4574 2159 4649 tempore;
2203 4589 2342 4651 gra-

839 4665 928 4741 tia
961 4672 1172 4727 tamen
1205 4664 1579 4727 naturaliter
1613 4665 1792 4746 prius
1826 4675 2230 4748 comparatur
2260 4668 2339 4729 ad

838 4762 1232 4844 principium
1273 4780 1310 4824 a
1347 4780 1497 4845 quo,
1531 4763 1812 4825 secundo
1855 4763 1934 4825 ad
1979 4772 2335 4845 peccatum,

835 4861 1024 4924 tertio
1053 4862 1128 4924 ad
1161 4860 1545 4943 subjectum.
1575 4896 1656 4907 —-
1685 4860 1779 4923 Ad
1805 4861 2337 4941 justificationem

837 4979 1086 5043 quoque
1118 4961 1467 5042 requiritur
1496 4967 1700 5022 motus
1733 4959 1918 5022 liberi
1949 4959 2217 5023 arbitrii.
2238 4963 2339 5025 Ju-

837 5059 1138 5123 stificatio
1168 5059 1408 5122 etenim
1451 5076 1577 5121 non
1609 5067 1706 5121 est
1733 5059 1858 5120 nisi
1889 5059 2164 5122 volentis
2200 5080 2213 5124 :
2249 5061 2338 5124 id-

837 5159 1008 5222 circo
1035 5177 1163 5222 non
1204 5158 1390 5220 datur
1427 5157 1552 5219 nisi
1584 5156 1844 5231 volenti,
1876 5158 2225 5220 dummodo
2256 5159 2338 5222 sit

841 5256 908 5320 in
957 5264 1120 5319 statu
1163 5257 1230 5319 in
1275 5273 1405 5339 quo
1446 5255 1806 5318 consentire
1856 5255 2058 5338 possit
2095 5275 2170 5318 ac
2214 5257 2338 5320 dis-

2451 4273 2687 4335 dicitur
2718 4289 2845 4334 uno
2884 4272 3073 4335 modo
3112 4272 3463 4335 secundum
3502 4273 3757 4335 essendi
3800 4291 3953 4336 con-

2451 4370 2870 4453 sequentiam,
2894 4371 3063 4451 quod
3095 4369 3385 4452 sequitur
3412 4370 3609 4445 aliud,
3640 4389 3769 4434 non
3798 4389 3953 4434 con-

2448 4469 2703 4532 versim.
2722 4467 3000 4532 Gratiam
3030 4476 3241 4531 autem
3272 4469 3561 4550 sequitur
3588 4487 3714 4532 non
3747 4470 3954 4553 impu-

2448 4568 2623 4641 tatio,
2674 4584 2803 4630 non
2850 4574 3127 4630 econtra.
3181 4567 3245 4630 Si
3293 4567 3466 4629 enim
3517 4568 3662 4649 quis
3720 4567 3953 4632 habeat

2447 4665 2735 4746 gratiam,
2771 4683 2896 4728 non
2941 4665 3342 4747 imputantur
3383 4665 3441 4727 ei
3486 4673 3778 4748 peccata3
3819 4684 3951 4729 non

2447 4771 2661 4826 autem
2710 4763 3000 4846 sequitur
3044 4781 3413 4839 econvers0,
3460 4764 3515 4826 si
3564 4781 3691 4827 non
3742 4765 3952 4847 impu-

2448 4870 2662 4924 tantur
2704 4861 2762 4924 ei
2809 4869 3087 4943 peccata,
3130 4863 3301 4944 quod
3342 4862 3610 4943 gratiam
3653 4861 3891 4926 babeat
3931 4881 3948 4925 ε

2446 4961 2615 5023 sicut
2655 4978 2783 5023 non
2833 4958 2974 5022 ideo
3015 4959 3160 5041 quis
3210 4961 3387 5043 regio
3434 4961 3673 5023 honore
3714 4960 3950 5042 dignus

2446 5066 2564 5134 est,
2597 5059 2749 5141 quia
2778 5075 2907 5121 non
2937 5065 3034 5120 est
3062 5059 3582 5141 suspendendus;
3607 5059 3735 5122 imo
3766 5077 3951 5123 econ-

2445 5158 2639 5220 trario
2670 5156 2977 5239 sequitur.
3010 5158 3180 5219 Inter
3210 5156 3501 5220 homines
3532 5175 3790 5240 quoque
3820 5156 3947 5220 fre-

2447 5263 2718 5340 quenter
2746 5274 2912 5318 unus
2946 5254 3129 5317 alteri
3161 5255 3418 5339 culpam
3452 5275 3634 5320 suam
3664 5273 3795 5321 non
3823 5256 3945 5346 im·

3994 1142 4119 1187 Rom.
4138 1160 4177 1195 v.
4216 1178 4228 1189 .

4002 1446 4099 1487 Act.
4112 1456 4175 1491 xv,
4214 1475 4225 1485 .
