4267 6250
1462 502 1543 549 ηπ.
1584 501 1985 551 emmerami
2024 503 2391 553 narnsml
3369 488 3484 556 171

374 671 439 735 id
484 678 583 735 est
620 690 699 734 ex
748 672 1083 737 sanctitate
1124 672 1423 737 basilicae.
1462 674 1880 747 Quemadmo-
1908 673 1961 739 A
1989 694 2028 736 a
2055 674 2292 757 quibus
2323 676 2689 760 distinguit3
2709 678 2778 741 in
2809 686 3118 761 quantum
3149 686 3364 743 autem
3393 687 3491 743 est

374 770 531 832 dum
590 770 767 834 enim
826 790 905 834 ex
966 771 1139 835 illius
1196 772 1527 836 sanctitate
1584 780 1883 835 arcentur

374 868 721 941 daemones,
756 878 829 933 ut
854 871 1071 933 minus
1110 880 1379 935 noceant
1410 870 1881 935 introeuntibus

372 988 539 1043 eam,
572 969 930 1045 orantibuS,
963 969 1385 1053 psallentibus
1421 978 1486 1033 et
1518 970 1881 1033 sacrifican-

372 1066 546 1129 tibus
577 1067 644 1129 in
676 1067 838 1150 ipsa,
856 1075 921 1131 et
949 1076 1021 1131 ut
1050 1068 1143 1131 illi
1176 1068 1429 1131 facilius
1460 1067 1882 1132 exaudiantur

371 1173 437 1228 et
484 1173 903 1249 acceptentur
950 1167 1015 1230 in
1066 1168 1245 1250 ipsa3
1295 1167 1383 1229 ita
1426 1186 1503 1229 ex
1546 1168 1880 1230 sanctitate

370 1263 743 1347 baptismali
784 1265 1153 1328 debilitatur
1187 1266 1289 1328 vis
1328 1266 1690 1330 daemonum
1732 1284 1879 1329 con-

366 1371 471 1425 tra
513 1380 645 1436 θος,
690 1364 779 1426 ita
821 1364 991 1445 quod
1039 1364 1626 1447 incomparabiliter
1667 1365 1880 1428 minus

371 1470 583 1545 potest
614 1470 836 1525 contra
865 1481 973 1525 eos
1004 1481 1197 1545 quam
1224 1463 1405 1527 alios.
1424 1464 1697 1527 Facilius
1727 1482 1883 1546 quo-

371 1579 503 1643 que
531 1562 737 1642 gratia
764 1562 1123 1625 devotionis
1154 1561 1553 1626 illustrantur
1580 1582 1653 1625 ac
1684 1564 1882 1645 poeni-

372 1666 533 1733 tent,
576 1668 641 1721 et
685 1659 843 1742 ipsis
891 1660 1291 1724 daemonibus
1338 1667 1488 1724 sunt
1529 1661 1877 1736 metuendi,

372 1758 487 1840 qui
531 1766 599 1820 et
629 1758 889 1838 gravius
932 1759 1299 1822 cruciantur
1340 1760 1395 1822 si
1434 1778 1543 1823 eos
1580 1761 1882 1824 tentando

1990 773 2553 855 configurativum,
2585 776 2874 858 designat
2904 777 3276 841 relationem
3306 780 3384 841 ad
3415 797 3490 841 ea

1991 872 2228 955 quibus
2267 873 2596 937 assimilat.
2637 910 2719 921 —
2754 874 3075 939 Differ-unt
3115 877 3376 940 demum
3423 877 3489 939 in

1990 972 2133 1047 hoc,
2187 972 2488 1054 quoniam
2537 973 2796 1056 quidam
2851 983 3098 1057 ponunt
3149 974 3288 1040 istis
3337 976 3492 1039 rela-

1989 1071 2274 1135 tionibus
2303 1090 2428 1135 non
2462 1072 2726 1137 subesse
2753 1074 3011 1157 aliquod
3049 1075 3344 1138 accidens
3382 1075 3491 1138 ab·

1990 1170 2294 1245 solutum,
2347 1172 2458 1235 sed
2515 1172 2771 1235 fundari
2829 1192 2936 1236 eas
2996 1173 3363 1237 immediate
3423 1173 3490 1236 in

1990 1269 2221 1332 anima.
2255 1270 2432 1344 Quod
2462 1291 2602 1335 esse
2633 1290 2760 1335 non
2791 1280 3016 1354 potest.
3042 1272 3199 1335 Nam
3233 1272 3490 1353 signum

1991 1386 2107 1449 per
2154 1366 2426 1430 formam
2475 1389 2667 1451 quam
2717 1369 2934 1433 sensui
2981 1377 3092 1433 aut
3138 1370 3492 1435 intellectui

1993 1464 2328 1546 imprimit,
2375 1465 2529 1529 facit
2575 1467 2750 1529 aliud
2800 1470 2866 1530 in
2914 1469 3345 1550 cognitionem
3389 1487 3492 1531 ve-

1992 1563 2150 1627 nire.
2187 1564 2289 1627 Nil
2328 1583 2584 1648 quoque
2622 1566 3036 1647 distinguitur
3072 1566 3153 1629 ab
3195 1567 3322 1629 alio
3365 1566 3491 1628 nisi

1991 1681 2108 1744 per
2134 1662 2414 1744 aliquam
2449 1663 2741 1727 formam.
2776 1664 3142 1728 Similitudo
3171 1666 3364 1727 etiam
3395 1673 3493 1727 est

1993 1760 2217 1823 relatio
2247 1780 2441 1843 super
2470 1761 2712 1824 unitate
2743 1762 3066 1844 qualitatis
3102 1763 3387 1837 fundata,
3422 1770 3495 1824 ut

372 1856 733 1920 invaserint
756 1875 834 1919 ac
861 1858 1171 1920 traxerint
1198 1859 1277 1921 ad
1308 1859 1701 1941 peccandum
1726 1878 1741 1923 :
1764 1859 1882 1921 sic-
1914 1871 1962 1935 Β
1992 1859 2217 1942 quinto
2248 1860 2689 1942 Metaphysicae
2719 1860 2973 1923 dicitur.
2998 1862 3159 1924 Hinc
3190 1860 3494 1943 quaelibet

370 1962 449 2017 ut
489 1961 553 2016 et
602 1954 908 2017 sanctitas
958 1963 1322 2018 sanctorum
1372 1956 1657 2019 locorum
1706 1964 1880 2039 pote-

374 2060 607 2115 statem
642 2052 883 2114 minuit
910 2053 1311 2117 saecularium
1345 2053 1733 2135 principum.
1770 2054 1883 2117 De-

374 2151 596 2233 nique,
630 2170 711 2214 ex
744 2150 865 2213 hac
900 2151 1256 2226 sanctitate,
1294 2151 1593 2235 baptizati
1624 2160 1775 2215 sunt
1802 2153 1881 2215 de

372 2256 547 2312 sorte
576 2257 643 2312 et
674 2258 853 2331 parte
884 2249 1016 2312 Dei.
1052 2250 1227 2313 Unde
1258 2258 1323 2314 et
1350 2250 1539 2313 citius
1570 2268 1677 2314 eos
1709 2268 1879 2314 reco-

372 2348 625 2430 gnoscit
662 2356 738 2410 ut
774 2365 945 2422 suOS,
978 2356 1043 2411 et
1078 2350 1157 2411 ad
1196 2369 1383 2412 suum
1419 2349 1525 2431 jus
1565 2350 1883 2431 pertinen-

374 2455 493 2519 teS,
535 2466 609 2510 ac
653 2446 863 2529 replet
909 2464 1019 2509 eos
1067 2448 1508 2532 spiritualibus
1558 2448 1777 2528 donis3
1819 2457 1883 2511 et

374 2545 677 2608 sanctitas
738 2546 859 2608 ista
913 2544 1167 2626 signum
1215 2555 1313 2609 est
1357 2547 1575 2628 gratiae
1630 2556 1881 2629 gratum

376 2642 695 2717 facientiS‚
748 2645 1289 2725 quemadmodum
1346 2646 1621 2709 annulus
1670 2646 1881 2727 regius

376 2740 634 2820 signum
684 2748 783 2807 est
822 2742 972 2805 doni
1021 2760 1149 2825 quo
1192 2744 1337 2825 quis
1388 2744 1726 2808 investitur
1768 2762 1882 2826 per

378 2857 591 2919 regem
633 2846 701 2901 et
735 2840 1049 2902 annulum
1095 2840 1299 2903 illum.
1334 2842 1879 2915 Quemadmodum

375 2936 567 2999 etiam
607 2938 687 2999 ad
732 2936 1020 3018 sigillum
1065 2938 1312 3019 regium
1353 2940 1751 3022 dispensator
1791 2961 1883 3005 re-

1992 1959 2372 2023 relationum
2417 1978 2608 2041 quam
2654 1960 2954 2042 importat
3002 1960 3349 2034 character,
3397 1978 3494 2023 re-

1992 2057 2192 2140 quirit
2246 2058 2527 2140 aliquam
2586 2057 2857 2121 formam
2907 2058 3032 2122 sibi
3082 2058 3485 2122 substratam.

1990 2156 2328 2239 Quumque
2369 2176 2494 2221 non
2533 2158 2618 2220 sit
2655 2157 2859 2221 forma
2901 2157 3358 2229 substantialis,
3403 2177 3493 2221 re·

1992 2254 2305 2338 linquitur
2353 2256 2521 2337 quod
2564 2256 2770 2319 forma
2811 2258 3126 2321 substrata
3168 2256 3253 2320 sit
3293 2258 3492 2339 quali-

1990 2361 2085 2416 tas
2134 2354 2448 2436 quaedam‚
2499 2355 2684 2435 quus
2738 2357 2949 2419 unitas
2996 2356 3488 2420 similitudinem

1992 2452 2520 2532 configurationis
2551 2452 2910 2515 inducit.—
2927 2455 3076 2517 Ideo
3103 2454 3326 2517 dicunt
3355 2454 3493 2537 qui-

1993 2550 2161 2623 dam,
2203 2550 2375 2632 quod
2424 2556 2521 2613 est
2567 2550 2632 2612 in
2682 2569 2915 2632 genere
2964 2551 3309 2633 qualitatiS,
3361 2570 3490 2615 non

1992 2656 2204 2711 tamen
2237 2649 2304 2711 in
2337 2649 2552 2731 aliqua
2591 2650 2806 2732 specie
2835 2650 2998 2731 ejuS,
3033 2670 3233 2733 quum
3264 2657 3328 2713 et
3355 2649 3492 2713 Phi-

1994 2747 2298 2829 losophus
2330 2748 2397 2809 in
2427 2748 2938 2811 Praedicamentis
2969 2748 3490 2811 testeturtForsi-

1994 2852 2099 2907 tan
2129 2845 2531 2927 apparebunt
2560 2853 2624 2908 et
2651 2846 2761 2909 alii
2795 2845 2966 2909 modi
2997 2845 3341 2929 qualitatis.
3368 2846 3488 2909 Sed

1992 2943 2112 3006 hoc
2157 2951 2254 3006 est
2295 2942 2444 3025 fuga
2487 2945 2796 3026 quaedam.
2830 2945 2988 3007 Nam
3032 2944 3326 3027 quamvis
3363 2944 3491 3007 sint

374 3035 477 3116 gis
514 3035 618 3096 dat
648 3036 817 3097 dona
857 3036 1132 3117 regalia3
1172 3036 1267 3099 sic
1307 3038 1709 3119 dispensator
1739 3039 1880 3101 cha·
1917 3058 1961 3121 C
1991 3042 2099 3104 alii
2155 3043 2347 3117 modi,
2393 3050 2608 3105 tamen
2655 3044 3047 3106 reducuntur
3094 3044 3172 3106 ad
3221 3049 3493 3126 quatuor

376 3133 715 3196 rismatum
744 3134 853 3197 dat
881 3134 1213 3216 baptizatis
1245 3136 1409 3199 dona
1439 3136 1605 3218 regis
1636 3155 1877 3218 regum,

376 3231 635 3313 plenam
668 3233 1115 3296 remissionem
1145 3234 1349 3316 culpae
1376 3253 1451 3298 ac
1481 3253 1705 3317 poenae.
1740 3236 1882 3299 Por-

376 3347 449 3392 ro
484 3349 675 3394 causa
710 3329 1010 3394 efficiens
1050 3331 1243 3413 hujus
1282 3333 1653 3407 sanctitatiS,
1688 3334 1751 3397 id
1786 3342 1884 3397 est

372 3429 761 3492 characteris
802 3429 1225 3512 baptismaliS,
1258 3431 1425 3494 Deus
1464 3440 1560 3494 est
1592 3433 1786 3507 solus,
1819 3441 1882 3496 et

372 3527 549 3590 aliud
604 3527 790 3590 nihil.
845 3528 1083 3610 Estque
1130 3529 1456 3592 character
1512 3531 1876 3606 habilitanS,

370 3626 685 3707 adjuvans
726 3626 809 3688 ad
848 3626 1118 3707 gratiam
1163 3627 1575 3691 obtinendam
1617 3649 1691 3692 ac
1731 3649 1879 3694 con·

371 3724 751 3787 servandam
808 3741 823 3786 ε
878 3724 1022 3787 ideo
1064 3725 1427 3807 Baptismus
1484 3727 1695 3790 iterari
1750 3748 1875 3793 non

372 3829 586 3903 potest
619 3841 741 3885 nec
788 3821 998 3884 debet.
1031 3857 1113 3868 —
1140 3824 1283 3888 Haec
1327 3823 1724 3890 Guillelmus.
1760 3829 1878 3892 Cu-

366 3919 478 4000 jus
516 3921 751 4002 positio
782 3927 1095 4002 quantum
1132 3920 1215 3984 ab
1254 3922 1525 3986 aliorum
1562 3925 1877 4006 positione

370 4017 631 4080 differat
678 4026 743 4081 et
792 4018 1133 4094 discordet,
1165 4027 1231 4081 et
1276 4021 1549 4103 qualiter
1594 4041 1741 4085 cum
1784 4026 1877 4088 eis

372 4113 578 4178 valeat
606 4116 1100 4192 concordari,ex
1130 4119 1545 4200 sequentibus
1577 4121 1873 4186 elucebit.

1992 3141 2239 3222 species
2285 3160 2444 3222 quas
2485 3143 2801 3224 expressit
2846 3160 2859 3204 :
2904 3143 3074 3225 quod
3123 3149 3369 3206 constat
3413 3161 3490 3205 ex

1993 3239 2111 3302 hoc
2145 3240 2314 3321 quod
2347 3240 2523 3302 nulla
2553 3241 2800 3323 species
2829 3241 2954 3304 alia
2993 3241 3250 3304 interim
3287 3241 3494 3323 potuit

1992 3337 2288 3400 inveniri.
2320 3375 2401 3383 —
2428 3339 2766 3421 Propterea
2793 3339 2900 3402 alii
2932 3340 3174 3414 dicunt,
3210 3339 3378 3422 quod
3411 3341 3493 3402 sit

1993 3437 2059 3498 in
2091 3443 2314 3518 quarta
2352 3437 2566 3518 specie
2604 3437 2926 3520 qualitatis
2961 3455 2974 3501 :
3009 3438 3310 3520 quoniam
3343 3456 3491 3501 con-

1995 3534 2294 3616 figuratio
2340 3555 2532 3617 quam
2582 3536 2906 3599 character
2963 3537 3285 3619 importat,
3337 3537 3494 3599 dicit

1994 3634 2305 3696 unitatem
2336 3633 2578 3716 figurae,
2611 3653 2753 3716 quae
2781 3643 2879 3698 est
2909 3635 2976 3697 in
3007 3635 3329 3717 qualitatis
3357 3655 3494 3718 spe-

1994 3731 2091 3794 cie
2140 3738 2382 3814 quarta.
2431 3731 2730 3814 Hancque
2772 3731 3048 3813 figuram
3098 3733 3358 3815 quidam
3402 3733 3494 3795 di-

1992 3837 2148 3892 cunt
2186 3849 2325 3892 esse
2365 3848 2622 3892 crucem
2660 3829 2909 3892 Christi.
2945 3831 3120 3904 Quod
3159 3838 3323 3893 stare
3363 3848 3490 3893 non

1990 3929 2181 4002 valet,
2215 3929 2366 4011 quia
2393 3935 2500 3990 aut
2532 3927 2738 4009 figura
2769 3929 3044 3991 sumitur
3075 3929 3354 4011 proprie,
3381 3935 3492 3990 aut

1991 4025 2444 4108 metaphorice.
2496 4025 2560 4088 Si
2621 4026 2898 4108 proprie,
2949 4025 3042 4088 sic
3097 4024 3490 4089 terminatio-

1990 4144 2138 4187 nem
2175 4125 2476 4207 importat
2505 4131 2568 4186 et
2596 4123 3086 4199 dimensionem,
3118 4143 3310 4207 quam
3346 4142 3491 4188 con-

452 4213 533 4275 At
578 4231 733 4278 vero
774 4215 854 4277 de
900 4214 1001 4277 his
1046 4216 1317 4280 Thomas
1360 4225 1636 4281 tractans
1685 4220 1877 4283 diffu-
1909 4241 1959 4302 1)
1990 4231 2113 4286 stat
2161 4224 2228 4285 in
2277 4223 2493 4286 anima
2542 4241 2665 4286 non
2717 4241 2877 4285 esse.
2922 4222 2986 4286 Si
3031 4223 3487 4305 metaphorice,

372 4331 465 4384 se,
498 4312 711 4394 primo
740 4313 1122 4389 sciscitatur,
1158 4323 1371 4377 utrum
1414 4317 1737 4381 character
1770 4319 1871 4382 sit.
1990 4329 2239 4404 oportet
2269 4321 2441 4402 quod
2473 4320 2842 4402 metaphora
2870 4322 3210 4384 reducatur
3236 4323 3316 4384 ad
3352 4339 3492 4403 pro·

373 4411 741 4493 Respondet
796 4428 809 4472 :
868 4411 1308 4476 Characterem
1365 4414 1429 4478 in
1489 4416 1875 4497 quibusdam
1990 4421 2346 4502 prietatem.
2371 4419 2506 4481 Non
2538 4419 2712 4482 enim
2745 4437 2845 4481 res
2875 4420 3137 4501 ponitur
3161 4420 3226 4482 in
3258 4439 3490 4501 genere

374 4508 663 4591 Imprimi
704 4510 1142 4585 sacramentis,
1174 4529 1397 4576 omnes
1440 4513 1720 4577 fatentur
1752 4535 1881 4579 mo·
1987 4536 2103 4599 per
2153 4518 2216 4580 id
2264 4517 2432 4600 quod
2483 4517 2561 4580 de
2605 4535 2680 4580 ea
2727 4517 3158 4599 metaphorice
3203 4519 3484 4582 dicitur:

374 4606 833 4670 derni.Verum
868 4608 935 4671 in
966 4610 1157 4673 modo
1186 4612 1462 4693 ponendi
1495 4614 1723 4694 partim
1758 4614 1878 4679 dif-
1986 4615 2154 4678 sicut
2200 4633 2329 4678 non
2379 4613 2616 4677 dicitur
2665 4615 2832 4697 quod
2888 4616 3174 4698 Apostoli
3225 4624 3374 4679 sunt
3422 4617 3485 4678 in

375 4703 609 4780 ferunt,
636 4706 871 4789 partim
903 4709 1312 4771 conveniunt.
1350 4711 1419 4772 In
1450 4711 1571 4774 hoc
1601 4732 1877 4796 namque
1985 4733 2218 4795 genere
2257 4714 2603 4796 qualitatiS,
2646 4714 2950 4796 quoniam
2990 4715 3232 4778 dictum
3273 4722 3370 4778 est
3408 4715 3487 4777 de

376 4821 596 4868 omnes
638 4806 1055 4880 conveniunt,
1096 4809 1265 4888 quod
1310 4807 1534 4872 dieunt
1576 4829 1691 4892 per
1732 4812 1876 4874 cha-
1986 4812 2078 4876 eis
2114 4831 2126 4873 :
2160 4812 2284 4875 Vos
2323 4812 2476 4876 estis
2519 4812 2627 4875 lux
2670 4813 2911 4876 mundi.
2945 4813 3074 4876 Nec
3114 4814 3346 4896 poterit
3374 4813 3486 4876 ali·
3542 4833 3781 4885 Marma,

376 4912 683 4966 racterem
730 4903 1061 4986 importari
1105 4905 1426 4988 triplicem
1476 4908 1872 4984 relationem,
1986 4911 2140 4992 quid
2189 4911 2256 4972 in
2301 4918 2524 4993 quarta
2567 4912 2891 4993 qualitatis
2935 4911 3150 4994 specie
3188 4912 3480 4993 reperiri,
3517 4899 3584 4940 ¹⁴·

374 5001 525 5082 quia
554 5001 883 5064 character
910 5010 1008 5065 est
1041 5003 1295 5085 signum
1331 5005 1773 5070 distinctivum
1812 5017 1877 5072 et
1984 5010 2155 5092 quod
2211 5010 2294 5072 sit
2353 5009 2417 5072 in
2471 5010 2684 5072 anima
2731 5010 3084 5072 secundum
3133 5011 3482 5091 proprieta-

374 5099 933 5181 configurativum.
987 5102 1065 5163 Et
1120 5110 1191 5164 ut
1245 5103 1523 5185 signum,
1576 5107 1878 5188 importat
1981 5114 2133 5170 tem.
2168 5108 2329 5170 Hinc
2369 5108 2695 5170 character
2734 5107 2984 5170 fundari
3030 5107 3254 5189 nequit
3291 5127 3486 5190 super

376 5197 747 5261 relationem
786 5199 866 5262 ad
896 5199 1250 5281 signatum3
1284 5202 1349 5264 in
1383 5211 1693 5285 quantum
1722 5223 1874 5268 vero
1981 5206 2354 5288 qualitatem
2386 5215 2627 5288 quartae
2657 5206 2894 5288 speciei
2927 5206 3118 5268 illius.
3141 5206 3486 5270 —Idcirco

376 5301 475 5356 est
518 5295 982 5374 distinctivum,
1025 5306 1201 5362 notat
1250 5300 1623 5364 relationem
1672 5302 1751 5365 ad
1798 5322 1873 5366 ea
1979 5303 2091 5367 alii
2129 5304 2376 5380 dicunt,
2419 5305 2589 5387 q‘uod
2633 5303 2716 5368 sit
2759 5305 2825 5366 in
2871 5304 3057 5367 tertia
3099 5311 3298 5387 parte,
3330 5322 3483 5388 quo-
