4267 6250
805 509 890 576 36
1765 526 1942 606 tisim
1981 527 2044 574 ιν
2085 525 2569 573 εΕΝΤΒΝτιΑιιυκ.
2610 543 2693 554 -
2732 526 2887 573 nrsr.
2928 526 2951 573 1

1139 773 1211 838 G.
1261 777 1457 844 Quod
1503 778 1776 853 leaalia
1824 778 2092 842 melius
2136 777 2487 841 dicuntur
2530 777 2745 852 siena
2793 789 3018 852 Quam
3062 775 3569 839 sacramenta.

519 1033 788 1092 nugas-m-
945 1008 1094 1072 Nou
1123 1024 1276 1090 ergo
1314 1007 1727 1090 significandi
1765 1009 2022 1072 tantum
2053 1009 2263 1090 gratia
2298 1009 2704 1072 sacramenta
2740 1007 3042 1071 instituta
3078 1007 3256 1085 sunt,
3288 1006 3405 1071 sed
3432 1005 3632 1070 etiam
3668 1002 3919 1068 sancti-

517 1097 784 1214 ἴωιῗῇῗ
812 1126 1072 1190 ficandi.
1114 1125 1277 1199 Quae
1322 1125 1501 1189 enim
1553 1125 1964 1206 significandi
2010 1126 2221 1207 gratia
2264 1126 2523 1188 tantum
2568 1124 2872 1188 instituta
2916 1124 3093 1204 sunt,
3134 1123 3352 1187 solum
3398 1123 3587 1204 signa
3628 1123 3806 1202 sunt,
3846 1121 3921 1185 et

813 1260 947 1307 non
984 1241 1433 1306 sacramenta:
1461 1241 1633 1304 sicut
1661 1241 1928 1307 fuerunt
1954 1242 2273 1307 sacrificia
2301 1242 2586 1306 carnalia
2612 1243 2679 1305 et
2707 1240 3138 1305 observantiae
3173 1239 3649 1304 caerimoniales
3676 1238 3921 1301 veteris

557 1377 698 1423 neor.
727 1389 786 1430 tx,
816 1358 1002 1439 legia,
1037 1375 1186 1439 quae
1229 1374 1568 1438 nunquam
1613 1359 1916 1438 poterant
1949 1358 2171 1439 ⁸iustos
2208 1358 2420 1422 facere
2458 1358 2803 1421 offerentes
2846 1376 2861 1418 :
2901 1357 3059 1437 quia
3093 1359 3170 1420 ut
3208 1357 3303 1420 ait
3336 1355 3719 1438 ApostoluS,
3762 1371 3920 1418 san·

525 1447 592 1487 ¹³·
815 1474 966 1555 guis
1011 1474 1347 1546 hircorum
1397 1474 1463 1536 et
1510 1474 1850 1568 taurorum
1899 1475 1988 1538 et.
2011 1475 2178 1537 cinis
2227 1474 2454 1538 vitulae
2500 1474 2877 1554 adspersuS,
2918 1473 3298 1554 inquinatos
3342 1466 3787 1535 sanctificabat
3830 1471 3919 1533 ad

816 1589 1352 1652 emundationem
1391 1589 1628 1668 carnis,
1659 1563 1792 1652 non
1825 1590 2091 1654 animae.
2123 1589 2298 1654 Nam
2334 1589 2703 1674 inquinatio
2733 1589 2849 1652 illa
2884 1587 3024 1652 erat
3059 1588 3397 1652 contactus
3426 1586 3695 1650 mortui.
3726 1585 3921 1649 Unde

521 1719 791 1777 Aug-Quat.
816 1704 1232 1786 Augustinus
1265 1725 1279 1765 ε
1311 1705 1497 1768 Nihil
1539 1704 1721 1768 aliud
1755 1705 2053 1786 intelligo
2089 1706 2615 1787 inquinationem
2652 1721 2851 1786 quam
2890 1675 2998 1768 lex
3038 1704 3337 1784 mundat,
3374 1702 3507 1766 nisi
3543 1704 3921 1766 contactum

522 1781 789 1890 ἱῗιιοῗρῖὖ.
821 1821 1066 1885 mortui
1111 1821 1425 1901 hominiS,
1466 1837 1666 1902 quem
1713 1821 1827 1902 qui
1865 1821 2192 1902 tetigerat,
2231 1821 2617 1886 immundus
2664 1822 2804 1884 erat
2838 1822 3092 1901 septem
3139 1818 3408 1902 diebus3
3448 1819 3564 1883 sed
3607 1813 3922 1902 purifica-

525 1913 790 2016 }Rq‘ae'n'
819 1919 1011 2002 batur
1054 1937 1419 2003 secundum
1468 1937 1682 2019 legem
1728 1937 1834 2000 die
1877 1938 2070 2002 tertio
2118 1941 2185 2002 et
2218 1939 2527 2020 septime,
2568 1940 2634 2002 et
2677 1939 2771 2001 ita
2816 1937 3106 2024 mundus
3152 1937 3311 2034 erat,
3352 1937 3429 1999 ut
3462 1937 3603 2017 jam
3649 1936 3927 1999 intraret

525 2034 680 2150 ,³32⁸
704 2046 791 2086 ‘¹¹’
817 2055 888 2118 iu
928 2053 1272 2135 templum.
1303 2053 1707 2118 Mundabant
1743 2053 1942 2117 etiam
1979 2054 2313 2120 interdum
2342 2073 2383 2118 a
2412 2054 2731 2136 corporali
2748 2036 2943 2136 ¹lepra
2980 2053 3093 2117 illa
3128 2053 3383 2135 legalia.
3418 2053 3548 2117 Sed
3582 2068 3926 2134 nunquam

521 2191 789 2244 nmmo.
820 2189 904 2235 ex
951 2169 1260 2253 operibus
1311 2169 1476 2252 legis
1520 2169 1764 2251 aliquis
1804 2165 2206 2258 justificatus
2253 2171 2375 2257 est,
2414 2172 2491 2258 ut
2534 2170 2626 2234 ait
2665 2169 3051 2252 Apostolus,
3093 2170 3292 2233 etiam
3340 2169 3400 2233 si
3445 2169 3517 2232 in
3561 2169 3690 2233 fide
3740 2170 3807 2232 et
3852 2168 3925 2231 in

821 2287 1088 2351 caritate
1134 2285 1384 2350 fierent.
1429 2286 1645 2360 Quare
1665 2286 1696 2348 ‘3
1737 2286 1908 2360 Quia
1953 2287 2276 2367 imposuit
2314 2305 2391 2351 ea
2435 2288 2618 2351 Deus
2653 2287 2724 2349 in
2762 2287 3172 2367 servitutem,
3210 2304 3345 2350 non
3390 2285 3459 2349 in
3500 2281 3927 2367 justificatio-

821 2419 998 2482 nem,
1040 2402 1105 2466 et
1139 2402 1215 2465 ut
1253 2397 1464 2483 figura
1506 2400 1712 2465 futuri
1751 2404 1991 2483 essent,
2033 2402 2263 2467 volens
2304 2402 2432 2467 sibi
2478 2403 2609 2483 ipsi
2656 2403 2880 2484 potius
2924 2403 3142 2467 offerri
3180 2419 3257 2466 ea
3294 2419 3494 2484 quam
3541 2402 3760 2466 idolis.
3801 2401 3926 2464 Illa

821 2536 974 2601 ergo
1013 2520 1204 2601 signa
1241 2519 1458 2599 erant;
1499 2519 1616 2582 sed
1651 2519 1874 2582 tamen
1910 2519 1977 2582 et
2011 2520 2441 2601 sacramenta,
2481 2519 2635 2583 licet
2669 2520 2893 2583 minus
2928 2519 3215 2602 proprie,
3246 2519 3316 2581 in
3354 2519 3709 2601 Scripturis
3744 2535 3924 2599 saepe
4042 2580 4051 2586 .

819 2638 1137 2700 vocantur
1182 2655 1196 2696 ε
1242 2636 1400 2716 quia
1444 2635 1633 2716 signa
1685 2636 1870 2699 erant
1914 2635 2010 2698 rei
2061 2653 2287 2716 sacrae,
2334 2653 2534 2717 quam
2582 2636 2813 2716 utique
2868 2651 3001 2699 non
3028 2617 3476 2718 *praestabant
3522 2635 3644 2699 Illa
3698 2637 3924 2699 autem

819 2751 1182 2833 Apostolus
1213 2769 1411 2834 opera
1439 2751 1603 2834 legis
1631 2752 1814 2833 dicit,
1837 2769 1985 2834 quae
2013 2752 2274 2816 tantum
2300 2751 2715 2834 significandi
2743 2752 2952 2834 gratia
2982 2751 3088 2816 vel
3116 2729 3184 2814 in
3214 2768 3387 2816 onus
3411 2751 3715 2816 instituta
3741 2751 3919 2815 sunt.

1489 3011 1574 3075 D.
1614 3014 1717 3075 De
1761 3027 1990 3076 causa
2039 3013 2530 3078 institutionis
2572 3014 3247 3078 sacramentorum.

532 3282 800 3341 Ηῳβω,
959 3244 1231 3329 Triplici
1268 3244 1490 3308 autem
1526 3243 1608 3308 de
1645 3261 1840 3307 causa
1877 3245 2284 3309 sacramenta
2318 3244 2621 3309 instituta
2656 3245 2813 3309 sunt
2844 3231 3158 3327 :propter
3192 3244 3753 3333 humiliationem,
3782 3265 3931 3312 eru-

528 3345 801 3464 ajssf33
825 3364 1170 3443 ditionem,
1213 3361 1770 3427 exercitationem.
1813 3360 2092 3444 Propter
2132 3361 2665 3425 humiliationem
2705 3361 2998 3443 quidem,
3043 3363 3118 3425 ut
3152 3362 3313 3426 dum
3359 3362 3560 3427 homo
3603 3364 3674 3426 in
3715 3364 3931 3429 sensi-

529 3474 800 3592 gffiffffiz
827 3479 1075 3544 bilibus
1114 3478 1335 3558 rebuS,
1378 3495 1527 3558 quae
1575 3478 1808 3540 natura
1855 3476 2027 3540 infra
2075 3478 2299 3559 ipsum
2348 3478 2526 3557 sunt,
2577 3496 2660 3542 ex
2709 3478 3036 3559 praecepto
3086 3476 3411 3542 Creatoris
3458 3495 3528 3543 se
3571 3480 3927 3544 reverendo

532 3614 573 3647 ο·
597 3606 639 3645 ³·
829 3596 1120 3677 subjicit,
1153 3612 1237 3659 ex
1272 3595 1395 3658 hac
1430 3593 1804 3657 humilitate
1841 3594 1907 3658 et
1943 3592 2317 3658 obedientia
2351 3594 2492 3657 Deo
2523 3594 2734 3675 magis
2770 3594 3045 3677 placeat,
3078 3595 3142 3658 et
3170 3595 3345 3677 apud
3382 3612 3536 3659 eum
3574 3597 3926 3676 mereatur,

830 3712 1022 3795 cujus
1084 3712 1362 3795 imperio
1431 3711 1712 3775 salutem
1762 3710 1999 3793 quaerit
2057 3710 2127 3773 in
2180 3710 2603 3774 inferioribus
2652 3728 2746 3792 se,
2798 3712 2923 3774 etsi
2968 3727 3101 3775 non
3146 3710 3230 3775 ab
3280 3711 3437 3791 illis,
3489 3712 3606 3776 sed
3651 3729 3769 3794 per
3814 3712 3932 3775 illa

831 3848 870 3894 a
915 3830 1078 3894 Deo.
1124 3829 1402 3911 Propter
1449 3828 1887 3892 eruditionem
1935 3828 2136 3892 etiam
2186 3827 2499 3891 instituta
2534 3830 2710 3908 suut,
2754 3828 2830 3891 ut
2873 3845 2991 3909 per
3034 3828 3104 3891 id
3153 3828 3331 3910 quod
3387 3827 3549 3892 foris
3596 3829 3665 3892 in
3712 3829 3932 3911 specie

829 3947 1079 4012 visibili
1125 3947 1434 4025 cernitur,
1476 3945 1560 4009 ad
1605 3944 2008 4009 invisibilem
2053 3945 2391 4025 virtutem,
2432 3961 2581 4026 quae
2632 3946 2813 4009 intus
2858 3947 2980 4025 est,
3020 3945 3499 4026 agnoscendam
3546 3963 3735 4011 mens
3781 3964 3936 4010 eru-

831 4064 1072 4128 diatur.
1103 4063 1323 4127 Homo
1355 4062 1531 4127 enim
1560 4062 1675 4143 qui
1713 4063 1862 4125 ante
1891 4062 2233 4143 peccatum
2270 4062 2411 4125 sine
2440 4062 2658 4125 medio
2687 4063 2903 4125 Deum
2933 4061 3217 4143 videbat,
3249 4045 3367 4143 per
3392 4065 3733 4144 peccatum
3770 4064 3936 4128 adeo

831 4180 1084 4260 hebuit,
1124 4180 1200 4243 ut
1235 4195 1650 4260 nequaquam
1686 4178 1912 4242 diviua
1947 4181 2146 4260 queat
2179 4195 2431 4261 capere,
2462 4179 2594 4243 nisi
2631 4179 2941 4243 humanis
2977 4179 3392 4243 exercitatus.
3433 4179 3712 4260 Propter
3752 4186 3939 4242 exe'r-

833 4296 1215 4361 citationem
1261 4293 1568 4358 similiter
1602 4294 1904 4357 instituta
1940 4297 2118 4375 sunt,
2159 4294 2317 4375 quia
2356 4312 2566 4375 quum
2610 4295 2810 4359 homo
2856 4295 3109 4359 otiosus
3146 4312 3290 4359 oese
3325 4311 3461 4358 non
3501 4294 3741 4376 possit,
3774 4300 3939 4375 pro-

833 4413 1106 4497 ponitur
1131 4412 1195 4476 ei
1222 4411 1408 4475 utilis
1437 4411 1502 4474 et
1528 4410 1811 4475 salubris
1838 4411 2218 4475 exercitatio
2255 4412 2325 4473 in
2362 4410 2812 4491 sacramentiS,
2836 4427 2967 4493 qua
2994 4428 3232 4473 vanam
3263 4412 3330 4475 et
3355 4412 3626 4475 noxiam
3653 4409 3941 4475 declinet

837 4529 1359 4611 occupationem.
1385 4524 1547 4591 ‘Non
1586 4528 1765 4590 enim
1809 4527 2000 4592 facile
2037 4528 2296 4610 capitur
2330 4544 2369 4590 a
2404 4528 2750 4608 tentatore,
2783 4529 2899 4609 qui
2934 4526 3109 4591 bono
3146 4529 3336 4592 vacat
3371 4528 3705 4593 exercitio.
3748 4528 3942 4592 Unde

543 4657 808 4715 Hier-Bria.
835 4646 1286 4726 Hieronymus
1326 4643 1553 4709 monet
1570 4661 1609 4705 ·:
1650 4642 1925 4726 Semper
1959 4642 2210 4726 aliquid
2256 4644 2415 4708 boni
2452 4644 2671 4726 operis
2718 4643 2938 4725 facit0,
2980 4644 3055 4707 ut
3089 4645 3154 4708 te
3195 4646 3587 4727 occupatum
3632 4644 3943 4709 diabolus

545 4725 640 4776 ¹25.
655 4735 700 4767 n.
715 4726 782 4767 ss.
835 4762 1129 4827 inveniat

1635 4976 1716 5041 E.
1755 4981 1860 5042 De
1899 4978 2189 5053 triplici
2226 4991 2498 5055 uenere
2540 4978 3131 5043 emer-citationis.

546 5226 822 5337 gaffissm⁷
973 5212 1156 5282 Sunt·
1178 5214 1400 5281 autem
1437 5210 1982 5277 exercitationum
2023 5212 2159 5275 tres
2193 5210 2445 5294 species
2476 5230 2493 5273 z
2523 5227 2657 5275 una
2690 5210 2775 5273 ad
2812 5208 3313 5275 aedificationem
3354 5208 3593 5274 animae
3632 5212 3941 5292 pertinet,

547 5358 816 5409 mmai.
845 5331 974 5396 alia
1018 5330 1099 5394 ad
1151 5328 1442 5413 corporis
1491 5328 1884 5407 fomentum,
1921 5325 2051 5390 alia
2094 5327 2178 5390 ad
2224 5328 2569 5410 utriusque
2616 5325 3136 5391 subversionem.
3176 5324 3399 5401 Quum
3446 5326 3650 5409 igitur
3694 5326 3943 5411 absque
