4267 6250
391 511 618 567 cumr.
651 513 720 570 11,
753 512 844 570 ιιι,
875 513 938 560 iv
971 513 986 558 ε
1017 513 1106 560 ΑΝ
1133 511 1356 560 racem·
1382 509 1786 568 nonnum,
1817 510 1920 568 om
1949 509 2013 556 m
2042 509 2309 557 nonum
2336 510 2572 566 acca-rr
2598 511 2825 562 coatus
2852 511 3112 570 CHRISTI,
3143 511 3272 559 mc.
3329 491 3456 562 235

343 683 630 748 caritatis
681 693 1100 766 augmentum
1162 701 1177 747 ε
1237 703 1382 766 quae
1441 680 1847 746 manducatio
1873 680 1928 746 A
1957 681 2207 745 catione
2235 689 2333 746 est
2364 683 2809 766 incorporatio,
2834 703 2976 766 quae
3006 683 3096 748 ibi
3128 683 3449 748 nonfuit:

339 799 476 846 non
534 784 836 847 convenit
883 783 1144 866 indigne
1201 782 1500 846 sumenti.
1551 781 1694 844 Haec
1745 780 1846 844 Ri-

343 879 642 944 einardus,

419 980 504 1042 At
531 997 684 1042 vero
711 980 1154 1044 Bonaventura
1183 978 1428 1062 inquit:
1452 977 1848 1042 Manducatio

345 1077 561 1159 primo
595 1085 662 1140 et
699 1078 1144 1161 principaliter
1183 1077 1246 1140 in
1288 1075 1722 1160 corporalibus
1754 1075 1847 1137 in-

343 1175 626 1250 venitur,
659 1183 724 1238 et
753 1177 904 1240 inde
940 1177 1018 1240 ad
1059 1175 1414 1258 spiritualia
1452 1181 1550 1239 est
1587 1173 1849 1236 transla-

345 1282 428 1336 ta.
443 1274 510 1338 Si
540 1293 694 1357 ergo
720 1275 998 1339 velimus
1025 1275 1316 1358 accipere
1346 1292 1562 1337 veram
1593 1273 1851 1335 mandu-

345 1373 668 1436 cationem
697 1373 1388 1456 spiritualem,oportet
1415 1373 1493 1435 ad
1523 1371 1847 1454 propriam

343 1471 788 1552 acceptionem
831 1470 1128 1535 vocabuli
1169 1489 1286 1536 nos
1331 1469 1696 1534 transferre.
1729 1468 1849 1533 No—

347 1570 615 1632 tandum
647 1586 818 1651 ergo,
855 1570 1026 1653 quod
1055 1569 1350 1652 quamvis
1381 1569 1566 1632 multi
1596 1569 1726 1631 sint
1751 1587 1850 1631 ac-

347 1677 450 1731 tus
489 1668 558 1731 in
597 1669 1090 1733 manducatione
1127 1668 1438 1751 corporali
1479 1666 1746 1732 connexi
1786 1674 1851 1730 et

346 1775 833 1849 consequenteS,
884 1768 1012 1830 duo
1059 1775 1272 1832 tamen
1331 1766 1652 1850 praecipue
1699 1773 1850 1828 sunt

1957 780 2261 863 quoniam
2320 781 2443 844 sibi
2504 782 2628 864 ipsi
2688 781 3079 864 incorporari
3138 782 3450 864 nequivit,

1957 897 2074 942 nec
2115 879 2394 942 caritatis
2444 879 2664 942 habitu
2715 897 2925 962 neque
2967 878 3237 943 fervoris
3276 889 3455 944 motu

1958 975 2273 1057 proficere
2304 976 2529 1058 potuit.
2564 976 2707 1040 Haec
2742 975 2932 1039 idem.
2967 1012 3048 1023 —
3077 976 3324 1059 Scripta
3354 977 3457 1040 de-

1959 1093 2135 1136 mum
2195 1075 2459 1149 Alberti,
2521 1076 2800 1139 Durandi
2858 1082 2923 1138 et
2976 1075 3456 1156 Argentinensis

1959 1173 2128 1235 circa
2168 1174 2490 1255 praedicta,
2525 1173 2591 1236 in
2622 1173 2811 1236 dictis
2841 1172 3095 1236 Thomae
3127 1174 3455 1238 continen-

1961 1279 2086 1346 tur,
2127 1279 2196 1334 et
2236 1270 2329 1334 eis
2372 1279 2739 1334 consonant.

2111 1587 2795 1662 QUAESTIONES
2844 1569 2955 1669 ‘11‚
3006 1588 3153 1668 111,
3203 1589 3311 1653 1v

347 1865 426 1928 de
475 1865 842 1946 integritate
889 1865 1113 1948 ipsius»,
1150 1865 1452 1929 videlicet
1495 1863 1848 1926 masticatio
1881 1862 1932 1926 B
2099 1860 2353 1942 MpliuS,
2396 1859 2653 1942 quidam
2696 1861 2866 1924 circa
2903 1859 3039 1924 haec
3077 1860 3458 1942 quaestiones

347 1971 412 2024 et
439 1963 890 2045 incorporatio.
925 1964 1074 2036 Quae
1111 1963 1238 2026 duo
1281 1963 1563 2045 reperire
1599 1970 1849 2044 oportet

349 2059 414 2122 in
443 2061 940 2126 manducatione
977 2061 1314 2144 spirituali.
1350 2060 1712 2143 Spiritualis
1739 2078 1848 2122 au·

351 2165 478 2222 tem
521 2159 880 2222 masticatio
917 2167 1016 2222 est
1059 2159 1427 2241 recogitatio
1465 2159 1616 2232 cibi,
1651 2159 1714 2220 id
1753 2166 1850 2221 est

347 2258 557 2319 carnis
597 2257 830 2321 Christi
876 2265 1136 2341 propter
1174 2275 1290 2322 nos
1331 2257 1398 2320 in
1438 2257 1714 2340 pretium
1757 2276 1849 2321 re-

347 2356 738 2438 demptionis
768 2357 996 2420 obiatae
1035 2365 1100 2420 et
1135 2357 1200 2420 in
1233 2357 1452 2420 cibum
1482 2357 1850 2420 relectionis

349 2453 632 2518 internae.
667 2455 1101 2537 incorporatio
1128 2474 1280 2519 vero
1307 2455 1677 2529 attenditur,
1693 2456 1847 2519 dum

349 2553 702 2634 recogitans
759 2572 976 2616 amore
1019 2554 1410 2628 accenditur,
1461 2561 1524 2617 et
1577 2554 1848 2635 cogitato

351 2650 778 2733 conjungitur.
823 2653 919 2715 Ad
968 2653 1088 2715 hoc
1129 2670 1280 2733 ergo
1322 2653 1492 2734 quod
1536 2652 1682 2733 quis
1723 2653 1848 2734 spi-

350 2748 663 2811 ritualiter
703 2751 1070 2825 manducet,
1104 2751 1452 2832 requiritur
1481 2751 1849 2832 recogitatio

352 2845 504 2909 fidei
535 2856 600 2910 et
623 2847 889 2911 allectio
919 2849 1220 2912 caritatis.
1254 2849 1322 2912 In
1356 2849 1564 2932 prima
1592 2857 1690 2912 cst
1719 2867 1848 2912 ma-

351 2944 618 3020 sticatio‚
653 2945 719 3007 in
765 2947 1044 3010 secunda
1082 2947 1508 3030 incorporatio
1541 2963 1556 3008 :
1593 2966 1670 3010 ex
1709 2948 1848 3029 qui-

352 3043 470 3106 bus
523 3043 778 3106 duobus
827 3044 1178 3127 spiritualis
1237 3045 1640 3109 manducatio
1695 3045 1850 3108 inte·
1885 3038 1930 3102 C

461 3150 580 3205 tur.

348 3161 662 3314 grzuaerit
689 3258 946 3324 quoque
973 3242 1530 3319 Bonaventura,an
1563 3242 1850 3307 Christus

349 3356 535 3401 suum
579 3355 815 3421 corpus
861 3340 1270 3404 manducavit
1309 3341 1851 3405 sacramentaliter

348 3454 422 3497 ac
450 3435 886 3519 spiritualiter.
913 3438 990 3501 Et
1018 3440 1358 3522 respondet
1382 3440 1653 3503 :Omnes
1683 3458 1851 3503 com-

351 3534 620 3597 muniter
647 3535 887 3611 dicunt,
901 3538 1070 3619 quod
1095 3538 1380 3601 Christus
1409 3558 1593 3602 suum
1625 3556 1849 3621 corpus

349 3633 890 3697 sacramentaliter
947 3636 1376 3711 manducavit,
1431 3638 1598 3700 sicut
1653 3639 1844 3701 etiam

349 3730 440 3792 ait
466 3730 838 3813 Hesychius.
872 3732 1086 3814 Aliqui
1117 3751 1374 3816 quoque
1401 3734 1644 3810 dicunt,
1676 3737 1846 3819 quod

351 3829 544 3891 etiam
601 3829 1020 3911 spiritualiter
1068 3831 1493 3906 manducavit,
1545 3834 1632 3895 ita
1677 3836 1846 3916 quod

349 3924 476 3988 fuit
525 3925 609 3988 ibi
661 3928 816 3991 unio
859 3946 974 4010 per
1017 3936 1232 3991 actum
1274 3931 1532 4003 amoris,
1565 3938 1630 3994 e't
1676 3933 1845 4013 quod

349 4024 618 4088 el'l'ectus
647 4025 1020 4107 hujusmodi
1051 4027 1546 4092 manducationis
1574 4047 1694 4093 non
1725 4028 1848 4093 suit

351 4121 417 4185 in
450 4123 714 4199 Christo,
737 4124 850 4187 sed
883 4124 947 4186 in
981 4126 1288 4189 membris
1320 4126 1557 4209 ipsius:
1583 4135 1654 4189 ut
1681 4129 1848 4191 sicut

2129 1959 2345 2041 plures
2395 1965 2777 2041 proponunt.
2836 1959 3066 2034 Prim0,
3106 1959 3237 2026 An
3284 1973 3457 2040 peo-

1957 2060 2088 2126 cet
2148 2058 2625 2138 mortaliter,
2683 2059 2821 2139 qui
2879 2059 3245 2125 conscius
3299 2057 3457 2124 sibi

1959 2157 2056 2224 de
2099 2158 2423 2238 peccato
2466 2157 2791 2223 mortali
2834 2156 3130 2237 accipit
3172 2171 3460 2238 corpus

1959 2254 2288 2324 christi.
2354 2253 2667 2328 Secundo,
2732 2253 3027 2322 Utrum
3094 2256 3461 2336 peccator

1957 2356 2235 2436 peccet
2264 2367 2551 2435 corpus
2580 2353 2885 2420 christi
2912 2353 3281 2422 videndo.
3315 2353 3459 2416 Ter-

1958 2453 2070 2527 tio,
2101 2455 2232 2519 An
2280 2454 2555 2534 peccet
2599 2453 3077 2534 mortaliter,
3106 2452 3245 2534 qui
3292 2466 3460 2519 cor-

1961 2567 2112 2634 pus
2141 2549 2447 2619 Ohnstt
2485 2552 2780 2632 aco1p1t
2817 2564 3146 2633 sperans
3182 2565 3269 2618 se
3300 2565 3460 2617 non

1961 2665 2130 2718 esse
2175 2652 2261 2716 tn
2302 2650 2626 2716 mortali
2673 2651 3021 2730 peccato,
3052 2663 3296 2730 quum
3343 2652 3461 2715 ta·

1961 2764 2144 2816 men
2172 2749 2285 2815 stt
2311 2747 2397 2814 111
2426 2762 2545 2815 eo,
2563 2781 2644 2792 -—
2677 2747 2751 2808 Et
2780 2745 3139 2809 consimilia
3168 2748 3457 2828 quaedam

1961 2853 2335 2930 quaeruntur
2377 2845 2504 2920 hic,
2535 2845 2615 2908 ad
2658 2864 2801 2928 quae
2848 2844 3171 2908 succincte
3220 2851 3319 2907 est
3362 2863 3457 2908 re-

1961 2946 2427 3029 spondendum.

2039 3146 2259 3227 ltaque
2306 3145 2475 3208 circa
2531 3145 2666 3208 haec
2718 3143 2944 3208 scribit
2988 3144 3459 3209 Antisiodoren-

1959 3243 2048 3305 sis
2100 3261 2114 3305 :
2170 3244 2433 3307 Sumere
2492 3260 2723 3325 corpus
2782 3242 3014 3307 Christi
3076 3243 3140 3305 in
3200 3252 3461 3325 peccato

1961 3342 2236 3414 mortali,
2270 3360 2395 3405 non
2447 3350 2545 3406 est
2592 3341 2832 3404 malum
2884 3341 2947 3404 in
2996 3360 3229 3423 genere
3262 3359 3277 3404 ε
3310 3343 3462 3425 quia

1959 3441 2012 3503 si
2051 3440 2287 3523 aliquis
2328 3440 2743 3523 probabiliter
2783 3440 2998 3503 credat
3038 3459 3108 3503 se
3150 3459 3278 3503 non
3320 3459 3459 3503 esse

1959 3540 2026 3602 in
2077 3545 2338 3621 peccato
2384 3538 2657 3613 mortali,
2699 3538 2992 3620 quamvis
3042 3538 3145 3612 sit,
3188 3556 3311 3601 non
3362 3546 3462 3601 est

1959 3637 2202 3700 malum
2236 3637 2299 3698 in
2330 3654 2406 3699 eo
2436 3654 2689 3699 sumere
2721 3636 2952 3699 Christi
2984 3654 3235 3718 corpus.
3268 3636 3459 3700 Idcir-

1958 3754 2034 3798 co
2079 3735 2422 3798 auctoritas
2479 3734 2619 3807 ista,
2669 3735 3001 3797 Peccatum
3050 3742 3148 3797 est
3203 3754 3455 3798 sumere
3486 3744 3751 3852 'gg-:231

1959 3833 2116 3895 illud
2166 3832 2221 3895 si
2261 3831 2425 3894 desit
2460 3831 2625 3896 fides
2672 3840 2783 3894 aut
2827 3832 3077 3905 caritaS,
3120 3832 3249 3896 imo
3287 3831 3457 3914 judi-

1959 3931 2129 3994 cium
2170 3931 2294 3994 sibi
2336 3931 2675 3994 manducat
2716 3937 2780 3993 et
2826 3928 3011 4003 bibit,
3046 3930 3457 4012 intelligenda

1957 4038 2055 4093 est
2087 4047 2100 4091 :
2135 4030 2190 4092 si
2229 4029 2395 4092 desit
2438 4027 2503 4091 in
2545 4028 2953 4103 conscientia,
2987 4028 3052 4091 id
3090 4036 3207 4101 est,
3240 4029 3295 4091 si
3326 4047 3458 4091 cre-

1956 4128 2064 4190 dat
2103 4147 2171 4191 se
2213 4128 2449 4191 habere
2500 4134 2833 4209 peccatum
2874 4128 3161 4190 mortale.
3195 4126 3310 4200 Qui
3351 4147 3457 4189 au-

351 4220 633 4285 Christus
681 4241 810 4286 non
860 4223 1098 4285 meruit
1153 4224 1300 4299 sibi,
1347 4226 1456 4289 sed
1505 4226 1711 4302 nobis,
1761 4228 1846 4289 ita
1875 4225 1927 4288 D
1956 4234 2086 4289 tem
2149 4226 2426 4289 scienter
2479 4225 2716 4307 accipit
2777 4244 3008 4308 corpus
3070 4225 3325 4289 Domini
3390 4226 3455 4288 in

353 4320 583 4382 virtute
648 4320 1156 4385 manducationis
1225 4324 1400 4387 illius
1475 4326 1710 4389 meruit
1776 4334 1846 4388 ut

355 4418 637 4481 membra
677 4438 794 4483 sua
835 4418 962 4482 sibi
1002 4420 1148 4502 plus
1187 4422 1541 4487 unirentur.
1576 4424 1752 4498 Quod
1790 4424 1844 4487 si

353 4532 574 4577 verum
615 4525 802 4590 esset,
835 4516 1100 4581 haberet
1139 4518 1206 4581 in
1250 4536 1378 4582 non
1422 4521 1845 4585 manducante

351 4630 426 4674 ac
457 4612 806 4678 dormiente
835 4615 1162 4679 effectum.
1198 4618 1520 4683 Postremo
1549 4620 1844 4701 spiritua·

353 4710 434 4773 lis
479 4712 874 4776 manducatio
917 4713 1074 4775 dicit
1117 4714 1538 4779 intentionem
1577 4718 1844 4781 unionis

355 4810 790 4873 manducantis
819 4830 968 4875 cum
1013 4813 1392 4877 manducato
1420 4824 1565 4879 actu
1594 4816 1694 4879 vel
1737 4818 1842 4879 ha-

353 4905 494 4970 bitu
538 4924 552 4970 :
597 4928 868 4992 quorum
927 4918 1228 4975 neutrum
1277 4912 1400 4975 fuit
1459 4913 1521 4975 in
1572 4914 1838 4979 Christo.

353 5005 591 5070 Idcirco
624 5008 993 5081 dicendum,
1034 5010 1204 5093 quod
1245 5010 1414 5073 sicut
1450 5011 1840 5095 baptismum

352 5106 889 5169 sacramentaliter
949 5114 1198 5171 tantum
1257 5111 1527 5193 accepit,
1589 5118 1655 5174 et
1715 5129 1840 5175 non

355 5219 515 5275 rem,
546 5202 628 5264 ita
667 5210 730 5267 et
760 5203 880 5267 hoc
919 5214 1410 5269 sacramentum.
1447 5208 1524 5269 Et
1564 5208 1685 5271 hoc
1715 5209 1846 5291 egit

357 5300 424 5391 iu
465 5302 844 5385 exemplum.
881 5303 950 5366 In
991 5303 1307 5387 spirituali
1343 5306 1537 5369 etiam
1579 5308 1841 5373 mandu-

1958 4324 2233 4397 mortali,
2286 4331 2507 4407 peccat
2566 4322 2933 4387 mortaliter.
2987 4325 3131 4389 Haec
3187 4322 3459 4388 Antisio-

1955 4422 2265 4486 dorensis.
2322 4457 2403 4468 —
2457 4422 2701 4496 Quibus
2760 4422 3013 4488 videtur
3069 4424 3453 4497 addendum,

1955 4520 2124 4604 quod
2158 4522 2212 4583 is
2242 4520 2353 4603 qui
2396 4528 2578 4603 putat
2618 4540 2687 4585 se
2725 4541 2865 4585 esse
2906 4522 2971 4585 in
3010 4530 3177 4585 statu
3214 4524 3451 4602 gratiae,

1955 4636 2083 4682 non
2115 4626 2337 4702 peccat
2365 4621 2922 4692 communicando,
2954 4619 3249 4701 quamvis
3278 4620 3361 4682 sit
3390 4621 3453 4682 in

1957 4717 2231 4791 mortali,
2275 4718 2621 4781 dummodo
2670 4737 2817 4781 cum
2866 4715 3081 4779 debita
3128 4717 3456 4799 diligentia

1954 4816 2327 4879 discusserit
2355 4815 2807 4879 conscientiam
2840 4832 3025 4877 suam.
3042 4814 3105 4877 Si
3136 4821 3347 4877 autem
3376 4835 3453 4878 ex

1954 4914 2341 4996 negligentia
2384 4913 2505 4977 hoc
2542 4913 2793 4995 agendi,
2824 4920 3006 4995 putat
3037 4932 3105 4975 se
3151 4930 3274 4975 non
3314 4932 3454 4976 esse

1955 5012 2020 5075 in
2069 5012 2343 5085 mortali,
2375 5030 2575 5093 quum
2621 5010 2725 5083 sit,
2760 5030 2883 5075 non
2935 5018 3291 5075 excusatur.
3326 5011 3454 5074 Nec

1954 5110 2224 5173 dubium
2286 5110 2441 5192 quin
2512 5108 2697 5172 multi
2764 5128 2841 5172 ex
2904 5109 3449 5191 superficialitate‚

1952 5208 2379 5292 grossitudine
2433 5216 2498 5271 et
2552 5207 2907 5271 incustodia
2963 5207 3170 5270 cordis
3230 5215 3456 5290 putant

1954 5328 2024 5372 se
2074 5325 2215 5372 esse
2269 5307 2407 5371 sine
2459 5304 2712 5371 mortali
2768 5305 2979 5388 culpa,
3030 5324 3233 5387 quum
3280 5305 3455 5370 vitiis
