4267 6250
26 557 50 850 *nn-..-

21 1353 36 1467 “-“-

124 1627 297 1685 CI-pst'l
310 1628 371 1675 θ’.

126 2610 294 2667 ίρμδὸί
305 2615 370 2660 Δ’.

129 2708 309 2763 emma
320 2710 367 2754 B.

1082 456 1169 506 At(
1206 455 1355 504 Posi·
1394 454 1587 503 VITA!
1624 452 1792 501 mc
1832 452 2057 511 motu
2098 452 2510 503 nmrum'un
2551 453 2822 505 menna

396 626 479 691 Et
520 626 799 693 includit
840 628 977 693 haec
1012 627 1281 713 quaestio
1322 646 1397 691 ea
1438 646 1583 711 quae
1621 627 1687 690 in
1726 634 1903 691 textu
1932 626 1985 691 A
2014 634 2297 711 peccata,
2329 648 2529 711 quum
2573 629 2704 693 sint
2737 628 2954 712 aliquo
2991 630 3183 693 modo
3219 628 3510 694 volunta-

397 725 706 789 dicuntur
759 727 839 790 de
900 726 1565 810 superaedificantibus
1629 725 1897 807 lignum,

396 823 646 887 foenum
692 831 759 887 et
794 824 1123 907 stipulam,
1153 831 1345 907 atque
1384 825 1465 887 de
1502 823 1603 886 his
1640 824 1751 905 qui
1800 843 1901 886 su-

396 922 841 1004 peraedificant
866 942 1119 998 aurum,
1135 930 1470 1005 argentum
1500 930 1565 984 et
1591 940 1894 1003 gemmas.

394 1020 789 1101 Argumenta
820 1020 1013 1085 etiam
1043 1040 1185 1104 quaa
1225 1021 1397 1084 circa
1433 1020 1569 1085 haec
1598 1019 1787 1095 fiunt,
1820 1038 1899 1083 ex

396 1118 928 1200 responsionibus
972 1120 1052 1183 ad
1104 1119 1369 1202 quaesita
1423 1118 1701 1181 faciliter
1756 1134 1899 1201 pos-

396 1223 551 1280 sunt
590 1216 775 1280 solvi.

476 1412 697 1494 ltaque
749 1412 1191 1476 Bonaventura
1237 1412 1407 1475 circa
1463 1411 1597 1475 haec
1646 1410 1891 1485 scribit,

394 1510 569 1573 ultra
598 1529 673 1573 ea
700 1529 845 1593 quae
875 1510 941 1573 in
980 1510 1441 1593 quaestionibus
1479 1509 1899 1593 praecedentis

396 1607 831 1673 distinctionis
859 1628 937 1672 ex
967 1627 1045 1673 eo
1072 1617 1225 1673 sunt
1251 1609 1611 1673 introducta
1642 1626 1657 1670 t
1686 1607 1897 1671 Sancti

395 1706 687 1770 dicentes
730 1716 991 1791 peccata
1026 1716 1169 1790 post
1205 1708 1369 1770 hanc
1406 1706 1604 1769 vitam
1643 1723 1769 1768 non
1808 1705 1900 1768 di-

2011 727 2280 800 ria,sine
2311 728 2690 791 contritione
2719 728 2945 791 saltem
2975 727 3041 790 in
3071 726 3350 809 generali
3379 744 3506 789 non

2006 825 2266 901 auferri,
2282 826 2413 889 imo
2440 826 2560 890 hoc
2590 827 2910 909 pertinere
2935 827 3016 891 ad
3047 834 3504 909 contemptum,

2009 925 2087 988 de
2119 925 2276 1007 ipsis
2315 924 2678 988 nullatenus
2719 925 3029 1008 poenitere
3063 942 3078 987 ε
3113 925 3382 1007 ideoque
3421 932 3509 987 ta-

2010 1022 2160 1098 lem,
2193 1024 2248 1085 si
2280 1023 2366 1085 ita
2395 1024 2680 1099 decedat,
2712 1024 3020 1088 damnari.
3054 1023 3340 1087 Aliorum
3370 1024 3506 1106 opi-

2008 1120 2117 1183 nio
2173 1128 2290 1197 est,
2340 1122 2510 1204 quod
2561 1122 2702 1185 sine
2758 1122 3137 1185 contritione
3195 1122 3274 1185 de
3323 1122 3504 1205 ipsiS,

2008 1219 2341 1282 deleantur
2386 1239 2500 1303 per
2541 1220 2793 1285 diversa
2835 1220 3120 1285 remedia
3165 1228 3386 1284 contra
3431 1239 3508 1284 ea

2008 1317 2254 1393 collata,
2287 1318 2366 1381 de
2397 1318 2634 1401 quibus
2661 1319 2904 1383 dictum
2933 1327 3030 1383 est
3059 1338 3270 1402 supra.
3303 1318 3507 1383 Multi·
3533 1338 3799 1395 cfipmm

2010 1415 2265 1499 pliciter
2290 1424 2504 1479 tamen
2544 1416 2804 1499 expedit
2831 1417 3278 1481 contritionem
3315 1417 3507 1480 habe-

2008 1532 2077 1576 re
2107 1514 2186 1576 de
2218 1514 2398 1596 ipsiS,
2421 1514 2587 1577 sicut
2615 1515 2694 1577 de
2724 1515 2824 1577 his
2852 1516 3095 1579 dictum
3125 1522 3222 1578 est
3249 1514 3504 1598 plenius
3529 1534 3798 1642 &aaut

2006 1630 2217 1693 supra.

2086 1710 2391 1774 Praeterea
2427 1710 2622 1773 verba
2658 1710 2940 1793 Apostoli
2979 1712 3058 1774 de
3101 1711 3296 1792 lign0,
3327 1711 3503 1776 foeno
3529 1723 3800 1777 icor-maz·

398 1805 593 1879 mitti,
628 1805 997 1889 intelligunt
1032 1807 1155 1869 hoc
1190 1806 1270 1869 de
1309 1804 1591 1888 peccatis
1621 1804 1898 1867 mortali-
1928 1802 1976 1865 B
2008 1816 2073 1871 et
2116 1809 2372 1891 stipula,
2418 1807 2858 1891 multipliciter
2899 1816 3326 1892 exponuntur.
3371 1811 3504 1873 Una

397 1904 545 1979 bus,
594 1924 737 1987 quae
795 1913 1009 1968 tamen
1067 1912 1213 1988 post
1268 1910 1645 1987 praesentem
1698 1902 1897 1965 vitam

396 2004 741 2086 expiantur
768 2022 843 2066 ac
872 2003 1283 2066 dimittuntur
1308 2008 1621 2085 quantum
1661 2002 1741 2064 ad
1770 2020 1899 2083 poe-

396 2121 547 2164 nam
578 2121 771 2184 quam
804 2109 1195 2165 meruerunt.
1227 2101 1471 2164 Idcirco
1509 2100 1739 2163 salvari
1768 2118 1897 2163 non

396 2206 611 2283 potest
639 2201 807 2283 quod
836 2200 1037 2282 aliqui
1067 2200 1310 2274 dicunt,
1334 2207 1597 2283 peccata
1623 2198 1899 2261 venialia

397 2308 545 2382 post
592 2300 758 2363 hanc
804 2300 1004 2363 vitam
1053 2316 1180 2362 non
1225 2298 1463 2362 dimitti
1508 2298 1717 2380 quoad
1765 2296 1897 2359 cul-

397 2417 547 2481 pam
606 2398 719 2461 sed
779 2405 1025 2461 tantum
1093 2404 1403 2479 quantum
1471 2395 1550 2459 ad
1616 2413 1894 2478 poenam,

400 2516 603 2580 quum
658 2496 780 2559 hoc
827 2513 1083 2578 quoque
1130 2494 1507 2558 mortalibus
1555 2499 1893 2575 competat.

476 2596 745 2677 Insuper
790 2594 1019 2676 quaerit
1060 2593 1187 2669 hic,
1218 2612 1299 2655 an
1342 2592 1615 2656 venialia
1664 2598 1897 2673 queant

396 2693 537 2756 sine
562 2692 765 2774 gratia
796 2691 933 2755 tolli
961 2710 1036 2754 ac
1065 2690 1326 2765 dimitti,
1360 2678 1425 2752 et
1450 2697 1664 2751 utrum
1696 2689 1761 2751 in
1792 2689 1897 2750 ha-

397 2790 703 2855 bentibus
740 2790 1011 2872 gratiam
1049 2789 1303 2852 valeant
1340 2788 1479 2851 sine
1516 2787 1895 2850 contritione

394 2888 635 2953 auferri
668 2889 794 2951 :ad
834 2907 976 2970 quae
1001 2888 1135 2970 Jam
1173 2893 1320 2949 ante
1356 2904 1735 2969 responsum
1775 2892 1890 2947 est.

2008 1914 2220 1969 tamen
2271 1906 2582 1990 expositio
2630 1906 2889 1990 propria
2933 1915 3051 1981 est,
3095 1907 3384 1971 litteralis
3429 1927 3504 1971 ac

2010 2003 2407 2087 principalis,
2439 2023 2582 2086 quae
2611 2003 2882 2067 habetur
2911 2004 2976 2066 in
3019 2004 3247 2079 littera,
3279 2006 3346 2068 in
3379 2025 3505 2087 qua

2009 2121 2124 2184 per
2151 2102 2276 2164 tria
2315 2101 2425 2164 illa
2465 2102 2910 2183 intelliguntur
2948 2110 3206 2185 peccata
3232 2104 3508 2166 venialia

2012 2199 2272 2280 majora,
2308 2200 2554 2264 minora
2583 2208 2647 2263 et
2687 2199 2973 2275 minima,
3009 2219 3150 2283 quae
3183 2201 3250 2263 in
3280 2220 3505 2284 purga-

2007 2297 2172 2360 torio
2217 2298 2576 2380 puniuntur
2615 2298 2783 2379 igne,
2816 2305 2881 2360 et
2921 2299 3104 2380 quasi
3144 2306 3508 2363 cremantur

2008 2396 2232 2459 durius
2274 2402 2466 2478 atque
2514 2395 2846 2479 prolixius,
2879 2415 2994 2459 seu
3033 2397 3237 2462 levius
3282 2416 3358 2460 ac
3405 2416 3508 2461 ce—

2008 2494 2203 2557 lerius
2231 2494 2414 2575 juxta
2454 2512 2817 2556 mensuram
2855 2513 2986 2557 suae
3023 2494 3500 2578 culpabilitatis.

2004 2592 2267 2666 Rursus,
2300 2611 2418 2675 per
2445 2592 2714 2673 lignum,
2747 2591 3018 2667 foenum,
3052 2593 3376 2677 stipulam,
3409 2594 3504 2657 in-

1988 2691 2382 2771 ·telliguntur
2420 2708 2614 2773 opera
2651 2690 2996 2766 meritoria,
3030 2691 3268 2773 quibus
3293 2693 3507 2756 venia-

2005 2789 2097 2851 les
2127 2788 2334 2871 culpae
2360 2789 2658 2853 admixtae
2687 2797 2837 2851 sunt
2865 2791 3212 2853 secundum
3241 2790 3503 2871 gradum

2004 2886 2362 2949 triformem
2403 2893 2794 2969 praetactum.
2829 2888 2946 2950 Per
2982 2888 3502 2971 superaedificati·

393 2987 811 3053 Communior
844 2987 1113 3069 (inquit)
1148 2985 1369 3067 opinio
1413 2991 1530 3059 est,
1562 2983 1731 3067 quod
1776 3001 1895 3046 nec
1926 2979 1969 3043 C
2006 3001 2195 3048 onem
2239 3002 2393 3047 vero
2437 2985 2575 3048 auri
2627 2985 3007 3066 intelligitur
3054 2986 3504 3069 contemplatio

392 3089 458 3152 in
500 3086 822 3170 praesenti,
854 3102 975 3149 nec
1005 3085 1069 3147 in
1102 3082 1357 3148 inferno
1384 3083 1659 3147 venialia
1686 3082 1896 3147 dimit·

346 3210 355 3218 ·
389 3194 610 3250 tantur
648 3185 788 3248 sine
830 3183 1049 3266 gratia,
1082 3182 1204 3246 hoc
1246 3190 1363 3255 est,
1394 3181 1520 3244 nisi
1563 3182 1617 3245 is
1660 3182 1727 3243 in
1764 3198 1893 3263 quo

388 3291 561 3358 sunt,
608 3283 693 3346 sit
740 3283 806 3345 in
856 3282 1116 3345 caritate
1161 3287 1227 3344 et
1270 3280 1471 3362 gratia
1520 3297 1536 3342 ε
1586 3279 1892 3363 quoniam

386 3382 641 3446 veniale
682 3399 761 3444 eo
798 3381 941 3464 ipso
981 3380 1153 3462 quod
1193 3379 1411 3462 aliquo
1452 3378 1640 3440 modo
1676 3397 1892 3460 pecca-

388 3490 527 3544 tum
574 3487 693 3554 est,
728 3478 978 3543 macula
1022 3477 1312 3561 quaedam
1355 3483 1455 3539 est
1499 3483 1564 3539 et
1608 3475 1887 3539 animam

390 3580 605 3655 foedat,
620 3586 685 3642 et
711 3580 841 3642 Deo
872 3576 1337 3660 quodammodo
1367 3575 1693 3658 displicet;
1712 3574 1895 3637 idcir-

388 3696 463 3742 co
490 3679 574 3742 ab
603 3697 679 3741 ea
706 3695 829 3741 non
860 3683 1157 3760 purgatur
1183 3675 1317 3738 sine
1344 3675 1547 3737 nitore
1576 3691 1894 3736 ornamen-

388 3785 585 3860 toque
621 3776 862 3858 gratiae,
894 3794 1037 3859 quae
1076 3780 1351 3836 mentem
1392 3772 1541 3834 inde
1582 3779 1892 3853 expurget

388 3895 461 3940 ac
505 3882 713 3949 ornet,
755 3882 819 3937 et
857 3875 986 3936 Deo
1022 3872 1213 3934 faciat
1248 3870 1773 3952 complacentem.
1813 3869 1890 3931 Et

388 3975 509 4038 ista
538 3971 773 4056 positio
813 3975 1197 4054 protestatur
1222 3967 1497 4031 venialia
1531 3967 1598 4030 in
1636 3966 1889 4030 inferno

388 4072 528 4136 sine
560 4070 695 4134 fine
727 4067 966 4152 puniri,
997 4084 1075 4130 eo
1112 4066 1283 4148 quod
1318 4065 1713 4139 mortalibuS,
1746 4084 1889 4146 quae

2004 3103 2117 3148 seu
2164 3083 2424 3148 dilectio
2473 3084 2623 3166 Dei3
2656 3102 2772 3167 per
2817 3084 3500 3167 superaedificationem

2002 3185 2271 3264 argenti,
2304 3184 2561 3248 dilectio
2605 3184 2918 3267 proximi3
2950 3203 3068 3267 per
3109 3186 3504 3268 superaedifi-

2003 3282 2318 3345 cationem
2364 3282 2650 3364 lapidum
2695 3282 3143 3365 pretiosorum,
3177 3285 3503 3349 exsecutio

2000 3388 2261 3444 actuum
2321 3379 2592 3442 aliorum
2647 3380 3077 3443 virtuosorum
3131 3397 3146 3441 ε
3197 3381 3285 3444 ita
3329 3383 3499 3465 quod

2003 3478 2140 3541 istis
2177 3477 2386 3540 tribus
2429 3494 2558 3539 non
2601 3477 3037 3539 admiscentur
3073 3479 3347 3542 venialia
3391 3479 3501 3542 illa

2003 3576 2302 3660 triplicia,
2336 3593 2451 3658 per
2492 3574 2930 3638 inhaerentiam
2975 3581 3040 3637 et
3070 3575 3497 3658 frequentiam

2002 3674 2368 3738 notabiliter
2413 3673 2802 3736 diuturnam.
2843 3673 3002 3736 Nam
3049 3674 3344 3755 quamvis
3391 3694 3497 3739 ve-

2001 3773 2256 3836 nialiter
2302 3778 2590 3855 peccent,
2631 3778 2847 3834 tamen
2897 3771 3144 3834 fervore
3193 3773 3494 3850 caritatiS,

2001 3870 2318 3953 spirituali
2351 3869 2664 3952 profectu,
2694 3868 2949 3932 assidua
2978 3870 3400 3953 occupatione
3429 3872 3495 3935 in

2000 3967 2589 4051 divinis‚srequenti
2621 3966 2972 4030 elevatione
3000 3968 3078 4031 ad
3109 3969 3497 4052 Deum‚quo-

1998 4066 2240 4128 tidiana
2270 4065 2690 4138 confessione,
2720 4065 2860 4146 jugi
2901 4066 3394 4148 compunctione
3433 4076 3498 4131 et

390 4186 725 4251 nunquam
785 4165 1216 4238 dimittuntur,
1266 4163 1568 4244 adjuncta
1614 4163 1779 4242 sint;
1825 4169 1890 4225 et
1916 4161 1967 4224 D
1996 4164 2142 4227 aliis
2181 4163 2502 4226 exercitiis
2544 4163 2780 4226 sanctis
2819 4164 3202 4240 orationum,
3237 4166 3497 4230 medita-

390 4273 653 4350 propter
688 4272 923 4328 statum
967 4261 1239 4325 miseriae
1268 4259 1621 4334 infernalis,
1655 4260 1718 4322 in
1763 4280 1889 4342 qua

390 4365 569 4428 nulla
597 4363 880 4426 creditur
906 4379 1045 4424 esse
1077 4359 1452 4442 redempti0,
1484 4358 1659 4421 nulla
1687 4358 1890 4421 mino-

390 4463 553 4526 ratio
599 4481 823 4544 poenae.
867 4495 948 4506 —
992 4458 1116 4521 Alii
1164 4458 1528 4540 oppositum
1578 4457 1883 4533 sentiunt,

388 4561 791 4624 affirmantes
819 4556 1095 4621 venialia
1123 4557 1262 4619 sine
1290 4555 1491 4637 gratia
1517 4564 1767 4636 gratum
1797 4555 1887 4619 fa-

390 4661 601 4724 ciente
641 4675 827 4741 posse
856 4655 1056 4719 deleri
1096 4674 1212 4737 per
1247 4654 1513 4735 gratiam
1549 4655 1743 4735 gratis
1782 4655 1886 4717 da-

388 4767 519 4822 tam
541 4756 724 4839 :quia
750 4755 995 4818 caritati
1026 4760 1090 4816 et
1116 4753 1333 4834 gratiae
1359 4759 1605 4833 gratum
1629 4751 1887 4816 facienti

390 4874 521 4920 non
570 4852 1059 4926 contrariantur,
1110 4851 1244 4914 imo
1290 4849 1483 4912 simul
1538 4849 1758 4912 insunt
1801 4850 1888 4912 ei-

392 4956 564 5018 dem.
617 4953 726 5014 lsti
786 4968 1041 5034 quoquc
1098 4949 1379 5012 fatentur
1433 4946 1707 5010 venialia
1761 4966 1889 5011 non

395 5058 708 5137 perpetue
746 5049 814 5112 in
859 5048 1110 5112 inferno
1154 5045 1392 5129 puniri,
1424 5046 1534 5109 sed
1577 5053 1891 5129 tempora-

398 5152 549 5215 liter
594 5149 829 5223 solum,
875 5147 1043 5210 sicut
1080 5151 1393 5226 tangetur.

478 5247 796 5331 AmpliuS,
828 5245 1089 5328 quidam
1135 5240 1377 5325 opinati
1428 5249 1579 5304 sunt
1620 5242 1895 5306 venialia

1997 4263 2270 4336 tionum,
2318 4262 2808 4343 divinarumque
2863 4260 3145 4337 laudum,
3193 4281 3339 4326 mox
3388 4265 3494 4328 de-

1998 4361 2152 4435 lent,
2185 4367 2590 4434 consumunt,
2617 4366 2681 4422 et
2723 4377 2840 4443 pro
2881 4360 3126 4425 viribus
3175 4362 3378 4424 vitant
3424 4363 3496 4425 il-

1998 4447 2075 4522 la.
2112 4458 2540 4542 Spiritualiter
2577 4476 2728 4521 vero
2766 4466 2830 4521 et
2867 4477 2982 4542 per
3024 4459 3491 4542 adaptationem

1995 4557 2276 4638 aliquam
2337 4563 2604 4639 possunt
2650 4556 2784 4619 haec
2841 4556 2986 4619 aliis
3045 4558 3250 4620 modis
3300 4559 3492 4622 variis

1998 4653 2291 4735 intelligi.
2326 4654 2556 4736 Sicque
2595 4673 2790 4736 super
2819 4653 2977 4715 illud
3016 4654 3212 4729 lsaiae,
3245 4656 3350 4719 Vae
3379 4657 3492 4738 qui

1997 4751 2385 4833 conjungitis
2424 4752 2687 4813 domum
2726 4752 2805 4815 ad
2835 4750 3120 4826 domum,
3152 4753 3244 4815 ait
3277 4753 3494 4818 Hiero-

1998 4869 2232 4934 nymus
2251 4866 2266 4912 t
2285 4849 2573 4913 Haeretici
2605 4849 2898 4930 dogmata
2925 4850 3323 4930 dogmatibus
3350 4852 3494 4933 jun-

1996 4957 2196 5030 gunt3
2255 4954 2319 5010 et
2377 4947 2488 5029 qui
2543 4967 2737 5030 supra
2793 4946 3280 5011 fundamentum
3338 4950 3494 5014 fidei

1998 5047 2362 5110 debuerunt
2403 5045 2723 5110 aedil'icare
2768 5064 3020 5120 aurum,
3049 5055 3383 5128 argentum
3433 5056 3497 5112 et

1999 5145 2242 5227 lapides
2272 5144 2592 5228 pretiosos,
2607 5152 2863 5206 econtra
2890 5143 3042 5206 aedif
3045 5144 3213 5207 icant
3241 5145 3492 5229 lignum,

2002 5242 2272 5318 foenum,
2303 5241 2628 5326 stipulam.
2663 5243 2730 5305 In
2771 5241 3008 5325 quibus
3049 5261 3164 5325 per
3200 5244 3332 5308 haec
3377 5247 3496 5309 tria

3389 438 3514 504 565

3547 4678 3608 4722 Ic.
3630 4690 3673 4729 v,
3721 4710 3731 4720 .
