4267 6250
553 2080 626 2137 cf.

637 2083 762 2136 pass
775 2081 819 2125 B·

552 2150 597 2188 ot
621 2158 658 2186 ι.

837 495 960 560 238

1521 515 1586 561 m
1625 515 1847 561 mmmm
1889 515 1949 561 lv
1991 512 2475 561 sami-:multum
2515 530 2596 542 —
2636 514 2789 560 msT.
2828 514 2911 577 ΚΞ
2954 513 3179 570 QUAEST.
3221 515 3265 560 11

838 683 1432 748 determinationem
1464 704 1538 748 ac
1568 684 2008 748 habitudinem
2037 685 2341 748 exsisten-
2368 683 2421 766 ᾼ
2446 705 2637 750 omne
2665 688 2837 770 quod
2877 686 3069 750 habet
3098 683 3515 769 quantitatem
3552 679 3809 744 finitam
3839 684 3958 741 aut

839 781 904 844 di
935 781 1056 844 sub
1087 783 1424 864 speciebus
1452 783 1805 847 hostiarum
1834 784 2073 858 altariS,
2105 784 2232 846 nisi
2262 803 2339 847 ex

841 882 1258 945 conversione
1288 882 1657 947 substantiae
1689 902 1927 965 panum
1968 883 2342 946 earumdem

841 978 1194 1042 hostiarum
1256 979 1322 1041 in
1389 979 1625 1062 ipsum,
1685 988 1750 1042 et
1807 980 2036 1042 deinde
2097 979 2341 1042 ratione

840 1078 1395 1141 sacramentalium
1441 1079 1910 1142 remanentium
1954 1078 2339 1160 specierum,

844 1183 1032 1257 prout
1074 1175 1194 1238 hoc
1237 1175 1406 1238 infra
1448 1176 1874 1240 declarabitur
1916 1176 2187 1259 plenius.

922 1274 1226 1337 Praeterea
1255 1274 1526 1337 Thomas
1555 1275 1634 1337 ad
1665 1275 1928 1356 quaesita
1959 1275 2338 1357 respondet:

843 1371 1046 1434 Locus
1090 1372 1324 1435 dicitur
1366 1373 1896 1435 circumscribere
1941 1373 2216 1436 locatum
2264 1393 2343 1435 ex

844 1486 922 1531 eo
959 1471 1130 1552 quod
1173 1471 1238 1532 in
1279 1470 1554 1532 circuitu
1596 1471 1900 1533 describit
1937 1470 2214 1553 figuram
2255 1471 2342 1534 lo-

845 1568 992 1642 cati,
1055 1569 1360 1651 quoniam
1417 1569 1662 1652 proprii
1721 1569 1844 1632 loci
1906 1577 2096 1652 atque
2156 1569 2344 1632 locati

844 1673 1095 1748 oportet
1123 1686 1317 1730 unam
1359 1686 1498 1730 esse
1535 1667 1831 1750 figuram.
1866 1667 2094 1750 Figura
2129 1675 2345 1730 autem

845 1773 944 1827 est
991 1765 1262 1847 qualitas
1311 1766 1479 1828 circa
1529 1766 1966 1848 quantitatem.
2008 1766 2347 1848 Quumque

2451 783 2704 848 finitam
2742 785 3068 859 virtutem,
3101 788 3351 865 oportet
3390 778 3562 863 quod
3600 778 3685 842 sit
3724 774 3960 840 defini-

2454 882 2581 945 tive
2613 884 2678 945 in
2712 883 2849 946 loco
2881 883 2947 945 in
2977 899 3106 965 quo
3134 889 3251 944 est.
3267 878 3511 961 Corpus
3541 883 3757 940 autem
3786 873 3967 938 Chri·

2454 980 2533 1043 sti
2584 981 2879 1063 quamvis
2927 980 3010 1043 sit
3054 997 3205 1043 vere
3254 977 3375 1041 sub
3422 973 3784 1058 speciebuS,
3826 990 3965 1036 non

2453 1086 2668 1142 tamen
2708 1079 3017 1162 competit
3048 1077 3173 1141 sibi
3210 1095 3351 1140 esse
3392 1074 3480 1137 ibi
3520 1073 3764 1136 ratione
3803 1071 3901 1134 sui
3942 1088 3961 1132 :

2454 1178 2758 1260 quoniam
2816 1196 3025 1261 neque
3082 1175 3325 1239 ratione
3383 1193 3513 1236 suae
3561 1171 3960 1254 quantitatis,

2454 1295 2664 1358 neque
2722 1276 2965 1339 ratione
3022 1295 3152 1338 sum
3208 1271 3487 1347 virtutiS,
3544 1270 3656 1333 sed
3712 1269 3965 1332 ratione

2455 1374 2596 1454 ejus
2626 1374 2796 1456 quod
2838 1374 2904 1436 in
2945 1374 3155 1457 ipsum
3197 1389 3577 1435 conversum
3616 1375 3735 1442 est,
3768 1368 3964 1448 cujus

2457 1471 2888 1536 dimensiones
2930 1479 3210 1545 manent,
3244 1469 3481 1552 quibus
3518 1470 3597 1532 ad
3638 1467 3851 1531 locum
3886 1466 3963 1527 il-

2458 1572 2592 1635 lum
2637 1569 3180 1636 determinabatur
3218 1587 3231 1632 :
3276 1569 3513 1631 idcirco
3554 1584 3682 1630 non
3730 1565 3967 1628 defini-

2458 1678 2562 1732 tur
2601 1670 2738 1734 loco
2778 1670 2910 1742 illo,
2944 1669 3055 1732 sed
3096 1667 3291 1730 simili
3338 1666 3528 1730 modo
3566 1673 3774 1748 potest
3818 1681 3966 1726 esse

2457 1769 2635 1843 alibi,
2669 1768 3061 1849 ubicumque
3102 1766 3341 1829 fuerint
3378 1762 3811 1826 dimensiones
3856 1781 3966 1844 pa-

847 1880 1078 1946 corpus
1109 1863 1340 1927 Christi
1372 1882 1499 1927 non
1529 1864 1760 1928 habeat
1786 1865 2076 1927 ordinem
2105 1865 2181 1928 ad
2215 1884 2348 1947 spe·
2375 1869 2422 1932 B
2462 1866 2560 1928 nis
2602 1865 2892 1928 conversi
2938 1865 3003 1926 in
3050 1864 3281 1946 ipsum.
3316 1862 3575 1925 Ratione
3612 1878 3767 1924 vero
3816 1877 3965 1942 pro-

847 1962 977 2025 cies
1007 1962 1128 2024 sub
1160 1962 1395 2044 quibus
1426 1962 1784 2025 continetur
1817 1963 2134 2026 mediante
2165 1983 2352 2046 quan-

847 2060 1046 2134 titate,
1081 2061 1190 2123 sed
1221 2069 1498 2134 econtra,
1518 2066 1589 2122 ut
1618 2061 1858 2123 dictum
1891 2069 2022 2141 est3
2057 2062 2199 2124 ideo
2230 2080 2347 2124 nec

847 2158 1056 2239 figura
1095 2158 1378 2240 corporis
1417 2158 1650 2221 Christi
1695 2160 2148 2241 correspondet
2183 2158 2348 2241 figu-

849 2275 932 2319 rae
963 2255 1349 2338 specierum,
1383 2263 1452 2318 ut
1483 2263 1653 2337 patet
1682 2257 1760 2318 ad
1791 2275 2070 2319 sensum.
2104 2257 2349 2320 Idcirco

849 2371 1082 2435 corpus
1113 2352 1342 2416 Christi
1385 2371 1512 2416 non
1553 2360 1651 2416 est
1689 2354 1810 2417 sub
1850 2354 2189 2437 speciebus
2228 2355 2349 2418 cir-

848 2451 1328 2535 cumscriptive,
1363 2460 1427 2515 et
1468 2471 1585 2534 per
1628 2470 2026 2536 consequens
2073 2472 2203 2517 non
2253 2460 2351 2516 est

847 2548 913 2612 in
943 2549 1036 2612 eis
1067 2549 1234 2613 sicut
1263 2549 1330 2612 in
1371 2550 1509 2614 loco
1545 2567 1558 2612 :
1592 2551 1896 2634 quoniam
1927 2551 2088 2614 nihil
2127 2571 2244 2635 per
2281 2571 2349 2615 se

847 2656 914 2711 et
942 2649 1199 2732 proprie
1229 2656 1326 2712 est
1355 2649 1419 2712 in
1451 2649 1590 2714 loco
1621 2657 1691 2712 ut
1722 2650 1786 2713 in
1827 2650 1988 2726 loco,
2021 2650 2147 2712 nisi
2177 2650 2347 2733 quod

848 2747 1399 2809 circumscribitur
1436 2765 1530 2811 eo.
1567 2748 1742 2811 Unde
1783 2748 2173 2831 comparatio
2212 2765 2348 2811 cor·

848 2845 1022 2927 poris
1072 2845 1304 2908 Christi
1347 2847 1426 2908 ad
1475 2846 1722 2929 species
1771 2846 1892 2909 sub
1940 2847 2179 2929 quibus
2226 2854 2345 2922 est,

847 2960 975 3005 non
1019 2951 1115 3006 est
1159 2942 1390 3006 similis
1433 2943 1626 3005 alicui
1664 2945 2122 3026 comparationi
2168 2952 2351 3008 natu-

2459 1965 2614 2047 priae
2656 1963 3029 2047 quantitatis
3072 1961 3371 2025 convenit
3416 1960 3476 2023 ei
3523 1979 3663 2023 esse
3708 1965 3965 2021 tantum

2462 2063 2527 2124 in
2558 2079 2686 2125 uno
2717 2062 2883 2142 loc03
2904 2060 3015 2123 sed
3041 2079 3167 2124 non
3192 2059 3436 2122 ratione
3460 2056 3734 2141 propriae
3762 2076 3968 2139 quan-

2458 2161 2655 2223 titatis
2686 2159 2877 2222 habet
2906 2159 3075 2240 quod
3115 2159 3197 2221 sit
3235 2156 3347 2219 ubi
3386 2164 3815 2230 consecratur,
3849 2155 3966 2218 sed

2462 2259 2661 2340 magis
2708 2276 2785 2321 ex
2828 2257 3091 2321 alterius
3140 2257 3553 2320 conversione
3602 2257 3667 2318 in
3720 2256 3965 2338 ipsum.

2458 2391 2539 2404 —
2574 2356 2719 2420 Haec
2762 2356 3033 2419 Thomas
3076 2355 3141 2417 in
3186 2355 3453 2437 Scripto.

2536 2454 2779 2529 Quibus
2821 2455 3041 2518 Petrus
3085 2453 3475 2517 concordans
3510 2470 3525 2515 ε
3559 2453 3803 2535 Corpus
3838 2453 3968 2530 (in-

2458 2551 2627 2633 quit)
2654 2550 2886 2613 Christi
2926 2557 3330 2633 comparatur
3357 2550 3436 2612 ad
3474 2547 3757 2633 speciem
3786 2557 3855 2611 et
3884 2551 3967 2612 ad

2460 2648 2671 2711 locum
2702 2647 2960 2731 speciei.
2982 2647 3075 2710 Ad
3106 2646 3387 2729 speciem
3420 2645 3603 2729 panis
3632 2664 3761 2710 non
3790 2664 3970 2710 com-

2459 2753 2716 2829 paratur
2746 2746 2913 2809 sicut
2939 2745 3017 2809 ad
3060 2745 3294 2820 locum,
3328 2745 3438 2808 sed
3479 2753 3549 2807 ut
3583 2745 3664 2808 ad
3700 2745 3967 2827 signum

2458 2845 2687 2927 signati
2732 2844 3192 2908 contentivum.
3226 2843 3321 2906 Ad
3365 2843 3577 2906 locum
3620 2861 3775 2907 vero
3822 2863 3971 2926 spe-

2460 2944 2581 3006 ciei
2611 2951 3015 3027 comparatur
3044 2943 3211 3006 sicut
3236 2942 3317 3005 ad
3348 2941 3579 3018 locum,
3599 2949 3815 3005 tamen
3848 2961 3970 3025 per

847 3041 964 3104 rali
1015 3059 1030 3102 :
1079 3041 1318 3104 idcirco
1365 3058 1491 3105 non
1540 3049 1748 3125 potest
1798 3042 2038 3118 reduci,
2090 3044 2347 3128 proprie
2376 3045 2421 3112 C
2458 3042 2777 3116 accidenS,
2812 3059 2937 3104 non
2971 3060 3085 3126 per
3114 3059 3182 3104 se
3217 3059 3231 3104 ε
3264 3041 3417 3125 quia
3446 3059 3572 3104 non
3604 3041 3969 3104 secundum

849 3140 1189 3223 loquendo,
1221 3141 1299 3204 ad
1349 3140 1628 3223 aliquem
1679 3142 1939 3205 modum
1990 3145 2351 3205 eoesistendi

847 3240 948 3309 in,
978 3257 1016 3301 a
1072 3238 1454 3321 Philosopho
1480 3239 1894 3320 assignatum.
1928 3240 2223 3323 Aliquam
2260 3248 2350 3303 ta-

847 3355 997 3399 men
1036 3336 1526 3399 similitudinem
1564 3338 1757 3401 habet
1795 3356 1942 3400 cum
1991 3340 2179 3402 modo
2220 3357 2349 3422 quo

845 3435 1092 3517 aliquid
1153 3436 1388 3498 dicitur
1445 3454 1586 3499 esse
1646 3437 1712 3499 in
1770 3437 1930 3512 loco,
1990 3438 2347 3501 secundum

847 3534 1018 3616 quod
1047 3551 1188 3597 esse
1219 3534 1285 3596 in
1325 3534 1464 3597 loco
1503 3542 1600 3597 est
1639 3552 1779 3598 esse
1810 3536 1875 3598 in
1914 3536 2130 3619 aliquo
2170 3555 2349 3619 sepa-

848 3640 984 3695 rato
1013 3639 1190 3695 extra
1218 3631 1638 3696 substantiam
1671 3652 1874 3709 suam,
1893 3635 2064 3717 quod
2095 3652 2223 3698 non
2252 3643 2350 3698 est

849 3732 991 3812 ejus
1021 3751 1228 3796 causa.
1265 3732 1495 3815 Sicque
1525 3733 1717 3795 etiam
1749 3733 2155 3797 Innocentius
2186 3734 2350 3818 Papa

847 3830 1006 3893 dicit
1050 3848 1283 3913 corpus
1331 3830 1563 3894 Christi
1606 3850 1746 3895 esse
1801 3832 1864 3893 in
1915 3831 2212 3915 pluribus
2266 3833 2351 3895 lo-

851 3929 965 4003 cis,
996 3930 1300 4012 quoniam
1340 3930 1704 3993 continetur
1733 3929 1854 3993 suh
1883 3930 2181 4013 pluribus
2210 3950 2351 4013 spe-

851 4026 1092 4091 ciebus.

928 4128 1196 4210 Insuper
1233 4143 1360 4189 non
1399 4134 1496 4189 est
1533 4126 1653 4189 sub
1692 4126 2030 4209 speciebus
2067 4126 2348 4191 definiti-

2459 3162 2548 3219 se,
2600 3142 2712 3205 sed
2760 3141 2976 3224 specie
3026 3142 3363 3205 mediante.
3410 3141 3968 3215 Quemadmodum

2458 3242 2671 3304 anima
2710 3248 3116 3322 comparatur
3144 3239 3223 3301 ad
3262 3258 3495 3323 corpus
3524 3246 3588 3301 et
3624 3239 3703 3301 ad
3740 3256 3969 3322 corpo-

2459 3340 2547 3402 ris
2580 3339 2811 3413 locum,
2847 3339 2958 3402 sed
2986 3339 3066 3401 ad
3106 3356 3337 3422 corpus
3376 3345 3679 3420 tanquam
3705 3338 3786 3400 ad
3818 3357 3969 3420 per-

2458 3437 2765 3511 fectibile,
2813 3456 2941 3501 non
2984 3445 3053 3500 ut
3094 3437 3170 3499 ad
3212 3437 3445 3510 locum,
3492 3436 3645 3518 quia
3680 3436 3967 3500 locatum

2457 3544 2708 3619 oportet
2754 3555 2791 3598 a
2837 3537 2976 3600 loco
3017 3553 3159 3599 esse
3208 3542 3607 3618 separatum3
3643 3543 3834 3617 atque
3883 3538 3967 3599 ad

2458 3636 2743 3719 corporis
2783 3635 3018 3709 locum,
3058 3653 3173 3717 per
3216 3633 3535 3709 accidens,
3570 3641 3790 3716 utpote
3828 3652 3967 3697 cor-

2458 3752 2611 3818 pore
2644 3734 2981 3797 mediante.
2996 3734 3199 3797 Locus
3228 3733 3489 3796 demum
3520 3751 3636 3815 per
3663 3732 3967 3797 accidens

2458 3832 2896 3913 configuratur
2926 3832 3130 3895 locato
3167 3850 3283 3914 per
3312 3850 3402 3906 se,
3436 3846 3563 3893 non
3604 3830 3808 3893 locato
3847 3850 3968 3913 per

2456 3930 2753 3994 accidens
2790 3947 2804 3992 ε
2842 3930 3010 3993 sicut
3053 3930 3229 3993 locus
3273 3928 3552 3992 hominis
3600 3928 3965 4011 configura—

2456 4037 2563 4092 tur
2600 4029 2850 4112 corpori
2901 4028 3065 4110 ejuS,
3106 4046 3235 4092 non
3284 4028 3533 4092 animm.
3569 4028 3731 4090 Hinc
3781 4027 3965 4091 locus

2458 4128 2696 4211 speciei
2728 4127 3204 4191 sacramentalis
3235 4126 3669 4209 configuratur
3696 4126 3961 4209 speciei,

848 4244 948 4300 ve,
981 4226 1134 4308 quia
1161 4225 1240 4289 ad
1269 4225 1389 4288 hoc
1418 4225 1588 4307 quod
1619 4224 1862 4307 aliquid
1903 4226 1986 4287 sit
2014 4226 2349 4288 definitive
2380 4229 2429 4290 D
2458 4246 2586 4290 non
2635 4227 2885 4308 corpori
2935 4226 3186 4290 Christi.
3239 4225 3416 4300 Quod
3462 4232 3676 4287 autem
3724 4242 3965 4307 corpus

849 4323 916 4385 in
965 4322 1123 4397 loco,
1157 4323 1285 4386 duo
1329 4322 1764 4403 requiruntur.
1797 4323 2080 4386 Primum
2126 4333 2244 4398 est,
2279 4332 2350 4387 ut

847 4428 1167 4503 competat
1196 4420 1254 4482 ei
1290 4419 1379 4482 ibi
1407 4437 1569 4494 esse,
1602 4420 1755 4502 quia
1783 4421 1955 4503 quod
1996 4439 2124 4484 non
2154 4429 2254 4485 est
2283 4422 2347 4484 in

849 4519 1009 4593 loco,
1041 4534 1166 4581 non
1211 4517 1380 4581 valet
1423 4516 1682 4581 definiri
1738 4518 1802 4582 in
1852 4537 1946 4582 eo,
1982 4520 2347 4583 Secundum

850 4625 968 4693 est,
999 4618 1169 4699 quod
1211 4617 1294 4679 sit
1334 4616 1423 4679 ibi
1464 4617 1629 4679 sicut
1667 4617 1733 4679 in
1775 4617 1914 4681 loco
1951 4636 2351 4682 commensu-

851 4723 985 4779 rato
1027 4715 1243 4798 aliquo
1284 4716 1470 4778 modo
1514 4735 1645 4779 suae
1686 4716 2022 4798 quantitati
2069 4736 2181 4780 seu
2227 4717 2351 4780 vir-

851 4814 994 4877 tuti.
1027 4814 1268 4896 Corpus
1313 4833 1588 4895 namque
1625 4814 1972 4879 bicubitale
2014 4834 2144 4879 non
2189 4815 2349 4879 defi-

851 4913 1028 4976 nitur
1070 4912 1264 4975 unius
1317 4911 1516 4975 cubiti
1577 4912 1736 4987 loco,
1790 4915 2082 4996 quamvis
2131 4914 2350 4997 aliquo

853 5013 1041 5075 modo
1083 5011 1168 5075 sit
1206 5010 1316 5073 ibi.
1351 5008 1479 5073 Nec
1517 5011 1730 5075 anima
1766 5020 1866 5075 est
1900 5012 2238 5077 definitive
2283 5014 2349 5077 in

851 5128 1068 5185 manu,
1099 5129 1302 5193 quum
1341 5110 1408 5171 in
1445 5108 1591 5172 aliis
1628 5127 1883 5192 quoque
1920 5110 2004 5173 sit
2040 5112 2349 5175 membris

847 5228 923 5271 ac
953 5208 1240 5291 partibus
1271 5208 1555 5290 corporis
1589 5226 1603 5271 :
1637 5209 1788 5291 quia
1826 5226 1953 5271 non
1991 5217 2089 5273 est
2119 5211 2185 5272 in
2216 5230 2348 5273 ma-

851 5327 936 5369 nu
975 5307 1330 5370 secundum
1372 5314 1566 5369 totam
1608 5326 1787 5370 suam
1828 5308 2151 5371 virtutem.
2186 5309 2347 5372 Hinc

2459 4324 2689 4388 Christi
2724 4341 2850 4387 non
2881 4324 2966 4386 sit
2994 4324 3059 4387 in
3090 4323 3304 4406 specie
3335 4322 3503 4385 sicut
3533 4323 3597 4384 in
3631 4322 3791 4395 loco,
3820 4340 3965 4405 pro-

2456 4423 2645 4486 batur
2678 4440 2691 4485 :
2726 4423 2876 4505 quia
2908 4422 3182 4485 locatum
3214 4429 3618 4503 comparatur
3640 4420 3719 4483 ad
3750 4420 3964 4483 locum

2457 4521 2809 4583 secundum
2844 4518 3265 4602 quantitatem
3296 4537 3479 4581 suam
3508 4519 3718 4601 primo
3747 4526 3811 4581 et
3846 4538 3964 4601 per

2458 4638 2549 4695 se,
2583 4638 2699 4682 nec
2744 4619 3100 4682 substantia
3142 4618 3348 4701 replet
3394 4623 3505 4681 aut
3550 4625 3823 4701 occupat
3873 4618 3965 4681 lo-

2460 4738 2605 4781 cum
2639 4718 2763 4781 nisi
2794 4718 3115 4781 mediante
3145 4716 3515 4799 quantitate.
3538 4716 3781 4799 Corpus
3806 4732 3989 4780 vero·

2459 4818 2692 4881 Christi
2742 4823 3146 4899 comparatur
3188 4815 3265 4878 ad
3316 4814 3621 4897 speciem,
3654 4814 3721 4877 in
3764 4834 3965 4898 quan-

2458 4923 2597 4979 tum
2636 4923 2734 4979 est
2770 4915 3058 4998 quaedam
3098 4913 3456 4977 substantia
3494 4912 3705 4996 primo
3742 4919 3807 4976 et
3846 4932 3967 4996 per

2458 5034 2526 5077 se
2561 5032 2575 5077 ε
2611 5034 2758 5077 nam
2802 5012 3157 5076 substantia
3199 5012 3381 5094 panis
3421 5012 3487 5074 in
3535 5012 3963 5075 substantiam

2456 5112 2741 5195 corporis
2780 5118 2877 5174 est
2914 5128 3237 5174 conversa.
3271 5109 3596 5184 Quantitas
3632 5127 3785 5173 vero
3822 5128 3960 5173 cor·

2457 5212 2630 5294 poris
2659 5210 2889 5275 Christi
2924 5227 3051 5273 non
3081 5217 3179 5272 est
3207 5207 3297 5270 ibi
3338 5208 3461 5271 nisi
3492 5208 3675 5291 quasi
3714 5228 3832 5291 per
3862 5228 3961 5272 ac-

2456 5310 2977 5393 cidens,propter
3006 5309 3359 5371 naturalem
3390 5306 3957 5371 concomitantiam
