4267 6250
359 516 3231 583 mstmsum3ousrazumrsmsammroamrnsausmmr
3304 504 3429 570 313

1005 757 1064 822 Ι.
1109 758 1310 826 Quod
1353 759 1476 820 ter
1517 761 1598 822 in
1643 773 1842 822 ωυιο
1887 763 2583 826 commmittendum
2626 763 2749 825 sit.

453 981 540 1044 Et
565 982 626 1044 si
663 997 800 1044 non
836 979 1274 1062 frequentin&
1303 979 1542 1043 saltem
1567 981 1670 1042 ter
1703 979 1776 1041 in
1807 995 1984 1042 anno
2019 981 2327 1045 homines
2360 984 2873 1064 communicent,
2902 987 3035 1050 nisi
3072 987 3243 1050 forte
3276 987 3431 1069 quis
3454 1005 3727 1114 zen-uie:

3562 1083 3651 1118 me.

319 1096 782 1162 criminalibus
807 1097 1212 1178 impediatur
1239 1115 1260 1156 ε
1289 1097 1362 1157 in
1387 1095 1644 1158 Pascha
1667 1095 1944 1175 scilicet,
1973 1098 2038 1159 et
2065 1097 2477 1177 Pentecoste,
2507 1101 2573 1162 et
2600 1100 2819 1163 Natali
2854 1102 3149 1166 Domini.
3180 1103 3431 1168 omnes
3456 1133 3565 1176 aa.
3592 1145 3635 1177 ..
3656 1136 3725 1177 ¹0.

320 1231 482 1296 ergo
517 1213 1040 1292 communicent,
1067 1213 1186 1294 qui
1221 1212 1554 1276 noluerint
1591 1229 1810 1275 carere
1843 1212 2307 1277 ecclesiasticis
2340 1213 2709 1279 liminibus.

901 1551 1264 1616 SUMMA

493 1717 1110 1774 ms‘rfflcrloms
1167 1715 1660 1772 ntonsscnffl:

511 1971 1028 2056 praecedentibus
1073 1970 1366 2032 tractavit
1411 1970 1706 2051 Uagister
1747 1971 1830 2032 de

429 2079 834 2135 sacramento
863 2069 1280 2132 Eucharistiae
1307 2077 1620 2150 quantum
1649 2069 1730 2130 ad
1765 2069 1830 2130 id

325 2171 496 2252 quod
545 2171 616 2233 in
663 2188 740 2232 ea
785 2176 886 2232 eet
925 2176 1396 2230 sacramentum
1436 2175 1502 2229 et
1543 2186 1670 2240 res,
1708 2166 1830 2228 hoc

325 2277 422 2332 ost
457 2270 542 2332 de
569 2285 728 2331 vero
763 2275 832 2330 et
867 2266 1142 2329 naturali
1179 2283 1446 2348 corpore
1481 2273 1546 2328 et
1581 2266 1834 2346 sangui-

327 2385 406 2430 ne
435 2366 696 2431 Christi.
727 2365 846 2428 Hic
879 2372 1110 2427 tractat
1137 2365 1220 2427 de
1251 2363 1364 2426 illo
1399 2371 1712 2446 qnantum
1749 2363 1832 2425 ad

325 2466 388 2528 id
436 2465 612 2548 quod
667 2471 765 2527 αεὶ
815 2464 882 2525 in
941 2463 1086 2546 ipso
1128 2463 1572 2525 tantummodo
1625 2480 1832 2523 sacra-

329 2572 644 2636 mentum,
677 2563 744 2625 id
785 2569 884 2624 est
926 2561 1184 2642 signum
1227 2561 1318 2623 rei
1361 2579 1578 2634 sacrae,
1609 2569 1832 2642 utpote

1853 1477 1908 1540 A
1935 1485 2295 1540 sustentare
2336 1498 2407 1542 se
2452 1479 2687 1562 ipsum.
2726 1516 2811 1527 —
2848 1482 3083 1554 Tertio,
3120 1483 3437 1546 contradi—

1935 1576 2215 1638 ctionem
2256 1577 2526 1640 includit
2552 1579 2797 1660 aliquid
2836 1599 2979 1644 esse
3014 1589 3079 1644 et
3108 1599 3237 1644 nou
3272 1601 3433 1645 esse.

1935 1673 2147 1746 Quum
2188 1693 2341 1756 ergo
2372 1677 2583 1756 (juxta
2628 1678 3115 1761 Philosophum)
3148 1679 3441 1742 acciden-

1938 1771 2022 1832 tis
2077 1791 2219 1836 esse
2274 1773 2359 1836 sit
2414 1774 2647 1848 inesse,
2706 1785 2953 1839 constat
3010 1778 3183 1858 quod
3239 1796 3435 1859 quam

1939 1870 2339 1952 impossibile
2374 1873 2460 1934 sit
2486 1873 2701 1956 ipsum
2740 1893 2883 1937 esse
2920 1883 2985 1937 et
3014 1892 3141 1938 non
3178 1893 3321 1938 esse
3355 1877 3439 1938 si-

1939 1968 2100 2040 mul,
2150 1978 2281 2031 tam
2330 1969 2729 2053 impossibile
2774 1981 2873 2035 est
2922 1972 3137 2056 ipsum
3184 1991 3327 2036 esse
3372 1981 3438 2036 et

1939 2084 2070 2128 non
2107 2067 2339 2135 inesse.
2370 2087 2483 2130 scu
2520 2069 2815 2151 subjecto
2840 2090 2969 2136 non
3006 2073 3337 2138 inherere.
3356 2110 3441 2121 —

1937 2164 2193 2238 Quarto,
2224 2185 2343 2248 per
2370 2167 2572 2229 multa
2596 2170 3035 2251 experimenta
3062 2171 3317 2234 videtur
3342 2191 3443 2236 os-

1941 2264 2142 2337 tendi,
2188 2266 2361 2346 quod
2410 2266 2475 2328 in
2522 2268 2729 2330 hostia
2776 2279 3143 2333 consecrata
3190 2279 3441 2334 maneat

1939 2362 2297 2426 substantia
2330 2365 2537 2446 panis,
2568 2375 2763 2448 atque
2794 2367 2861 2430 in
2892 2369 3045 2433 vino
3074 2379 3445 2434 consecrato

1939 2461 2297 2524 substantia
2340 2463 2495 2525 vini.
2536 2465 2899 2528 Ridiculum
2948 2487 3227 2550 namque
3272 2478 3442 2532 esset

1939 2561 2112 2641 apud
2155 2560 2567 2643 philosophos
2606 2564 2843 2638 dicere,
2874 2567 3046 2647 quod
3084 2567 3441 2630 accidentia

323 2660 898 2725 sacramentalibus
925 2659 1288 2742 speciebus,
1301 2679 1444 2741 quae
1471 2660 1654 2740 signa
1681 2666 1831 2720 sunt
1857 2657 1908 2719 B
1941 2658 2283 2734 inebrient,
2306 2661 2557 2736 satient,
2574 2669 2640 2724 et
2666 2664 2839 2744 quod
2867 2663 3223 2728 substantia
3248 2684 3439 2746 gene-

325 2759 460 2823 veri
505 2759 796 2842 corporis
837 2766 903 2820 ct
945 2757 1276 2838 sanguinis
1319 2757 1610 2835 Domini3
1648 2766 1711 2820 et
1751 2758 1831 2820 de

323 2858 464 2920 aliis
503 2857 899 2940 quibusdam
945 2854 1354 2918 mirabilibus
1399 2874 1544 2937 quae
1589 2857 1834 2918 contin·

325 2964 482 3037 gunt
513 2957 582 3018 in
612 2972 714 3030 eo,
737 2962 895 3037 puta
921 2954 1002 3016 dc
1031 2952 1366 3027 fractione,
1385 2973 1588 3036 quum
1615 2961 1830 3016 tamen

327 3053 504 3116 nulla
553 3053 624 3116 in
675 3054 818 3137 ipso
865 3051 1194 3134 frangatur
1238 3051 1612 3114 substantia.
1663 3051 1830 3126 Quo-

325 3154 494 3216 circa
532 3158 883 3216 occurrunt
910 3150 1054 3213 aliae
1083 3168 1330 3231 magnae
1365 3150 1828 3213 difficultates:

325 3251 602 3334 qualiter
647 3250 896 3333 species
947 3247 1076 3311 illae
1121 3248 1368 3330 possint
1413 3248 1682 3322 nutrire,
1719 3268 1832 3311 au-

325 3368 493 3431 gere,
547 3348 858 3427 reficere3
906 3354 974 3409 et
1017 3346 1294 3428 qualiter
1339 3354 1534 3429 queat
1585 3347 1830 3429 aliquid

323 3449 614 3531 generari
667 3466 748 3510 ex
801 3446 940 3527 eis3
987 3454 1054 3507 et
1105 3446 1186 3507 de
1245 3446 1630 3509 resolutione
1687 3465 1830 3527 quae

325 3554 594 3629 apparet
637 3547 705 3609 in
747 3546 862 3609 eis.

643 3862 1122 3938 QUAESTIO
1191 3862 1524 3927 PRIMA

479 4136 544 4198 Ic
585 4135 896 4218 quaeritur
933 4136 1166 4218 primo,
1203 4138 1338 4201 An
1375 4138 1464 4203 111
1509 4136 1670 4205 isto
1709 4151 1829 4203 sa·

497 4236 911 4303 eramento
939 4234 1392 4303 accidentia
1415 4250 1560 4316 per
1586 4250 1672 4302 se
1701 4251 1828 4301 ex-

323 4336 648 4414 sistant,
677 4332 832 4401 hoc
871 4335 998 4399 est
1038 4335 1213 4400 sine
1252 4334 1642 4414 subjecto.

407 4431 484 4493 Et
531 4432 788 4494 videtur
833 4432 1005 4513 quod
1063 4450 1211 4494 non.
1265 4432 1474 4495 Primo
1525 4431 1832 4514 probatur

323 4529 618 4593 omnium
677 4529 1054 4592 auctoritate
1113 4529 1667 4613 philosophorum,
1718 4532 1831 4613 qui

325 4630 730 4693 concorditer
771 4638 1230 4713 reputaverunt
1270 4629 1392 4693 hoc
1432 4629 1832 4713 impossibile

323 4748 482 4792 esse.
529 4764 616 4775 —-
669 4729 982 4803 Secundo,
1030 4730 1182 4812 quia
1239 4729 1360 4792 boc
1407 4730 1718 4811 implicat,
1768 4737 1833 4791 et

322 4827 616 4891 absolute
657 4827 1060 4910 impossibile
1101 4837 1221 4903 est,
1253 4828 1420 4891 sicut
1467 4828 1830 4910 impossibi-

323 4926 384 4988 le
413 4935 510 4990 est
539 4926 874 4991 hominem
909 4946 1050 4989 esse
1079 4934 1146 4990 et
1172 4944 1300 4989 non
1335 4946 1474 4989 esse
1505 4926 1829 4989 rationalis

1943 2764 2118 2818 retur
2146 2777 2225 2820 ex
2262 2759 2739 2839 accidentibus;
2777 2769 2843 2822 et
2874 2769 3087 2824 tamen
3124 2762 3261 2826 haec
3292 2763 3439 2828 fieri

1941 2875 2020 2916 ex
2063 2854 2291 2918 hostiis
2330 2859 2715 2920 consecratis
2754 2867 2820 2920 et
2856 2859 3009 2924 vino
3048 2869 3439 2936 consecrato,

1941 2954 2337 3036 experientia
2366 2955 2701 3039 multiplex
2730 2957 3187 3042 probat‚quum
3215 2967 3280 3022 et
3308 2979 3445 3023 ver-

1943 3071 2080 3115 mes
2114 3062 2501 3135 generentur
2528 3074 2608 3118 cx
2638 3055 3007 3138 hujusmodi
3044 3057 3437 3141 putrefactis.

1943 3152 2020 3214 Et
2056 3154 2230 3234 quod
2266 3153 2569 3227 nutritur,
2600 3174 2680 3217 ex
2709 3156 3103 3220 nutrimento
3130 3166 3443 3221 sustenta-

1944 3259 2070 3323 tur,
2101 3252 2273 3332 quod
2312 3260 2379 3313 et
2419 3254 2814 3315 convertitur
2856 3254 2922 3317 in
2966 3256 3299 3318 nutritum.

2022 3351 2090 3411 ln
2138 3350 2505 3433 oppositum
2554 3360 2651 3414 est
2696 3354 3039 3417 auctoritas
3084 3354 3281 3418 totius
3329 3356 3444 3417 Ec·

1942 3448 2155 3511 clesiae
2184 3467 2259 3510 ac
2288 3448 2443 3511 fidei
2478 3448 2861 3525 christianae,
2894 3471 3039 3533 qum
3068 3452 3151 3514 ab
3182 3454 3445 3517 exordio

1943 3546 2369 3629 frequentavit
2398 3548 2567 3610 istud
2596 3549 2981 3631 mysterium,
2996 3551 3165 3632 quod
3192 3559 3257 3614 et
3280 3552 3443 3614 Deus

1941 3646 2347 3727 omnipotens
2378 3664 2492 3727 per
2522 3646 3015 3711 innumerabilia
3043 3648 3443 3713 confirmavit

1943 3743 2275 3816 miracula,
2328 3750 2631 3826 tantoque
2688 3746 2967 3828 plenius,
3023 3754 3263 3828 quanto
3321 3748 3441 3810 hoc

1859 3842 1906 3905 C
1941 3849 2413 3903 sacramentum
2456 3840 3173 3925 incomprehensibilius
3213 3854 3437 3908 exstat.

2020 4038 2114 4101 Ad
2145 4037 2281 4101 haec
2310 4040 2653 4122 respondet
2680 4038 2977 4103 Albertus
3008 4059 3026 4103 ε
3056 4042 3331 4115 Quaestio
3360 4043 3441 4106 is-

1941 4146 2004 4199 ta
2039 4138 2417 4219 gravissima
2454 4147 2573 4212 est,
2607 4140 2686 4201 ad
2724 4158 2917 4222 quam
2955 4139 3233 4203 dicimus
3269 4143 3441 4223 quod

1939 4237 2295 4299 accidentia
2325 4239 2391 4299 in
2422 4246 2819 4301 sacramento
2846 4248 3103 4302 manent
3130 4239 3267 4303 sine
3296 4240 3444 4303 sub-

1937 4335 2130 4415 jecto.
2164 4334 2301 4398 Non
2345 4336 2521 4398 enim
2568 4336 2868 4399 afficiunt
2908 4356 3117 4421 neque
3158 4338 3443 4402 denomi-

1941 4442 2096 4495 nant
2132 4451 2365 4517 corpus
2408 4435 2664 4510 Christi,
2688 4420 2818 4498 'nec
2855 4437 3231 4518 sanguinem
3272 4438 3437 4519 ejus,

1941 4550 2151 4613 neque
2179 4531 2597 4595 substantiam
2630 4534 2815 4616 panis
2842 4543 2906 4597 et
2935 4536 3093 4609 vini,
3125 4555 3267 4617 quae
3293 4536 3441 4617 (sic-

1941 4638 2012 4691 ut
2051 4638 2377 4693 ostensum
2426 4633 2549 4712 est)
2586 4631 3271 4696 transsubstantiantur
3319 4654 3437 4697 uec
3481 4653 3735 4709 cfimrsc

1941 4738 2219 4791 manent.
2255 4730 2331 4791 Et
2356 4730 2527 4792 sicut
2554 4738 2763 4793 cetera
2794 4732 2857 4792 in
2889 4730 3009 4794 hoc
3040 4742 3437 4797 sacramento
3462 4722 3559 4763 ⁰²⁸·

1937 4828 2455 4910 supermirabilia
2491 4836 2641 4890 sunt
2668 4837 2733 4891 et
2762 4828 3437 4912 incomprehensibilia

1939 4944 2221 5009 prorsuS,
2260 4927 2347 4988 ita
2388 4934 2452 4988 et
2494 4926 2683 4989 istud.
2724 4926 2985 5001 RursuS,
3025 4929 3435 5009 quemadmo-

323 5035 587 5090 naturae.
634 5026 724 5088 De
769 5025 1012 5088 ratione
1052 5026 1294 5089 etenim
1341 5026 1690 5089 accidentis
1733 5034 1830 5087 est
1858 5025 1908 5087 D
1937 5026 2091 5088 dum
2133 5034 2343 5087 cetera
2386 5025 2451 5087 in
2491 5032 2887 5087 sacramento
2926 5026 3049 5088 hoc
3091 5027 3437 5090 consisten-

325 5124 662 5197 inhaerere,
713 5131 779 5186 et
827 5124 974 5186 inde
1023 5141 1257 5187 nomen
1305 5125 1569 5187 sortitur
1611 5142 1626 5185 ε
1677 5143 1826 5186 nam

1937 5124 2040 5197 tia,
2059 5124 2315 5185 modum
2348 5142 2423 5185 ac
2452 5130 2685 5185 statum
2715 5131 3047 5185 assumunt
3074 5131 3135 5187 et
3165 5124 3438 5187 induunt

323 5224 560 5287 dicitur
616 5222 916 5285 accidens
963 5224 1146 5306 quasi
1203 5224 1282 5286 ad
1339 5223 1514 5286 aliud
1570 5223 1824 5297 cadcnS,
1933 5222 2225 5285 altiorem
2284 5240 2360 5284 ac
2410 5221 2667 5303 penitus
2723 5221 3297 5303 supernaturalem,
3349 5223 3438 5285 ita

325 5330 542 5406 utpote
593 5340 664 5385 se
721 5322 790 5384 in
846 5340 916 5384 se
962 5321 1180 5385 fulciri
1237 5340 1367 5384 non
1415 5321 1656 5397 velem,
1707 5338 1826 5385 nec
1935 5328 1999 5383 et
2041 5320 2263 5383 formae
2303 5319 2745 5383 accidentales.
2779 5319 3439 5385 Traussubstantiatur
