4267 6250
127 3865 269 3905 nti.

981 523 1068 571 AN
1108 523 1174 572 m
1213 524 1348 572 1810
1389 523 1791 572 ummo
1828 523 2195 572 Accmssmu
2235 523 2353 572 rm
2394 521 2465 572 SE
2505 523 2842 572 naisum·

3343 503 3465 571 315

437 695 770 770 Praeterea,
803 696 974 778 quod
1005 695 1358 760 substantia
1395 696 1742 779 corporalis
1780 695 1866 758 sit
1891 694 1944 758 A
1973 696 2110 759 siva
2160 702 2390 778 praeter
2436 703 2645 760 cetera
2690 695 3065 770 accidentia,
3109 695 3281 778 quod
3330 695 3470 778 ipsa

355 793 730 873 subjectum
768 794 1222 864 accidentium,
1255 794 1449 858 habet
1477 812 1554 858 ex
1585 814 1700 857 sua
1731 813 1860 858 ma-

345 892 542 966 teria,
575 893 683 955 eui
715 892 924 975 primo
955 893 1124 956 inest
1151 892 1384 975 subjici
1419 893 1620 957 alteri.
1653 894 1862 957 Prima

353 999 575 1054 autem
633 991 973 1074 dispositio
1033 992 1312 1056 materiae
1369 1001 1468 1056 est
1516 993 1859 1075 quantitaS,

357 1090 512 1173 quia
550 1090 908 1154 secundum
939 1090 1360 1172 quantitatem
1397 1091 1746 1155 attenditur
1773 1092 1864 1154 di-

355 1189 527 1252 visio
577 1189 860 1252 materiai
907 1196 972 1252 et
1020 1189 1343 1264 indivisio,
1383 1198 1451 1253 et
1491 1209 1604 1273 per
1643 1208 1862 1253 conse-

353 1307 568 1370 quens
599 1286 808 1350 unitas
835 1295 902 1350 et
931 1287 1290 1362 multitudo,
1306 1307 1448 1370 quae
1476 1295 1628 1351 sunt
1654 1287 1862 1370 prima

353 1386 822 1468 consequentia
855 1403 972 1448 ens
1007 1405 1020 1449 :
1055 1385 1198 1450 ideo
1233 1393 1385 1449 sunt
1410 1386 1860 1469 dispositiones

351 1483 556 1548 totius
605 1483 908 1558 materiae,
950 1503 1077 1548 non
1126 1485 1320 1566 hujus
1359 1492 1470 1548 aut
1513 1485 1686 1548 illius
1727 1492 1860 1548 tan-

351 1591 516 1645 tum.
559 1581 724 1645 Hinc
767 1583 986 1646 omnia
1029 1583 1154 1646 alia
1197 1583 1551 1666 accidentia
1592 1583 1862 1646 fundan-

352 1689 462 1744 tur
507 1683 574 1744 in
618 1681 999 1756 substantia,
1033 1683 1352 1746 mediante
1393 1682 1766 1765 quantitate,
1797 1689 1864 1745 et

351 1779 682 1862 quantitas
723 1781 898 1862 prior
926 1789 1024 1843 est
1053 1780 1200 1843 illis.
1233 1782 1495 1864 Propter
1523 1781 1692 1864 quod
1733 1799 1860 1844 non

1972 795 2323 858 secundum
2356 813 2425 857 se
2454 813 2566 858 seu
2598 813 2715 877 per
2742 813 2813 858 se
2842 794 3298 868 individuatur,
3317 794 3470 877 quia

1971 893 2227 975 positio,
2260 913 2403 975 quae
2442 900 2541 956 est
2577 894 2733 956 ordo
2774 893 3051 975 partium
3095 893 3161 954 in
3203 900 3357 968 toto,
3400 893 3465 956 in

1971 991 2114 1072 ejus
2145 991 2388 1055 ratione
2420 992 2786 1055 includitur.
2807 992 2916 1054 Est
2944 991 3115 1054 enim
3148 991 3467 1074 quantitas

1973 1091 2357 1173 positionem
2396 1090 2657 1153 habens.
2692 1090 3091 1173 Ubicumque
3122 1099 3339 1153 autem
3378 1091 3471 1152 in-

1973 1187 2284 1270 telligitur
2311 1188 2645 1252 diversitas
2684 1189 2961 1270 partium
3002 1187 3293 1269 ejusdem
3332 1207 3471 1272 spe-

1974 1289 2118 1363 ciei,
2138 1307 2401 1352 necesse
2428 1296 2527 1352 est
2556 1288 2825 1370 intelligi
2862 1287 3467 1351 individuationem:

1973 1407 2122 1451 nam
2168 1407 2311 1470 quae
2352 1388 2545 1450 unius
2592 1394 2743 1451 sunt
2778 1387 3039 1470 speciei,
3084 1405 3212 1450 non
3256 1387 3471 1450 multi·

1975 1486 2296 1569 plicantur
2331 1487 2456 1549 nisi
2497 1487 2847 1549 secundum
2888 1484 3311 1549 individuum.
3342 1485 3471 1548 Nec

1972 1585 2147 1649 enim
2204 1584 2599 1668 apprehendi
2658 1592 2926 1667 possunt
2973 1583 3189 1648 multae
3234 1583 3472 1646 albedi-

1973 1703 2110 1758 neS,
2144 1683 2266 1746 nisi
2305 1691 2499 1766 prout
2536 1691 2685 1746 sunt
2724 1683 2788 1745 in
2829 1682 3099 1745 diversis
3138 1681 3464 1763 subiectis.

1974 1783 2095 1847 Sed
2124 1782 2512 1864 apprehendi
2542 1790 2797 1864 possunt
2826 1782 3038 1844 multae
3068 1781 3471 1854 lineae,etiam

353 1878 606 1941 claudit
645 1877 712 1939 in
762 1897 879 1941 sua
924 1879 1170 1943 ratione
1213 1880 1542 1942 materiam
1591 1879 1860 1943 sensibi-
1897 1885 1946 1948 Β
1975 1881 2028 1945 si
2077 1882 2430 1944 secundum
2475 1899 2543 1944 se
2590 1881 3073 1944 considerentur
3118 1897 3133 1941 :
3178 1879 3471 1943 diversus

353 1977 512 2050 lem,
561 1976 860 2058 quamvis
917 1977 1202 2040 includat
1250 1977 1582 2040 materiam
1631 1977 1862 2041 intelli-

349 2074 650 2156 gibilem,
683 2083 759 2136 ut
799 2075 1076 2158 septimo
1116 2075 1558 2160 Metaphysicae
1605 2076 1857 2139 dicitur.

355 2173 538 2236 Unde
579 2191 659 2235 ex
705 2172 826 2236 hoc
865 2174 1126 2256 quidam
1170 2175 1420 2257 decepti
1462 2174 1742 2248 fuerunt,
1777 2175 1865 2237 ita

353 2279 428 2334 ut
457 2272 796 2334 crederent
823 2272 1251 2337 dimensiones
1280 2291 1420 2336 esse
1450 2273 1862 2336 substantiam

353 2367 766 2431 sensibilium
815 2385 1032 2430 rerum
1084 2386 1098 2431 :
1153 2369 1304 2451 quia
1351 2371 1612 2432 remotis
1660 2369 1861 2452 quali-

354 2466 621 2540 tatibus,
671 2466 835 2528 nihil
895 2467 1200 2530 sensibile
1259 2487 1514 2531 manere
1562 2469 1863 2532 videbant

356 2565 482 2628 nisi
541 2566 989 2648 quantitatem,
1040 2586 1182 2649 quae
1237 2575 1449 2630 tamen
1507 2568 1862 2630 secundum

355 2683 498 2728 esse
539 2684 734 2727 suum
773 2665 1092 2747 dependet
1121 2685 1158 2728 a
1186 2666 1560 2741 substantia,
1595 2666 1762 2729 sicut
1798 2675 1864 2730 et

353 2763 716 2826 accidentia
755 2762 899 2825 alia.
935 2763 1161 2826 Divina
1195 2772 1409 2827 autem
1440 2765 1676 2828 virtute
1713 2783 1861 2828 con-

354 2861 562 2925 fertur
599 2861 1117 2925 dimensionibus
1159 2882 1302 2945 quae
1347 2862 1607 2926 fuerunt
1649 2865 1715 2926 in
1759 2884 1864 2946 pa-

353 2980 460 3034 ne,
523 2969 596 3022 ut
655 2960 797 3023 sine
856 2959 1148 3041 subjecto
1204 2961 1556 3024 subsistant
1612 2962 1676 3024 in
1741 2963 1861 3026 hoc

1973 1979 2213 2044 etenim
2262 1979 2423 2042 situs
2469 1979 2581 2062 qui
2641 1998 2757 2062 per
2803 1997 2873 2042 se
2920 1977 3105 2042 lineae
3152 1977 3339 2052 inest,
3389 1979 3469 2041 ad

1973 2066 2403 2161 pluralitatem
2453 2076 2701 2141 sufficit
2746 2077 3080 2140 linearum.
3133 2076 3469 2160 Quumque

1973 2176 2107 2240 sola
2162 2176 2482 2259 quantitas
2538 2175 2895 2239 dimensiva
2944 2175 3023 2238 de
3068 2174 3167 2236 sui
3226 2175 3469 2237 ratione

1971 2275 2203 2338 habeat
2259 2275 2429 2337 unde
2486 2274 2932 2358 multiplicatio
2988 2273 3465 2336 individuorum

1973 2375 2038 2437 in
2088 2374 2312 2436 eadem
2369 2374 2584 2456 specie
2639 2374 2929 2436 accidere
2986 2373 3209 2456 possit,
3263 2372 3469 2454 prima

1972 2471 2150 2535 radix
2192 2470 2743 2554 multiplicationis
2784 2471 2975 2552 hujus
3014 2489 3094 2533 ex
3130 2470 3468 2534 dimensio-

1971 2591 2052 2634 ne
2101 2589 2241 2634 esse
2288 2570 2558 2633 videtur.
2610 2569 2767 2631 Nam
2816 2577 2881 2631 et
2928 2568 2993 2631 in
3040 2587 3273 2652 genere
3320 2568 3467 2632 sub-

1971 2671 2239 2744 stantiae,
2274 2668 2728 2751 multiplicatio
2768 2667 3177 2731 individualis
3229 2666 3308 2730 fit
3353 2687 3468 2750 per

1970 2769 2352 2833 divisionem
2393 2767 2695 2840 materiae,
2728 2786 2871 2849 quae
2901 2785 3019 2830 nec
3050 2766 3320 2848 intelligi
3363 2784 3468 2848 po-

1969 2873 2094 2931 test
2131 2867 2256 2929 nisi
2298 2866 2649 2928 secundum
2691 2866 2862 2947 quod
2907 2865 3171 2928 materia
3210 2865 3334 2928 sub
3373 2865 3466 2926 di-

1972 2965 2413 3028 mensionibus
2449 2964 2904 3027 consideratur.
2938 2964 3199 3027 Remota
3226 2964 3466 3026 etenim

351 3058 954 3141 sacramento,quod
983 3066 1082 3120 est
1109 3059 1313 3141 prima
1340 3061 1692 3143 proprietas
1721 3061 1862 3125 sub-
1893 3072 1937 3136 c
1971 3063 2344 3145 quantitate,
2390 3061 2745 3125 substantia
2790 3063 3001 3125 omnis
3050 3060 3465 3126 indivisibilis

355 3158 645 3236 stantiae3
687 3165 751 3220 et
789 3176 906 3240 per
943 3176 1340 3240 consequens
1386 3159 1480 3222 eis
1529 3169 1862 3242 praestatur

357 3264 428 3318 ut
457 3262 822 3319 sustentent
848 3255 1202 3319 accidentia
1237 3256 1383 3331 alia,
1417 3258 1584 3320 sicut
1617 3267 1682 3321 et
1714 3267 1861 3322 ante

353 3356 508 3417 dum
560 3356 658 3418 eis
706 3356 1062 3419 substantia
1107 3358 1370 3420 suberat
1410 3376 1426 3421 :
1469 3359 1690 3441 sicque
1737 3359 1862 3422 alia

354 3454 718 3517 accidentia
756 3463 906 3517 sunt
943 3454 1010 3517 in
1050 3456 1449 3520 dimensione
1488 3457 1858 3538 subJective,

354 3552 796 3616 dimensiones
843 3571 998 3616 vero
1045 3562 1194 3617 sunt
1241 3554 1382 3617 sine
1429 3555 1737 3637 subiecto,
1783 3592 1864 3603 -—-

354 3652 500 3714 Haec
543 3651 820 3714 Thomas
865 3652 932 3714 in
977 3652 1244 3735 Scripto.

435 3751 614 3813 Idem
661 3750 727 3812 in
767 3751 954 3813 tertia
993 3760 1193 3834 parte,
1225 3754 1576 3835 quaestione
1614 3762 1864 3836 septua-

353 3848 605 3931 gesima
657 3850 952 3931 septima,
1010 3850 1123 3913 ubi
1181 3858 1247 3913 et
1301 3851 1476 3914 addit
1530 3870 1544 3913 :
1597 3852 1864 3926 Quidam

353 3949 584 4010 dicunt
611 3947 970 4011 accidentia
1010 3948 1120 4011 illa
1149 3968 1290 4012 esse
1321 3949 1384 4011 in
1421 3968 1566 4012 aere
1601 3951 1868 4014 circum-

353 4054 585 4109 stante.
619 4046 799 4119 Quod
837 4064 979 4109 esse
1021 4065 1147 4109 non
1191 4047 1378 4121 valet,
1412 4049 1714 4131 quoniam
1759 4069 1866 4113 aer

353 4162 486 4207 nou
531 4152 630 4207 est
681 4144 908 4207 talium
957 4145 1386 4208 accidentium
1435 4148 1860 4229 susceptivus,

1972 3169 2277 3236 remanet,
2311 3168 2502 3244 prout
2528 3161 2738 3243 primo
2765 3160 3177 3243 Physicorum
3206 3162 3298 3223 ait
3325 3161 3465 3224 Phi-

1971 3260 2294 3342 losophus,
2336 3259 2739 3323 Manifestum
2781 3268 2993 3323 autem
3033 3266 3151 3333 est,
3184 3260 3352 3342 quod
3398 3260 3464 3323 in

1969 3358 2112 3421 aliis
2152 3357 2495 3440 generibus
2535 3358 2984 3433 accidentium,
3036 3358 3469 3441 multiplican-

1971 3466 2075 3520 tur
2105 3456 2431 3519 individua
2458 3457 2694 3538 speciei
2724 3456 3010 3538 ejusdem
3040 3476 3153 3539 per
3182 3477 3296 3520 sua
3325 3458 3469 3520 sub-

1969 3557 2157 3638 jecta.
2193 3556 2529 3638 Quumque
2574 3555 2638 3616 in
2683 3556 2804 3618 hoc
2848 3564 3246 3619 sacramento
3290 3575 3475 3639 pona-

1976 3674 2141 3728 muS,
2162 3653 2595 3716 dimensiones
2626 3653 2975 3716 subsistere
3007 3674 3121 3735 per
3150 3674 3239 3728 se,
3258 3662 3323 3717 et
3349 3655 3475 3717 alia

1975 3752 2329 3816 accidentia
2368 3751 2623 3814 fundari
2670 3752 2736 3813 in
2774 3752 2867 3814 eis
2911 3751 3112 3815 veluti
3158 3752 3223 3814 in
3268 3752 3477 3833 subje-

1976 3860 2098 3925 cte,
2134 3870 2261 3914 non
2291 3858 2541 3931 oportet
2570 3868 2686 3913 nos
2716 3851 2951 3924 dicere,
2984 3852 3154 3933 quod
3184 3852 3474 3914 acciden-

1974 3951 2064 4013 tia
2106 3948 2473 4031 hujusmodi
2521 3949 2854 4012 individua
2894 3967 3021 4012 non
3064 3950 3195 4012 sint
3228 3967 3242 4012 ε
3278 3969 3478 4013 rema-

1974 4057 2083 4111 net
2130 4048 2372 4131 quippe
2422 4048 2486 4110 in
2538 4048 2695 4130 ipsis
2740 4047 3249 4111 dimensionibus
3296 4050 3474 4112 radix

1977 4146 2519 4209 individuationiS.
2559 4146 2697 4210 Haee
2744 4146 2913 4208 idem
2958 4146 3069 4208 ibi.

354 4262 478 4306 nec
535 4243 992 4305 denominatur
1046 4244 1128 4307 ab
1186 4244 1329 4324 eis;
1389 4264 1508 4308 nec
1565 4246 1862 4310 accidens
1894 4250 1942 4312 D
2055 4246 2369 4308 Consonat
2410 4244 2651 4318 PetruS‚
2684 4244 2986 4327 additque
3027 4264 3042 4309 :
3087 4245 3335 4328 Duplex
3375 4254 3474 4309 est

355 4342 526 4404 idem
575 4359 850 4404 numero
895 4361 1182 4416 manenS,
1221 4350 1429 4424 potest
1471 4344 1740 4408 transire
1784 4346 1862 4408 de

355 4440 652 4521 subjecto
683 4440 750 4502 in
784 4440 1184 4521 subjectum3
1214 4442 1294 4503 ad
1331 4449 1575 4504 motum
1607 4461 1863 4525 quoque

355 4538 792 4601 accidentium
850 4539 1081 4601 horum
1141 4557 1248 4601 aer
1305 4540 1692 4622 depellitur;
1743 4561 1861 4605 nec

355 4657 464 4700 aer
493 4638 604 4701 ille
635 4636 914 4719 propriis
947 4637 1386 4701 accidentibus
1435 4637 1746 4720 spoliatur
1796 4647 1865 4701 ut

355 4736 458 4797 his
505 4734 912 4799 informetur.
966 4735 1187 4799 Cetera
1241 4743 1458 4799 autem
1510 4737 1862 4800 accidentia

357 4842 622 4897 manent
665 4833 1176 4897 dimensionibus
1219 4834 1634 4909 individuata,
1667 4844 1732 4898 et
1773 4835 1862 4898 di-

359 4933 726 4996 mensiones
758 4950 872 5013 per
901 4932 1224 5006 se‚divina
1252 4932 1508 4996 virtute.
1529 4934 1672 4998 Haec
1702 4934 1860 4997 Tho-

357 5049 492 5093 mas
533 5030 600 5093 in
648 5031 932 5093 Summa.

437 5129 839 5192 Coucordant
866 5128 968 5191 his
998 5129 1236 5212 scripta
1261 5129 1552 5210 ejusdem
1585 5130 1652 5192 in
1685 5130 1863 5193 Sum·

359 5246 458 5290 ma
501 5234 726 5291 contra
768 5227 1062 5309 gentilcS,
1101 5227 1266 5291 libro
1308 5236 1555 5311 quarto,
1589 5247 1716 5311 quo
1757 5231 1862 5292 ad-

136 5348 307 5398 apss.
357 5326 486 5390 dit:
511 5324 719 5389 Habet
749 5325 868 5388 hoc
900 5326 1236 5408 proprium
1266 5325 1585 5409 quantitas
1615 5327 1858 5391 dimen-

1973 4343 2337 4424 subjeetum
2398 4342 2851 4417 accidentium,
2911 4350 3131 4425 utpote
3188 4344 3472 4427 primum

1971 4449 2037 4505 et
2075 4442 2461 4524 proximum,
2494 4459 2607 4504 seu
2653 4442 3002 4505 mediatum
3044 4450 3108 4505 et
3148 4442 3474 4507 immedia-

1971 4549 2129 4603 tum.
2167 4540 2541 4621 Subiectum
2583 4540 2862 4623 primum
2896 4548 2961 4603 et
2992 4542 3338 4605 mediatum
3375 4562 3475 4606 ex-

1971 4648 2094 4702 stat
2152 4639 2525 4713 substantia,
2576 4647 2641 4701 et
2689 4638 2827 4702 sine
2885 4639 2996 4702 illo
3052 4648 3204 4703 sunt
3257 4644 3473 4705 omnia

1969 4738 2324 4801 accidentia
2353 4738 2730 4800 sacramenti
2765 4737 2971 4811 istius,
3005 4738 3158 4820 quia
3187 4740 3475 4803 substan-

1971 4838 2060 4901 tia
2093 4838 2183 4899 ibi
2225 4855 2351 4900 non
2396 4842 2626 4898 manet.
2664 4835 3040 4916 Subjectum
3072 4856 3222 4901 vero
3254 4838 3475 4902 imme-

1971 4936 2213 4998 diatum
2273 4942 2339 4997 et
2386 4933 2749 5016 proximum
2808 4941 2905 4995 est
2952 4935 3294 5016 quantita&
3346 4955 3475 5017 qua

1971 5034 2314 5106 mediante,
2374 5031 2729 5094 accidentia
2787 5030 2989 5093 multa
3047 5031 3267 5095 insunt
3322 5034 3472 5097 sub·

1969 5131 2237 5205 stantiae‚
2273 5137 2345 5192 ut
2382 5129 2554 5192 color
2594 5148 2710 5211 per
2746 5128 3179 5212 superficiem.
3216 5131 3294 5192 Et
3330 5131 3469 5195 sine

1967 5230 2080 5292 tali
2129 5228 2421 5309 subjecto
2470 5246 2595 5291 non
2656 5235 2805 5290 sunt
2850 5228 3067 5291 omnia
3112 5228 3469 5293 accidentia

1968 5328 2098 5404 illa,
2132 5347 2333 5411 quum
2376 5328 2439 5390 in
2480 5326 2989 5391 dimensionibus
3026 5327 3466 5409 subjectentur
