4267 6250
1465 526 1669 573 mma
1707 524 2072 573 relicuom
2112 524 2308 573 ruma
2349 527 2442 573 επ
3370 506 3492 572 547

376 696 783 777 Augustinus
812 695 979 758 libro
1010 694 1303 758 LXXXIII
1330 694 1781 767 Quaestionum.
1806 696 1895 758 ls-
1920 698 1973 761 A
2006 694 2125 768 Ιιιε,
2167 696 2268 757 vel
2313 714 2480 757 unus
2525 694 2624 757 vel
2667 693 2906 776 plures,
2945 701 3228 776 tuncque
3270 711 3494 755 secun-

250 788 269 797 ”
378 793 495 855 tud
536 812 798 876 quoque
838 793 1117 856 maxime
1154 794 1489 855 veritatem
1526 793 1790 855 sortitur
1824 792 1891 853 in

379 890 485 952 his
513 910 679 973 quos
708 892 877 955 Deus
907 910 1024 974 per
1054 892 1381 955 caritatem
1420 890 1749 953 inhabitat.
1774 890 1891 953 De-

378 987 605 1069 nique,
654 989 837 1069 juxta
890 990 1057 1051 banc
1104 989 1417 1051 rationem
1466 1004 1657 1069 poena
1704 986 1889 1050 limbi

380 1102 733 1167 puerorum
794 1086 1073 1150 maxima
1128 1093 1339 1165 esset3
1387 1103 1577 1167 poena
1633 1102 1887 1167 quoque

379 1190 753 1245 sanctorum
784 1191 1041 1265 patrum
1072 1184 1139 1246 in
1170 1182 1372 1245 limbo
1402 1183 1678 1245 maxima
1706 1182 1892 1245 exsti-

378 1282 589 1355 tisset,
624 1282 691 1343 in
723 1281 960 1363 quibus
990 1290 1203 1344 tamen
1242 1282 1528 1344 creditur
1554 1281 1753 1343 fuisse
1793 1301 1887 1342 re-

378 1379 568 1461 quies
608 1386 845 1441 sancta.
880 1380 1029 1442 ldeo
1064 1379 1225 1442 ratio
1264 1379 1384 1441 ista
1420 1379 1513 1440 nil
1549 1379 1627 1441 ad
1664 1396 1889 1461 propo-

378 1477 579 1539 situm
612 1475 787 1550 facit,
819 1478 873 1539 si
915 1477 1063 1559 quis
1100 1476 1265 1539 bene
1306 1476 1625 1559 inspiciat,
1659 1494 1774 1558 pro
1808 1494 1889 1538 eo

381 1576 553 1657 quod
585 1575 801 1637 Sancti
832 1592 961 1637 non
990 1575 1071 1637 de
1110 1575 1413 1649 carentia,
1446 1574 1557 1636 sed
1588 1574 1669 1636 de
1700 1593 1889 1657 poena

379 1672 695 1735 afflictiva
728 1674 1099 1756 loquuntur,
1126 1681 1280 1755 puta
1308 1674 1388 1735 de
1420 1673 1565 1753 igne
1594 1692 1708 1735 seu
1738 1692 1887 1755 pur-

378 1772 626 1851 gatoria
672 1770 955 1834 flamma.

2003 794 2156 855 dum
2187 795 2518 856 veritatem
2553 792 2704 855 ferri
2735 810 2774 853 a
2802 792 3052 855 Christo
3089 790 3495 863 sententiam,

2004 910 2146 973 quae
2193 892 2248 955 si
2301 891 2496 954 fuerit
2543 890 2728 965 bona,
2777 890 3008 953 adduci
3055 890 3336 953 animam
3383 907 3500 971 per

2004 990 2436 1053 ministerium
2463 989 2672 1072 angeli
2704 990 2770 1050 in
2799 988 3058 1061 coelum,
3087 988 3224 1050 sive
3255 988 3320 1049 in
3353 1004 3502 1069 pur-

2000 1088 2342 1168 gatorium,
2378 1104 2712 1170 quousque
2744 1094 3010 1169 purgata
3038 1086 3346 1148 educatur
3385 1102 3500 1167 per

2002 1184 2144 1266 ejus
2175 1183 2602 1248 ministerium
2635 1202 2652 1245 :
2686 1184 2772 1245 ita
2811 1182 2980 1265 quod
3020 1182 3226 1245 solum
3257 1189 3356 1244 est
3382 1182 3498 1243 du·

2000 1288 2160 1356 ctor,
2193 1300 2320 1345 non
2359 1290 2576 1346 tortor.
2611 1282 2677 1345 Si
2713 1298 2868 1344 vero
2903 1281 2986 1343 sit
3027 1280 3212 1353 mala,
3242 1279 3498 1341 ducitur

2000 1380 2362 1443 ministerio
2387 1381 2752 1443 daemonum
2780 1379 2858 1441 ad
2891 1378 3236 1440 infernum.
3259 1377 3497 1439 Tamen

2002 1478 2067 1541 in
2106 1478 2210 1540 his
2247 1479 2340 1541 nil
2385 1486 2624 1541 temere
2667 1477 3100 1540 asserendum.
3131 1512 3214 1522 —
3241 1474 3500 1557 Legitur

1999 1595 2280 1660 quoque,
2317 1576 2488 1659 quod
2531 1577 2592 1638 S.
2626 1576 2921 1639 Patritius
2959 1574 3326 1657 impetravit
3363 1573 3496 1635 eui-

1998 1676 2169 1749 dam,
2193 1682 2262 1737 ut
2289 1674 2628 1757 puniretur
2654 1673 2776 1735 sub
2807 1681 2992 1747 terra,
3017 1690 3094 1735 ex
3125 1689 3254 1753 quo
3280 1678 3494 1734 ortum

1998 1781 2095 1835 est
2124 1772 2436 1845 fabulose,
2468 1772 2638 1853 quod
2679 1771 2768 1834 ibi
2807 1772 2890 1833 sit
2923 1770 3380 1853 purgatorium.
3413 1804 3496 1815 -

462 1870 627 1933 Hinc
655 1870 1024 1945 dicendum,
1056 1871 1226 1953 quod
1267 1871 1429 1934 ratio
1465 1870 1659 1952 hujus
1688 1870 1885 1933 sumi·
1914 1875 1960 1938 B
1998 1870 2142 1933 Haec
2177 1870 2618 1933 Bonaventura
2645 1870 2724 1932 de
2763 1870 2884 1932 ista
2915 1869 3180 1931 materia
3215 1868 3386 1930 cirea
3415 1868 3496 1929 is·

381 1975 487 2030 tur
534 1986 616 2030 ex
662 1969 883 2031 divina
927 1968 1217 2051 justitia;
1266 1977 1330 2031 et
1386 1970 1505 2031 ista
1561 1976 1657 2031 est
1714 1978 1887 2031 recta

382 2066 569 2139 ratio,
621 2067 775 2149 quia
831 2068 1002 2149 quod
1058 2068 1225 2147 ignis
1280 2068 1413 2148 agit
1466 2067 1535 2129 in
1580 2067 1883 2141 animam,

379 2164 647 2247 justitiae
694 2172 812 2239 est,
864 2182 991 2227 non
1042 2170 1283 2229 natura)
1334 2182 1351 2227 ε
1404 2166 1673 2247 ideoque
1718 2166 1885 2248 quod

384 2262 587 2344 magis
616 2270 781 2345 agat,
812 2263 1047 2327 divinae
1074 2263 1553 2326 attribuendum
1582 2270 1680 2325 est
1702 2263 1888 2343 justi-

382 2362 505 2425 tiae.
540 2360 881 2443 Quumque
924 2362 1091 2424 Deus
1130 2379 1259 2424 non
1301 2369 1591 2443 acceptet
1628 2380 1885 2445 poenam

382 2460 741 2523 secundum
786 2460 953 2542 quod
998 2467 1245 2523 tantum
1292 2467 1391 2523 est
1430 2460 1743 2542 punitiva,
1774 2460 1885 2523 sed

382 2559 587 2640 magis
616 2566 807 2641 prout
836 2560 901 2620 in
942 2578 1018 2621 ea
1046 2558 1287 2621 relucet
1324 2560 1485 2621 ratio
1516 2558 1759 2621 ordinis
1790 2578 1884 2621 re-

379 2658 505 2736 cti3
538 2657 783 2719 idcirco
812 2656 1188 2731 notandum,
1221 2657 1390 2738 quod
1434 2664 1531 2719 est
1560 2676 1750 2739 poena
1788 2676 1885 2719 as-

377 2764 639 2837 sumpta
678 2763 743 2817 et
777 2773 969 2837 poena
1008 2754 1273 2817 inflicta.
1308 2755 1377 2817 ln
1418 2773 1608 2837 poena
1644 2774 1885 2817 assum-

379 2861 485 2935 pta
514 2871 645 2916 non
676 2861 917 2915 tantum
948 2852 1157 2935 placet
1185 2854 1313 2916 Deo
1340 2854 1651 2916 ordinatio
1680 2871 1885 2935 poenae

376 2953 455 3016 ad
498 2953 783 3035 culpam,
823 2953 937 3015 sed
986 2960 1051 3015 et
1096 2952 1253 3015 ordo
1296 2971 1371 3014 ac
1420 2952 1737 3015 rectitudo
1778 2970 1882 3015 vo-

1996 1978 2127 2031 tam
2166 1969 2662 2031 distinctionem.
2695 1968 2812 2041 Qui
2855 1968 2920 2029 in
2949 1967 3092 2029 aliis
3127 1965 3496 2049 quaestioni-

1996 2068 2117 2130 bus
2141 2069 2220 2130 de
2245 2068 2608 2150 purgatorio
2634 2066 2822 2129 motis
2845 2066 3181 2128 coneordat
3202 2063 3390 2126 dictis
3413 2083 3492 2127 ex

1996 2167 2254 2230 Thema.
2287 2167 2522 2229 Verum
2553 2166 2725 2248 quod
2754 2165 2842 2228 ait
2871 2163 2978 2226 hic
3005 2164 3084 2226 de
3114 2165 3176 2227 S.
3211 2163 3488 2237 Patritio,

1996 2282 2123 2328 non
2155 2265 2496 2328 concordat
2522 2264 2832 2345 Legendae
2863 2264 2924 2326 S.
2947 2262 3190 2325 Patritii
3223 2280 3239 2324 :
3270 2261 3336 2324 in
3367 2279 3495 2343 qua

1994 2360 2221 2436 fertur,
2248 2362 2417 2443 quod
2446 2363 2525 2424 ad
2555 2361 3038 2425 conversionem
3069 2360 3492 2423 Hibernorum

1996 2460 2365 2542 impetravit
2391 2480 2428 2522 a
2456 2460 2586 2523 Deo
2623 2460 2872 2523 ostendi
2911 2459 3122 2521 locum
3153 2477 3269 2541 per
3295 2476 3493 2540 quem

1996 2567 2239 2641 pateret
2274 2558 2596 2641 ingressus
2636 2558 2714 2620 ad
2761 2557 3103 2640 quemdam
3141 2556 3492 2639 purgatorii

1996 2657 2230 2731 locum,
2253 2664 2318 2719 et
2347 2657 2426 2719 de
2452 2657 2574 2719 boc
2605 2656 2670 2718 in
2699 2655 2843 2718 aliis
2875 2656 3222 2719 recitantur
3252 2653 3492 2716 libellis

1994 2755 2394 2837 quamplura.
2441 2789 2523 2800 —
2567 2754 2859 2817 Ceterum
2911 2772 3055 2835 quae
3105 2752 3211 2813 hic
3266 2751 3493 2813 scribit

1994 2860 2214 2915 contra
2263 2852 2644 2935 positionem
2695 2871 2886 2934 quam
2937 2852 2998 2914 S.
3050 2851 3342 2923 Thomas,
3387 2849 3492 2911 ΑΙ-

1996 2951 2236 3025 bertuS,
2271 2951 2510 3021 Petrus,
2542 2950 2915 3026 RicharduS,
2944 2950 3184 3032 aliique
3213 2966 3494 3012 commu·

378 3050 643 3113 luntatis
672 3050 1058 3113 assumentis
1072 3068 1091 3130 ;
1122 3050 1189 3111 in
1228 3068 1417 3134 poena
1443 3068 1598 3113 vero
1634 3049 1882 3113 inflicta
1911 3055 1955 3119 G
1996 3049 2163 3111 niter
2223 3058 2462 3123 tenent,
2524 3067 2752 3132 parum
2818 3048 3230 3121 concludunt,
3289 3066 3492 3131 quum

378 3150 593 3232 placet
620 3151 777 3213 ordo
806 3167 1013 3232 poenae
1039 3149 1117 3210 ad
1149 3149 1425 3231 culpam.
1450 3149 1760 3222 Quoniam
1789 3167 1884 3211 er-

375 3267 457 3330 go
496 3265 689 3330 poena
726 3248 1181 3329 poenitentium
1223 3247 1291 3309 in
1334 3247 1629 3329 praesenti
1670 3247 1882 3329 potius

375 3354 475 3409 est
510 3353 865 3427 assumpta,
897 3362 1087 3427 poena
1129 3363 1282 3408 vero
1327 3345 1775 3408 defunctorum
1814 3345 1883 3406 in

377 3443 749 3526 purgatorio
779 3444 982 3523 magis
1010 3451 1272 3506 vocatur
1302 3443 1399 3505 inf
1402 3443 1567 3516 licta,
1583 3443 1883 3524 quoniam

376 3541 472 3603 eis
514 3558 645 3603 non
690 3549 785 3603 est
818 3541 951 3622 jam
997 3548 1257 3624 tempus
1293 3541 1545 3622 agendi,
1578 3541 1687 3603 sed
1728 3540 1885 3603 reci-

374 3639 635 3722 piendi3
664 3639 808 3701 ideo
839 3639 1089 3702 modica
1116 3658 1307 3721 poena
1336 3639 1783 3722 poenitentium
1818 3639 1883 3700 in

379 3737 704 3821 praesenti,
740 3738 939 3819 magis
970 3745 1067 3800 est
1098 3738 1222 3802 Deo
1252 3738 1485 3821 placita
1524 3745 1589 3800 et
1624 3746 1885 3821 accepta

374 3855 449 3899 ac
480 3834 905 3898 satisfactoria
942 3853 1152 3899 coram
1194 3853 1293 3910 eo,
1324 3854 1518 3919 quam
1557 3854 1786 3917 magna
1816 3835 1883 3898 in

378 3933 623 4007 futuro,
654 3941 719 3996 et
759 3934 902 3996 ideo
942 3935 1123 4016 quasi
1162 3934 1885 4016 improportionabiliter

382 4032 693 4114 majorem
740 4032 907 4095 Deus
954 4033 1151 4114 exigit
1197 4033 1265 4094 in
1312 4032 1546 4095 futuro.
1581 4033 1883 4106 Quamvis

380 4133 645 4194 demum
678 4149 909 4213 corpus
940 4131 1086 4213 plus
1116 4131 1378 4194 laedatur
1406 4130 1487 4193 ab
1517 4131 1664 4213 igne
1694 4150 1883 4213 quam

1992 3148 2581 3230 experimentaliter
2610 3155 2869 3223 constet,
2883 3147 3488 3230 contemplationem,

1993 3247 2364 3310 fruitionem
2402 3255 2468 3309 et
2507 3247 2812 3328 gaudium
2853 3248 3168 3309 viatorum
3210 3265 3324 3330 per
3363 3265 3494 3309 ma-

1991 3363 2148 3425 gnas
2185 3344 2570 3407 afflictiones
2611 3363 2738 3408 non
2781 3345 3185 3407 mediocriter
3224 3343 3492 3426 impedi-

1994 3441 2069 3514 ri,
2103 3441 2397 3523 quamvis
2427 3441 2750 3504 interdum
2783 3439 3162 3504 miraculose
3190 3441 3374 3503 aliter
3403 3440 3492 3504 fa-

1993 3547 2169 3603 ctum
2215 3541 2299 3602 sit
2357 3541 2422 3602 in
2475 3540 2711 3602 sanctis
2770 3538 3177 3621 martyribuS,
3227 3547 3292 3601 et
3345 3538 3488 3600 aliis

1992 3639 2176 3703 valde
2205 3638 2470 3701 devotis.
2505 3637 2716 3700 Sancti
2746 3654 3001 3719 quoque
3032 3636 3381 3719 loquuntur
3410 3636 3488 3698 de

1992 3745 2261 3819 utraque
2305 3735 2652 3820 purgatorii
2696 3753 2903 3817 poena.

2070 3837 2340 3918 Insuper
2368 3835 2446 3898 de
2476 3835 2594 3898 hac
2627 3834 2764 3916 ipsa
2806 3833 3064 3896 materia
3092 3833 3307 3914 aliqua
3336 3832 3490 3895 scri·

1993 3934 2087 3996 bit
2114 3935 2522 3997 distinctione
2551 3932 2868 4015 sequenti,
2885 3932 3248 4014 quaerendo,
3272 3938 3488 3994 utrum

1992 4033 2285 4116 purgatio
2314 4051 2456 4115 quae
2487 4032 2552 4094 in
2594 4031 2958 4114 purgatorio
2985 4029 3086 4104 fit,
3120 4030 3204 4092 sit
3230 4048 3268 4092 a
3299 4030 3488 4112 culpa

1990 4132 2092 4194 vel
2139 4131 2346 4194 solum
2393 4149 2430 4193 a
2479 4147 2686 4213 poena.
2733 4129 3141 4212 Respondet:
3179 4128 3486 4202 Quorum-

380 4230 670 4313 spirituS,
719 4236 936 4291 tamen
982 4229 1244 4312 spiritus
1294 4229 1493 4310 magis
1544 4228 1879 4310 affligitur,
1910 4237 1961 4300 D
1993 4231 2138 4294 dam
2184 4229 2545 4312 sapientum
2584 4227 2708 4291 fuit
2747 4227 2988 4310 opini0,
3021 4227 3189 4310 quod
3233 4226 3487 4290 nullum

382 4329 689 4411 quoniam
719 4327 1108 4391 vivaciorem
1146 4327 1339 4390 babet
1367 4329 1499 4392 vim
1540 4328 1877 4391 sentiendi.

383 4429 575 4491 Poena
602 4434 816 4489 autem
846 4444 973 4489 non
1004 4434 1099 4488 est
1129 4426 1303 4490 laesio
1332 4426 1491 4508 ipsa,
1514 4427 1625 4489 sed
1655 4445 1881 4490 sensus

385 4524 609 4608 ipsius.
642 4561 725 4571 —
752 4525 895 4588 Haec
934 4525 1393 4588 Bonaventura.

463 4624 581 4697 Qui
621 4623 815 4687 etiarn
864 4623 1019 4686 dicit
1064 4622 1459 4705 probabilius
1500 4643 1661 4698 esse,
1709 4625 1879 4707 quod

382 4725 613 4787 animae
664 4723 727 4784 in
772 4724 1139 4804 purgatorio
1186 4741 1315 4786 non
1363 4722 1719 4806 puniuntur
1766 4743 1883 4807 per

382 4824 724 4886 daemones.
760 4823 935 4886 Unde
964 4823 1056 4884 sic
1086 4822 1213 4885 ait:
1239 4823 1729 4886 Concedendum
1758 4831 1877 4898 est,

384 4922 555 5003 quod
587 4921 838 5003 punitio
868 4921 977 4983 illa
1006 4939 1132 4984 non
1164 4922 1243 4984 fit
1270 4921 1629 4985 ministerio
1655 4923 1882 4985 daemo-

384 5039 565 5096 num,
598 5037 719 5082 nec
748 5037 1173 5103 supernorum
1202 5020 1570 5101 spirituum,
1602 5021 1726 5083 nisi
1758 5019 1883 5084 for·

386 5138 497 5180 san
537 5124 851 5200 quantum
890 5118 971 5179 ad
1010 5117 1449 5181 directionem.
1483 5118 1880 5182 Credendum

386 5223 484 5279 est
510 5216 711 5291 enim,
744 5215 914 5297 quod
945 5215 1011 5277 in
1041 5233 1302 5298 egressu
1338 5216 1569 5280 animae
1596 5236 1633 5278 a
1662 5234 1884 5299 corpo-

386 5333 457 5378 re
483 5313 803 5377 adsistunt
828 5313 1095 5396 spiritus
1124 5314 1331 5378 bonus
1360 5323 1424 5379 et
1458 5316 1721 5399 spiritus
1753 5335 1884 5380 ma·

1992 4337 2326 4413 peccatum
2372 4335 2516 4411 post
2560 4328 2726 4391 hanc
2768 4327 2966 4391 vitam
3013 4325 3376 4403 dimittitur,
3410 4343 3488 4391 eo

1991 4430 2164 4512 quod
2205 4447 2360 4492 usus
2410 4427 2596 4491 liberi
2639 4426 2888 4490 arbitrii
2930 4427 3136 4509 quoad
3186 4427 3486 4490 meritum

1990 4535 2053 4590 et
2110 4527 2498 4591 demeritum
2557 4533 2762 4590 cessat
2817 4525 3080 4588 omnino
3135 4525 3203 4587 in
3260 4534 3482 4589 morte.

1990 4627 2253 4708 Propter
2281 4626 2451 4708 quod
2489 4626 2732 4699 dicunt,
2766 4623 2936 4707 quod
2965 4623 3240 4686 venialia
3273 4624 3340 4685 in
3369 4623 3486 4687 bac

1990 4725 2121 4788 vita
2149 4725 2414 4788 omnino
2443 4724 2852 4786 dimittuntur
2878 4741 2994 4804 per
3021 4721 3484 4804 poenitentiam,

1990 4832 2101 4886 aut
2140 4843 2254 4906 per
2292 4822 2554 4884 finalem
2592 4822 2883 4903 gratiam,
2915 4821 2968 4882 si
3000 4838 3125 4883 non
3165 4820 3332 4882 adsit
3359 4839 3489 4902 poe-

1991 4921 2277 4984 nitentiae
2320 4921 2518 4983 locus.
2553 4919 2728 4982 Unde
2769 4918 3014 4993 dicunt,
3044 4918 3215 5000 quod
3253 4918 3488 5001 triplex

1992 5027 2087 5084 est
2116 5019 2340 5101 gratia,
2373 5025 2593 5100 utpote
2631 5015 3052 5099 baptismalis,
3085 5016 3488 5098 poenitentia-

1994 5121 2094 5194 lis,
2119 5118 2336 5181 finalis
2359 5135 2374 5179 ε
2397 5135 2668 5199 quarum
2699 5114 3002 5197 quaelibet
3031 5133 3145 5198 pro
3175 5116 3275 5177 sui
3304 5116 3490 5180 initio

1994 5217 2352 5281 dominium
2391 5214 2584 5278 habet
2625 5215 2693 5277 in
2733 5215 2979 5294 anima3
3010 5221 3200 5296 atque
3249 5232 3364 5296 pro
3411 5232 3488 5277 eo

1996 5316 2165 5400 quod
2206 5314 2573 5376 dominatur
2612 5313 2680 5376 in
2719 5313 2859 5395 ipso
2897 5313 3185 5395 ingressu
3224 5313 3326 5376 vel
3365 5321 3486 5377 sta-
