4267 6250
321 524 536 580 ouzsr.
577 525 642 570 vi
683 523 698 569 :
743 526 946 572 οτιιυιι
985 525 1294 572 εΑειιιωοε
1337 524 1544 572 rossi-r
1583 521 2114 580 QUAM-mmmmm
2154 521 2417 570 nomn
2458 521 2849 568 comen-rana
2890 520 3209 568 namnum
3266 499 3383 564 271

298 695 391 758 vel
433 714 548 778 per
589 714 680 769 se,
713 695 824 758 sed
867 713 997 759 non
1040 695 1271 778 primo,
1305 702 1376 756 ut
1419 691 1682 756 materia
1723 698 1789 754 et
1815 692 1866 756 A
1894 709 2036 773 quae
2095 689 2186 753 ibi
2244 697 2340 754 est
2399 689 2917 764 concomitanter,
2978 689 3089 752 sed
3146 688 3387 751 ratione

297 793 508 857 formae
565 793 950 869 materialc8‚
1001 813 1143 877 quae
1199 792 1628 856 extenduntur
1681 809 1788 853 ex·

299 890 574 956 tensione
634 891 1051 974 quantitatis3
1110 890 1402 975 quaedam
1459 906 1612 952 vero
1665 906 1785 952 nec

297 1008 404 1072 per
447 1010 538 1064 se,
577 1009 698 1053 nec
749 990 978 1073 primo,
1021 989 1132 1054 sed
1182 1009 1298 1073 per
1341 988 1657 1061 accidenS‚
1697 995 1786 1049 at-

297 1107 410 1170 que
441 1108 554 1171 per
589 1089 767 1152 aliud
805 1088 1204 1162 secundario,
1237 1095 1308 1150 ut
1338 1085 1780 1170 incorporalia,

295 1205 424 1268 quae
451 1205 580 1250 non
611 1186 850 1250 habent
876 1204 1019 1250 esse
1048 1187 1114 1248 in
1143 1186 1430 1259 situ‚nisi
1463 1204 1578 1268 per
1606 1203 1782 1247 suam

295 1286 718 1366 operationem
759 1286 932 1348 circa
975 1285 1222 1358 localia,
1254 1284 1354 1347 vel
1396 1303 1512 1367 per
1549 1283 1784 1366 passio-

295 1401 432 1444 nem
467 1384 552 1446 ab
585 1385 698 1446 eis.
736 1385 912 1448 Unde
950 1383 1216 1466 angelus
1254 1391 1350 1446 est
1379 1382 1488 1444 ubi
1521 1389 1585 1444 et
1613 1382 1783 1445 circa

297 1483 452 1563 quod
482 1491 818 1565 operatur3
850 1482 1142 1546 diabolus
1172 1500 1450 1566 quoque,
1475 1480 1584 1543 ubi
1618 1480 1782 1563 ignis

299 1599 416 1662 quo
450 1583 736 1664 punitur.
770 1582 982 1646 Primo
1023 1582 1211 1644 modo
1242 1581 1528 1644 Christus
1566 1597 1784 1662 corpo·

301 1680 500 1742 raliter
551 1689 646 1742 est
705 1699 822 1763 per
878 1681 1170 1763 proprias
1227 1679 1657 1742 dimensiones
1716 1679 1782 1742 in

303 1785 462 1858 parte
491 1778 636 1841 coeli
668 1778 1118 1858 determinata3
1151 1777 1432 1841 secundo
1463 1778 1650 1841 modo
1680 1776 1785 1838 ha-

1896 790 2331 855 conversionis
2370 790 2553 854 factae
2593 791 2657 852 in
2698 790 2932 872 ipsum,
2966 806 3092 851 non
3132 794 3230 850 est
3262 805 3391 850 mo-

1897 889 1977 953 do
2009 888 2301 971 tangibili
2336 907 2349 951 :
2388 889 2925 971 quemadmodum
2956 904 3074 950 nec
3106 885 3395 949 substan-

1896 987 1982 1050 tia
2029 988 2379 1070 spiritualis
2437 1007 2717 1071 praesens
2775 987 2935 1060 locO,
2986 986 3267 1067 tangitur
3312 984 3393 1047 ab

1895 1087 2143 1160 eodem,
2178 1087 2309 1149 imo
2347 1105 2466 1149 nec
2505 1105 2542 1149 a
2581 1086 2841 1169 proprio
2878 1102 3159 1168 corpore.
3194 1119 3275 1128 —-
3306 1083 3398 1145 Id—

1895 1205 1971 1250 eo
1999 1186 2283 1269 primum
2315 1193 2763 1266 argumentum
2802 1202 2927 1247 non
2960 1182 3266 1265 procedit.
3301 1181 3395 1244 Ad

1894 1292 2134 1347 tactum
2176 1303 2453 1367 namque
2484 1283 2833 1365 requiritur
2866 1282 3013 1364 plus
3040 1299 3235 1365 quam
3277 1280 3395 1343 im-

1897 1384 2171 1446 mediata
2200 1382 2588 1463 conjunctio,
2624 1389 2841 1465 utpote
2873 1381 3090 1443 localis
3120 1379 3394 1442 situalis-

1894 1500 2020 1564 que
2065 1483 2237 1544 unio.
2272 1517 2353 1526 —
2380 1481 2475 1543 Ad
2516 1480 2689 1542 aliud
2741 1479 3180 1561 respondetur,
3221 1477 3393 1560 quod

1895 1580 1960 1642 in
2000 1579 2110 1641 >tali
2152 1599 2301 1642 casu
2342 1597 2571 1661 corpus
2603 1577 2832 1642 Christi
2876 1577 2941 1638 in
2982 1577 3212 1660 pyxide
3242 1561 3411 1639 fuis-‘

1895 1685 1990 1741 set
2019 1677 2229 1760 poenis
2266 1677 2571 1740 affectum
2612 1695 2683 1739 ac
2718 1683 3063 1749 mortuum,
3100 1674 3392 1756 passione

1895 1794 2022 1839 non
2055 1776 2229 1838 illata
2268 1775 2620 1838 secundum
2662 1774 2830 1856 quod
2873 1773 2961 1836 ibi
3000 1772 3248 1847 fuisset,
3282 1772 3393 1835 sed

301 1873 396 1936 bct
421 1895 560 1938 esse
592 1875 832 1939 ibidem
865 1895 980 1959 per
1007 1895 1152 1938 suas
1182 1875 1630 1958 dispositiones
1663 1893 1786 1937 ma·
1821 1874 1868 1937 B
1901 1875 1961 1937 in
1995 1883 2305 1956 quantum
2339 1873 2591 1937 realiter
2620 1873 2789 1936 idem
2821 1880 2919 1934 est
2946 1890 3214 1935 numero
3244 1889 3393 1934 cum

299 1973 562 2046 teriales‚
613 1975 986 2037 extensione
1036 1973 1407 2057 quantitatis
1454 1982 1782 2053 extensas3

300 2081 352 2132 et
397 2080 622 2135 neutro
679 2073 872 2135 modo
927 2080 1024 2135 est
1083 2073 1146 2134 in
1206 2080 1622 2146 sacramento,
1674 2073 1785 2135 sed

303 2171 472 2233 tertio
501 2171 694 2234 modo
721 2171 1051 2233 dumtaxat
1083 2187 1098 2232 :
1131 2171 1283 2254 quia
1312 2171 1614 2234 videlicet
1641 2170 1787 2232 sub-

301 2269 514 2331 stantia
573 2268 760 2351 panis
823 2268 944 2331 sub
1004 2268 1342 2351 speciebus
1406 2268 1785 2332 sacramenti

300 2384 588 2430 conversa
619 2375 715 2430 est
749 2367 815 2429 in
845 2367 1266 2430 substantiam
1301 2367 1584 2451 corporis
1613 2367 1788 2430 Chri-

301 2465 392 2540 sti,
423 2465 508 2528 ita
547 2466 718 2548 quod
761 2465 886 2528 nisi
926 2465 1046 2528 hoc
1087 2473 1274 2540 esset,
1307 2485 1434 2530 non
1470 2466 1788 2529 diceretur

303 2581 518 2646 corpus
561 2564 796 2628 Christi
840 2563 1054 2646 potius
1097 2582 1237 2627 esse
1287 2563 1406 2626 sub
1449 2564 1788 2646 speciebus

304 2661 904 2745 sacramenti,quam
935 2660 1091 2744 ligni
1121 2670 1232 2724 aut
1261 2661 1591 2725 saxiJlinc
1621 2681 1788 2744 quae-

304 2759 414 2820 stio
456 2759 578 2822 ista
619 2778 698 2822 ex
742 2759 901 2824 falsa
943 2766 1007 2822 et
1050 2760 1447 2842 phantastica
1488 2760 1789 2842 imagina-

305 2857 458 2921 tione
485 2859 788 2941 procedit,
801 2877 878 2920 ac
905 2857 960 2920 si
991 2859 1308 2940 quantitas
1338 2859 1574 2942 speciei
1606 2859 1790 2941 panis

303 2973 566 3020 concava
605 2965 798 3032 esset,
832 2965 896 3021 et
938 2957 1104 3020 intra
1146 2957 1288 3040 ejus
1330 2958 1790 3021 concavitatem

303 3054 720 3119 dimensiones
770 3055 1054 3139 corporis
1104 3055 1337 3120 Christi
1396 3057 1792 3140 susciperen-
1825 3061 1869 3126 C

301 3162 414 3227 tur,
443 3162 742 3237 tangente
773 3155 1059 3219 interiori
1092 3156 1278 3239 panis
1309 3156 1654 3238 superficie
1686 3175 1790 3218 ex-

301 3254 586 3317 teriorem
649 3254 1065 3336 superficiem
1131 3255 1416 3337 corporis
1473 3254 1706 3318 Christi
1769 3273 1784 3317 :

303 3352 456 3431 quod
487 3360 692 3415 totum
729 3359 825 3415 est
852 3351 1110 3427 falsum,
1143 3359 1282 3415 tum
1317 3353 1622 3436 quoniam
1656 3372 1790 3435 spe-

305 3449 421 3511 cies
451 3450 576 3514 illae
605 3457 759 3513 sunt
789 3450 1028 3525 solidae,
1049 3459 1189 3514 tum
1221 3452 1522 3533 quoniam
1559 3469 1789 3534 corpus

305 3546 522 3611 Christi
573 3566 704 3612 non
752 3556 850 3612 est
894 3549 984 3612 ibi
1027 3550 1386 3613 dimensive
1427 3557 1538 3613 aut
1578 3557 1792 3613 exten-

303 3646 448 3721 sive,
481 3648 788 3730 quoniam
831 3648 1038 3710 solum
1081 3656 1179 3711 est
1218 3648 1308 3711 ibi
1347 3668 1424 3712 eo
1464 3649 1633 3731 quod
1675 3648 1788 3711 ali-

307 3746 448 3828 quid
480 3748 542 3809 in
575 3748 793 3830 ipsum
823 3764 1202 3810 conversum
1237 3755 1352 3811 est.
1388 3748 1508 3811 Sed
1540 3749 1691 3832 quia
1721 3748 1788 3811 in

304 3845 460 3927 ipsas
487 3846 776 3929 eorporis
807 3844 1037 3909 Christi
1075 3846 1508 3910 dimensiones
1545 3864 1671 3910 non
1712 3845 1790 3908 fit

305 3943 384 4006 ibi
413 3946 748 4009 conversio
774 3944 1006 4027 aliqua,
1020 3944 1164 4009 ideo
1193 3963 1319 4008 non
1351 3953 1501 4008 sunt
1529 3945 1619 4008 ibi
1651 3946 1792 4008 rati·

302 4059 412 4105 one
439 4042 915 4107 sacramentalis
945 4044 1403 4119 conversionis,
1437 4044 1548 4107 sed
1578 4045 1788 4107 solum

304 4160 406 4222 per
432 4140 1069 4225 accidens,quoniam
1097 4159 1331 4224 corpus
1362 4142 1428 4204 in
1457 4160 1587 4226 quo
1615 4150 1785 4218 sunt,

1896 1991 2161 2055 corpore
2192 1972 2521 2035 crucifixo.
2548 1971 2668 2034 Sed
2699 1971 3001 2053 quoniam
3032 1970 3229 2032 alium
3264 1987 3395 2032 mo·

1895 2072 2048 2134 dum
2080 2071 2427 2135 exsistendi
2458 2070 2651 2134 habet
2682 2071 2745 2132 in
2777 2077 3174 2134 sacramento
3203 2087 3397 2152 quam

1896 2170 2016 2232 sub
2049 2171 2306 2253 propria
2339 2171 2692 2252 quantitate
2727 2177 2788 2232 et
2820 2170 2885 2232 in
2926 2170 3086 2245 loco,
3120 2177 3183 2232 et
3212 2169 3398 2233 aliter

1897 2269 2126 2352 incipit
2177 2268 2265 2331 ibi
2314 2288 2453 2332 esse
2507 2287 2699 2351 quam
2762 2268 2827 2331 in
2878 2269 3004 2331 situ
3052 2267 3176 2330 sibi
3228 2285 3399 2330 com-

1899 2374 2297 2448 mensurato;
2360 2367 2596 2431 idcirco
2652 2368 2793 2431 aliae
2850 2367 3399 2430 denominationes

1897 2466 2291 2529 conveniunt
2345 2466 2403 2529 ci
2469 2466 2555 2528 ibi
2615 2485 2809 2548 quam
2867 2465 3042 2528 alibi.
3100 2466 3276 2528 Unde
3334 2473 3399 2528 et

1897 2581 2128 2646 corpus
2172 2564 2330 2628 illud
2371 2565 2543 2646 quod
2582 2563 2811 2628 fuisset
2849 2565 2913 2626 in
2954 2563 3206 2647 pyxide,
3240 2562 3397 2626 fuis·

1897 2670 1992 2726 set
2039 2670 2303 2737 tactum,
2337 2663 2767 2736 vulneratum,
2808 2661 3223 2743 flagellatum,
3266 2680 3395 2725 non

1897 2769 2108 2824 tamen
2142 2763 2496 2825 secundum
2526 2762 2695 2844 quod
2728 2760 2995 2825 ibi.Haec
3026 2760 3391 2824 Richardus.

2324 3035 2800 3109 QUAESTIO
2873 3035 2979 3098 VI

2045 3256 2315 3319 Uaeritur
2362 3274 2638 3339 quoque,
2688 3256 2985 3322 ‘Utrum
3034 3256 3401 3323 sacerdos

1907 3252 2037 3457 Q
2070 3357 2160 3421 vi
2200 3355 2679 3424 sacerdotali
2713 3356 2798 3420 et
2832 3370 2977 3437 per
3003 3354 3400 3421 virtutem

1898 3454 2328 3522 verborum
2376 3453 3098 3535 sacramentalium,
3142 3454 3402 3536 possit

1898 3556 2620 3635 quantumcumque
2663 3566 3033 3631 magnam
3072 3566 3397 3618 conver-

1898 3651 2074 3717 tere
2101 3650 2521 3718 materiam
2552 3652 2782 3731 panis
2809 3664 2902 3716 ao
2923 3650 3099 3717 vini
3128 3651 3215 3716 in
3240 3664 3401 3717 cor-

1899 3764 2050 3831 pus
2089 3752 2173 3815 et
2210 3750 2679 3828 sangumem
2721 3746 3047 3816 Christi.

1981 3846 2245 3907 Videtur
2272 3845 2441 3927 quod
2482 3845 2595 3920 sic,
2628 3846 2781 3929 quia
2818 3862 2945 3909 non
2978 3854 3075 3909 est
3104 3845 3399 3908 determi—

1901 3952 2119 4006 natum
2146 3950 2455 4027 quantum
2480 3943 2559 4007 de
2584 3961 2747 4025 pane
2770 3952 2834 4006 et
2858 3943 3008 4006 vino
3032 3952 3401 4007 convertere

1902 4043 2102 4124 possit
2135 4059 2150 4104 :
2186 4042 2315 4105 imo
2343 4050 2626 4124 apparet,
2651 4042 2821 4124 quod
2848 4048 3053 4105 totum
3085 4043 3253 4125 quod
3283 4060 3400 4105 suo

1899 4140 2068 4203 visui
2117 4149 2326 4223 potest
2372 4142 2850 4223 repraesentari3
2900 4141 3121 4222 sicque
3167 4140 3399 4204 inaesti—

305 4238 380 4300 ibi
419 4249 560 4302 est:
598 4239 841 4302 idcirco
877 4257 994 4321 per
1031 4257 1136 4301 eas
1178 4240 1541 4303 nullatenus
1573 4240 1662 4302 ibi
1693 4249 1790 4304 est.
1817 4242 1868 4304 D
1901 4239 2157 4302 mabilis
2217 4240 2674 4323 magnitudinis
2738 4259 2969 4323 panem
3027 4248 3399 4303 convertere

303 4344 510 4400 tactus.
544 4337 708 4400 Hinc
737 4336 1023 4399 absolute
1054 4335 1420 4410 dicendum,
1444 4338 1613 4420 quod
1648 4356 1788 4421 spe-

307 4434 422 4496 cies
445 4434 824 4497 sacramenti
850 4433 1030 4497 nullo
1053 4432 1242 4498 modo
1264 4442 1530 4516 tangunt
1557 4452 1789 4517 corpus

307 4532 519 4596 Christi
551 4534 868 4596 exsistens
906 4532 1026 4595 sub
1069 4532 1242 4615 ipsis.
1278 4534 1422 4597 Haec
1453 4534 1784 4598 HenricuS.

381 4632 727 4696 Concordat
753 4631 1102 4694 Richardus
1127 4649 1142 4692 τ
1167 4631 1408 4713 Corpus
1436 4632 1792 4714 (inquiens)

311 4730 524 4794 Christi
555 4740 632 4793 ut
659 4737 1026 4801 contentum
1055 4728 1174 4791 sub
1201 4730 1414 4812 specie
1443 4748 1794 4793 sacramen-

311 4828 432 4903 tali,
463 4847 588 4893 non
630 4836 840 4912 potest
868 4828 1235 4891 immediate
1269 4828 1390 4891 snb
1432 4828 1540 4891 illa
1577 4830 1791 4911 specie

310 4926 485 5007 tangi.
547 4925 915 4989 Substantia
972 4926 1146 4987 enim
1204 4944 1508 5007 corporea
1563 4934 1794 5009 praeter

309 5023 728 5089 dimensiones
787 5024 1130 5099 intellecta,
1177 5024 1490 5107 accipitur
1547 5033 1618 5087 ut
1665 5043 1792 5088 non

309 5131 571 5199 extensa,
605 5123 830 5204 sicque
867 5121 1259 5185 assimilatur
1295 5122 1664 5186 substantiae
1703 5123 1795 5185 in-

311 5222 628 5304 corporali.
670 5222 1007 5304 Quumque
1048 5239 1280 5304 corpus
1323 5222 1555 5286 Christi
1597 5222 1679 5284 sit
1728 5222 1794 5284 in

313 5328 692 5385 sacramento
733 5338 862 5383 non
911 5339 1028 5403 per
1073 5339 1252 5383 suam
1302 5320 1790 5397 dimensionem,

1899 4348 2132 4423 posset,
2176 4348 2423 4403 tantum
2473 4358 2727 4423 quoque
2770 4340 2848 4403 de
2892 4340 3044 4404 vino
3085 4346 3157 4402 ut
3197 4340 3397 4403 conti-

1899 4445 2006 4499 net
2052 4456 2224 4499 mare
2267 4438 2346 4500 de
2386 4456 2568 4520 aqua.

1981 4634 2072 4697 Ad
2104 4634 2224 4698 hoc
2254 4634 2693 4697 Bonaventura
2723 4636 3101 4717 respondet:
3129 4636 3396 4711 Quidam

1900 4732 2219 4807 dixerunt,
2252 4732 2423 4815 quod
2468 4731 2590 4793 nisi
2636 4740 2925 4794 servetur
2970 4733 3127 4795 ritus
3170 4733 3250 4796 ab
3290 4734 3401 4796 Ec-

1903 4831 2096 4893 clesia
2158 4831 2508 4904 institutus,
2570 4830 2864 4893 sacerdos
2928 4848 3055 4893 non
3113 4831 3397 4909 conficit,

1902 4928 2053 5011 quia
2109 4928 2276 4991 sicut
2322 4944 2448 4991 non
2509 4933 2713 5009 potest
2764 4926 3083 4990 conficere
3134 4928 3258 4991 nisi
3310 4948 3405 4992 sa-

1903 5027 2147 5100 cerd08,
2189 5026 2275 5087 ita
2314 5043 2431 5089 nec
2466 5024 2601 5106 ipse
2642 5026 2933 5088 sacerdos
2971 5025 3235 5089 conficit
3276 5028 3401 5090 nisi

1903 5125 2303 5188 sacerdotum
2356 5124 2615 5187 modum
2674 5124 2998 5209 rit-umque
3046 5132 3273 5187 servet.
3326 5126 3403 5188 Et

1905 5223 2024 5285 hoc
2071 5222 2296 5284 dicunt
2344 5240 2483 5285 esse
2540 5222 2911 5285 revelatum.
2961 5225 3166 5305 Atque
3217 5222 3403 5286 aliter

1904 5320 2271 5396 facientem,
2312 5328 2607 5403 reputant
2648 5320 3027 5384 sacramenti
3070 5328 3401 5387 temerato-
