4267 6250
817 492 936 559 454

1433 512 1499 558 m
1539 510 1762 558 Lunum
1801 511 1862 556 lv
1903 508 2388 556 summanum
2428 524 2509 536 —
2548 507 2703 554 msr.
2743 507 2913 570 xvl13
2956 507 3181 564 QUAEST.
3223 507 3292 554 111

898 682 992 746 Ad
1022 683 1156 747 haec
1188 683 1576 765 respondens
1605 680 1902 744 Albertus
1937 697 1950 742 :
1983 677 2310 752 Mirabilis,
2340 677 2394 740 Δ
2420 694 2549 741 non
2580 676 2830 740 excedit
2858 676 3025 741 vires
3054 685 3315 751 naturae,
3337 678 3625 742 absolute
3655 678 3925 761 loquen-

818 780 1162 863 inquit,est
1186 780 1567 862 justificatio
1599 779 1804 861 impii,
1839 786 1910 839 ut
1939 778 2163 841 dicunt
2193 795 2317 839 ma·

814 878 1014 960 gistri.
1051 878 1126 941 Et
1170 886 1418 961 ponunt
1461 877 1754 940 mirabile
1795 876 1977 958 quasi
2028 875 2311 938 medium

815 976 982 1039 inter
1024 977 1312 1040 naturale
1357 978 1526 1059 large
1576 983 1911 1057 acceptum
1950 976 2096 1056 (pro
2134 973 2311 1037 omni

813 1074 926 1137 illo
975 1076 1144 1158 quod
1192 1074 1271 1138 fit
1319 1094 1509 1138 cursu
1566 1074 1885 1137 inferioris
1933 1080 2197 1147 naturae,
2250 1079 2313 1134 et

816 1182 1005 1256 prout
1044 1173 1315 1235 includit
1341 1173 1697 1237 voluntaria
1735 1192 1773 1233 a
1803 1172 2127 1234 voluntate
2166 1189 2311 1232 cau-

815 1272 978 1353 sata)
1007 1279 1070 1335 et
1101 1272 1266 1335 inter
1307 1270 1687 1334 miraculum
1724 1288 1738 1333 ε
1772 1271 1859 1333 ita
1886 1270 2054 1352 quod
2091 1268 2314 1332 deficit

818 1390 853 1433 a
900 1370 1143 1433 ratione
1191 1370 1485 1433 miraculi
1544 1369 1800 1452 proprie
1847 1368 2109 1450 sumpti,
2162 1367 2313 1449 quia

817 1486 944 1532 non
973 1468 1208 1532 accidit
1239 1476 1467 1551 praetcr
1496 1488 1698 1551 spem,
1717 1486 1836 1530 nec
1867 1484 2038 1546 raro;
2071 1466 2136 1529 in
2169 1465 2311 1527 aliis

814 1576 1028 1629 autem
1059 1568 1309 1630 excedit
1336 1586 1591 1630 cursum
1623 1565 2191 1647 naturalium,quia
2221 1584 2313 1627 se-

815 1666 1098 1729 cundum
1129 1666 1576 1747 Augustinum,
1611 1666 1818 1745 majus
1857 1672 1954 1727 est
1992 1664 2070 1726 de
2110 1663 2311 1745 impio

813 1765 1023 1828 facere
1073 1764 1276 1846 pium,
1320 1784 1512 1852 quam
1557 1782 1770 1827 creare
1808 1762 2042 1826 coelum
2083 1770 2147 1825 et
2192 1770 2311 1825 ter-

2418 775 2523 847 do,
2555 794 2757 857 quum
2799 794 2915 857 per
2941 776 3415 857 generationem
3444 795 3585 839 eam
3620 776 3919 855 inducat3

2422 873 2673 936 excedit
2715 880 2929 937 tamen
2979 874 3149 937 vires
3200 881 3439 938 naturae
3488 882 3749 956 pensata
3802 874 3925 937 im-

2422 972 2705 1054 potentia
2755 972 3159 1055 recipientis3
3210 980 3275 1036 et
3320 972 3373 1035 si
3422 973 3589 1036 adsit
3634 974 3922 1055 potentia

2421 1070 2707 1133 absolute
2737 1070 3649 1154 aliquand0‚quemadmodum
3680 1072 3745 1133 in
3778 1090 3925 1135 eon-

2419 1168 2712 1231 versione
2750 1187 2931 1250 aquae
2972 1168 3037 1231 in
3067 1168 3314 1244 vinum,
3346 1170 3517 1251 quod
3556 1170 3921 1233 successive

2418 1265 2497 1329 fit
2526 1285 2641 1349 per
2670 1274 2959 1330 naturam
3002 1268 3067 1329 in
3098 1268 3259 1348 vite;
3291 1276 3505 1331 tamen
3535 1268 3747 1350 quoad
3784 1286 3919 1331 mo-

2420 1365 2572 1427 dum
2624 1365 2846 1440 fiendi,
2896 1374 2993 1429 est
3040 1386 3232 1449 super
3288 1374 3599 1429 naturam.
3652 1368 3801 1430 ldeo
3850 1368 3917 1429 in

2418 1463 2796 1528 definitione
2828 1464 3118 1527 miraculi
3146 1466 3404 1547 ponitur
3430 1466 3715 1539 arduum,
3728 1486 3920 1549 quan-

2419 1570 2554 1624 tum
2586 1563 2664 1625 ad
2696 1564 2975 1645 primum
2994 1582 3010 1643 ;
3034 1571 3098 1625 et
3127 1571 3355 1645 praeter
3381 1574 3912 1647 spem‚quantum

2417 1660 2496 1722 ad
2554 1661 2943 1739 secundum;
3002 1670 3192 1743 atque
3252 1662 3601 1737 insolitum,
3654 1672 3915 1746 propter

2419 1759 2700 1821 tertium.
2735 1759 2895 1822 Hinc
2936 1760 3208 1823 effectus
3252 1760 3362 1843 qui
3407 1761 3776 1825 immediate
3818 1771 3916 1825 est

807 1881 970 1925 ram.
1005 1863 1228 1925 Melius
1266 1880 1418 1925 vero
1455 1862 1800 1925 dicendum
1829 1860 2106 1934 videtur,
2140 1861 2309 1942 quod
2346 1858 2393 1921 B
2422 1857 2627 1919 solum
2661 1877 2698 1920 a
2728 1858 2876 1932 Deo,
2909 1865 3184 1931 attamen
3228 1859 3565 1941 recipienti
3607 1859 3775 1923 inest
3809 1880 3917 1923 na-

811 1959 1189 2042 justificatio
1248 1961 1366 2022 ista
1421 1960 1506 2021 sit
1563 1978 1710 2023 vere
1768 1958 2197 2037 miraculosa3
2248 1965 2312 2020 et

814 2058 1108 2141 quamvis
1147 2076 1276 2121 non
1323 2058 1408 2119 sit
1454 2065 1683 2139 praeter
1719 2076 1898 2138 spem
1945 2057 2181 2137 gratiae,
2214 2064 2310 2119 est

811 2164 1019 2219 tamen
1052 2163 1282 2238 praeter
1309 2174 1484 2238 spem
1512 2162 1769 2218 naturae.
1797 2154 2128 2218 Insolitum
2161 2172 2312 2235 quo-

814 2274 939 2337 que
969 2253 1312 2336 dupliciter
1351 2253 1606 2328 dicitur,
1640 2261 1794 2335 puta
1829 2253 1894 2314 in
1929 2271 2115 2315 causa
2149 2259 2214 2314 et
2242 2252 2306 2314 in

811 2351 1069 2415 effectu.
1114 2351 1446 2414 insolitum
1481 2370 1632 2414 vero
1675 2351 1739 2413 in
1783 2349 2162 2413 definitione
2198 2350 2310 2413 mi-

812 2450 1009 2513 raculi
1060 2450 1362 2533 positum,
1413 2449 1898 2531 intelligendum
1945 2457 2043 2511 est
2088 2449 2167 2511 de
2218 2449 2309 2511 in-

810 2549 996 2612 solito
1047 2547 1114 2610 in
1172 2567 1382 2622 causa,
1431 2548 1600 2630 quod
1647 2548 1893 2611 scilicet
1942 2566 2068 2610 non
2116 2547 2310 2609 habet

809 2654 1082 2709 stantem
1113 2654 1177 2709 et
1207 2646 1558 2709 ordinatam
1601 2664 1856 2708 causam
1901 2664 1978 2708 ex
2011 2666 2140 2728 qua
2170 2662 2308 2727 pro-

810 2744 1041 2808 veniat.
1085 2744 1261 2819 Quod
1302 2752 1476 2827 patet
1510 2762 1587 2806 ex
1632 2761 1730 2817 eo,
1763 2744 1916 2826 quia
1953 2744 2005 2807 si
2048 2751 2308 2806 centum

809 2842 1097 2907 defuncti
1132 2850 1482 2923 resurgant,
1509 2841 1712 2904 nihilo
1743 2841 1956 2903 minus
1985 2860 2210 2905 omnes
2240 2841 2309 2903 il-

811 2941 888 3004 1ae
917 2939 1362 3003 suscitationes
1400 2939 1795 3002 miraculosae
1825 2939 2145 3001 dicuntur.
2180 2939 2309 3001 Nec

2419 1955 2642 2017 turalis
2683 1956 2965 2037 potentia
3002 1957 3080 2018 ad
3120 1956 3561 2039 recipiendum
3603 1958 3790 2021 illum
3828 1958 3919 2021 ef-

2420 2052 2659 2115 fectum
2699 2071 2827 2116 non
2867 2072 2981 2136 per
3018 2054 3217 2116 alium
3259 2055 3519 2118 modum
3566 2075 3757 2138 quam
3804 2076 3919 2138 per

2422 2150 2637 2225 istum,
2670 2150 2797 2215 non
2846 2160 2943 2215 est
2992 2152 3411 2216 miraculosus
3453 2173 3468 2218 ε
3511 2163 3581 2217 ut
3628 2163 3803 2236 patet
3838 2156 3918 2218 de

2420 2249 2743 2313 infusione
2772 2250 3001 2314 animae
3030 2250 3377 2314 rationalis.
3404 2251 3507 2315 Sic
3538 2270 3795 2336 quoque
3822 2262 3921 2317 est

2421 2348 2499 2411 de
2528 2348 2989 2428 justificatione
3032 2350 3235 2431 impii,
3269 2350 3571 2432 quoniam
3613 2351 3919 2414 naturalis

2418 2446 2572 2509 ordo
2601 2446 2769 2508 inest
2796 2446 3025 2510 animae
3054 2449 3132 2510 ad
3167 2447 3431 2528 justitiae
3466 2449 3919 2512 rectitudinem

2418 2545 2951 2627 consequendam,
2998 2564 3117 2608 nec
3170 2546 3295 2609 alio
3342 2547 3529 2610 modo
3574 2566 3715 2610 eam
3768 2566 3917 2611 cou-

2418 2642 2597 2725 sequi
2633 2650 2839 2724 potest
2875 2662 3068 2726 quam
3110 2664 3146 2706 a
3186 2645 3315 2707 Deo
3344 2644 3731 2709 immediate.
3768 2647 3918 2710 Ideo

2415 2739 2794 2820 justificatio
2834 2742 3017 2824 impii
3061 2758 3186 2804 non
3232 2751 3329 2805 est
3368 2743 3770 2817 miraculosa,
3803 2746 3916 2807 sed

2421 2846 2629 2921 potest
2653 2839 2896 2921 aliquid
2938 2840 3391 2904 miraculosum
3430 2841 3665 2905 habere
3692 2843 3921 2923 adjun-

2420 2944 2616 3012 ctum,
2658 2939 2827 3020 quod
2871 2938 3319 3019 justificationi
3366 2941 3913 3022 praeparat'viam.

809 3039 1082 3102 effectus
1103 3046 1366 3101 vocatur
1389 3038 1806 3100 miraculosus
1828 3038 1976 3120 quia
1998 3038 2076 3100 ad
2099 3038 2307 3120 ipsum
2344 3037 2387 3101 C
2417 3072 2498 3082 —
2544 3037 2691 3099 Ideo
2740 3037 3208 3119 praeallegatum
3261 3037 3529 3101 verbum
3576 3040 3917 3121 Augustini

813 3137 991 3201 nullo
1042 3138 1231 3200 modo
1272 3137 1593 3199 concurrit
1631 3144 1742 3199 aut
1781 3145 2158 3218 cooperatur
2200 3156 2309 3201 no-

813 3244 942 3299 stra
978 3235 1246 3298 facultas
1281 3255 1296 3298 :
1330 3235 1423 3297 sic
1461 3254 1736 3318 namque
1779 3243 1995 3317 partus
2034 3236 2311 3317 Virginis

815 3334 1236 3397 miraculosus
1267 3351 1394 3396 non
1425 3341 1629 3413 essct3
1673 3334 1783 3396 sed
1817 3334 1967 3416 quia
2005 3353 2309 3416 superna-

812 3432 1036 3494 turalis
1075 3439 1351 3514 potestas
1391 3431 1831 3513 principaliter
1868 3439 1933 3494 et
1971 3451 2165 3514 super
2206 3451 2311 3495 na-

811 3539 1020 3593 turam
1060 3531 1191 3611 agit
1231 3530 1293 3592 in
1340 3529 1500 3611 ipso.
1534 3531 1677 3592 Haec
1718 3529 2033 3592 AlbertuS.

891 3630 1080 3692 Porro
1123 3628 1393 3691 Thomas
1437 3628 1671 3690 clarius
1716 3629 1981 3710 loquens
2025 3646 2040 3690 ε
2085 3629 2173 3692 De
2215 3649 2310 3691 ra-

811 3729 984 3792 tione
1022 3727 1166 3808 (ait)
1205 3727 1496 3790 miraculi
1544 3727 1898 3790 secundum
1950 3746 2017 3790 36
2067 3729 2307 3811 sumpti

811 3833 962 3888 sunt
1003 3825 1141 3888 tria.
1175 3825 1457 3888 Primum
1498 3832 1614 3894 est.
1649 3833 1720 3886 ut
1759 3825 1822 3886 id
1866 3826 2034 3907 quod
2076 3825 2156 3888 fit
2198 3828 2313 3889 mi-

813 3924 1118 3998 raculose,
1153 3924 1234 3986 sit
1263 3943 1456 4006 supra
1483 3924 1786 3986 virtutem
1818 3931 2057 3986 naturae
2085 3933 2311 3989 creatae

811 4023 1074 4104 agentis.
1101 4023 1486 4096 Secundum,
1512 4029 1582 4084 ut
1613 4021 1676 4083 in
1709 4029 1931 4084 natura
1963 4023 2310 4105 recipiente

811 4139 938 4185 non
987 4122 1070 4183 sit
1117 4121 1271 4184 ordo
1317 4119 1622 4183 naturalis
1679 4121 1756 4182 ad
1817 4120 1989 4183 illius
2037 4121 2308 4185 effectus

2420 3136 2905 3217 intelligendum
2937 3145 3034 3200 est
3061 3145 3373 3218 quantum
3404 3138 3481 3200 ad
3512 3138 3576 3200 id
3606 3139 3773 3220 quod
3805 3138 3917 3204 fit:

2420 3236 2571 3318 quia
2619 3236 2683 3297 in
2734 3237 3053 3299 creatione
3101 3237 3179 3300 fit
3229 3257 3327 3300 res
3374 3239 3727 3302 secundum
3778 3259 3920 3303 6336

2420 3342 2681 3409 naturae,
2725 3337 2893 3417 quod
2942 3344 3039 3398 est
3088 3336 3301 3399 minus
3350 3357 3541 3419 quam
3596 3357 3736 3400 csse
3782 3357 3921 3420 gra-

2422 3432 2729 3514 tiae,quod
2762 3434 2946 3495 datur
2976 3434 3040 3495 in
3070 3433 3550 3515 justificatione.
3572 3435 3691 3498 Sed
3724 3456 3920 3518 quan-

2419 3537 2557 3592 tum
2587 3531 2665 3593 ad
2698 3532 2958 3594 modum
2995 3531 3292 3606 faciendi,
3326 3532 3658 3598 difficilior
3686 3543 3783 3598 est
3811 3555 3914 3598 ac·

2418 3637 2521 3691 tus
2570 3630 2931 3705 creationiS‚
2982 3631 3131 3713 quia
3188 3633 3535 3714 potentiam
3593 3634 3913 3715 passivam

2419 3745 2545 3790 non
2579 3729 3033 3810 praesupponit.
3058 3730 3509 3794 Verumtamen
3540 3732 3621 3794 de
3650 3733 3916 3798 creatio-

2420 3845 2500 3888 ne
2530 3826 2728 3908 aliqui
2759 3826 3004 3902 dicunt,
3036 3829 3207 3910 quod
3238 3847 3364 3892 nou
3395 3830 3481 3892 sit
3508 3831 3913 3906 miraculosa,

2420 3923 2569 4006 quia
2608 3943 2733 3987 non
2777 3933 2873 3988 est
2908 3925 3073 3988 alius
3118 3926 3343 3990 modus
3384 3929 3775 4009 producendi
3817 3950 3917 3993 res

2419 4021 2561 4084 illas
2606 4022 2671 4083 in
2714 4041 2872 4085 esse.

2498 4121 3001 4203 Denique,simul
3032 4130 3097 4184 et
3127 4123 3191 4184 in
3224 4124 3441 4186 eodem
3476 4125 3737 4188 instanti
3768 4135 3915 4190 sunt

810 4220 1429 4302 susceptionem,sed
1461 4218 1668 4281 solum
1701 4220 1984 4300 potentia
2011 4219 2309 4282 obedien·
2339 4221 2388 4283 D
2420 4218 2656 4282 infusio
2684 4220 2900 4300 gratiae
2929 4239 3001 4282 ac
3033 4221 3325 4285 remissio
3355 4223 3579 4304 culpae.
3611 4224 3915 4306 Expulsio

808 4318 980 4381 tialis
1009 4318 1086 4380 ad
1119 4317 1340 4379 Deum.
1366 4315 1756 4390 Tertium,ut
1787 4324 2013 4398 praeter
2044 4318 2305 4380 modum

812 4424 1192 4480 consuetum
1231 4413 1340 4477 ille
1384 4413 1654 4476 effectus
1694 4414 2049 4476 inducatur.
2087 4416 2307 4479 Exem-

813 4515 993 4598 plum
1035 4513 1227 4595 primi
1258 4519 1354 4575 est
1381 4512 1461 4574 de
1490 4512 1690 4593 gloria
1724 4529 2062 4594 corporum
2103 4514 2170 4577 in
2212 4534 2306 4578 re-

811 4613 1226 4685 surrectione,
1257 4611 1334 4672 ad
1376 4629 1568 4692 quam
1607 4618 1830 4672 natura
1868 4629 1995 4674 nou
2027 4613 2300 4694 attingit.

811 4711 1193 4794 Exemplum
1225 4710 1509 4783 secundi,
1545 4709 1622 4772 de
1654 4709 2121 4774 illuminatione
2152 4713 2301 4776 caeci

808 4812 963 4886 nati,
998 4811 1063 4874 in
1100 4827 1227 4893 quo
1266 4828 1392 4873 non
1432 4817 1530 4872 est
1559 4809 1864 4872 naturalis
1904 4812 2186 4892 potentia
2225 4813 2301 4875 ad

806 4913 1016 4975 visum
1051 4909 1554 4991 suscipiendum.
1581 4908 1960 4991 Exemplum
1994 4910 2189 4984 tertii,
2225 4912 2302 4974 de

804 5009 1220 5074 conversione
1265 5027 1447 5090 aquae
1496 5007 1561 5070 in
1605 5007 1830 5070 vinum
1878 5016 2108 5090 praeter
2154 5010 2299 5073 soli-

801 5117 940 5173 tum
985 5125 1247 5170 cursum
1295 5113 1554 5168 naturae.
1591 5105 1667 5168 Et
1707 5106 1840 5169 haec
1885 5106 2004 5168 tria
2047 5125 2301 5189 semper

801 5209 1017 5291 aliquo
1068 5207 1256 5268 modo
1298 5213 1688 5268 concurrunt
1730 5205 1808 5266 ad
1849 5213 2062 5267 actum
2115 5207 2300 5268 mira-

805 5307 1118 5370 culosum.
1180 5304 1336 5366 Nam
1399 5303 1692 5385 quamvis
1750 5303 1952 5366 visiva
2014 5304 2298 5386 potentia

2416 4319 2653 4379 etenim
2685 4317 2905 4382 formae
2932 4319 3088 4381 dicit
3116 4320 3465 4383 terminum
3500 4330 3707 4385 motus
3740 4323 3911 4386 illius

2417 4416 2525 4497 qui
2567 4417 2643 4479 ad
2688 4418 3161 4499 corruptionem
3197 4425 3295 4481 est
3324 4420 3689 4501 ordinatus;
3722 4429 3787 4486 et
3818 4425 3911 4485 iu-

2414 4515 2730 4578 troductio
2770 4515 2990 4579 formae
3033 4516 3330 4580 similiter
3368 4517 3523 4581 dicit
3558 4521 3907 4583 terminum

2416 4621 2625 4677 motus
2676 4613 2849 4676 illius
2898 4615 3010 4696 qui
3060 4615 3535 4696 generationem
3584 4621 3906 4700 praecedit,

2413 4713 2565 4795 quia
2607 4719 2737 4774 tam
2786 4714 3110 4793 generatio
3156 4733 3346 4797 quam
3398 4717 3721 4798 corruptio
3762 4727 3913 4781 sunt

2413 4813 2673 4876 termini
2720 4820 2949 4876 motus.
2986 4812 3186 4876 Omne
3229 4821 3443 4877 autem
3482 4816 3650 4898 quod
3696 4836 3909 4882 move-

2412 4920 2538 4987 tur,
2590 4913 2844 4994 quando
2902 4920 2997 4974 est
3054 4913 3118 4974 in
3168 4915 3445 4978 termino
3504 4927 3734 4992 motuS,
3786 4919 3910 4982 dis·

2413 5011 2672 5092 ponitur
2730 5011 3084 5073 secundum
3142 5011 3302 5074 illud
3351 5014 3427 5076 ad
3478 5016 3649 5095 quod
3700 5027 3909 5081 motus

2408 5108 2754 5172 ordinatur.
2819 5111 3154 5193 Quumque
3214 5119 3423 5175 motus
3481 5115 3908 5196 corruptionis

2409 5208 2625 5269 tendat
2664 5209 2741 5269 ad
2786 5227 2912 5270 non
2958 5228 3119 5285 6336,
3163 5210 3591 5290 generationis
3634 5231 3787 5276 vero
3827 5215 3903 5276 ad

2405 5325 2567 5380 esse,
2593 5307 2847 5388 quando
2878 5307 3083 5370 forma
3115 5309 3563 5386 introducitur,
3588 5321 3741 5374 tunc
3772 5321 3902 5390 est;
