4267 6250
699 477 924 532 Qusssr.
967 477 1012 522 11
1057 476 1072 520 τ
1114 475 1318 522 mauu
1358 474 1808 522 sammon
1847 473 2267 522 nunnamsrm
2306 475 2447 521 run·
2486 474 2969 522 rmlomwu
3264 455 3385 521 207

383 645 526 708 Hinc
574 645 639 708 in
687 643 1097 727 Breviloquio
1142 644 1322 719 dicit,
1357 645 1526 726 quod
1567 651 1782 707 tamen
1813 643 1864 708 A
1893 644 2151 719 bibetis,
2186 652 2457 708 mortem
2486 643 2739 709 Domini
2766 644 3249 718 annuntiabitiS,
3280 645 3387 707 do-

319 743 750 807 sententialiter
795 751 892 805 est
939 743 1276 806 inductum
1327 761 1340 804 :
1392 743 1784 824 Principium

320 851 576 906 nostrum
636 842 1091 924 reparativum,
1150 841 1432 904 Verbum
1499 842 1786 903 incarna-

317 949 456 1014 tum,
487 939 1110 1003 sufficientissimum
1141 939 1208 1001 in
1249 940 1510 1014 virtute,
1541 940 1789 1021 sapien-

321 1038 740 1120 tissimumque
779 1038 845 1099 in
884 1056 1100 1112 sensu,
1143 1038 1236 1100 sic
1275 1038 1462 1101 nobis
1515 1037 1788 1100 contulit

319 1143 698 1210 sacramenta,
729 1142 918 1218 prout
945 1136 1145 1217 exigit
1171 1137 1485 1219 sapientia
1511 1143 1576 1198 et
1607 1134 1788 1197 sufli-

319 1234 528 1296 cientia
553 1253 681 1296 sua.
707 1233 786 1295 Et
815 1235 1120 1316 quoniam
1156 1233 1786 1297 sufficientissimum

318 1341 417 1406 est,
458 1333 590 1396 ideo
633 1333 700 1395 in
745 1332 1072 1414 largiendo
1116 1333 1580 1396 medicamenta
1627 1349 1787 1394 mor-

317 1430 520 1494 borum
565 1438 753 1512 atque
807 1431 1188 1494 charismata
1236 1431 1606 1512 gratiarum,
1658 1449 1782 1492 non

321 1535 539 1591 tantum
569 1529 842 1592 instituit
871 1537 1342 1592 sacramentum
1371 1530 1540 1610 quod
1572 1547 1688 1592 nos
1719 1529 1786 1590 in

317 1646 440 1688 csse
473 1635 815 1708 generaret,
850 1635 1004 1709 puta
1042 1628 1462 1710 Baptismum‚
1493 1646 1568 1690 ac
1610 1627 1787 1708 geni-

318 1733 404 1788 tos
429 1725 736 1789 roboraret
765 1733 830 1788 et
857 1733 1318 1806 augmentaret,
1339 1733 1410 1786 ut
1439 1724 1786 1789 Confirma-

1893 761 2010 805 nec
2040 743 2256 805 veniat
2290 744 2369 805 ad
2404 743 2745 824 judicium.
2782 741 2955 805 Unde
2995 760 3196 823 usque
3236 748 3389 803 tunc

1891 841 2147 902 durabit
2178 841 2461 903 Ecclesia
2498 848 2561 903 et
2599 839 3009 903 Eucharistiae
3038 857 3391 901 sacramen·

1891 947 2028 1001 tum
2061 939 2126 1002 in
2158 957 2254 1012 ea,
2282 947 2352 1001 ut
2380 957 2603 1002 omnes
2632 939 2842 1002 Sancti
2873 938 3220 1001 affirmant.
3244 937 3389 1001 Haec

1892 1037 2138 1101 Scotus.

1969 1134 2297 1198 Postremo
2326 1133 2704 1198 Guillelmus
2744 1134 3115 1198 parisiensis
3149 1152 3164 1197 τ
3197 1134 3387 1210 Freti,

1881 1231 2121 1326 inquit,
2173 1233 2413 1296 auxilio
2470 1232 2605 1305 Dei,
2656 1231 3034 1295 conabimur
3082 1232 3258 1314 loqui
3310 1233 3389 1294 de

1891 1331 2317 1394 sacratissima
2362 1330 2776 1405 Eucharistia,
2817 1331 3004 1411 cujus
3046 1329 3393 1393 ineffabili-

1890 1429 2002 1490 tati
2049 1436 2113 1490 et
2150 1428 2630 1491 admirabilitati
2670 1429 2887 1490 nullus
2926 1427 3173 1490 sufficit
3213 1429 3393 1492 intel-

1895 1525 2118 1600 lectuS,
2152 1526 2330 1588 nulla
2380 1526 2648 1608 loquela.
2695 1526 2983 1588 Dicimus
3028 1543 3201 1607 ergO,
3240 1527 3391 1608 quia

1893 1624 1944 1685 si
1988 1643 2141 1686 cura
2180 1631 2276 1686 est
2316 1625 2443 1686 Deo
2478 1625 2670 1687 etiam
2710 1624 3162 1686 minutissimis
3200 1633 3390 1706 atque

1894 1722 2225 1785 vilissimis
2270 1722 2653 1785 animalibus
2696 1722 3031 1805 providere
3073 1722 3153 1784 de
3194 1723 3393 1785 nutri-

319 1823 554 1898 tionem,
587 1842 808 1887 verum
838 1824 1032 1886 etiam
1063 1823 1233 1906 quod
1261 1824 1510 1904 genitos
1539 1830 1604 1886 et
1631 1842 1779 1904 aug·
1818 1820 1866 1882 B
1895 1829 2134 1894 mento,
2171 1821 2373 1883 multo
2400 1820 2545 1902 plus
2575 1839 2728 1882 cura
2765 1828 2864 1883 est
2890 1820 2951 1882 ei
2980 1820 3059 1883 de
3087 1821 3391 1884 alimento

319 1930 598 1984 mentatos
637 1929 1047 1984 conservaret
1080 1939 1154 1983 ac
1198 1921 1530 1996 enutriret,
1563 1929 1782 2004 utpote

319 2018 773 2082 Eucharistiam.
806 2020 1048 2082 Idcirco
1077 2019 1212 2082 haec
1243 2019 1365 2081 tria
1392 2014 1786 2082 sacramenta

319 2117 585 2180 omnibus
630 2119 882 2181 dantur.
934 2117 1270 2201 Quumque
1317 2118 1784 2180 nutrimentum

319 2224 575 2278 nostrum
623 2223 935 2298 quantum
982 2215 1061 2277 ad
1108 2234 1247 2278 esse
1293 2216 1665 2297 gratuitum,
1697 2224 1788 2278 at-

318 2314 580 2375 tendatur
617 2314 682 2376 in
725 2331 1112 2396 unoquoque
1151 2313 1446 2376 fidelium
1485 2333 1601 2397 per
1639 2333 1786 2378 con-

319 2414 707 2476 servationem
738 2412 1094 2475 devotionis
1123 2413 1202 2474 ad
1245 2413 1469 2487 Deum,
1501 2413 1784 2476 dilectio-

320 2509 402 2571 nis
428 2510 500 2572 ad
527 2510 915 2591 proximum,
948 2517 1014 2572 et
1042 2510 1482 2574 delectationis
1523 2511 1689 2573 intra
1719 2530 1786 2573 se

322 2607 536 2689 ipsum3
557 2618 620 2670 et
647 2607 902 2671 devotio
929 2610 1006 2670 ad
1040 2610 1240 2671 Deum
1272 2615 1642 2671 exerceatur
1671 2627 1786 2691 per

322 2706 591 2769 sacrificii
651 2706 1065 2781 oblationem,
1126 2707 1385 2770 dilectio
1443 2708 1520 2769 ad
1580 2708 1788 2790 proxi-

323 2823 474 2866 mum
532 2824 644 2888 per
701 2806 898 2868 unius
954 2807 1332 2868 sacramenti
1391 2807 1786 2868 communio-

321 2921 461 2976 nem,
473 2912 535 2966 et
558 2904 893 2967 delectatio
921 2905 1083 2967 intra
1112 2923 1180 2966 se
1211 2904 1424 2986 ipsum
1455 2923 1569 2985 per
1598 2905 1785 2968 unius

1895 1920 2222 1984 rationalis
2270 1927 2595 1994 creaturae,
2641 1939 2832 2003 quam
2882 1937 3009 1982 non
3058 1920 3239 1983 decet
3287 1921 3393 1982 ha-

1893 2019 2044 2082 bere
2101 2019 2276 2081 aliud
2335 2027 2526 2102 caput
2576 2037 2769 2100 quam
2817 2017 3039 2094 Deum,
3088 2037 3207 2081 nec
3263 2019 3392 2082 alio

1893 2119 2122 2202 spiritu
2152 2119 2390 2191 vivere,
2424 2119 2551 2180 nisi
2580 2117 2810 2200 spiritu
2839 2117 2975 2192 Dei,
3009 2117 3140 2181 vita
3172 2119 3392 2200 gratiae

1895 2218 1960 2279 in
2006 2217 2323 2299 praesenti.
2358 2217 2521 2298 Ergo
2564 2216 2746 2279 cibus
2786 2216 2926 2297 ejus
2964 2224 3059 2280 est
3103 2217 3288 2280 Deus.
3325 2218 3389 2281 Si

1893 2315 2066 2378 enim
2108 2315 2279 2397 quod
2316 2316 2517 2377 nutrit
2554 2323 2619 2378 et
2655 2322 2967 2378 sustentat
2996 2315 3254 2379 vitalem
3295 2335 3392 2378 ca-

1896 2414 2092 2477 lorem
2128 2414 2193 2475 in
2234 2431 2498 2496 corpore
2536 2413 2852 2489 animaliS,
2886 2433 3035 2477 vere
3073 2422 3171 2477 est
3208 2414 3390 2477 cibus

1894 2513 2096 2594 ipsius
2131 2530 2146 2574 :
2180 2530 2329 2593 ergo
2373 2532 2573 2593 quum
2618 2512 2833 2574 divina
2881 2512 3128 2575 bonitas
3173 2512 3393 2595 praefa-

1894 2617 2032 2672 tum
2063 2610 2337 2672 calorem
2371 2610 2659 2672 vivificet
2688 2617 2751 2672 et
2789 2610 3027 2672 nutriat
3056 2611 3208 2684 sola,
3242 2628 3390 2674 con-

1894 2715 2017 2770 stat
2065 2709 2268 2790 ipsam
2316 2727 2455 2770 esse
2504 2708 2910 2770 verissimum
2954 2708 3095 2789 ejus
3143 2708 3386 2771 cibum.

1895 2807 2055 2880 Quid
2084 2815 2299 2868 autem
2338 2813 2436 2870 est
2464 2806 2675 2869 vitalis
2714 2806 2885 2869 calor
2914 2806 2980 2868 in
3020 2806 3390 2887 hujusmodi

1897 2905 2165 2988 mystico
2209 2922 2494 2987 corpore,
2527 2904 2649 2966 nisi
2699 2904 2985 2967 sincerus
3030 2910 3093 2967 et
3135 2913 3391 2968 sanctus

319 3000 506 3064 viatici
555 3003 969 3065 refectionem
1013 3019 1027 3064 :
1069 3001 1222 3064 hinc
1260 3002 1540 3065 Verbum
1583 3003 1784 3066 incar-
1816 3007 1859 3070 C
1895 3021 2094 3076 amor,
2129 3010 2193 3066 et
2232 3003 2515 3065 amicitia
2557 3011 2792 3077 sancta,
2831 3022 2957 3085 qua
2999 3002 3225 3066 fideles
3263 3003 3393 3066 Deo

322 3107 510 3162 natum
536 3108 1002 3164 sacramentum
1035 3100 1446 3165 Eucharistiae
1477 3101 1650 3164 dedit
1679 3119 1787 3167 no-

321 3197 402 3260 bis
430 3199 488 3262 in
515 3199 906 3262 sacrificium
936 3198 1300 3273 oblationis,
1317 3207 1785 3263 sacramentum

323 3297 756 3360 communionis
787 3304 852 3360 et
881 3297 1186 3359 viaticum
1220 3296 1608 3360 resectionis.
1641 3298 1786 3362 Haec

321 3395 484 3457 idem.
514 3431 592 3441 —
619 3396 974 3460 concordat
1007 3394 1512 3477 ArgentinensiS,
1545 3395 1784 3477 aliique

321 3495 734 3569 communiter,
775 3501 838 3556 et
879 3494 1230 3556 Durandus,

384 3592 682 3673 Additque
728 3591 952 3653 Scotus
995 3608 1008 3652 :
1051 3590 1416 3671 Congruum
1464 3597 1561 3653 est
1609 3590 1785 3653 Chri-

319 3696 464 3751 stum
518 3708 654 3753 esse
703 3690 1043 3753 nobiscum
1093 3689 1160 3751 in
1211 3688 1334 3751 hoc
1390 3698 1785 3753 sacramento

319 3788 562 3863 realiter,
605 3796 688 3875 „ut
731 3788 934 3870 magis
983 3787 1296 3851 excitetur
1344 3788 1786 3870 unusquisque

317 3884 384 3946 ad
425 3887 838 3950 reverentiam
889 3903 964 3948 ac
1020 3885 1426 3948 devotionem
1481 3887 1560 3948 ad
1609 3886 1784 3949 Chri-

318 3992 483 4047 stum.
505 3986 680 4059 Quod
710 3992 884 4067 patet
911 3984 990 4047 de
1019 3984 1208 4058 facto,
1242 3984 1544 4065 quoniam
1573 3985 1784 4047 omnis

320 4082 540 4147 devotio
579 4084 645 4146 in
685 4083 971 4146 Ecclesia
1005 4090 1104 4145 est
1143 4082 1209 4145 in
1239 4082 1462 4145 ordine
1494 4082 1573 4145 ad
1614 4082 1785 4145 istud

320 4294 444 4340 cum
484 4280 708 4361 majori
752 4280 1090 4343 devotione
1138 4278 1445 4360 persolvit
1491 4279 1783 4342 divinum

320 4374 580 4441 officium
610 4378 677 4440 in
708 4378 932 4441 ordine
961 4377 1038 4439 ad
1067 4377 1340 4439 Missam.
1375 4377 1634 4460 Propter
1664 4378 1784 4441 hoc

321 4492 542 4557 quoque
601 4476 880 4559 populus
939 4476 1194 4539 Missam
1256 4476 1436 4538 audit
1492 4476 1783 4540 devotius

323 4590 484 4651 quam
529 4576 788 4658 aliquod
844 4575 1018 4637 aliud
1077 4574 1583 4638 ecclesiasticum
1642 4574 1784 4639 offi-

322 4670 484 4733 cium.
524 4674 784 4757 Propter
819 4674 940 4737 hoc
981 4674 1174 4736 etiam
1213 4674 1448 4754 singuli
1493 4674 1784 4737 devotius

323 4769 697 4848 confitentur,
757 4779 823 4835 et
880 4791 1030 4835 cum
1091 4772 1424 4854 diligentia
1484 4771 1780 4854 pleniori,

323 4869 542 4947 quando
571 4870 909 4934 intendunt
937 4871 1292 4934 secundum
1321 4871 1784 4934 ordinationem

324 4962 587 5033 Ecclesiae
619 4970 846 5033 saltem
885 4969 1083 5032 semel
1125 4968 1190 5032 in
1227 4986 1394 5031 anno
1433 4971 1786 5033 communi—

84 5146 86 5151 .
325 5080 458 5127 care.
516 5068 590 5130 Et
645 5068 817 5131 istud
875 5068 1131 5131 durabit
1193 5088 1396 5152 usque
1458 5068 1524 5130 in
1583 5068 1784 5131 finem

84 5168 86 5225 ζ
133 5158 302 5222 ¹C⁰u¹³t
324 5166 536 5241 mundi,
563 5166 747 5249 juxta
788 5167 948 5230 illud
985 5168 1268 5249 Apostoli
1305 5185 1319 5230 :
1353 5167 1786 5240 Quotiescum-

84 5276 86 5281 ’
321 5278 424 5343 que
451 5266 910 5330 manducabitis
939 5284 1171 5349 panem
1203 5266 1397 5342 hunc,
1422 5273 1487 5328 et
1516 5266 1783 5329 calicem

1893 3103 2238 3177 adhaerent,
2286 3101 2693 3184 invicemque
2740 3101 3079 3177 cobserent,
3124 3121 3197 3165 ac
3243 3102 3393 3165 totis

1895 3201 2145 3264 viribus
2202 3200 2479 3263 invicem
2532 3200 2973 3283 obsequuntur
3020 3220 3093 3263 ac
3144 3201 3396 3264 subser-

1896 3300 2126 3362 viunt?
2166 3299 2391 3361 Divina
2434 3299 2673 3361 etenim
2720 3298 2969 3362 bonitas
3012 3317 3197 3363 veros
3244 3318 3393 3363 suos

1895 3404 2208 3459 amatores
2239 3397 2307 3458 in
2346 3404 2594 3458 tantum
2632 3396 2756 3459 sibi
2794 3396 3130 3479 adstringit
3158 3405 3223 3459 et
3258 3397 3395 3459 alli-

1894 3502 2018 3575 gat,
2054 3501 2125 3556 ut
2166 3502 2428 3577 propter
2467 3495 2669 3576 ipsam
2711 3495 2903 3557 etiam
2942 3494 3067 3557 sibi
3112 3496 3392 3558 invicem

1897 3591 2407 3673 inseparabiliter
2455 3593 2825 3655 cohaereant.
2864 3593 3028 3655 Deus
3074 3612 3245 3674 ergo,
3280 3593 3391 3677 qui

1896 3709 2008 3753 sua
2035 3691 2266 3753 deitate
2294 3691 2387 3753 sic
2418 3690 2629 3753 reficit
2658 3707 2914 3753 suorum
2945 3691 3208 3772 spiritus
3236 3711 3395 3754 ama·

1893 3794 2128 3862 torum,
2193 3796 2483 3851 naturam
2548 3806 2771 3851 eorum
2832 3789 3200 3870 assumpsit,
3264 3809 3391 3871 qua

1897 3886 2068 3968 ipsos
2097 3904 2351 3968 quoque
2380 3886 2503 3949 sub
2532 3885 2819 3949 sensibili
2851 3884 3057 3949 forma
3084 3886 3387 3967 nutriret3

1893 3992 2082 4066 atque
2113 3984 2233 4047 sub
2263 3984 2499 4047 talibus
2530 3983 2874 4067 speciebus¹
2896 4003 2963 4047 se
3000 3984 3095 4047 eis
3128 3986 3390 4047 mandu-

1894 4082 2166 4145 cabilem
2211 4083 2507 4165 praehuit,
2542 4102 2684 4165 quae
2721 4100 2943 4145 eorum
2983 4090 3223 4146 naturae
3262 4102 3391 4147 ma·

319 4190 775 4245 sacramentum.
837 4182 1096 4263 Propter
1153 4180 1277 4243 hoc
1338 4181 1514 4244 enim
1576 4180 1784 4244 clerus
1815 4188 1864 4249 D
1891 4181 1990 4263 gis
2037 4182 2426 4244 conveniunt
2472 4182 2551 4243 ad
2598 4181 2917 4245 edendum
2960 4198 2973 4242 :
3015 4188 3082 4243 et
3128 4181 3247 4244 hoc
3296 4190 3394 4245 est

1894 4279 2014 4341 sub
2071 4278 2296 4342 formis
2354 4280 2537 4361 panis
2584 4298 2658 4341 ac
2708 4278 2864 4354 vini,
2917 4287 3109 4361 prout
3154 4280 3232 4343 de
3290 4280 3391 4344 his

1894 4377 2058 4440 infra
2101 4377 2303 4459 magis
2346 4379 2610 4441 dicetur.

2339 4694 2813 4769 QUAESTIO
2877 4696 2955 4759 II

2017 4969 2279 5032 Ecundo
2345 4968 2451 5031 hic
2516 4968 2844 5050 quaeritur,
2914 4968 3203 5035 ‘Utrum
3270 4982 3389 5038 sa·-

2039 5070 2533 5136 oramentum
2563 5065 3084 5134 Eucharistiae
3116 5066 3275 5133 fult
3303 5070 3391 5135 in

1893 5168 2076 5334 ζῇ
2078 5166 2473 5332 11:paturalt
2520 5180 2612 5233 ac
2664 5166 2968 5247 sor1pta
3024 5166 3389 5247 praefigu-
