4267 6250
730 497 957 555 QUAEST.
1002 500 1023 545 1
1065 499 1081 545 :
1121 499 1209 547 AN
1248 499 1507 547 mavum
1551 500 1615 547 m
1656 500 1869 549 cums
1906 500 2162 547 uarum!
2203 500 2340 547 suu·
2379 500 2648 549 munus
2687 500 2972 548 BAlvrlsnl

620 798 1105 874 QUAESTIO
1162 800 1497 865 PRIMA

453 1066 515 1129 lc
561 1066 891 1149 quau-itur,
940 1067 1071 1133 An
1118 1066 1443 1147 parvuli
1492 1064 1581 1131 111
1626 1065 1801 1131 ute-

480 1168 591 1231 ris
636 1168 997 1233 matrum
1056 1164 1225 1233 sint
1272 1180 1601 1247 capaces
1649 1167 1799 1233 Ba·

318 1266 601 1345 pusnu.

396 1363 605 1445 ltaque
657 1364 949 1444 arguitur
996 1363 1227 1446 primo,
1278 1362 1447 1445 quod
1497 1362 1683 1446 pueri
1734 1362 1799 1425 in

322 1461 499 1523 uteris
528 1469 805 1525 matrum
836 1461 1089 1524 valeant
1120 1460 1453 1543 baptizari:
1468 1460 1601 1543 jam
1632 1460 1801 1524 enim

324 1579 457 1623 vere
500 1568 647 1623 sunt
695 1560 851 1634 nati,
901 1560 967 1621 id
1018 1568 1137 1635 est,
1187 1560 1603 1623 substantiale
1661 1578 1801 1623 esse

325 1658 515 1740 adepti
554 1677 669 1741 per
718 1657 1110 1721 infusionem
1151 1659 1383 1722 animae
1433 1658 1798 1737 rationalis3

326 1766 381 1819 et
420 1756 667 1819 crudele
727 1757 1292 1839 improvidumque
1340 1757 1613 1828 videtur,
1664 1758 1801 1819 nul-

3287 478 3408 545 155

1827 668 1880 733 A
1909 670 2081 733 sicut
2108 676 2175 733 et
2201 670 2542 753 Baptismo.
2575 670 2717 734 Alia
2754 689 2944 733 causa
2979 678 3097 746 est,
3128 671 3300 753 quod
3340 670 3408 733 in

1906 768 2232 852 Baptismo
2261 770 2449 833 debet
2477 788 2617 833 esse
2645 788 2810 852 aqua
2839 778 2900 833 et
2931 769 3228 853 SpirituS,
3260 787 3407 833 con-

1908 874 2005 929 tra
2044 866 2456 931 infectionem
2502 869 2710 931 carnis
2753 876 2818 931 et
2859 869 3090 931 animae
3133 887 3250 951 per
3283 868 3408 932 ori-

1907 966 2119 1048 ginale
2173 984 2187 1029 ε
2241 968 2384 1031 ideo
2430 968 2754 1050 Baptismo
2809 974 3060 1051 oportet
3115 968 3409 1051 praeexsi-

1909 1072 2075 1128 stere
2106 1064 2502 1129 nativitatem
2546 1067 2610 1129 in
2651 1075 2853 1141 utero,
2885 1086 3012 1149 qua
3047 1065 3410 1130 infunditur

1908 1162 2146 1234 anima,
2178 1170 2242 1225 et
2272 1163 2666 1226 nativitatem
2708 1183 2784 1225 ex
2823 1172 3022 1237 utero,
3053 1183 3179 1245 qua
3208 1164 3410 1227 nasci-

1910 1268 2015 1322 tur
2052 1278 2304 1343 corpuS.
2341 1261 2462 1324 Sed
2502 1280 2710 1343 neque
2749 1262 2869 1324 hoc
2910 1269 3028 1335 est,
3060 1262 3212 1345 quia
3249 1262 3407 1324 nati-

1908 1358 2071 1422 vitas
2112 1377 2236 1422 non
2278 1367 2376 1422 est
2418 1359 2648 1423 animae
2700 1379 2907 1441 neque
2947 1361 3255 1443 corporis,
3297 1362 3408 1424 sed

1910 1456 2236 1536 conjuncti
2272 1476 2286 1520 :
2320 1457 2470 1520 hinc
2510 1456 2574 1521 in
2611 1458 2938 1521 nativitate
2977 1459 3042 1521 in
3083 1466 3264 1521 utero
3301 1479 3409 1522 na-

1908 1556 2109 1617 scitur
2160 1574 2392 1639 corpus
2440 1564 2504 1619 et
2542 1557 2776 1620 anima.
2820 1557 3046 1621 Primae
3084 1557 3278 1640 igitur
3317 1576 3410 1620 ra-

1908 1654 2067 1718 tioni
2112 1663 2211 1718 est
2251 1657 2566 1719 standum.

1988 1755 2208 1836 Itaque
2254 1773 2332 1817 ex
2375 1754 2630 1817 defectu
2673 1754 2907 1818 divinae
2956 1755 3410 1819 misericordiae

328 1855 443 1917 lum
489 1855 577 1918 eis
634 1873 973 1937 superesse
1020 1856 1245 1919 salutis
1298 1856 1673 1919 remedium.
1720 1892 1800 1902 —
1827 1848 1876 1911 B
1910 1871 2037 1915 non
2076 1860 2194 1927 est,
2229 1854 2398 1935 quod
2441 1853 2657 1936 pueris
2698 1852 2761 1915 in
2803 1861 2983 1916 utero
3022 1854 3241 1916 matris
3279 1872 3406 1917 non

326 1952 546 2016 Habent
574 1971 831 2036 quoque
858 1953 1118 2035 angelos
1148 1971 1297 2017 suos
1328 1974 1459 2018 suae
1497 1954 1799 2019 custodiae

325 2054 631 2135 deputatos
666 2071 681 2115 z
716 2070 867 2134 ergo
904 2060 969 2115 et
1006 2052 1127 2115 hoc
1166 2053 1381 2115 minus
1411 2053 1673 2127 bonum,
1707 2054 1798 2117 vi-

325 2150 533 2213 delicet
587 2158 810 2213 eontra
866 2150 1173 2232 originale
1232 2151 1610 2225 remedium,
1671 2170 1797 2215 non

325 2249 487 2311 decet
530 2248 623 2311 eis
672 2249 913 2311 deesse.
968 2284 1043 2295 -
1094 2250 1363 2331 Insuper
1421 2250 1521 2313 lex
1566 2250 1797 2313 Christi

323 2356 407 2409 est
434 2346 529 2410 lex
558 2366 709 2410 vere
750 2347 1041 2429 piissima
1074 2365 1323 2429 :quum
1363 2366 1513 2428 ergo
1553 2348 1618 2410 in
1660 2348 1797 2430 lege

324 2456 541 2510 naturae
596 2446 797 2510 fuerit
854 2446 1090 2509 talibus
1148 2447 1229 2509 de
1297 2446 1579 2510 remedio
1636 2447 1799 2510 salu-

326 2544 427 2606 tari
478 2543 829 2627 provisum,
880 2544 1094 2626 potius
1144 2544 1211 2607 in
1264 2545 1401 2626 lege
1446 2545 1663 2625 gratiae
1714 2546 1799 2608 ita

322 2642 445 2704 erit.

390 2839 474 2902 Ad
530 2838 699 2902 istud
759 2840 1051 2902 doctores
1107 2840 1507 2903 concorditer
1552 2840 1794 2915 dicunt,

322 2938 475 3019 quod
504 2957 701 3020 quum
734 2937 947 3001 infans
987 2938 1053 3000 in
1092 2945 1277 3001 utero
1314 2947 1588 3021 nequeat
1614 2940 1798 3022 aquis

325 3035 553 3118 intingi,
586 3054 715 3099 non
760 3043 969 3119 potest
1010 3036 1175 3099 inibi
1215 3036 1541 3120 baptizari.

392 3135 461 3197 Et
488 3136 565 3198 de
590 3135 713 3199 hoc
742 3135 833 3198 ait
862 3135 1131 3199 Thomas
1162 3136 1229 3199 in
1260 3136 1509 3219 Scripto
1542 3155 1555 3199 :
1589 3137 1798 3219 Bapti-

290 3285 303 3297 .
324 3252 501 3309 smus»,
531 3234 888 3298 secundum
918 3234 984 3296 B.
1009 3233 1406 3318 Dionysium,
1438 3242 1535 3297 est
1562 3236 1797 3298 hierar—

326 3332 485 3394 chica
525 3333 732 3412 actio;
776 3333 919 3396 ideo
968 3351 1081 3415 per
1123 3333 1451 3396 ministros
1500 3334 1797 3400 Ecclesiae

326 3437 407 3492 est
440 3432 851 3514 praestanduS,
883 3438 995 3493 aut
1032 3450 1146 3514 per
1184 3449 1291 3495 eos
1331 3433 1440 3514 qui
1483 3433 1549 3494 in
1580 3453 1797 3498 neces-

1908 1951 2250 2014 adhibetur
2279 1952 2634 2014 remedium
2668 1960 2886 2015 contra
2915 1952 3222 2034 originale
3262 1972 3407 2035 pec·

1909 2058 2144 2124 catum,
2193 2051 2303 2113 sed
2347 2051 2498 2133 quia
2540 2070 2666 2113 non
2711 2058 2860 2113 sunt
2903 2070 3164 2133 capaces
3209 2070 3409 2115 sacra·

1909 2148 2131 2221 menti,
2157 2168 2272 2230 per
2301 2150 2472 2231 quod
2503 2149 2856 2212 secundum
2891 2149 3096 2231 legem
3127 2168 3409 2213 commu—

1908 2266 2053 2310 nem
2082 2246 2454 2310 efficiantur
2485 2248 2826 2330 participes
2853 2248 3064 2311 meriti
3097 2248 3407 2330 passionis

1908 2346 2270 2419 dominicae‚
2321 2365 2356 2408 a
2403 2365 2530 2428 qua
2586 2345 2732 2408 fluit
2780 2346 3073 2410 remissio
3121 2355 3408 2429 peccato-

1908 2464 2053 2507 rum
2106 2462 2121 2507 ε
2174 2445 2477 2526 quoniam
2529 2452 2857 2526 nequeunt
2903 2445 3136 2527 subjici
3192 2463 3409 2528 opera-

1908 2544 2066 2607 tioni
2098 2544 2538 2607 ministrorum
2571 2543 2887 2619 Ecclesiae,
2921 2563 3036 2627 per
3067 2563 3227 2627 quos
3256 2544 3409 2608 talia

1910 2643 2194 2707 remedia
2242 2643 2704 2705 ministrantur.
2747 2676 2828 2688 -—
2865 2644 2933 2705 In
2983 2643 3408 2725 baptizatione

1909 2748 2121 2803 autem
2156 2740 2566 2823 parvulorum
2612 2739 3007 2805 nascentium
3038 2749 3406 2824 exspectan-

1910 2840 1989 2902 da
2020 2847 2117 2901 est
2145 2838 2423 2921 egressio
2453 2838 2664 2902 totalis
2695 2858 2773 2903 ex
2803 2846 3005 2913 utero,
3029 2839 3154 2901 nisi
3187 2840 3408 2903 mortis

1910 2936 2274 3020 periculum
2329 2937 2676 3017 timeatur3
2725 2943 3009 3021 tuncque
3067 2938 3408 3021 principali

1830 3038 1873 3103 C
1909 3042 2087 3119 parte
2118 3055 2392 3118 egressa,
2425 3036 2726 3100 videlicet
2755 3037 2986 3120 capite,
3009 3037 3072 3099 in
3106 3056 3234 3119 quo
3263 3055 3410 3120 ope-

1911 3137 2185 3199 rationes
2225 3136 2455 3199 animae
2493 3136 2727 3201 clarius
2758 3135 3266 3211 manifestantur,
3299 3136 3408 3199 ba-

1910 3235 2135 3317 ptizari
2184 3234 2393 3297 debet.
2439 3234 2633 3298 Secus
2677 3235 2756 3298 de
2799 3235 2940 3298 aliis
2982 3235 3293 3318 partibus,
3337 3243 3408 3298 ut

1909 3352 2103 3396 manu
2159 3333 2262 3396 vel
2311 3334 2494 3416 pede,
2544 3334 2836 3416 quamvis
2895 3352 3020 3397 non
3080 3341 3304 3398 noceat
3351 3334 3406 3398 si

1906 3438 2059 3493 tunc
2092 3430 2220 3494 illae
2249 3439 2460 3514 partes
2490 3432 2977 3514 adsperguntur,
3009 3433 3160 3514 quia
3189 3433 3407 3496 divina

323 3529 485 3593 sitate
521 3529 727 3610 vicem
772 3529 1069 3594 obtinent
1108 3531 1545 3594 ministrorum
1588 3549 1603 3593 :
1644 3551 1797 3614 quo-
1906 3528 2348 3592 misericordia
2387 3547 2513 3592 non
2546 3537 2643 3592 est
2671 3530 2986 3592 arctanda.
3025 3530 3100 3592 Et
3135 3531 3190 3592 si
3229 3531 3406 3594 dein-

326 3646 449 3690 rum
478 3629 709 3692 actioni
743 3637 808 3691 et
836 3628 1057 3692 lotioni
1090 3629 1299 3692 infans
1330 3630 1397 3692 in
1430 3637 1608 3693 utero
1646 3631 1794 3694 sub·
1906 3629 1984 3691 de
2016 3627 2204 3710 plene
2244 3636 2559 3702 nascatur,
2593 3646 2720 3690 non
2759 3635 2857 3690 est
2894 3628 3399 3711 rebaptizandus.

323 3725 377 3788 di
420 3746 541 3791 non
593 3735 823 3810 potest,
866 3745 983 3790 nec
1031 3735 1127 3790 est
1170 3729 1537 3792 hominibus
1582 3737 1787 3794 notus.
1901 3726 2199 3790 Attamen
2243 3725 2406 3788 nihil
2451 3725 2720 3807 periculi
2765 3726 2998 3789 accidit
3049 3727 3101 3789 si
3147 3727 3226 3788 ad
3276 3746 3404 3789 ma-

321 3825 563 3898 Quidam
612 3844 766 3889 vero
808 3826 1134 3907 assignant
1170 3827 1324 3889 alias
1367 3846 1610 3903 causas,
1650 3848 1791 3911 quae
1899 3825 2109 3907 jorem
2151 3825 2462 3886 cautelam
2501 3823 2928 3907 rebaptizetur
2965 3825 3085 3888 sub
3125 3825 3244 3888 hac
3278 3825 3405 3888 for-

320 3923 479 4003 parvi
516 3931 665 3986 sunt
704 3923 1023 4006 ponderis.
1060 3923 1193 3986 Una
1231 3931 1348 3998 est,
1383 3925 1535 4006 quia
1574 3926 1792 3989 divina
1906 3944 2009 3986 ma
2043 3941 2057 3986 τ
2092 3925 2158 3987 Si
2199 3941 2325 3986 non
2365 3943 2433 3986 es
2475 3923 2848 4005 baptizatuS,
2888 3942 3006 4006 ego
3044 3933 3106 3987 te
3151 3924 3407 4006 baptizo

315 4020 539 4099 justitia
584 4021 783 4103 exigit
829 4039 958 4084 non
1001 4020 1237 4083 dimitti
1278 4031 1613 4103 peccatum
1652 4025 1791 4088 sine
1903 4023 1968 4085 in
2013 4021 2274 4086 nomine
2316 4021 2536 4096 PatriS,
2579 4029 2698 4084 etc.
2745 4022 2872 4086 Nec
2917 4022 3264 4086 scindenda
3305 4032 3404 4087 est

316 4119 509 4203 aliqua
536 4139 747 4204 poena,
778 4140 972 4203 quam
1012 4122 1206 4183 sentit
1243 4122 1547 4204 parvulus
1584 4124 1649 4186 in
1680 4124 1791 4186 Ba·
1903 4130 2105 4184 mater
2150 4130 2218 4184 ut
2257 4139 2416 4203 puer
2453 4129 2769 4183 extractus
2813 4120 3168 4203 baptizetur
3200 4140 3213 4185 :
3248 4123 3402 4204 quia

318 4217 531 4298 ptismo
564 4237 579 4281 τ
612 4219 783 4301 quod
812 4237 953 4282 esse
982 4236 1108 4282 non
1140 4226 1368 4301 potest,
1402 4221 1555 4284 dum
1584 4222 1791 4284 adhuc
1821 4220 1869 4282 D
1904 4238 2031 4283 non
2071 4227 2221 4282 sunt
2259 4219 2550 4282 facienda
2588 4219 2754 4282 mala
2796 4228 2869 4282 ut
2910 4221 3169 4283 veniant
3207 4220 3395 4296 bona,
3427 4249 3685 4300 Rom....,⁸,

318 4318 487 4381 estin
518 4326 699 4382 utero
729 4318 969 4381 matriS.
1003 4319 1123 4381 Sed
1155 4320 1277 4382 hoc
1306 4320 1467 4382 nihil
1498 4329 1615 4394 est,
1640 4322 1790 4403 quia
1904 4326 1974 4381 ut
2010 4319 2098 4381 ait
2135 4318 2493 4400 Apostolus.
2541 4317 2686 4380 Ideo
2725 4318 2937 4402 potius
2975 4319 3166 4383 debet
3205 4321 3398 4384 homo

318 4415 655 4498 Baptismus
673 4416 1056 4497 (seeundum
1084 4416 1523 4499 Ambrosium)
1543 4437 1666 4482 non
1701 4439 1793 4482 re·
1902 4417 2227 4481 dimittere
2265 4416 2574 4479 infantem
2605 4417 2836 4498 perire,
2868 4437 3060 4500 quam
3093 4418 3232 4501 ipse
3262 4439 3400 4501 per-

316 4515 493 4594 quirit
544 4533 801 4597 poenam
858 4515 1257 4577 exteriorem.
1320 4517 1581 4580 Peccato
1637 4537 1791 4600 quo·
1901 4525 2024 4592 eat,
2071 4515 2400 4579 homicidii
2451 4516 2694 4578 crimen
2747 4517 2812 4580 in
2862 4525 3060 4579 matre
3109 4519 3399 4581 commit-

316 4631 425 4693 que
450 4612 745 4695 originali
784 4630 912 4675 non
952 4612 1220 4675 debetur
1250 4614 1573 4678 sensibilis
1604 4635 1793 4698 poena
1902 4622 2061 4677 tens.
2086 4651 2168 4660 -
2190 4615 2330 4677 Haec
2361 4613 2630 4676 Thomas
2664 4614 2726 4676 in
2759 4615 3026 4697 Scripto.
3061 4617 3131 4677 In
3163 4616 3399 4698 quibus

316 4709 557 4774 inflicta.
592 4710 734 4774 Alia
770 4718 887 4785 est,
922 4711 1089 4792 quod
1126 4712 1329 4792 gratia
1366 4713 1479 4775 dat
1510 4733 1649 4778 esse
1686 4733 1789 4777 or·
1900 4715 2071 4796 quod
2118 4714 2226 4788 ait,
2269 4714 2468 4788 Quam
2520 4712 2654 4795 ipse
2703 4721 2938 4795 pereat,
2991 4714 3398 4779 referendum

61 4863 63 4886 ÷
316 4807 579 4872 dinatum
615 4826 631 4872 τ
668 4808 811 4872 ideo
841 4809 1235 4891 regeneratio
1264 4811 1481 4892 gratiae
1514 4831 1791 4898 praesup7
1900 4821 1999 4875 est
2034 4812 2112 4874 ad
2155 4812 2217 4874 id
2257 4811 2427 4894 quod
2465 4811 2792 4893 praemisit,
2825 4811 3038 4874 Potius
3068 4812 3261 4876 debet
3287 4813 3402 4877 ho·

61 4891 64 5006 j
318 4907 476 4986 ponit
500 4908 977 4990 generationem
1008 4915 1267 4972 naturae.
1301 4909 1441 4971 Alia
1470 4918 1586 4984 est,
1620 4913 1789 4993 quod
1900 4927 2008 4972 mo
2048 4910 2390 4983 dimittere,
2434 4918 2551 4972 etc.

61 5013 63 5030 *
316 5021 459 5082 puer
483 5004 791 5088 quamdiu
823 5013 1041 5068 manet
1078 5007 1143 5069 in
1174 5013 1377 5082 utero,
1408 5008 1615 5070 adhuc
1646 5027 1790 5072 con·
1980 5008 2214 5070 Eadem
2259 5008 2323 5069 in
2365 5008 2553 5070 tertia
2593 5014 2791 5090 parte,
2829 5008 3176 5089 quaestione
3220 5027 3396 5072 sexa-

315 5099 580 5184 jungitur
618 5123 825 5168 causae
864 5104 1191 5186 originalis
1224 5106 1469 5187 peccati
1502 5122 1516 5168 τ
1554 5106 1789 5170 idcirco
1898 5107 2144 5188 gesima
2189 5113 2429 5180 octava,
2475 5105 2586 5169 ubi
2638 5113 2702 5168 et
2745 5105 2920 5167 addit
2965 5123 2978 5168 :
3031 5106 3096 5170 Si
3147 5116 3396 5171 mortua
3477 5134 3553 5172 ιι-ι.
3581 5131 3645 5172 ιι.

318 5217 429 5262 non
458 5211 659 5284 potest
684 5202 767 5265 ab
797 5221 875 5266 eo
906 5203 1217 5265 mundari.
1253 5204 1487 5266 Verum
1519 5205 1616 5268 hae
1649 5205 1788 5268 duae
1900 5204 2095 5266 fuerit
2131 5212 2332 5267 mater
2374 5202 2551 5286 prole
2591 5204 2866 5279 vivente,
2901 5204 3090 5268 debet
3131 5207 3389 5288 aperiri,

318 5315 500 5364 causoe
546 5307 901 5384 repugnant
958 5300 1446 5364 sanctificationi
1498 5301 1562 5364 in
1612 5310 1788 5366 utero
1900 5311 1971 5365 ut
2011 5322 2172 5385 puer
2213 5303 2586 5385 baptizetur.
