4267 6250
1404 496 1607 543 uranu
1648 495 2013 543 runononn
2052 494 2247 545 rmna
2289 498 2382 545 srr
3329 479 3452 545 543

342 662 407 725 in
448 681 742 747 corpore,
784 667 920 731 sive
958 685 1109 731 non.
1150 664 1325 742 Quod
1372 676 1443 731 ut
1488 667 1719 732 melius
1758 668 1849 731 in·
1880 667 1931 731 Α
2039 669 2328 752 Denique
2385 669 2550 752 ignis
2608 670 2958 753 purgatorii
3013 676 3326 754 quantum
3371 669 3451 731 ad

340 762 693 844 telligatur,
726 774 999 848 ponatur
1026 765 1418 849 exemplum.
1453 767 1686 830 lucisio
1718 786 1848 829 ma-

342 880 467 923 nus
517 862 871 929 vulneratae
926 873 1025 929 est
1080 865 1452 948 corporalis,
1501 874 1565 929 et
1612 866 1852 947 patitur

342 977 603 1041 corpus,
648 963 865 1025 anima
910 981 1065 1027 vero
1110 964 1516 1047 compatitur.
1563 964 1846 1027 Primum

340 1054 647 1138 affligens
695 1067 1043 1143 utrumque
1084 1060 1227 1135 hoc,
1268 1067 1367 1123 est
1411 1058 1702 1141 gladius3
1742 1076 1849 1120 ve-

342 1172 487 1215 rum
540 1176 741 1238 quum
786 1158 1001 1221 anima
1048 1158 1328 1240 patiatur
1372 1157 1659 1240 corporis
1707 1175 1847 1239 pas-

339 1252 545 1327 sione,
594 1255 657 1317 id
704 1256 877 1337 quod
926 1256 1079 1319 facit
1128 1256 1453 1319 tristitiam
1498 1257 1563 1318 in
1606 1254 1844 1317 affectu

337 1351 595 1425 animae,
628 1358 726 1415 est
766 1354 1121 1418 similitudo
1150 1354 1459 1429 vulneriS,
1490 1353 1847 1436 apprehen-

336 1467 405 1510 sa
434 1456 507 1511 ut
538 1451 856 1513 contraria
894 1452 1011 1515 toti
1050 1452 1423 1534 composito.
1460 1452 1551 1515 lta
1590 1452 1657 1515 in
1697 1470 1845 1533 pur-

334 1548 583 1628 gatorio
613 1549 899 1632 primum
938 1549 1242 1632 affligens
1282 1557 1379 1613 est
1418 1550 1584 1632 ignis
1624 1567 1847 1631 corpo-

338 1664 507 1719 reuS,
560 1646 805 1709 habens
844 1648 978 1711 vim
1021 1648 1377 1731 affligendi,
1422 1648 1487 1711 in
1530 1656 1845 1731 quantum

336 1751 432 1807 est
476 1745 981 1810 instrumentum
1030 1747 1267 1811 divinae
1304 1747 1593 1829 justitiae,
1638 1745 1844 1809 vindi-

1959 786 2140 829 suam
2169 768 2615 843 substantiam,
2646 777 2851 831 exstat
2884 775 3255 852 perpetuuS,
3287 767 3455 829 sicut

1958 872 2019 927 et
2068 866 2232 948 ignis
2272 866 2624 941 infernaliS,
2666 886 2814 929 cum
2858 884 2986 950 quo
3026 874 3124 929 est
3159 866 3452 947 ejusdem

1958 964 2196 1045 speciei
2222 981 2241 1044 ;
2271 965 2382 1027 sed
2413 972 2724 1046 quantum
2755 966 2834 1028 ad
2862 973 3076 1027 actum
3113 963 3450 1047 purgandi,

1958 1062 2194 1143 accipit
2235 1062 2465 1136 finem,
2503 1062 2672 1126 sicut
2711 1071 2777 1126 θῖ
2819 1082 3007 1146 poena
3048 1062 3174 1125 illa.
3219 1062 3306 1125 De
3347 1080 3455 1124 cu-

1954 1160 2061 1241 jus
2089 1160 2436 1223 acerbitate
2466 1163 2813 1225 tenendum
2843 1168 2940 1225 est
2967 1161 3134 1223 sicut
3171 1160 3238 1223 in
3275 1168 3454 1225 textu

1958 1257 2251 1333 babetur,
2283 1259 2453 1341 quod
2492 1259 2741 1322 scilicet
2777 1260 3043 1322 minima
3082 1277 3272 1341 poena
3303 1277 3453 1341 pur-

1956 1357 2183 1437 gatorii
2215 1357 2420 1439 maior
2457 1364 2552 1421 est
2589 1377 2782 1441 quam
2813 1376 3235 1441 quincumque
3265 1375 3455 1439 poena

1958 1455 2305 1538 corporalis
2335 1456 2530 1537 hujus
2562 1458 2787 1520 mundi
2815 1457 2899 1519 sit
2925 1464 3034 1519 aut
3061 1474 3200 1519 esse
3229 1456 3450 1539 possit.

1958 1552 2185 1615 Anima
2229 1573 2510 1636 namque
2553 1560 2842 1637 separata
2881 1574 2918 1618 a
2961 1572 3246 1637 corpore,
3293 1554 3455 1617 desi·

1958 1652 2138 1713 derat
2179 1672 2506 1716 summum
2550 1654 2790 1717 bonum
2841 1662 3144 1736 tanquam
3187 1653 3454 1715 beatitu-

1958 1749 2128 1812 dinis
2157 1769 2288 1815 sua)
2315 1749 2751 1833 objectum,eo
2778 1753 2966 1815 modo
2991 1769 3120 1835 quo
3149 1770 3248 1814 res
3275 1760 3454 1813 extra

336 1844 543 1905 cantis
594 1853 929 1925 peccatum
980 1845 1084 1908 cui
1135 1846 1349 1909 anima
1398 1864 1469 1907 se
1516 1844 1841 1923 subdidit3
1882 1849 1931 1913 B
1962 1848 2170 1911 locum
2223 1868 2411 1911 suum
2460 1849 2792 1925 exsistenS,
2838 1851 3082 1933 appetit
3123 1868 3312 1912 suum
3365 1850 3450 1912 lo-

337 1941 705 2023 proximum
740 1960 891 2007 vero
919 1942 1015 2007 aff
1017 1944 1217 2025 ligens
1246 1951 1344 2007 est
1370 1933 1728 2007 similitudo
1758 1961 1849 2005 re-

338 2048 525 2122 cepta
556 2041 623 2103 in
650 2042 883 2105 anima.
905 2042 983 2105 Et
1011 2043 1132 2106 hoc
1164 2042 1331 2107 infra
1356 2043 1558 2125 magis
1588 2041 1846 2125 patebit,

338 2140 407 2201 in
454 2146 731 2202 tractatu
786 2141 867 2203 de
904 2142 1387 2205 resurrectione.
1430 2141 1539 2203 Vis
1587 2142 1847 2203 demum

338 2256 465 2319 qua
518 2237 685 2319 ignis
735 2238 844 2302 ille
888 2240 1020 2321 agit
1069 2248 1139 2301 ut
1184 2240 1419 2305 divinae
1468 2240 1850 2303 instrumen-

340 2342 479 2396 tum
505 2334 797 2414 justitiae‚
830 2352 959 2399 non
1000 2344 1099 2399 est
1132 2343 1381 2401 tantum
1415 2338 1513 2400 vis
1542 2336 1849 2399 naturalis

338 2432 569 2496 caloris
606 2451 621 2495 ε
657 2434 789 2497 imo
818 2442 917 2497 est
944 2434 1071 2498 alia
1098 2436 1215 2498 νίε.
1251 2435 1449 2517 Cujus
1478 2435 1847 2517 exemplum

339 2540 437 2595 est
465 2532 545 2593 de
586 2531 797 2595 calore
840 2532 907 2595 in
948 2550 1215 2616 corpore
1254 2533 1572 2608 animalis,
1605 2534 1717 2616 qui
1748 2552 1847 2596 ca-

339 2628 435 2691 lor
479 2629 544 2691 in
588 2638 903 2712 quantum
946 2639 1044 2695 est
1082 2631 1581 2696 instrumentum
1617 2631 1849 2695 animae

338 2728 737 2809 vegetativae,
796 2729 991 2793 aliam
1048 2728 1242 2793 babet
1292 2730 1727 2813 operationem
1784 2737 1849 2793 et

338 2825 531 2889 aliam
564 2826 721 2902 vim,
755 2846 949 2910 quam
992 2836 1065 2889 ut
1104 2828 1377 2910 qualitas
1418 2827 1741 2891 naturalis.

428 2924 495 2987 Si
539 2933 757 2988 autem
796 2934 1118 3009 quaeratur
1162 2927 1241 2988 de
1286 2927 1633 3009 purgatorii
1682 2925 1843 2999 loco,

1958 1966 2126 2011 cum.
2186 1948 2522 2032 Quumque
2575 1949 2830 2012 tristitia
2875 1956 3174 2012 causetur
3219 1967 3296 2011 ex
3343 1947 3454 2011 ab·

1956 2046 2162 2109 sentia
2199 2054 2392 2129 atque
2437 2048 2718 2111 carentia
2755 2048 2846 2110 rei
2883 2047 3276 2123 desideratas,
3318 2064 3457 2129 per·

1956 2142 2210 2209 fectivae
2237 2153 2430 2227 atque
2457 2144 2878 2220 delectabilis,
2900 2153 3146 2209 constat
3173 2144 3344 2227 quod
3373 2146 3454 2207 de

1956 2244 2238 2305 carentia
2277 2252 2342 2306 et
2379 2243 2670 2307 absentia
2706 2244 2880 2307 illius
2917 2251 3046 2307 tam
3077 2244 3315 2307 summi
3345 2242 3456 2306 bo·

1957 2341 2047 2415 ni,
2082 2341 2148 2403 in
2179 2359 2310 2424 quo
2340 2342 2476 2405 solo
2505 2350 2634 2405 tota
2665 2341 2956 2405 consistit
2987 2361 3060 2405 ac
3099 2343 3288 2425 plena
3325 2342 3457 2404 ani-

1960 2458 2206 2502 marum
2238 2438 2534 2514 felicitaS,
2558 2440 2802 2503 oriatur
2829 2441 2894 2502 in
2925 2441 3142 2503 anima
3168 2448 3457 2523 separata

1955 2537 2214 2601 tristitia
2257 2538 2553 2601 maxima.
2597 2539 2730 2603 lmo
2763 2537 2932 2601 sicut
2963 2539 3264 2613 suavitas,
3299 2540 3450 2613 vita,

1956 2643 2019 2699 et-
2064 2636 2433 2716 jucunditas
2481 2635 2676 2717 hujus
2722 2636 2868 2700 vitae
2916 2637 3160 2700 nullam
3217 2635 3456 2699 habent

1956 2735 2495 2817 comparationem
2555 2735 2635 2798 ad
2685 2735 3145 2798 beatitudinem
3196 2736 3452 2799 Sancto-

1958 2851 2099 2895 rum
2133 2833 2199 2895 in
2230 2833 2475 2915 patria3
2507 2833 2600 2895 sic
2631 2833 3046 2916 impedientia
3074 2841 3137 2896 et
3166 2833 3454 2896 auferen-

1958 2929 2047 2992 tia
2102 2931 2504 3006 suavitatem,
2566 2932 2786 3005 vitam,
2845 2939 2910 2994 et
2967 2918 3454 2996 delectationem

338 3022 481 3085 sine
512 3022 885 3105 praejudicio
914 3024 1075 3099 dico,
1096 3024 1187 3087 nil
1218 3032 1457 3089 temere
1485 3025 1841 3099 asserendo,
1882 3032 1927 3097 c
1956 3028 2153 3109 hujus
2200 3029 2369 3103 vitae,
2416 3029 3002 3113 incomparabiliter
3050 3031 3264 3093 minus
3309 3048 3457 3093 con-

339 3122 513 3203 quod
556 3122 907 3204 purgatorii
950 3123 1127 3187 locus
1168 3132 1265 3186 est
1300 3122 1463 3186 alius
1502 3143 1581 3186 ex
1622 3122 1845 3186 ordine

340 3221 579 3284 divinae
624 3220 891 3301 justitiae
947 3222 1431 3286 determinantis
1482 3230 1845 3306 receptacu-

340 3319 477 3382 lum
508 3320 743 3384 animae
780 3321 1145 3403 puniendae,
1177 3329 1241 3383 et
1277 3321 1441 3384 alius
1478 3341 1557 3384 ex
1594 3322 1845 3404 dispen-

338 3419 607 3482 satione.
642 3419 797 3484 Nam
840 3421 1051 3503 primo
1092 3420 1281 3483 modo
1321 3440 1487 3484 unus
1527 3429 1625 3484 est
1668 3421 1844 3483 locus

340 3518 927 3601 purgatorii,quem
958 3527 1113 3602 puto
1140 3537 1279 3582 esse
1310 3527 1557 3601 partem
1588 3518 1841 3594 inferni,

338 3616 403 3678 in
438 3636 567 3699 qua
600 3625 779 3699 parte
816 3625 914 3681 est
951 3617 1224 3682 afflictio
1264 3636 1413 3680 cum
1451 3619 1841 3681 admixtione

336 3714 793 3779 consolationis
832 3716 911 3779 de
950 3715 1169 3779 futura
1205 3716 1617 3779 beatitudine.
1651 3717 1841 3780 Porro

336 3831 415 3875 ex
460 3813 939 3896 dispensatione
984 3814 1123 3878 loca
1165 3815 1515 3897 purgatorii
1558 3823 1708 3877 sunt
1746 3815 1840 3879 di-

335 3930 545 3986 versa,
598 3911 801 3994 plura.
856 3912 933 3975 Et
989 3913 1382 3995 dispensatio
1438 3913 1549 3976 illa
1603 3914 1681 3975 fit
1726 3913 1839 3977 ali-

336 4009 596 4091 quando
646 4019 909 4093 propter
956 4011 1159 4086 vivos»,
1209 4011 1529 4074 interdum
1580 4019 1839 4093 propter

338 4117 647 4171 mortuos.
682 4109 759 4172 Et
797 4108 948 4172 licet
984 4109 1207 4172 multis
1245 4110 1325 4171 de
1362 4109 1572 4172 causis
1604 4109 1665 4171 id
1697 4109 1833 4186 fiat,

1957 3126 2212 3190 tristant
2253 3137 2318 3191 et
2358 3128 2661 3210 affligunt
2697 3148 2890 3212 quam
2935 3129 3352 3213 impedientia
3393 3136 3457 3192 et

1957 3226 2392 3306 protrahentia
2419 3247 2458 3290 a
2486 3247 2738 3290 summa
2767 3227 2878 3290 illa
2906 3227 3211 3291 felicitate
3242 3234 3305 3291 et
3329 3228 3458 3309 glo-

1955 3323 2065 3386 ria.
2102 3323 2334 3406 Sicque
2364 3323 2624 3386 tristitia
2657 3324 2922 3388 alterius
2963 3327 3109 3389 vitae
3147 3326 3320 3388 illius
3357 3325 3452 3387 in-

1954 3421 2470 3504 comparabiliter
2501 3423 2705 3503 major
2733 3432 2830 3486 est
2856 3425 3032 3486 omni
3077 3425 3334 3488 tristitia
3363 3424 3453 3488 vi-

1953 3527 2031 3582 tae
2062 3519 2413 3601 praesentis,
2447 3555 2528 3566 -—
2555 3519 2699 3584 Haec
2729 3519 3046 3584 Albertus.
3081 3521 3198 3596 Qui
3228 3521 3308 3582 de
3345 3521 3447 3584 bis

1951 3618 2138 3701 plura
2167 3617 2536 3692 conscribit,
2570 3638 2713 3701 quae
2743 3619 2810 3681 in
2839 3620 3162 3701 responsis
3191 3619 3446 3684 Thomae

1950 3716 2185 3778 clarius
2227 3717 2656 3780 continentur.

2029 3815 2146 3889 Qui
2180 3823 2390 3878 tamen
2425 3833 2552 3879 non
2593 3815 2659 3878 in
2701 3816 2842 3891 hac,
2875 3816 2986 3879 sed
3025 3817 3318 3900 sequenti
3355 3818 3448 3881 di-

1949 3912 2287 3976 stinctione
2329 3913 2558 3975 scribit
2593 3914 2672 3976 de
2711 3913 2812 3975 his
2849 3931 2864 3976 :
2906 3913 2996 3976 Ex
3036 3915 3448 3996 praeinductis

1946 4011 2304 4093 (inquiens)
2361 4011 2667 4092 probatur
2721 4020 2786 4074 et
2839 4020 3104 4086 constat,
3154 4021 3449 4096 purgato-

1948 4109 2115 4172 rium
2168 4127 2328 4172 esse.
2379 4109 2611 4184 Primo,
2657 4110 2808 4192 quia
2856 4110 2922 4173 in
2973 4111 3092 4174 bac
3138 4110 3268 4173 vita
3319 4129 3447 4176 non

336 4207 705 4290 specialiter
742 4215 957 4270 tamen
996 4207 1229 4289 triplex
1258 4226 1448 4271 causa
1478 4208 1731 4272 elicitur
1758 4228 1835 4272 ex
1868 4215 1919 4278 D
1948 4227 2204 4292 semper
2233 4227 2347 4292 per
2377 4208 2580 4291 ipsam
2612 4209 3082 4284 contritionem,
3105 4210 3448 4274 confessio-

338 4305 629 4388 legendis
658 4306 1048 4369 Sanctorum.
1078 4306 1281 4369 Prima
1310 4314 1425 4381 est,
1450 4307 1838 4371 demonstra-

337 4404 428 4467 tio
468 4404 679 4467 meriti
720 4404 996 4485 alicujus
1034 4404 1270 4479 Sancti,
1304 4404 1425 4468 hoc
1468 4406 1601 4468 suis
1642 4407 1840 4488 preci-

333 4501 459 4564 bus
502 4502 902 4584 impetrantis
936 4519 953 4564 :
984 4502 1152 4565 sicut
1178 4503 1255 4565 ad
1289 4521 1511 4585 preces
1552 4505 1611 4566 S.
1645 4504 1836 4568 Patri-

335 4599 407 4662 tii
460 4600 628 4662 Deus
676 4601 1053 4664 monstravit
1095 4601 1437 4684 quemdam
1490 4603 1835 4684 purgatorii

331 4697 575 4772 locum,
616 4705 688 4759 ut
723 4697 804 4760 de
842 4697 1049 4780 poenis
1092 4697 1327 4762 futuris
1361 4699 1526 4761 fides
1564 4700 1838 4782 amplior

332 4795 697 4860 baberetur.
737 4796 1028 4860 Secunda
1068 4803 1185 4871 est,
1224 4804 1441 4860 nostra
1478 4796 1833 4873 instructio,

331 4901 652 4978 quatenus
704 4894 857 4956 dum
906 4895 1154 4977 aliquas
1200 4895 1446 4958 animas
1504 4894 1675 4957 circa
1722 4913 1837 4960 nos

334 4992 555 5076 puniri
602 4992 1029 5074 agnoscimus,
1080 4993 1251 5056 idem
1310 4993 1702 5057 aestimemus
1759 4994 1837 5058 de

332 5091 481 5154 aliis
516 5091 582 5153 in
623 5089 859 5173 quibus
898 5098 1048 5152 sunt
1086 5091 1332 5155 similes
1371 5091 1597 5174 culpae.
1632 5091 1840 5157 Tertia

336 5199 457 5266 est,
474 5189 904 5253 manifestatio
932 5189 1207 5270 alicujus
1237 5189 1444 5272 culpae
1472 5191 1841 5266 occultae,ut

340 5291 412 5356 in
451 5287 805 5352 Pascbasio.

1948 4327 2096 4371 nem
2136 4316 2202 4371 et
2237 4308 2734 4372 satisfactionem
2776 4315 2945 4371 totus
2987 4316 3200 4372 reatus
3242 4327 3446 4392 poenae

1946 4406 2256 4481 aufertur,
2289 4424 2408 4468 nec
2447 4406 2782 4470 sufficiens
2810 4406 3158 4471 satisfactio
3186 4408 3443 4472 exbibe-

1950 4512 2071 4566 tur.
2106 4504 2422 4578 Secund0,
2455 4504 2608 4586 quia
2634 4505 2824 4567 etiam
2855 4505 3137 4569 dimissis
3167 4508 3444 4589 peccatis

1952 4601 2347 4676 mortalibuS,
2400 4601 2675 4665 venialia
2731 4621 2856 4666 non
2914 4623 3169 4688 semper
3214 4604 3445 4669 tollun-

1948 4705 2087 4777 tur;
2120 4699 2444 4782 exigitque
2474 4699 2692 4760 divina
2727 4699 2997 4780 justitia,
3030 4709 3100 4763 ut
3129 4703 3446 4767 inordina-

1949 4797 2039 4858 tio
2081 4796 2287 4878 culpae
2327 4816 2442 4879 per
2481 4815 2735 4878 poenam
2773 4797 3052 4861 debitam
3091 4802 3439 4866 ordinetur.

1949 4894 2208 4977 Oportet
2235 4913 2382 4976 ergo
2411 4894 2580 4977 quod
2613 4895 2665 4958 is
2695 4895 2807 4977 qui
2836 4905 2979 4979 post
3007 4898 3444 4964 contritionem

1948 5000 2012 5054 θῖ
2056 4993 2522 5057 absolutionem
2584 4993 2835 5056 decedit
2880 5003 3028 5058 ante
3075 4996 3446 5062 satisfactio-

1948 5111 2097 5156 nem
2147 5092 2605 5168 sufficientem,
2639 5100 2782 5176 post
2822 5093 3018 5156 vitam
3066 5105 3444 5178 praesentem

1949 5191 2271 5276 puniatur.
2322 5191 2482 5254 Hinc
2530 5191 2641 5275 qui
2700 5193 3138 5274 purgatorium
3187 5205 3440 5277 negant,

1949 5299 2170 5354 contra
2195 5289 2480 5353 divinam
2513 5289 2859 5374 loquuntur
2883 5290 3220 5374 justitiam,
3253 5303 3317 5358 et
3345 5314 3440 5358 er·
