4267 6250
694 510 941 570 ouum
978 511 1369 561 tonsum
1408 512 1585 560 mus
1626 510 1951 559 mmmmm
1988 512 2220 561 mun·
2259 511 2548 562 CHRISTUS
2589 516 2666 562 m·
2703 516 2894 576 nolte,
2933 516 3063 565 mc.

3311 500 3430 567 149

358 682 633 748 Ecclesiae
688 684 1015 767 competit,
1064 684 1143 747 de
1192 682 1427 766 quibus
1477 684 1557 746 ad
1606 681 1822 747 Corin·
1850 682 1903 746 A
1928 685 2135 766 gendo
2165 685 2421 760 directe,
2435 693 2506 749 ut
2526 686 2768 750 dictum
2792 695 2891 752 est
2912 688 2992 752 de
3015 690 3428 753 sacramentis

144 783 504 851 lc«.n.1.thios
538 784 627 846 ait
654 784 991 866 Apostolus
1025 802 1039 847 ε
1074 784 1177 847 Sic
1214 801 1331 847 nos
1362 784 1685 847 existimet
1712 784 1823 847 ho-

357 901 449 946 mo
486 891 550 945 ut
590 883 913 946 ministros
956 883 1207 947 Christi.

413 981 589 1045 Porro
614 982 767 1044 dum
797 982 1121 1064 quaeritur,
1134 1001 1214 1044 an
1246 980 1557 1044 ministris
1588 980 1821 1045 Christi

350 1079 601 1143 conferri
640 1080 851 1162 potuit
878 1088 1157 1162 potestas
1196 1080 1695 1162 cooperationis3
1737 1078 1824 1142 di·

348 1179 619 1252 cendum,
668 1180 841 1261 quod
898 1178 1241 1261 dupliciter
1288 1179 1523 1241 dicitur
1578 1178 1820 1261 aliquid

346 1294 455 1340 non
498 1296 677 1360 posse
716 1286 1023 1341 creaturae
1066 1278 1545 1340 communicari.
1586 1276 1816 1351 Primo,

346 1376 624 1458 quoniam
660 1376 826 1439 nulli
864 1383 1169 1439 creaturan
1207 1376 1669 1439 communicari
1710 1393 1819 1458 po-

344 1482 465 1537 test.
506 1475 813 1549 Secunde,
856 1474 1161 1557 quoniam
1200 1474 1663 1537 communicari
1709 1491 1819 1556 po-

347 1578 455 1635 test
501 1572 709 1647 alicui,
766 1572 1063 1655 quamvis
1119 1591 1249 1637 non
1310 1572 1435 1635 isti.
1498 1572 1817 1654 Quidquid

348 1672 497 1734 enim
524 1672 1055 1735 communicatum
1082 1672 1292 1746 alicui,
1306 1671 1585 1734 traheret
1608 1672 1817 1753 ipsum

350 1777 505 1833 extra
540 1770 843 1833 terminos
882 1789 1013 1833 suae
1050 1769 1312 1852 speciei,
1343 1787 1472 1832 non
1516 1777 1721 1852 potest
1758 1768 1819 1831 ei

1931 784 2133 865 prima
2181 785 2581 851 distinctione
2623 805 2638 849 :
2678 788 2895 870 sicque
2932 789 3058 852 Deo
3105 790 3426 871 cooperari
3481 809 3692 863 quun.

1932 880 1998 944 in
2028 884 2480 947 emundatione
2508 886 2818 959 interiori,
2831 886 3058 967 potuit,
3071 887 3426 950 secundum

1930 982 2262 1062 quosdam,
2296 982 2542 1045 bomini
2573 984 3032 1047 communicari
3063 985 3202 1047 sine
3231 1004 3430 1047 sacra-

1932 1078 2188 1153 mentiS,
2220 1080 2388 1142 sicut
2416 1080 2569 1143 facit
2601 1090 2996 1145 sacramenta
3031 1083 3376 1165 praebendo
3407 1100 3424 1145 ε

1930 1176 2154 1259 sicque
2201 1178 2330 1241 Deo
2378 1181 2728 1261 cooperari,
2775 1181 3052 1263 pertinet
3095 1182 3172 1244 ad
3219 1184 3426 1245 excel—

1932 1274 2142 1339 lentiae
2191 1284 2567 1359 potestatem
2619 1278 2683 1341 in
2733 1278 3002 1343 Christo.
3050 1280 3426 1344 Potestatem

1928 1374 2172 1456 quippe
2203 1374 2593 1439 excellentiae
2623 1376 2828 1459 potuit
2856 1377 3018 1441 Deus
3048 1377 3290 1441 homini
3321 1398 3432 1462 pu-

1930 1490 2001 1535 ro
2048 1474 2374 1552 conferre3
2425 1482 2638 1537 tamen
2691 1494 2819 1539 non
2867 1477 3103 1553 decuit,
3151 1496 3233 1541 ne
3280 1497 3426 1561 spes

1930 1570 1997 1633 in
2037 1570 2298 1634 bomine
2337 1581 2702 1655 poneretur,
2735 1581 2799 1637 et
2831 1582 2902 1637 ut
2934 1594 3136 1637 unum
3176 1584 3426 1639 tantum

1929 1686 2067 1731 esse
2096 1676 2290 1751 caput
2321 1669 2616 1733 Ecclesiae
2645 1672 3034 1747 ostendatur,
3053 1690 3090 1735 a
3117 1690 3248 1755 quo
3275 1692 3426 1735 cun·
3475 1690 3484 1697 ·

1928 1774 2030 1828 cta
2068 1766 2365 1831 Ecclesiae
2404 1767 2692 1830 membra
2728 1769 3126 1851 spiritualem
3165 1790 3424 1833 sensum

350 1870 807 1943 communicari,
836 1876 909 1930 ut
936 1886 1102 1951 equo
1131 1886 1269 1931 esse
1301 1867 1627 1941 rationale,
1648 1867 1819 1950 quod
1853 1866 1900 1929 B
1929 1871 1994 1926 et
2038 1872 2282 1927 motum
2328 1865 2666 1947 recipiunt.
2699 1901 2780 1911 —
2809 1867 2952 1930 Haec
2993 1867 3285 1931 Thomas.

352 1966 865 2030 communicatum
915 1973 1014 2029 est
1060 1966 1324 2028 homini.
1380 1966 1551 2039 Quod
1606 1974 1818 2028 autem

352 2065 864 2128 communicatum
907 2066 1121 2139 alicui,
1156 2064 1434 2127 traheret
1468 2064 1679 2152 ipsum
1712 2082 1819 2126 ex—

352 2169 433 2225 tra
474 2163 775 2227 terminos
822 2170 1149 2236 creaturan,
1194 2180 1322 2225 non
1373 2169 1580 2244 potest
1625 2162 1817 2225 alicui

352 2270 629 2325 creaturae
658 2262 1141 2335 communicari,
1174 2267 1245 2323 ut
1274 2268 1371 2324 est
1401 2268 1676 2343 potestas
1713 2280 1820 2323 au-

351 2361 630 2423 ctoritatis
668 2378 685 2423 :
723 2368 1115 2443 quapropter
1150 2378 1374 2423 omnes
1414 2358 1693 2422 fatentur
1740 2360 1817 2422 il-

350 2457 457 2519 lam
484 2466 781 2523 creaturan
812 2458 1276 2522 communicari
1309 2475 1437 2521 non
1470 2475 1673 2540 posse.
1695 2457 1817 2521 Sed

349 2556 415 2620 de
454 2558 726 2640 potentia
769 2557 1233 2639 cooperationis
1278 2564 1375 2619 est
1411 2556 1646 2639 duplex
1685 2556 1818 2639 opi-

350 2656 459 2718 nio.
504 2657 793 2739 Magister
850 2675 1127 2739 namque
1186 2656 1253 2718 in
1314 2655 1522 2717 littera
1564 2654 1819 2718 videtur

350 2756 581 2828 sentire,
638 2756 807 2838 quod
870 2756 1158 2838 potentia
1216 2754 1681 2836 cooperationis
1737 2756 1815 2816 ad

352 2853 837 2916 emundationem
898 2852 1292 2925 interiorem,
1353 2860 1569 2935 posset
1622 2851 1817 2914 alicui

352 2958 625 3015 creaturae
665 2950 965 3024 conferri,
998 2950 1293 3033 quamvis
1338 2967 1463 3012 non
1506 2950 1591 3011 sit
1628 2950 1817 3013 colla-

2008 1964 2353 2039 Postrem0,
2399 1964 2692 2047 quamvis
2740 1965 3011 2029 Thomas
3060 1965 3428 2049 frequenter

1928 2063 2312 2125 determinet
2369 2064 2714 2146 potentiam
2779 2066 3035 2128 creandi
3099 2083 3226 2129 non
3285 2083 3426 2129 esse

1928 2161 2528 2225 communicabilem
2559 2172 2879 2236 creatura»,
2893 2165 3044 2246 quia
3073 2172 3282 2227 tamen
3313 2166 3431 2228 Ma·

1928 2260 2125 2341 gister
2168 2260 2290 2323 hoc
2331 2262 2469 2323 loco
2505 2269 2570 2323 et
2606 2262 2759 2323 alibi
2801 2270 2974 2325 tenet
3011 2262 3425 2338 contrarium,

1928 2358 2192 2440 exponit
2231 2359 2506 2441 qualiter
2543 2360 2684 2441 ejus
2725 2360 2946 2443 opinio
2988 2368 3202 2443 posset
3242 2362 3429 2423 susti-

1929 2458 2103 2537 neri3
2151 2466 2215 2520 et
2253 2459 2330 2521 de
2368 2459 2487 2521 hoc
2527 2458 2768 2521 dictum
2811 2466 2910 2522 est
2946 2458 3198 2542 plenius
3233 2456 3429 2542 sup'er

1929 2554 2304 2617 secundum.

2012 2654 2156 2716 Haec
2195 2654 2417 2717 eadem
2457 2654 2682 2716 scribit
2712 2654 2776 2717 in
2807 2657 2992 2718 tertia
3029 2664 3228 2738 parte,
3262 2676 3429 2739 quoe-

1930 2752 2133 2814 stione
2165 2752 2559 2835 sexagesima
2585 2762 2808 2834 quarta
2843 2772 2856 2816 :
2888 2754 2958 2816 ln
2989 2755 3426 2829 sacramentiS,
3508 2778 3587 2817 ut
3610 2778 3650 2818 t.

1931 2850 2253 2933 inquienS,
2286 2851 2510 2913 habuit
2554 2852 2841 2915 Christus
2885 2853 3212 2935 duplicem
3257 2860 3430 2937 pote-

1930 2956 2158 3012 statem
2211 2968 2226 3013 :
2279 2967 2472 3012 unam
2527 2950 2940 3025 auctoritatis»,
2992 2951 3059 3014 in
3115 2960 3425 3034 quantum

352 3056 405 3110 ta
432 3068 445 3111 :
475 3051 635 3133 quod
677 3050 948 3132 intelligi
994 3050 1217 3132 nequit
1254 3049 1332 3112 de
1372 3048 1815 3132 cooperatione
1857 3043 1901 3108 C
1932 3048 2135 3128 Deus;
2167 3047 2357 3110 aliam
2397 3048 2788 3112 excellentiae
2825 3058 3120 3133 respectu
3159 3059 3430 3134 potesta-

351 3167 449 3229 per
498 3151 751 3213 modum
807 3148 1267 3230 dispositionis,
1318 3148 1621 3230 quoniam
1680 3147 1814 3210 haec

352 3247 546 3310 collata
584 3255 677 3310 est
716 3247 1029 3310 ministris
1058 3245 1375 3309 Ecclesiae.
1410 3245 1535 3308 Alii
1572 3245 1811 3320 dicunt,

350 3347 497 3427 quod
542 3345 815 3409 conferri
874 3363 1003 3408 non
1061 3343 1285 3427 potuit.
1338 3343 1616 3426 Utraque
1665 3361 1817 3406 vero

348 3443 541 3524 opinio
586 3452 795 3527 potest
836 3443 1025 3507 modo
1071 3443 1290 3525 aliquo
1336 3442 1659 3505 sustineri.
1706 3441 1817 3504 Co-

349 3549 617 3623 operatur
661 3542 837 3605 enim
890 3542 1021 3604 Deo
1071 3540 1316 3622 aliquid
1370 3540 1819 3603 instrumenta-

352 3639 475 3702 liter
516 3641 761 3704 duobus
820 3639 1047 3703 modis.
1100 3639 1235 3701 Uno
1285 3638 1475 3702 modo
1524 3657 1639 3720 per
1684 3638 1817 3700 vim

349 3738 599 3821 aliquam
655 3737 1035 3811 absolutam,
1089 3735 1433 3800 habentem
1484 3736 1549 3798 in
1600 3755 1817 3798 rerum

348 3844 547 3900 natura
590 3855 727 3900 esse
770 3836 1159 3918 completum
1208 3835 1286 3897 ad
1334 3834 1816 3917 producendum

348 3933 649 4010 ellectum,
709 3951 837 3998 non
901 3933 1109 3997 solum
1171 3932 1645 4008 secundarium,
1705 3933 1816 3996 sed

350 4032 741 4116 principalem
786 4051 801 4096 :
844 4032 1013 4096 sicut
1056 4031 1221 4112 ignis
1272 4039 1648 4113 cooperatur
1689 4030 1819 4094 Deo

348 4130 405 4192 in
440 4133 844 4213 productione
876 4130 1137 4193 alterius
1179 4129 1363 4211 ignis.
1400 4130 1503 4192 Sic
1540 4129 1815 4193 conferri

1932 3147 2013 3209 tis
2044 3165 2396 3221 servorum,
2420 3148 2772 3210 secundum
2803 3151 2973 3231 quod
3004 3149 3212 3225 homo,
3233 3170 3429 3233 quam

1932 3245 2142 3328 potuit
2184 3245 2658 3309 communicare
2708 3247 3038 3322 ministriS,
3078 3248 3288 3312 dando
3334 3249 3427 3312 eis

1930 3351 2171 3407 tantam
2199 3345 2416 3425 gratim
2447 3344 3018 3426 plenitudinem,ut
3047 3365 3271 3410 eorum
3301 3367 3430 3412 me-

1930 3443 2126 3505 ritum
2166 3451 2538 3525 operaretur
2573 3443 2651 3505 ad
2692 3452 3232 3508 sacramentorum
3271 3445 3429 3510 effe-

1930 3547 2091 3614 ctus,
2118 3541 2205 3602 ita
2233 3540 2401 3621 quod
2432 3541 2511 3603 ad
2541 3541 3004 3605 invocationem
3035 3561 3256 3606 eorum
3287 3563 3428 3606 san-

1929 3639 2368 3702 ctificarentur
2397 3648 2808 3714 sacramenta,
2822 3648 2886 3702 et
2914 3648 2984 3702 ut
3013 3641 3135 3722 ipsi
3169 3651 3428 3724 possent

1930 3737 2261 3800 instituere
2299 3755 2393 3810 ea,
2427 3744 2616 3819 atque
2655 3755 2768 3819 per
2809 3738 3033 3800 merita
3071 3758 3188 3801 sua
3222 3758 3424 3802 sacra-

1931 3843 2291 3899 mentorum
2340 3833 2646 3897 effectum
2701 3834 2991 3897 conferre
3039 3836 3175 3898 solo
3222 3837 3426 3919 impe·

1928 3935 2042 3997 rio.
2078 3934 2286 3997 Potest
2327 3932 2496 3995 enim
2543 3932 3038 3996 instrumentum
3084 3933 3424 4016 principali

1927 4033 2135 4113 agenti
2182 4030 2620 4112 conjunctum,
2655 4037 2893 4112 quanto
2937 4029 3163 4094 fortius
3204 4032 3421 4107 fuerit,

1928 4139 2102 4193 tanto
2132 4130 2278 4211 plus
2309 4129 2610 4192 virtutem
2653 4147 2834 4191 suam
2875 4129 3300 4194 instrumento
3328 4150 3424 4194 se-

349 4246 457 4292 non
482 4231 644 4293 valet
672 4229 942 4303 homini,
976 4227 1303 4310 cooperari
1336 4228 1465 4290 Deo
1499 4228 1566 4290 in
1599 4247 1817 4290 emun-
1846 4229 1897 4292 D
1928 4235 2147 4310 parato
2181 4226 2487 4301 tribuere,
2522 4235 2592 4290 ut
2632 4246 2856 4290 manus
2895 4228 3140 4292 baculo,
3175 4230 3319 4293 Haec
3357 4230 3423 4292 in

347 4327 573 4392 datione
600 4326 904 4401 interiori,
925 4345 1067 4409 quae
1097 4326 1175 4389 fit
1205 4345 1319 4408 per
1348 4326 1649 4407 gratiam:
1669 4344 1821 4408 quo-

346 4426 495 4489 niam
522 4427 719 4508 gratia
746 4426 955 4488 elevat
983 4424 1307 4488 hominem
1339 4425 1417 4487 ad
1447 4425 1641 4486 vitam
1674 4443 1817 4506 quae

347 4531 427 4585 est
475 4544 663 4608 super
709 4523 1143 4587 conditionem
1201 4542 1517 4605 supremae
1575 4528 1815 4586 naturae

346 4631 559 4687 creatae.
610 4623 761 4686 Ideo
804 4639 1001 4702 agens
1049 4621 1219 4702 quod
1276 4620 1533 4703 propria
1578 4619 1815 4682 virtute

345 4721 595 4784 animam
639 4719 953 4784 assimilat
989 4717 1111 4781 sibi
1157 4737 1271 4801 per
1308 4718 1601 4800 gratiam,
1631 4736 1814 4800 opor-

348 4823 422 4880 tet
450 4839 583 4882 esse
622 4836 818 4901 super
854 4835 1112 4880 omnem
1154 4824 1445 4879 naturam
1485 4824 1759 4880 creatam
1796 4836 1810 4880 :

347 4915 539 5001 sicque
562 4918 704 4982 talis
736 4916 1099 4998 cooperatio
1128 4915 1391 4978 excedet
1420 4932 1677 4996 prorsus
1703 4922 1817 4977 ter·

352 5015 530 5079 minos
576 5024 819 5078 naturae
865 5019 1108 5076 creatae.
1150 5012 1293 5075 Alio
1342 5013 1527 5075 modo
1573 5011 1816 5094 aliquid

353 5120 697 5196 cooperatur
735 5112 887 5187 Dec,
922 5128 1049 5173 non
1093 5129 1207 5192 per
1245 5109 1548 5172 virtutem
1586 5108 1820 5174 haben-

354 5219 463 5273 tem
501 5230 636 5275 esse
679 5209 1043 5294 perfectum
1086 5209 1152 5270 in
1198 5215 1443 5283 natura,
1486 5226 1695 5290 neque
1742 5209 1818 5272 ad

352 5307 625 5373 ultimum
662 5317 726 5374 et
766 5307 1189 5392 principalem
1234 5307 1540 5370 effectum
1585 5309 1821 5390 pertin-

1926 4325 2208 4388 Summa.

2008 4423 2359 4488 Concordat
2393 4423 2688 4487 Albertus
2728 4424 3118 4506 praehabitis,
3152 4433 3216 4488 et
3253 4435 3425 4508 pote-

1928 4529 2119 4584 states
2155 4523 2324 4584 circa
2361 4529 2755 4584 sacramenta
2784 4543 2820 4584 a
2850 4522 3290 4586 Bonaventura
3318 4543 3424 4588 ex-

1927 4639 2178 4703 pressas
2217 4628 2697 4694 commemorat,
2730 4621 3024 4702 quamvis
3063 4638 3188 4683 non
3231 4631 3425 4704 ponat

1926 4719 2051 4782 nisi
2092 4719 2396 4801 quinque.
2435 4719 2510 4781 Et
2542 4719 2714 4781 addit
2747 4736 2762 4782 :
2795 4719 3070 4782 Potestas
3109 4721 3423 4784 excellen-

1926 4817 2029 4881 tiae
2069 4817 2412 4899 dupliciter
2443 4837 2481 4880 a
2517 4817 2786 4880 diversis
2825 4816 3154 4899 accipitur.
3189 4818 3419 4897 Prim0,

1930 4923 1999 4977 ut
2042 4915 2397 4978 secundum
2441 4915 2672 4997 gradus
2716 4933 2787 4977 ac
2832 4915 3058 4978 merita
3099 4915 3422 4998 baptizan-

1928 5014 2089 5076 tium
2134 5011 2546 5076 excellentior
2584 5020 2750 5074 esset
2797 5031 2909 5074 seu
2955 5012 3167 5075 minus
3215 5016 3423 5078 excel-

1930 5112 2065 5175 lens
2112 5111 2421 5192 Baptismi
2463 5108 2750 5173 effectus.
2795 5111 2991 5183 Quam
3045 5119 3420 5192 potestatem

1930 5209 2139 5292 potuit
2167 5208 2452 5271 Christus
2490 5208 2636 5270 dare
2678 5207 3009 5284 ministris,
3043 5210 3153 5272 sed
3191 5210 3418 5288 noluit,

1930 5325 2011 5370 ne
2056 5313 2151 5369 tot
2193 5314 2405 5369 essent
2439 5305 2742 5387 Baptismi
2783 5314 2937 5387 quot
2975 5307 3367 5390 baptizantes
3401 5329 3416 5374 :

3453 2585 3558 2629 dist.
3575 2599 3604 2637 ι,
3618 2600 3660 2642 q.
3679 2589 3720 2630 3.
