4267 6250
782 448 905 515 568

1428 468 1496 516 m
1534 468 1758 517 Lunum
1798 468 1861 515 tv
1901 464 2386 515 summanu-
2425 484 2507 495 —
2547 466 2702 513 ms'r.
2743 466 2890 530 1113
2933 466 3158 525 Qusssr.
3201 468 3224 514 1

786 638 961 702 diem
998 637 1266 701 extremi
1304 636 1532 719 judicii
1573 656 1693 701 nec
1734 654 2001 719 regnum
2048 635 2284 698 intrare
2315 636 2366 700 A
2393 641 2618 698 tuntur
2672 642 2983 720 quantum
3045 637 3124 701 ad
3185 636 3442 721 culpam
3503 656 3518 699 ε
3579 637 3888 721 quoniam

788 735 1119 811 coelorum,
1168 755 1377 818 neque
1426 735 1773 811 infernum,
1818 735 1929 799 sed
1978 735 2045 797 in
2096 734 2288 796 inter-

790 834 1021 897 mediis
1078 834 1235 897 locis
1288 834 1531 897 versari
1586 850 1601 897 ε
1658 834 1843 915 cujus
1896 832 2286 896 contrarium

789 932 1019 1016 probat
1045 934 1237 995 etiam
1268 951 1347 995 ex
1374 932 1655 1016 antiquis
1685 931 2047 996 Graecorum
2076 930 2287 993 docto-

790 1031 970 1094 ribus
998 1032 1361 1106 AthanasiO,
1390 1031 1853 1115 Chrysostomo,
1873 1036 1992 1092 etc.
2011 1065 2093 1076 -
2121 1028 2286 1091 Scri-

790 1137 899 1212 pta
926 1146 1182 1213 quoque
1210 1130 1489 1191 Durandi
1529 1135 1878 1193 consonant
1912 1126 2100 1190 dictis
2130 1126 2288 1189 Tho-

790 1247 911 1291 mae
952 1234 1017 1291 et
1056 1226 1319 1290 Alberti.

866 1326 947 1389 At
988 1342 1141 1388 vero
1183 1324 1407 1387 Scotus
1444 1343 1639 1407 super
1680 1323 1781 1386 bis
1819 1323 2030 1405 primo
2074 1329 2288 1385 narrat

787 1423 1159 1507 opinionem
1207 1422 1585 1497 dicentium,
1628 1421 1820 1485 etiam
1869 1420 2102 1485 veniali
2141 1438 2286 1503 pec-

786 1530 925 1585 cato
963 1522 1203 1585 directe
1241 1520 1458 1585 deberi
1508 1539 1765 1603 poenam
1802 1527 2139 1598 aeternam3
2175 1518 2286 1581 sed

786 1620 957 1703 quod
1003 1617 1443 1701 temporaliter
1492 1618 1778 1700 punitur,
1829 1617 1890 1680 ei
1942 1616 2285 1679 convenire

782 1736 901 1801 per
927 1717 1243 1791 accidenS‚
1280 1716 1345 1779 in
1384 1723 1696 1798 quantum
1738 1715 2153 1797 conjunctum
2187 1720 2286 1777 est

2394 734 2818 816 praecedentia
2845 735 3072 799 merita
3111 735 3252 817 ejus
3291 745 3441 800 sunt
3477 754 3670 799 causa
3701 735 3887 798 suffi-

2393 832 2569 895 ciens
2599 831 2972 913 hujusmodi
3002 833 3419 910 remissioniS,
3449 834 3553 897 vel
3582 834 3724 916 ipso
3759 851 3891 897 mo-

2393 930 2598 993 riente
2626 938 2780 993 tunc
2819 931 3136 995 referente
3175 932 3283 995 illa
3323 933 3548 995 merita
3581 933 3663 995 ad
3689 932 3888 995 talem

2395 1028 2860 1113 remissionem,
2892 1030 2997 1092 vel
3033 1030 3163 1093 Deo
3199 1038 3570 1113 acceptante
3601 1049 3675 1093 ea
3701 1030 3783 1093 ad
3815 1030 3890 1092 il-

2396 1126 2540 1189 lam.
2575 1128 2749 1190 Istud
2785 1126 3204 1211 probabiliter
3238 1128 3364 1191 dici
3403 1135 3633 1213 potest.
3667 1129 3744 1191 Et
3783 1130 3891 1192 cui

2395 1225 2564 1288 istud
2613 1243 2740 1289 non
2792 1226 3022 1308 placet,
3073 1233 3314 1309 quaerat
3368 1226 3568 1290 alium
3627 1227 3894 1291 modum

2394 1324 2716 1406 quomodo
2757 1323 3031 1386 venialia
3072 1324 3492 1388 dimittantur.
3529 1324 3666 1388 Non
3715 1326 3894 1387 enim

2394 1422 2648 1484 videtur
2689 1438 3042 1485 consonum
3081 1422 3435 1503 theologiae,
3468 1440 3706 1505 ponere
3751 1432 3900 1505 post

2395 1518 2560 1581 hane
2608 1519 2806 1582 vitam
2852 1520 3136 1602 aliquem
3194 1528 3443 1583 motum
3493 1521 3898 1584 meritorium

2393 1616 2538 1679 talis
2568 1618 2985 1694 remissioniS,
3009 1638 3211 1701 quum
3243 1620 3309 1682 in
3340 1627 3542 1683 morte
3573 1619 3656 1683 sit
3682 1620 3901 1682 termi-

2397 1734 2518 1777 nus
2567 1715 2992 1797 promerendi.
3025 1750 3106 1761 —
3131 1716 3290 1781 -Haec
3336 1716 3580 1781 Scotus.
3614 1717 3900 1790 Quorum

784 1816 1054 1890 caritati,
1086 1835 1229 1898 quae
1258 1815 1437 1877 ducit
1473 1814 1551 1877 ad
1591 1832 1882 1896 regnum,
1916 1814 1981 1876 in
2021 1830 2150 1895 quo
2180 1831 2285 1875 ne·
2317 1813 2365 1876 B
2397 1831 2574 1877 error
2615 1822 2788 1896 patet
2829 1833 2906 1876 ex
2951 1814 3382 1897 praeinduetis.

785 1934 961 1979 cesse
1004 1921 1103 1978 est
1136 1931 1394 1977 omnem
1438 1931 1691 1995 poenam
1741 1930 2007 1975 cessare.
2042 1912 2286 1986 Quibus

786 2012 1032 2093 objicit,
1066 2012 1214 2095 quia
1253 2029 1453 2093 quum
1496 2011 1721 2073 caritas
1763 2017 1826 2073 et
1854 2010 2102 2074 veniale
2140 2028 2286 2092 pec-

788 2118 1000 2174 catum
1058 2117 1229 2173 stent
1282 2108 1499 2183 simul,
1561 2116 1625 2171 et
1680 2108 1924 2171 caritati
1981 2107 2289 2171 debeatur

787 2211 1115 2275 beatitudo
1153 2217 1408 2284 aeterna,
1441 2215 1609 2273 esset
1645 2208 1791 2291 quis
1828 2208 2058 2289 dignus
2091 2207 2285 2271 simul

786 2317 1023 2373 aeterna
1065 2308 1371 2371 felicitate
1419 2314 1483 2370 et
1528 2305 1826 2369 infernali
1880 2305 2155 2369 miseria.
2205 2341 2288 2353 -

787 2407 1047 2481 Deinde,
1064 2414 1283 2470 contra
1314 2422 1722 2469 communem
1753 2405 2086 2468 doctorum
2117 2403 2285 2486 posi·

785 2506 1027 2569 tionem
1077 2503 1458 2586 subjungit:
1491 2502 1759 2577 Dicitur,
1806 2503 1977 2585 quod
2025 2509 2288 2584 peccato

784 2604 1019 2667 veniali
1050 2621 1166 2686 per
1194 2602 1491 2666 accidens
1522 2619 1711 2684 poena
1738 2608 1970 2665 aeterna
1998 2600 2285 2674 debetur,

786 2701 1042 2785 quando
1081 2700 1493 2782 conjungitur
1528 2699 1801 2773 mortali,
1834 2707 1899 2761 et
1936 2717 2063 2762 non
2104 2699 2289 2762 ratio-

786 2819 867 2864 ne
917 2800 1036 2863 sui.
1090 2799 1213 2862 Sed
1265 2799 1385 2861 hoc
1445 2816 1573 2863 non
1622 2797 1932 2878 intelligo,
1983 2798 2287 2879 quoniam

784 2900 953 2963 Deus
984 2898 1170 2980 punit
1198 2898 1357 2959 citra
1393 2896 1802 2977 condignum.
1838 2896 1914 2957 Et
1953 2902 2089 2958 esto
2117 2896 2289 2977 quod

2476 1912 2652 1976 Unde
2681 1920 2746 1975 et
2772 1912 3122 1976 Richardus
3151 1914 3520 1996 opinionem
3559 1913 3724 1977 banc
3753 1933 3898 1977 nar-

2394 2029 2540 2073 rans
2570 2029 2644 2072 ac
2674 2009 3022 2093 reprobans
3055 2028 3068 2073 :
3101 2011 3314 2093 Aliqui
3343 2012 3612 2095 (inquit)
3645 2012 3894 2085 dicunt,

2395 2110 2564 2191 quod
2614 2110 2780 2172 Deus
2839 2116 3048 2191 potest
3091 2129 3130 2172 a
3171 2111 3470 2174 damnato
3515 2119 3896 2194 extorquere

2394 2224 2513 2290 pro
2551 2208 2684 2270 suis
2723 2208 3002 2291 peccatis
3041 2208 3400 2273 venialibus
3439 2209 3719 2273 debitam
3759 2228 3896 2291 poe-

2395 2324 2566 2381 nam,
2589 2305 2730 2368 sine
2761 2305 3137 2370 remissione
3169 2306 3636 2389 cujuscumque
3663 2308 3891 2390 culpae.

2395 2403 2570 2467 Unde
2605 2403 2850 2477 dicunt,
2882 2404 3054 2487 quod
3082 2404 3334 2468 veniale
3364 2424 3485 2469 nec
3514 2423 3630 2489 per
3666 2424 3736 2469 se
3775 2424 3898 2469 nec

2395 2521 2510 2584 per
2546 2501 2844 2564 accidens
2883 2501 3188 2583 punietur
3227 2521 3418 2585 poena
3453 2510 3687 2567 aeterna
3727 2504 3900 2567 infli-

2395 2608 2496 2663 cta
2536 2618 2575 2663 a
2609 2600 2849 2663 Iudice.
2887 2599 3045 2663 Nam
3090 2619 3345 2683 poenam
3386 2619 3708 2665 remorsus
3751 2620 3901 2665 con-

2395 2698 2678 2761 scientiae
2725 2704 2974 2781 oportet
3013 2718 3292 2775 manere,
3335 2700 3526 2784 culpa
3575 2708 3892 2764 manente.

2394 2798 2524 2861 Nec
2553 2804 2763 2879 potest
2789 2796 2939 2870 dici,
2971 2797 3142 2880 quod
3172 2798 3454 2861 damnati
3487 2799 3733 2863 solvant
3761 2818 3898 2881 poe-

2397 2915 2543 2958 nam
2575 2895 2708 2957 suis
2747 2895 3107 2958 venialibus
3140 2896 3444 2971 debitam,
3477 2916 3686 2981 neque
3725 2899 3900 2981 quod

788 2995 1169 3079 simpliciter
1196 2994 1552 3058 secundum
1583 2994 1855 3075 rigorem
1887 2993 2290 3075 puniret,0m-
2320 2992 2363 3056 C
2397 2993 2787 3057 satisfaciant
2838 3011 2852 3055 :
2902 2994 3446 3077 quemadmodum
3492 3015 3613 3059 nec
3661 2996 3728 3059 in
3778 2997 3900 3060 hac

790 3095 945 3160 nino
989 3094 1301 3178 injustum
1347 3100 1514 3156 esset
1558 3110 1813 3176 poenam
1854 3099 2156 3156 aeternam
2199 3093 2291 3155 in-

790 3193 931 3275 fligi
976 3192 1071 3256 illi
1120 3192 1224 3256 cui
1268 3190 1619 3255 secundum
1670 3209 1739 3253 se
1787 3190 2055 3254 debetur
2102 3209 2291 3274 poena

790 3291 1181 3374 temporalis.
1215 3291 1345 3354 Nec
1382 3289 1752 3371 conjunctio
1790 3289 1900 3352 illa
1938 3309 2085 3354 cum
2129 3308 2292 3353 mor-

790 3390 901 3453 tali
934 3389 1089 3452 facit
1124 3388 1373 3452 veniale
1403 3388 1470 3451 in
1509 3387 1839 3451 infinitum
1877 3389 2053 3453 exire
2089 3407 2290 3471 genus

793 3489 1000 3570 culpae
1034 3506 1049 3550 :
1082 3505 1233 3568 ergo
1262 3505 1383 3550 nec
1420 3504 1610 3568 poena
1636 3495 1871 3551 aeterna
1910 3487 1968 3551 ei
1998 3487 2285 3550 debetur.

793 3588 941 3650 Ideo
979 3586 1145 3660 dico,
1190 3584 1359 3667 quod
1399 3603 1519 3647 nec
1559 3584 1624 3647 in
1666 3585 1940 3658 inferno,
1972 3604 2093 3648 nec
2133 3584 2292 3649 alibi

794 3686 1065 3751 debetur
1103 3691 1363 3768 peccato
1398 3685 1633 3747 veniali
1666 3691 1900 3748 aeterna
1932 3702 2142 3766 poena,
2172 3701 2292 3746 nec

795 3803 911 3868 per
954 3802 1045 3857 se,
1078 3801 1289 3866 neque
1336 3800 1451 3864 per
1490 3782 1787 3845 accidens
1821 3799 1836 3844 :
1868 3781 2021 3864 quia
2066 3799 2292 3844 secun-

794 3885 948 3946 dum
988 3901 1056 3946 se
1094 3888 1191 3945 est
1224 3881 1367 3944 talis
1414 3879 1664 3944 offensa
1708 3900 1851 3963 quae
1892 3879 2294 3944 sufficienter

796 4000 912 4064 per
955 3979 1373 4062 temporalem
1412 3996 1664 4061 poenam
1712 3980 1996 4060 punitur.
2029 3978 2159 4042 Nee
2197 3985 2294 4042 est

796 4077 1276 4152 inconvenienS,
1309 4095 1563 4159 poenam
1602 4075 1838 4140 veniali
1882 4085 2145 4159 peccato
2186 4079 2292 4141 de-

2397 3092 2530 3156 vita
2575 3090 2894 3174 obligatus
2939 3092 3019 3156 ad
3065 3092 3348 3176 aliquam
3399 3112 3652 3178 poenam
3700 3113 3898 3178 quam

2399 3209 2516 3275 pro
2544 3191 2845 3273 gravibus
2877 3191 3063 3254 malis
3103 3192 3244 3274 ejus
3269 3192 3467 3274 judex
3493 3193 3665 3275 juste
3693 3202 3904 3258 extor-

2399 3298 2554 3373 quet
2593 3289 2675 3352 ab
2718 3307 2816 3364 ec,
2848 3289 3083 3353 dicitur
3125 3291 3372 3356 solvere
3419 3311 3674 3374 poenam
3719 3293 3900 3356 illam

2398 3397 2507 3453 aut
2536 3388 2919 3453 satisfacere.
2937 3389 3058 3454 Sed
3091 3390 3210 3453 ista
3238 3391 3458 3474 opinio
3487 3400 3705 3456 contra
3733 3411 3906 3457 com-

2400 3508 2661 3551 munem
2693 3488 3023 3551 doctorum
3054 3489 3436 3571 positionem
3467 3499 3656 3566 est,et
3683 3500 3908 3556 contra

2401 3587 2712 3650 rationem
2755 3587 2956 3669 :quia
3003 3606 3202 3669 quum
3253 3589 3419 3652 Deus
3467 3608 3724 3671 poenam
3771 3609 3907 3655 non

2398 3692 2708 3767 acceptet,
2740 3685 2864 3748 nisi
2913 3693 3202 3768 acceptet
3243 3694 3308 3749 et
3349 3687 3720 3769 patientem,
3753 3709 3907 3753 con-

2401 3789 2524 3846 stat
2585 3782 2756 3866 quod
2817 3783 3260 3846 damnatorum
3320 3802 3512 3867 poena
3569 3806 3904 3869 nunquam

2399 3882 2529 3945 Deo
2566 3888 2828 3962 accepta
2865 3889 2964 3944 est
2999 3889 3304 3964 tanquam
3343 3882 3764 3947 satisfactoria
3790 3893 3908 3948 aut

2401 3979 2734 4062 placativa,
2756 3979 2924 4042 sicut
2953 3997 3072 4042 nec
3103 3979 3227 4061 ipsi
3257 3979 3426 4042 fiunt
3455 4000 3737 4064 unquam
3769 3983 3906 4048 Deo

2397 4077 2664 4160 accepti.
2697 4113 2778 4123 —
2805 4077 3094 4160 Denique
3123 4078 3533 4142 dimittuntur
3563 4087 3706 4163 post
3733 4081 3904 4145 banc

799 4176 1020 4252 bitam,
1074 4176 1139 4238 in
1188 4174 1440 4238 inferno
1496 4174 1671 4237 finiri
1724 4193 1738 4237 :
1790 4175 2092 4258 quoniam
2143 4195 2294 4239 vere
2321 4179 2372 4242 D
2400 4177 2594 4239 vitam
2641 4175 2858 4258 aliqua
2903 4176 3177 4239 venialia
3234 4177 3560 4242 caritatem
3614 4178 3906 4242 habenti-

798 4274 1116 4358 poenitens
1145 4274 1375 4356 primo,
1394 4280 1458 4336 et
1485 4281 1728 4356 partem
1760 4273 2152 4355 poenitentiae
2182 4275 2294 4337 im-

797 4372 1019 4456 positae
1062 4371 1348 4453 explenS,
1381 4377 1445 4432 et
1485 4378 1629 4434 ante
1670 4378 1868 4434 totam
1908 4373 2290 4455 completam

794 4470 1154 4534 recidivans
1202 4487 1277 4532 ac
1334 4468 1545 4532 taliter
1592 4469 1893 4543 morienS,
1943 4487 2059 4552 pro
2115 4479 2292 4554 parte

793 4566 1189 4652 poenitentiae
1226 4565 1481 4629 residua
1512 4566 1891 4649 complenda
1928 4566 2131 4631 solvet
2162 4587 2294 4651 poe-

791 4685 940 4730 nam
972 4665 1039 4728 in
1067 4663 1320 4728 inferno
1349 4664 1790 4728 tantummodo
1820 4667 2238 4748 temporalem
2273 4685 2288 4730 ε

792 4765 1097 4848 quoniam
1126 4763 1193 4826 in
1224 4762 1600 4827 remissione
1634 4771 2039 4845 peccatorum
2072 4764 2139 4828 in
2171 4766 2291 4830 hoc

792 4863 1025 4929 saeculo
1082 4862 1269 4936 faeta,
1320 4869 1706 4926 commutata
1751 4862 1875 4926 fuit
1926 4863 2049 4926 sibi
2103 4882 2292 4946 poena

792 4969 1027 5026 aeterna
1070 4958 1137 5023 in
1182 4959 1600 5042 temporalem
1646 4976 1660 5022 ε
1702 4959 1846 5024 ideo
1894 4979 2010 5044 pro
2056 4962 2149 5024 sic
2198 4980 2294 5025 re-

794 5059 1007 5122 missis
1050 5076 1178 5123 non
1228 5066 1323 5122 est
1369 5057 1619 5122 debitor
1662 5078 1867 5142 poenae
1906 5067 2176 5126 aeternae.
2209 5095 2291 5108 —

790 5160 1061 5240 Insuper
1084 5156 1231 5220 dieo
1260 5163 1559 5239 tanquam
1590 5155 2127 5240 probabile,quod
2161 5176 2290 5222 mo-

792 5255 981 5320 rienti
1038 5255 1103 5317 in
1163 5255 1421 5318 caritate
1478 5255 1694 5319 omnia
1745 5255 2020 5318 venialia
2076 5256 2288 5318 dimit-

2400 4275 2544 4350 buS,
2577 4281 2888 4357 quantum
2920 4275 2999 4338 ad
3031 4275 3286 4358 culpam
3325 4283 3390 4338 et
3427 4295 3683 4359 poenam
3721 4295 3735 4339 ε
3770 4296 3902 4341 non

2400 4375 2492 4437 sic
2534 4373 2948 4456 intelligendo
2986 4375 3156 4457 quod
3195 4375 3334 4438 sine
3368 4376 3744 4457 poenitentia
3787 4397 3906 4461 per

2402 4472 2614 4553 ignem
2649 4471 3084 4554 purgatorium
3117 4479 3594 4548 consumantur,
3608 4476 3720 4538 sed
3750 4477 3905 4558 quia

2401 4590 2516 4654 per
2565 4571 2777 4651 ignem
2825 4571 3056 4634 animae
3100 4570 3408 4651 juvantur
3449 4572 3530 4634 ad
3587 4575 3906 4655 poeniten—

2399 4670 2552 4733 dum
2585 4669 2665 4732 de
2688 4669 3084 4744 'venialibuS,
3116 4670 3196 4733 de
3234 4669 3472 4753 quibus
3512 4671 3578 4733 in
3618 4672 3738 4736 hac
3772 4673 3908 4737 vita

2399 4784 2526 4830 non
2558 4766 3033 4848 poenituerunt3
3065 4775 3129 4830 et
3159 4787 3274 4850 per
3301 4768 3653 4844 caritatem,
3677 4769 3744 4833 in
3776 4791 3908 4854 qua

2399 4873 2801 4929 recesserunt
2849 4884 2886 4926 a
2933 4882 3220 4948 corpore,
3252 4867 3634 4950 poenitentia
3677 4888 3904 4934 earum

2398 4963 2708 5025 formatur
2736 4971 2802 5026 et
2826 4970 3196 5046 acceptatur
3223 4984 3260 5026 a
3289 4966 3435 5029 Deo.
3471 4966 3614 5030 Haec
3644 4963 3903 5033 Richar-

2396 5062 2534 5125 dus.
2556 5097 2633 5108 —
2654 5061 2744 5124 Ex
2774 5061 3012 5145 quibus
3042 5070 3216 5143 patet
3244 5065 3468 5128 modus
3499 5066 3901 5131 remissionis

2393 5159 2766 5234 venialium,
2799 5160 3103 5243 quoniam
3136 5161 3302 5223 Deus
3333 5161 3524 5224 etiam
3555 5172 3699 5246 post
3728 5166 3895 5231 banc

2392 5257 2588 5320 vitam
2617 5257 2837 5320 statuit
2867 5257 2994 5320 illis
3024 5257 3148 5321 tale
3181 5259 3532 5322 remedium
3555 5263 3740 5344 :quia
3770 5283 3892 5328 nec
