4267 6250
567 702 833 809 guahan,

624 2444 741 2488 nior.
770 2443 815 2487 in

566 2508 661 2553 1001
684 2521 727 2558 n,
749 2509 818 2550 28.

566 2678 672 2723 Act.
690 2689 777 2732 xix,
798 2678 839 2720 2.

610 3734 755 3778 Ambe.
785 3733 839 3776 de

570 3797 737 3850 Spiritu
762 3797 808 3840 S.

570 3858 645 3902 lib.
662 3873 691 3910 1,
708 3871 753 3904 ιι.
768 3862 813 3903 ss
824 3891 836 3902 .

568 4069 679 4115 ibid.
701 4084 747 4116 ιι.
768 4074 837 4118 ⁴2.

860 486 941 551 80
1610 504 1675 549 m
1714 502 1937 549 nummu
1980 504 2041 550 lv
2082 501 2565 549 summanum
2607 520 2690 531 —
2728 502 2882 547 msr.
2924 501 2969 547 11
3010 502 3220 547 smum

862 679 1035 743 sicut
1068 678 1329 743 Veritas
1362 678 1525 741 dicit
1558 697 1571 737 ε
1606 677 1986 759 Baptismus
2012 676 2288 742 Joannis
2323 677 2496 740 unde
2533 675 2684 741 est?
2719 675 2890 750 Quia
2931 675 3023 739 ibi
3057 676 3332 740 Joannis
3369 676 3660 757 operatio
3699 675 3954 739 tantum

863 795 1146 860 visibilis
1194 796 1331 860 erat
1379 794 1669 859 exterius
1718 795 2025 873 lavantis,
2073 812 2208 858 non
2256 792 2611 857 invisibilis
2657 793 2867 874 gratia
2920 792 3044 857 Dei
3099 791 3376 856 interius
3425 790 3777 873 operantis.
3829 790 3959 854 Sed

860 912 1081 975 tamen
1134 912 1199 975 et
1245 912 1360 974 illa
1393 910 1668 974 Joannis
1715 910 2007 992 operatio
2050 928 2091 973 a
2134 910 2276 973 Deo
2323 910 2484 987 erat,
2532 910 2598 972 et
2645 908 3015 990 baptismus
3058 907 3172 971 ille
3218 925 3257 971 a
3301 908 3441 973 Deo
3493 907 3653 986 erat,
3692 923 3828 970 non
3877 906 3961 969 ab

863 1025 1129 1090 homine
1165 1027 1456 1107 tantum3
1504 1027 1621 1089 sed
1663 1025 1956 1089 hominis
2002 1025 2220 1090 dictus
2257 1026 2378 1106 est,
2425 1025 2581 1106 quia
2621 1023 2788 1087 nihil
2833 1023 2924 1086 ibi
2965 1024 3310 1105 gerebatur
3347 1023 3526 1104 quod
3564 1039 3698 1086 non
3741 1022 3962 1103 ageret

860 1143 1085 1206 homo.
1128 1144 1199 1207 Si
1236 1160 1388 1207 vero
1427 1142 1768 1225 quaeritur,
1810 1160 1893 1206 an
1934 1143 2417 1207 sacramentum
2456 1141 2694 1223 fuerit3
2733 1140 2894 1204 satis
2935 1141 3152 1221 potest
3193 1140 3484 1219 concedi,
3516 1157 3599 1203 ex
3641 1156 3718 1203 eo
3761 1156 3960 1203 sensu

860 1275 993 1341 quo
1041 1260 1275 1340 legalia
1320 1261 1509 1341 signa
1554 1259 1864 1354 dicuntur
1908 1259 2335 1323 sacramenta.
2385 1252 2810 1339 Significabat
2857 1257 3031 1321 enim
3083 1257 3454 1338 baptismus
3499 1254 3776 1320 Joannis
3823 1271 3962 1319 rem

862 1391 1137 1456 sacram,
1180 1374 1431 1439 scilicet
1476 1374 1881 1457 baptismum
1916 1374 2186 1455 Christi,
2227 1374 2345 1456 qui
2387 1390 2522 1437 non
2557 1374 2816 1436 tantum
2863 1374 2966 1437 est
2999 1372 3425 1454 poenitentiae,
3467 1372 3585 1436 sed
3619 1373 3687 1435 et
3732 1372 3968 1435 remis-

860 1492 1070 1556 sionis
1116 1494 1557 1575 peccatorum.

1259 1736 1335 1799 F.
1378 1739 1480 1800 De
1523 1737 1776 1810 forma
1824 1738 2178 1812 baptismi
2218 1739 2562 1811 JoanniS,
2605 1736 2676 1798 et
2721 1739 2808 1799 de
2855 1736 3256 1809 baptizatis
3302 1737 3394 1800 ab
3441 1748 3549 1797 e0.

993 1960 1122 2023 Hic
1168 1958 1717 2023 considerandum
1765 1960 1885 2039 est,
1930 1960 1989 2023 si
2038 1958 2350 2040 baptizati
2395 1975 2434 2021 a
2472 1959 2748 2037 Joanne,
2788 1957 3029 2021 iterum
3075 1956 3384 2038 baptizati
3421 1958 3577 2020 sunt
3622 1957 3966 2038 Baptismo

750 2066 789 2157 e}
823 2083 834 2156 ζ
863 2076 1132 2156 Christi,
1174 2078 1240 2139 et
1277 2093 1408 2156 qua
1445 2075 1660 2138 forma
1696 2076 2051 2139 verborum
2087 2092 2252 2138 usus
2293 2075 2382 2138 sit
2422 2075 2732 2138 Joannes.
2766 2073 2873 2136 Illi
2915 2073 3030 2153 qui
3071 2073 3382 2155 baptizati
3417 2076 3576 2137 sunt
3613 2091 3652 2137 a
3686 2074 3965 2154 Joanne,

861 2192 1227 2256 nescientes
1278 2191 1598 2272 Spiritum
1660 2192 1973 2255 Sanctum
2023 2208 2190 2271 esse,
2235 2208 2309 2254 ac
2364 2208 2552 2272 spem
2611 2191 2930 2272 ponentes
2980 2190 3047 2251 in
3103 2188 3284 2253 illius
3337 2189 3692 2271 baptism0,
3737 2192 3972 2271 postea

860 2307 1171 2389 baptizati
1208 2309 1365 2371 sunt
1400 2307 1740 2389 Baptismo
1779 2307 2045 2371 Christi.
2080 2308 2462 2389 Baptismus
2498 2308 2720 2370 autem
2749 2307 3024 2369 Joannis
3053 2307 3122 2369 in
3154 2307 3420 2370 nomine
3459 2307 3715 2371 venturi
3754 2306 3972 2371 trade-

864 2422 1075 2487 batur.
1123 2424 1310 2487 Unde
1356 2424 1807 2505 Hieronymus
1852 2442 2051 2505 super
2094 2424 2350 2488 Joelem
2393 2444 2409 2487 ε
2451 2422 2580 2497 Qui
2619 2423 2780 2487 dicit
2819 2441 2891 2487 se
2928 2424 2996 2486 in
3031 2423 3366 2487 Christum
3409 2424 3692 2503 credere,
3724 2426 3791 2488 et
3833 2442 3971 2488 non

867 2542 1072 2606 credit
1108 2542 1177 2605 in
1219 2541 1537 2623 Spiritum
1576 2542 1914 2622 Sanctum,
1950 2542 2245 2606 nondum
2288 2540 2485 2607 habet
2523 2540 2732 2604 claros
2773 2541 3023 2605 oculos,
3066 2541 3253 2605 Unde
3295 2541 3604 2623 baptizati
3641 2559 3680 2605 a
3713 2543 3970 2607 ,Ioanne

867 2658 936 2721 in
974 2659 1240 2722 nomine
1270 2658 1553 2736 venturi,
1583 2658 1654 2721 id
1680 2659 1782 2721 est
1806 2658 2079 2721 Domini
2106 2659 2291 2739 Jesu,
2323 2658 2481 2740 quia
2515 2657 2847 2736 dixerunt,
2879 2658 3007 2721 Sed
3036 2674 3247 2740 neque
3277 2658 3336 2722 si
3365 2658 3652 2740 Spiritus
3687 2658 3972 2723 Sanctus

865 2776 966 2838 est
1010 2775 1410 2855 audivimuS,
1454 2774 1694 2838 iterum
1738 2773 2236 2855 baptizabantur
2275 2794 2290 2835 ε
2335 2774 2469 2837 imo
2518 2790 2747 2837 verum
2793 2774 3133 2855 Baptisma
3181 2774 3609 2855 accipiebant.
3654 2775 3758 2838 Illi
3809 2794 3970 2839 vero

865 2892 979 2972 qui
1026 2909 1209 2974 spem
1261 2908 1393 2955 non
1440 2892 1802 2973 posuerunt
1853 2892 1921 2953 in
1969 2891 2302 2973 baptismo
2353 2890 2652 2968 Joannis,
2706 2891 2771 2955 et
2815 2890 3078 2955 Patrem
3130 2892 3196 2954 et
3239 2891 3486 2955 Fiiium
3532 2893 3601 2955 et
3645 2892 3972 2974 Spiritum

864 3008 1177 3073 Sanctum
1222 3008 1592 3088 credebant,
1631 3024 1764 3070 non
1809 3007 2119 3089 baptizati
2169 3008 2474 3089 fuerunt;
2517 3007 2634 3071 sed
2678 3008 3101 3088 impositione
3149 3024 3468 3072 manuum
3511 3008 3595 3073 ab
3629 3009 3974 3091 Apostolis

864 3143 1064 3207 super
1107 3143 1221 3190 eos
1276 3125 1469 3204 facta,
1514 3123 1837 3206 Spiritum
1888 3123 2202 3187 Sanctum
2255 3126 2659 3206 receperunt.
2710 3122 2845 3186 Alii
2894 3141 3047 3188 vero
3105 3125 3220 3206 qui
3265 3142 3397 3188 non
3452 3126 3546 3188 ita
3594 3126 3968 3206 credebant,

762 3261 775 3301 i
822 3291 833 3303 .
864 3241 1171 3322 baptizati
1218 3243 1375 3306 sunt
1414 3241 1756 3322 Baptismo
1795 3240 2063 3321 Christi,
2096 3241 2172 3304 ut
2207 3240 2598 3323 praedictum
2644 3242 2766 3304 est.
2813 3241 3000 3304 Unde
3037 3241 3486 3322 Hieronymus
3528 3263 3544 3303 ε
3593 3242 3722 3317 Qui
3759 3243 3972 3325 Spiri-

864 3361 1007 3422 tum
1055 3359 1368 3423 Sanctum
1410 3355 1787 3421 nesciebant
1832 3374 2039 3437 quum
2086 3356 2493 3438 baptismum
2531 3375 2571 3420 a
2610 3358 2862 3421 Joanne
2908 3358 3318 3440 acceperunt,
3369 3359 3610 3423 iterum
3656 3358 3972 3440 baptizati

864 3476 1020 3538 sunt
1058 3473 1398 3556 Baptismo
1444 3472 1711 3553 Christi,
1756 3473 1831 3535 ut
1876 3473 2264 3554 praedictum
2315 3474 2437 3554 est,
2483 3491 2565 3537 ne
2611 3474 2763 3555 quis
2812 3491 2892 3536 ex
2929 3473 3181 3538 Judaeis
3217 3475 3321 3538 vel
3367 3475 3673 3556 gentibus
3709 3477 3974 3557 putaret

865 3607 1105 3672 aquam
1142 3591 1285 3653 sine
1323 3589 1575 3671 Spiritu
1618 3589 1856 3652 Sancto
1895 3589 1979 3652 ad
2016 3588 2294 3652 salutem
2338 3607 2533 3671 posse
2574 3589 2889 3654 sufficere.
2924 3589 3022 3654 De
3065 3590 3190 3654 hoc
3232 3591 3431 3654 etiam
3469 3591 3861 3656 Ambrosius
3899 3592 3974 3654 in

867 3706 1081 3787 primo
1120 3705 1288 3769 libro
1336 3705 1417 3768 de
1473 3704 1724 3786 Spiritu
1772 3703 2010 3769 Sancto
2063 3724 2078 3764 :
2130 3702 2414 3777 Quidam
2471 3706 2875 3786 negaverunt
2919 3722 2990 3768 se
3043 3705 3210 3768 scire
3257 3705 3578 3787 Spiritum
3623 3707 3970 3788 Sanctum,

866 3840 1075 3905 quum
1111 3823 1475 3904 baptizatos
1510 3838 1581 3885 se
1616 3820 1909 3884 dicerent
1944 3819 2274 3901 baptismo
2315 3820 2612 3898 Joannis,
2647 3820 2763 3901 qui
2801 3820 2868 3882 in
2905 3821 3315 3886 advenientis
3347 3823 3531 3903 Jesu,
3570 3840 3704 3886 non
3739 3823 3806 3886 in
3845 3841 3974 3888 suo

866 3939 1219 4022 baptizavit
1264 3939 1557 4002 nomine.
1601 3937 1721 4001 Isti
1758 3955 1936 4018 erg0,
1974 3937 2131 4018 quia
2177 3953 2299 4000 nec
2335 3937 2404 3999 in
2440 3935 2686 4000 Christi
2732 3937 3001 4000 nomine
3049 3954 3263 4018 neque
3309 3956 3456 4002 cum
3507 3935 3634 4003 fide
3681 3939 3976 4022 Spiritus

866 4055 1087 4121 Sancti
1124 4054 1435 4136 baptizati
1484 4053 1766 4131 fuerant,
1816 4069 1947 4114 non
1984 4053 2340 4133 potuerunt
2381 4052 2672 4132 accipere
2719 4050 3042 4133 Baptismi
3089 4056 3572 4119 sacramentum
3605 4076 3620 4118 :
3657 4055 3974 4137 baptizati

865 4173 1021 4237 sunt
1070 4188 1225 4252 ergo
1273 4170 1341 4233 in
1388 4170 1656 4233 nomine
1698 4168 1966 4248 Christi,
2006 4184 2127 4232 nec
2170 4168 2476 4232 iteratum
2519 4169 2621 4232 est
2657 4168 2725 4230 in
2763 4168 2869 4232 his
2906 4169 3267 4252 Baptisma,
3307 4172 3424 4235 sed
3465 4173 3875 4238 innovatum.

2387 4415 2439 4477 A
2470 4414 2545 4476 Et
2583 4415 2792 4496 primo
2832 4417 3122 4480 nominat
3159 4426 3407 4500 septem
3445 4420 3580 4484 haec
3613 4439 3975 4485 sacramen·

1438 4488 1797 4555 SUMMA
2466 4521 2547 4575 ta.
2575 4513 2865 4579 Secundo
2894 4516 3192 4591 declarat,
3218 4537 3333 4580 cur
3363 4519 3645 4601 primum
3678 4519 3976 4584 instituta

1092 4655 1697 4714 DISTINCTIONIS
1745 4654 2135 4710 SECUNDAE
2443 4605 2596 4674 'sint
2644 4620 2788 4694 post
2835 4614 3064 4677 Christi
3112 4615 3480 4680 adventum.
3523 4619 3828 4692 Quocirca
3869 4637 3974 4682 os-

2467 4711 2690 4786 tendit,
2735 4712 3007 4793 qualiter
3055 4714 3526 4779 Matrimonium
3577 4735 3688 4780 seu
3734 4717 3974 4800 Conju-

2466 4809 2644 4890 gium
2701 4811 2945 4873 exstitit
3003 4812 3363 4877 institutum
3422 4822 3569 4878 ante
3625 4815 3974 4880 Salvatoris

992 4913 1343 4988 OSTQUAM
1383 4911 1764 4994 praecedenti
1798 4909 2210 4973 distinetione
2241 4918 2362 4973 tra·
2469 4909 2838 4986 adventum,
2889 4918 2951 4973 et
3009 4914 3329 4993 quomodo
3385 4933 3576 4977 nunc.
3629 4915 3974 4998 Quumque

1019 5013 1214 5077 ctavit
1260 5011 1551 5092 Magister
1598 5010 1676 5073 de
1734 5009 2146 5073 sacramentis
2206 5009 2362 5090 legis
2471 5005 2877 5071 beatissimus
2914 5010 3183 5072 Joannes
3222 5029 3338 5075 suo
3375 5005 3694 5096 baptismo
3733 5013 3977 5078 Christi

866 5112 1118 5195 seriptae
1158 5117 1224 5173 et
1270 5109 1463 5172 etiam
1514 5108 1671 5190 legis
1720 5114 1981 5182 naturae,
2023 5126 2196 5170 nunc
2243 5115 2364 5169 tra·
2470 5106 2865 5188 Baptismum
2912 5109 3408 5190 praesignaverit,
3449 5112 3982 5194 praenuntiaverit

866 5218 1035 5275 ctare
1094 5207 1319 5291 incipit
1374 5207 1453 5270 de
1509 5206 1923 5270 sacramentis
1980 5205 2363 5286 evangelicae
2471 5213 2660 5288 atque
2689 5206 2998 5282 docuerit,
3031 5209 3240 5290 primo
3269 5229 3342 5272 ac
3375 5209 3652 5274 breviter
3681 5211 3760 5274 de
3785 5213 3978 5276 Joan-

867 5310 1048 5394 legis,
1092 5305 1517 5392 praefiguratis
1566 5313 1631 5368 et
1674 5305 2017 5386 designatis
2068 5323 2184 5387 per
2231 5303 2357 5366 illa.
2471 5305 2572 5368 nis
2613 5303 2994 5388 baptismate
3036 5314 3338 5391 tanquam
3378 5310 3457 5372 de
3493 5311 3770 5394 quodam
3813 5331 3982 5394 prae-
