<?xml version="1.0" encoding="UTF-8"?>
<!DOCTYPE html PUBLIC "-//W3C//DTD XHTML 1.0 Transitional//EN"
    "http://www.w3.org/TR/xhtml1/DTD/xhtml1-transitional.dtd">
<html xmlns="http://www.w3.org/1999/xhtml" xml:lang="en" lang="en">
 <head>
  <title>
</title>
<meta http-equiv="Content-Type" content="text/html;charset=utf-8" />
  <meta name='ocr-system' content='tesseract 3.04.00' />
  <meta name='ocr-capabilities' content='ocr_page ocr_carea ocr_par ocr_line ocrx_word'/>
</head>
<body>
  <div class='ocr_page' id='page_1' title='image "./doctorisecstati04unkngoog_0038.png"; bbox 0 0 4267 6250; ppageno 0'>
   <div class='ocr_carea' id='block_1_1' title="bbox 835 475 3193 548">
    <p class='ocr_par' dir='ltr' id='par_1_1' title="bbox 835 475 3193 548">
     <span class='ocr_line' id='line_1_1' title="bbox 835 475 3193 548; baseline 0.001 -3"><span class='ocrx_word' id='word_1_1' title='bbox 835 475 918 545; x_wconf 78' lang='lat'>22</span> <span class='ocrx_word' id='word_1_2' title='bbox 1597 500 1875 548; x_wconf 66' lang='lat' dir='ltr'>amon</span> <span class='ocrx_word' id='word_1_3' title='bbox 1913 499 2383 548; x_wconf 66' lang='lat' dir='ltr'>ms&#39;rmcnormu</span> <span class='ocrx_word' id='word_1_4' title='bbox 2422 501 2585 547; x_wconf 74' lang='lat' dir='ltr'>unm</span> <span class='ocrx_word' id='word_1_5' title='bbox 2624 501 2685 547; x_wconf 72' lang='grc' dir='ltr'>ιν</span> <span class='ocrx_word' id='word_1_6' title='bbox 2726 500 3193 548; x_wconf 67' lang='lat' dir='ltr'>smmrffluu</span> 
     </span>
    </p>
   </div>
   <div class='ocr_carea' id='block_1_2' title="bbox 1226 682 1944 746">
    <p class='ocr_par' dir='ltr' id='par_1_2' title="bbox 1226 682 1944 746">
     <span class='ocr_line' id='line_1_2' title="bbox 1226 682 1944 746; baseline -0.001 0"><span class='ocrx_word' id='word_1_7' title='bbox 1226 682 1649 746; x_wconf 89' lang='lat' dir='ltr'><strong>DISTINCTIO</strong></span> <span class='ocrx_word' id='word_1_8' title='bbox 1693 683 1944 746; x_wconf 90' lang='lat' dir='ltr'><strong>XLVIII.</strong></span> 
     </span>
    </p>
   </div>
   <div class='ocr_carea' id='block_1_3' title="bbox 895 833 2275 919">
    <p class='ocr_par' dir='ltr' id='par_1_3' title="bbox 895 833 2275 919">
     <span class='ocr_line' id='line_1_3' title="bbox 895 833 2275 919; baseline -0.001 -21"><span class='ocrx_word' id='word_1_9' title='bbox 895 833 1068 898; x_wconf 87' lang='lat' dir='ltr'>Solet</span> <span class='ocrx_word' id='word_1_10' title='bbox 1108 835 1302 900; x_wconf 89' lang='lat' dir='ltr'>etiam</span> <span class='ocrx_word' id='word_1_11' title='bbox 1348 835 1570 919; x_wconf 85' lang='lat' dir='ltr'>quaeri,</span> <span class='ocrx_word' id='word_1_12' title='bbox 1612 835 1677 899; x_wconf 92' lang='lat' dir='ltr'>in</span> <span class='ocrx_word' id='word_1_13' title='bbox 1720 855 1848 918; x_wconf 89' lang='lat' dir='ltr'>qua</span> <span class='ocrx_word' id='word_1_14' title='bbox 1888 836 2115 906; x_wconf 86' lang='lat' dir='ltr'>forma,</span> <span class='ocrx_word' id='word_1_15' title='bbox 2157 842 2275 898; x_wconf 87' lang='lat' dir='ltr'>etc.</span> 
     </span>
    </p>
   </div>
   <div class='ocr_carea' id='block_1_4' title="bbox 837 1039 2339 1826">
    <p class='ocr_par' dir='ltr' id='par_1_4' title="bbox 996 1039 2335 1114">
     <span class='ocr_line' id='line_1_4' title="bbox 996 1039 2335 1114; baseline -0.001 -19"><span class='ocrx_word' id='word_1_16' title='bbox 996 1039 1187 1097; x_wconf 85' lang='lat' dir='ltr'>forma</span> <span class='ocrx_word' id='word_1_17' title='bbox 1215 1040 1454 1114; x_wconf 89' lang='lat' dir='ltr'>quidem</span> <span class='ocrx_word' id='word_1_18' title='bbox 1497 1041 1760 1098; x_wconf 87' lang='lat' dir='ltr'>humana</span> <span class='ocrx_word' id='word_1_19' title='bbox 1785 1039 2045 1098; x_wconf 89' lang='lat' dir='ltr'>Christus</span> <span class='ocrx_word' id='word_1_20' title='bbox 2070 1043 2194 1096; x_wconf 86' lang='lat' dir='ltr'>tam</span> <span class='ocrx_word' id='word_1_21' title='bbox 2237 1039 2335 1095; x_wconf 92' lang='lat' dir='ltr'>bo-</span> 
     </span>
    </p>

    <p class='ocr_par' dir='ltr' id='par_1_5' title="bbox 837 1129 2339 1826">
     <span class='ocr_line' id='line_1_5' title="bbox 937 1129 2337 1204; baseline 0.001 -20"><span class='ocrx_word' id='word_1_22' title='bbox 937 1129 1028 1184; x_wconf 86' lang='lat' dir='ltr'>nis</span> <span class='ocrx_word' id='word_1_23' title='bbox 1060 1147 1236 1203; x_wconf 86' lang='lat' dir='ltr'>quam</span> <span class='ocrx_word' id='word_1_24' title='bbox 1271 1131 1443 1187; x_wconf 85' lang='lat' dir='ltr'>malis</span> <span class='ocrx_word' id='word_1_25' title='bbox 1464 1131 1750 1204; x_wconf 87' lang='lat' dir='ltr'>gloriosus</span> <span class='ocrx_word' id='word_1_26' title='bbox 1779 1129 2076 1203; x_wconf 90' lang='lat' dir='ltr'>injudicio</span> <span class='ocrx_word' id='word_1_27' title='bbox 2098 1145 2337 1201; x_wconf 86' lang='lat' dir='ltr'>appare-</span> 
     </span>
     <span class='ocr_line' id='line_1_6' title="bbox 838 1218 2333 1294; baseline -0.001 -19"><span class='ocrx_word' id='word_1_28' title='bbox 838 1218 940 1284; x_wconf 87' lang='lat' dir='ltr'>bit,</span> <span class='ocrx_word' id='word_1_29' title='bbox 959 1222 1063 1276; x_wconf 84' lang='lat' dir='ltr'>sed</span> <span class='ocrx_word' id='word_1_30' title='bbox 1085 1220 1296 1277; x_wconf 77' lang='lat' dir='ltr'>virtute</span> <span class='ocrx_word' id='word_1_31' title='bbox 1327 1218 1644 1276; x_wconf 78' lang='lat' dir='ltr'>divinitatis</span> <span class='ocrx_word' id='word_1_32' title='bbox 1664 1219 1985 1294; x_wconf 87' lang='lat' dir='ltr'>judicabit:</span> <span class='ocrx_word' id='word_1_33' title='bbox 2007 1220 2333 1276; x_wconf 88' lang='lat' dir='ltr'>secundum</span> 
     </span>
     <span class='ocr_line' id='line_1_7' title="bbox 839 1307 2335 1382; baseline -0.002 -17"><span class='ocrx_word' id='word_1_34' title='bbox 839 1310 997 1382; x_wconf 85' lang='lat' dir='ltr'>quod</span> <span class='ocrx_word' id='word_1_35' title='bbox 1023 1311 1082 1366; x_wconf 90' lang='lat' dir='ltr'>et</span> <span class='ocrx_word' id='word_1_36' title='bbox 1107 1309 1481 1366; x_wconf 80' lang='lat' dir='ltr'>auctoritates</span> <span class='ocrx_word' id='word_1_37' title='bbox 1521 1325 1651 1382; x_wconf 80' lang='lat' dir='ltr'>quae</span> <span class='ocrx_word' id='word_1_38' title='bbox 1683 1309 1907 1366; x_wconf 88' lang='lat' dir='ltr'>Christo</span> <span class='ocrx_word' id='word_1_39' title='bbox 1927 1307 2221 1382; x_wconf 90' lang='lat' dir='ltr'>judicium</span> <span class='ocrx_word' id='word_1_40' title='bbox 2251 1311 2335 1364; x_wconf 87' lang='lat' dir='ltr'>at-</span> 
     </span>
     <span class='ocr_line' id='line_1_8' title="bbox 839 1397 2337 1472; baseline -0.001 -18"><span class='ocrx_word' id='word_1_41' title='bbox 839 1397 1122 1464; x_wconf 85' lang='lat' dir='ltr'>tribuunt,</span> <span class='ocrx_word' id='word_1_42' title='bbox 1153 1401 1292 1455; x_wconf 81' lang='lat' dir='ltr'>sunt</span> <span class='ocrx_word' id='word_1_43' title='bbox 1327 1397 1742 1472; x_wconf 69' lang='lat' dir='ltr'>intelligendae.</span> <span class='ocrx_word' id='word_1_44' title='bbox 1769 1399 1966 1471; x_wconf 82' lang='lat' dir='ltr'><strong>Neque</strong></span> <span class='ocrx_word' id='word_1_45' title='bbox 2003 1397 2128 1454; x_wconf 88' lang='lat' dir='ltr'>sine</span> <span class='ocrx_word' id='word_1_46' title='bbox 2167 1397 2337 1453; x_wconf 89' lang='lat' dir='ltr'>Patre</span> 
     </span>
     <span class='ocr_line' id='line_1_9' title="bbox 837 1485 2338 1561; baseline -0.001 -17"><span class='ocrx_word' id='word_1_47' title='bbox 837 1489 895 1544; x_wconf 86' lang='lat' dir='ltr'>et</span> <span class='ocrx_word' id='word_1_48' title='bbox 924 1487 1143 1560; x_wconf 91' lang='lat' dir='ltr'>Spiritu</span> <span class='ocrx_word' id='word_1_49' title='bbox 1171 1489 1382 1545; x_wconf 89' lang='lat' dir='ltr'>Sancto</span> <span class='ocrx_word' id='word_1_50' title='bbox 1411 1487 1703 1561; x_wconf 90' lang='lat' dir='ltr'>judicium</span> <span class='ocrx_word' id='word_1_51' title='bbox 1745 1486 2051 1544; x_wconf 82' lang='lat' dir='ltr'>exercebit.</span> <span class='ocrx_word' id='word_1_52' title='bbox 2081 1485 2204 1543; x_wconf 88' lang='lat' dir='ltr'>Erit</span> <span class='ocrx_word' id='word_1_53' title='bbox 2240 1501 2338 1542; x_wconf 88' lang='lat' dir='ltr'>au-</span> 
     </span>
     <span class='ocr_line' id='line_1_10' title="bbox 838 1575 2339 1652; baseline 0 -20"><span class='ocrx_word' id='word_1_54' title='bbox 838 1579 958 1634; x_wconf 91' lang='lat' dir='ltr'>tem</span> <span class='ocrx_word' id='word_1_55' title='bbox 990 1576 1206 1635; x_wconf 78' lang='lat' dir='ltr'>laetitiae</span> <span class='ocrx_word' id='word_1_56' title='bbox 1233 1577 1411 1652; x_wconf 86' lang='lat' dir='ltr'>justis</span> <span class='ocrx_word' id='word_1_57' title='bbox 1434 1578 1536 1634; x_wconf 90' lang='lat' dir='ltr'>illa</span> <span class='ocrx_word' id='word_1_58' title='bbox 1563 1576 1867 1650; x_wconf 81' lang='lat' dir='ltr'>apparitio,</span> <span class='ocrx_word' id='word_1_59' title='bbox 1899 1579 1957 1633; x_wconf 90' lang='lat' dir='ltr'>et</span> <span class='ocrx_word' id='word_1_60' title='bbox 1981 1575 2189 1633; x_wconf 88' lang='lat' dir='ltr'>terrori</span> <span class='ocrx_word' id='word_1_61' title='bbox 2218 1591 2339 1632; x_wconf 88' lang='lat' dir='ltr'>ma-</span> 
     </span>
     <span class='ocr_line' id='line_1_11' title="bbox 839 1665 2339 1740; baseline -0.001 -18"><span class='ocrx_word' id='word_1_62' title='bbox 839 1665 929 1729; x_wconf 91' lang='lat' dir='ltr'>lis,</span> <span class='ocrx_word' id='word_1_63' title='bbox 970 1666 1071 1738; x_wconf 89' lang='lat' dir='ltr'>qui</span> <span class='ocrx_word' id='word_1_64' title='bbox 1117 1683 1223 1724; x_wconf 88' lang='lat' dir='ltr'>nec</span> <span class='ocrx_word' id='word_1_65' title='bbox 1269 1684 1532 1740; x_wconf 89' lang='lat' dir='ltr'>unquam</span> <span class='ocrx_word' id='word_1_66' title='bbox 1573 1666 1782 1724; x_wconf 85' lang='lat' dir='ltr'>Christi</span> <span class='ocrx_word' id='word_1_67' title='bbox 1827 1665 2022 1723; x_wconf 80' lang='lat' dir='ltr'>videre</span> <span class='ocrx_word' id='word_1_68' title='bbox 2064 1667 2339 1737; x_wconf 88' lang='lat' dir='ltr'>poterunt</span> 
     </span>
     <span class='ocr_line' id='line_1_12' title="bbox 839 1754 2335 1826; baseline -0.002 -14"><span class='ocrx_word' id='word_1_69' title='bbox 839 1755 1223 1813; x_wconf 78' lang='lat' dir='ltr'>divinitatem.</span> <span class='ocrx_word' id='word_1_70' title='bbox 1255 1756 1478 1814; x_wconf 87' lang='lat' dir='ltr'>Virtute</span> <span class='ocrx_word' id='word_1_71' title='bbox 1513 1755 1692 1814; x_wconf 88' lang='lat' dir='ltr'>etiam</span> <span class='ocrx_word' id='word_1_72' title='bbox 1733 1754 2052 1812; x_wconf 82' lang='lat' dir='ltr'>divinitatis</span> <span class='ocrx_word' id='word_1_73' title='bbox 2088 1754 2209 1826; x_wconf 88' lang='lat' dir='ltr'>ipse</span> <span class='ocrx_word' id='word_1_74' title='bbox 2238 1769 2335 1810; x_wconf 83' lang='lat' dir='ltr'>su-</span> 
     </span>
    </p>
   </div>
   <div class='ocr_carea' id='block_1_5' title="bbox 838 1839 2409 1919">
    <p class='ocr_par' dir='ltr' id='par_1_6' title="bbox 838 1839 2409 1919">
     <span class='ocr_line' id='line_1_13' title="bbox 838 1839 2409 1919; baseline 0.001 -19"><span class='ocrx_word' id='word_1_75' title='bbox 838 1844 1071 1901; x_wconf 84' lang='lat' dir='ltr'>scitabit</span> <span class='ocrx_word' id='word_1_76' title='bbox 1089 1850 1352 1903; x_wconf 84' lang='lat' dir='ltr'>mortuos</span> <span class='ocrx_word' id='word_1_77' title='bbox 1372 1863 1386 1903; x_wconf 91' lang='lat'><strong>:</strong></span> <span class='ocrx_word' id='word_1_78' title='bbox 1410 1848 1566 1919; x_wconf 92' lang='lat' dir='ltr'>quod</span> <span class='ocrx_word' id='word_1_79' title='bbox 1587 1862 1693 1919; x_wconf 90' lang='lat' dir='ltr'>pro</span> <span class='ocrx_word' id='word_1_80' title='bbox 1711 1862 1778 1902; x_wconf 91' lang='lat' dir='ltr'>eo</span> <span class='ocrx_word' id='word_1_81' title='bbox 1798 1843 2151 1902; x_wconf 77' lang='lat' dir='ltr'>humanitati</span> <span class='ocrx_word' id='word_1_82' title='bbox 2172 1843 2334 1900; x_wconf 88' lang='lat' dir='ltr'>attri·</span> <span class='ocrx_word' id='word_1_83' title='bbox 2362 1839 2409 1902; x_wconf 90' lang='grc' dir='ltr'><strong>Β</strong></span> 
     </span>
    </p>
   </div>
   <div class='ocr_carea' id='block_1_6' title="bbox 834 1933 2337 2886">
    <p class='ocr_par' dir='ltr' id='par_1_7' title="bbox 834 1933 2337 2886">
     <span class='ocr_line' id='line_1_14' title="bbox 837 1933 2333 2009; baseline -0.002 -19"><span class='ocrx_word' id='word_1_84' title='bbox 837 1935 1052 1999; x_wconf 89' lang='lat' dir='ltr'>buitur,</span> <span class='ocrx_word' id='word_1_85' title='bbox 1093 1935 1230 2009; x_wconf 87' lang='lat' dir='ltr'>quia</span> <span class='ocrx_word' id='word_1_86' title='bbox 1272 1935 1330 1992; x_wconf 89' lang='lat' dir='ltr'>in</span> <span class='ocrx_word' id='word_1_87' title='bbox 1383 1936 1492 1993; x_wconf 86' lang='lat' dir='ltr'>hac</span> <span class='ocrx_word' id='word_1_88' title='bbox 1537 1933 2019 1993; x_wconf 84' lang='lat' dir='ltr'>resurrectionem</span> <span class='ocrx_word' id='word_1_89' title='bbox 2070 1935 2333 1990; x_wconf 84' lang='lat' dir='ltr'>nostram</span> 
     </span>
     <span class='ocr_line' id='line_1_15' title="bbox 838 2023 2334 2097; baseline -0.001 -17"><span class='ocrx_word' id='word_1_90' title='bbox 838 2025 1071 2090; x_wconf 87' lang='lat' dir='ltr'>meruit,</span> <span class='ocrx_word' id='word_1_91' title='bbox 1104 2029 1163 2082; x_wconf 89' lang='lat' dir='ltr'>et</span> <span class='ocrx_word' id='word_1_92' title='bbox 1198 2028 1285 2083; x_wconf 85' lang='lat' dir='ltr'>est</span> <span class='ocrx_word' id='word_1_93' title='bbox 1321 2042 1497 2083; x_wconf 81' lang='lat' dir='ltr'>causa</span> <span class='ocrx_word' id='word_1_94' title='bbox 1533 2024 1886 2097; x_wconf 84' lang='lat' dir='ltr'>exemplaris</span> <span class='ocrx_word' id='word_1_95' title='bbox 1923 2023 2122 2096; x_wconf 65' lang='lat' dir='ltr'>ipsius</span> <span class='ocrx_word' id='word_1_96' title='bbox 2156 2024 2334 2096; x_wconf 89' lang='lat' dir='ltr'>Cujus</span> 
     </span>
     <span class='ocr_line' id='line_1_16' title="bbox 837 2112 2337 2187; baseline -0.003 -16"><span class='ocrx_word' id='word_1_97' title='bbox 837 2113 1074 2187; x_wconf 89' lang='lat' dir='ltr'>quidem</span> <span class='ocrx_word' id='word_1_98' title='bbox 1106 2114 1318 2187; x_wconf 89' lang='lat' dir='ltr'>judicii</span> <span class='ocrx_word' id='word_1_99' title='bbox 1359 2115 1518 2172; x_wconf 87' lang='lat' dir='ltr'>locus</span> <span class='ocrx_word' id='word_1_100' title='bbox 1555 2115 1666 2172; x_wconf 88' lang='lat' dir='ltr'>erit</span> <span class='ocrx_word' id='word_1_101' title='bbox 1692 2113 1752 2169; x_wconf 91' lang='lat' dir='ltr'>in</span> <span class='ocrx_word' id='word_1_102' title='bbox 1779 2113 1928 2170; x_wconf 71' lang='lat' dir='ltr'>valle</span> <span class='ocrx_word' id='word_1_103' title='bbox 1955 2112 2247 2184; x_wconf 80' lang='lat' dir='ltr'>Josaphat,</span> <span class='ocrx_word' id='word_1_104' title='bbox 2278 2115 2337 2168; x_wconf 90' lang='lat' dir='ltr'>et</span> 
     </span>
     <span class='ocr_line' id='line_1_17' title="bbox 838 2200 2333 2262; baseline -0.001 -2"><span class='ocrx_word' id='word_1_105' title='bbox 838 2205 898 2260; x_wconf 94' lang='lat' dir='ltr'>in</span> <span class='ocrx_word' id='word_1_106' title='bbox 937 2220 1068 2261; x_wconf 89' lang='lat' dir='ltr'>aere</span> <span class='ocrx_word' id='word_1_107' title='bbox 1108 2202 1508 2262; x_wconf 82' lang='lat' dir='ltr'>circumcirca.</span> <span class='ocrx_word' id='word_1_108' title='bbox 1538 2205 1696 2261; x_wconf 86' lang='lat' dir='ltr'>Tunc</span> <span class='ocrx_word' id='word_1_109' title='bbox 1732 2205 1930 2260; x_wconf 86' lang='lat' dir='ltr'>autem</span> <span class='ocrx_word' id='word_1_110' title='bbox 1975 2202 2058 2258; x_wconf 84' lang='lat' dir='ltr'>sol</span> <span class='ocrx_word' id='word_1_111' title='bbox 2099 2205 2157 2259; x_wconf 90' lang='lat' dir='ltr'>et</span> <span class='ocrx_word' id='word_1_112' title='bbox 2193 2200 2333 2258; x_wconf 89' lang='lat' dir='ltr'>luna</span> 
     </span>
     <span class='ocr_line' id='line_1_18' title="bbox 837 2289 2334 2356; baseline -0.003 -7"><span class='ocrx_word' id='word_1_113' title='bbox 837 2308 873 2349; x_wconf 87' lang='lat' dir='ltr'>a</span> <span class='ocrx_word' id='word_1_114' title='bbox 909 2292 1172 2350; x_wconf 88' lang='lat' dir='ltr'>claritate</span> <span class='ocrx_word' id='word_1_115' title='bbox 1209 2293 1429 2350; x_wconf 80' lang='lat' dir='ltr'>Judicis</span> <span class='ocrx_word' id='word_1_116' title='bbox 1474 2292 1958 2356; x_wconf 88' lang='lat' dir='ltr'>obscurabuntur,</span> <span class='ocrx_word' id='word_1_117' title='bbox 2001 2294 2059 2347; x_wconf 90' lang='lat' dir='ltr'>et</span> <span class='ocrx_word' id='word_1_118' title='bbox 2092 2289 2334 2347; x_wconf 77' lang='lat' dir='ltr'>virtutes</span> 
     </span>
     <span class='ocr_line' id='line_1_19' title="bbox 838 2381 2331 2456; baseline -0.003 -17"><span class='ocrx_word' id='word_1_119' title='bbox 838 2383 1118 2455; x_wconf 79' lang='lat' dir='ltr'>angelicae</span> <span class='ocrx_word' id='word_1_120' title='bbox 1171 2382 1560 2439; x_wconf 85' lang='lat' dir='ltr'>admiratione</span> <span class='ocrx_word' id='word_1_121' title='bbox 1615 2383 1872 2456; x_wconf 85' lang='lat' dir='ltr'>quadam</span> <span class='ocrx_word' id='word_1_122' title='bbox 1929 2381 2331 2436; x_wconf 78' lang='lat' dir='ltr'>movebuntur.</span> 
     </span>
     <span class='ocr_line' id='line_1_20' title="bbox 839 2468 2333 2542; baseline -0.004 -14"><span class='ocrx_word' id='word_1_123' title='bbox 839 2471 1321 2529; x_wconf 87' lang='lat' dir='ltr'>Obscurabuntur</span> <span class='ocrx_word' id='word_1_124' title='bbox 1348 2473 1544 2528; x_wconf 87' lang='lat' dir='ltr'>autem</span> <span class='ocrx_word' id='word_1_125' title='bbox 1575 2474 1632 2528; x_wconf 90' lang='lat' dir='ltr'>et</span> <span class='ocrx_word' id='word_1_126' title='bbox 1658 2474 1793 2527; x_wconf 90' lang='lat' dir='ltr'>ante</span> <span class='ocrx_word' id='word_1_127' title='bbox 1813 2469 2108 2542; x_wconf 89' lang='lat' dir='ltr'>judicium</span> <span class='ocrx_word' id='word_1_128' title='bbox 2136 2471 2213 2525; x_wconf 90' lang='lat' dir='ltr'>ad</span> <span class='ocrx_word' id='word_1_129' title='bbox 2241 2468 2333 2523; x_wconf 90' lang='lat' dir='ltr'>lit-</span> 
     </span>
     <span class='ocr_line' id='line_1_21' title="bbox 837 2559 2333 2634; baseline -0.002 -18"><span class='ocrx_word' id='word_1_130' title='bbox 837 2562 1044 2626; x_wconf 87' lang='lat' dir='ltr'>teram,</span> <span class='ocrx_word' id='word_1_131' title='bbox 1087 2565 1216 2634; x_wconf 85' lang='lat' dir='ltr'>post</span> <span class='ocrx_word' id='word_1_132' title='bbox 1233 2561 1528 2634; x_wconf 89' lang='lat' dir='ltr'>judicium</span> <span class='ocrx_word' id='word_1_133' title='bbox 1557 2577 1692 2618; x_wconf 81' lang='lat' dir='ltr'>vero</span> <span class='ocrx_word' id='word_1_134' title='bbox 1718 2559 1932 2616; x_wconf 88' lang='lat' dir='ltr'>clarius</span> <span class='ocrx_word' id='word_1_135' title='bbox 1960 2559 2255 2616; x_wconf 88' lang='lat' dir='ltr'>lucebunt.</span> <span class='ocrx_word' id='word_1_136' title='bbox 2268 2559 2333 2614; x_wconf 87' lang='lat' dir='ltr'>Et</span> 
     </span>
     <span class='ocr_line' id='line_1_22' title="bbox 840 2649 2334 2722; baseline -0.002 -15"><span class='ocrx_word' id='word_1_137' title='bbox 840 2651 1099 2722; x_wconf 90' lang='lat' dir='ltr'>quidem,</span> <span class='ocrx_word' id='word_1_138' title='bbox 1123 2652 1315 2722; x_wconf 85' lang='lat' dir='ltr'>quoad</span> <span class='ocrx_word' id='word_1_139' title='bbox 1346 2653 1594 2716; x_wconf 89' lang='lat' dir='ltr'>motum,</span> <span class='ocrx_word' id='word_1_140' title='bbox 1622 2650 1955 2716; x_wconf 88' lang='lat' dir='ltr'>cessabunt;</span> <span class='ocrx_word' id='word_1_141' title='bbox 1989 2649 2182 2721; x_wconf 89' lang='lat' dir='ltr'>quoad</span> <span class='ocrx_word' id='word_1_142' title='bbox 2209 2664 2334 2705; x_wconf 88' lang='lat' dir='ltr'>esse</span> 
     </span>
     <span class='ocr_line' id='line_1_23' title="bbox 836 2738 2337 2812; baseline -0.001 -16"><span class='ocrx_word' id='word_1_143' title='bbox 836 2743 1053 2804; x_wconf 84' lang='lat' dir='ltr'>autem,</span> <span class='ocrx_word' id='word_1_144' title='bbox 1094 2756 1326 2812; x_wconf 85' lang='lat' dir='ltr'>semper</span> <span class='ocrx_word' id='word_1_145' title='bbox 1371 2741 1694 2796; x_wconf 89' lang='lat' dir='ltr'>manebunt</span> <span class='ocrx_word' id='word_1_146' title='bbox 1729 2741 1806 2796; x_wconf 91' lang='lat' dir='ltr'>ad</span> <span class='ocrx_word' id='word_1_147' title='bbox 1844 2738 1942 2796; x_wconf 89' lang='lat' dir='ltr'>Dei</span> <span class='ocrx_word' id='word_1_148' title='bbox 1992 2738 2239 2812; x_wconf 80' lang='lat' dir='ltr'>gloriam</span> <span class='ocrx_word' id='word_1_149' title='bbox 2279 2741 2337 2796; x_wconf 92' lang='lat' dir='ltr'>et</span> 
     </span>
     <span class='ocr_line' id='line_1_24' title="bbox 834 2829 1418 2886; baseline 0 0"><span class='ocrx_word' id='word_1_150' title='bbox 834 2829 1090 2886; x_wconf 82' lang='lat' dir='ltr'>universi</span> <span class='ocrx_word' id='word_1_151' title='bbox 1129 2830 1418 2886; x_wconf 88' lang='lat' dir='ltr'>decorem.</span> 
     </span>
    </p>
   </div>
   <div class='ocr_carea' id='block_1_7' title="bbox 831 2943 2110 3079">
    <p class='ocr_par' dir='ltr' id='par_1_8' title="bbox 831 2943 2110 3079">
     <span class='ocr_line' id='line_1_25' title="bbox 831 2943 2095 3012; baseline -0.002 -18"><span class='ocrx_word' id='word_1_152' title='bbox 831 2943 931 3012; x_wconf 66' lang='lat' dir='ltr'>Sol</span> <span class='ocrx_word' id='word_1_153' title='bbox 961 2947 1016 2994; x_wconf 88' lang='lat' dir='ltr'>et</span> <span class='ocrx_word' id='word_1_154' title='bbox 1041 2944 1178 2996; x_wconf 83' lang='lat' dir='ltr'>luna</span> <span class='ocrx_word' id='word_1_155' title='bbox 1206 2959 1361 3006; x_wconf 88' lang='lat' dir='ltr'>suos,</span> <span class='ocrx_word' id='word_1_156' title='bbox 1393 2944 1634 2995; x_wconf 88' lang='lat' dir='ltr'>venienti</span> <span class='ocrx_word' id='word_1_157' title='bbox 1661 2943 1872 3008; x_wconf 76' lang='lat' dir='ltr'>Judice‚</span> <span class='ocrx_word' id='word_1_158' title='bbox 1904 2946 2095 2995; x_wconf 87' lang='lat' dir='ltr'>motus</span> 
     </span>
     <span class='ocr_line' id='line_1_26' title="bbox 897 3015 2110 3079; baseline -0.002 -13"><span class='ocrx_word' id='word_1_159' title='bbox 897 3016 1146 3079; x_wconf 84' lang='lat' dir='ltr'>Sistent;</span> <span class='ocrx_word' id='word_1_160' title='bbox 1178 3021 1238 3068; x_wconf 84' lang='lat' dir='ltr'>at</span> <span class='ocrx_word' id='word_1_161' title='bbox 1265 3019 1464 3067; x_wconf 88' lang='lat' dir='ltr'>neuter</span> <span class='ocrx_word' id='word_1_162' title='bbox 1491 3015 1710 3066; x_wconf 81' lang='lat' dir='ltr'>desinet</span> <span class='ocrx_word' id='word_1_163' title='bbox 1741 3029 1869 3065; x_wconf 88' lang='lat' dir='ltr'>esse</span> <span class='ocrx_word' id='word_1_164' title='bbox 1901 3018 2110 3067; x_wconf 83' lang='lat' dir='ltr'>tamen.</span> 
     </span>
    </p>
   </div>
   <div class='ocr_carea' id='block_1_8' title="bbox 1252 3211 1918 3276">
    <p class='ocr_par' dir='ltr' id='par_1_9' title="bbox 1252 3211 1918 3276">
     <span class='ocr_line' id='line_1_27' title="bbox 1252 3211 1918 3276; baseline 0 -1"><span class='ocrx_word' id='word_1_165' title='bbox 1252 3211 1676 3276; x_wconf 84' lang='lat' dir='ltr'><strong>DISTINCTIO</strong></span> <span class='ocrx_word' id='word_1_166' title='bbox 1716 3212 1918 3276; x_wconf 89' lang='lat' dir='ltr'><strong>XLIX.</strong></span> 
     </span>
    </p>
   </div>
   <div class='ocr_carea' id='block_1_9' title="bbox 1040 3348 2129 3423">
    <p class='ocr_par' dir='ltr' id='par_1_10' title="bbox 1040 3348 2129 3423">
     <span class='ocr_line' id='line_1_28' title="bbox 1040 3348 2129 3423; baseline -0.002 -12"><span class='ocrx_word' id='word_1_167' title='bbox 1040 3348 1186 3412; x_wconf 88' lang='lat' dir='ltr'>Post</span> <span class='ocrx_word' id='word_1_168' title='bbox 1225 3348 1754 3411; x_wconf 88' lang='lat' dir='ltr'>resurrectionem</span> <span class='ocrx_word' id='word_1_169' title='bbox 1801 3366 1973 3423; x_wconf 85' lang='lat' dir='ltr'>vero,</span> <span class='ocrx_word' id='word_1_170' title='bbox 2010 3356 2129 3411; x_wconf 88' lang='lat' dir='ltr'>etc.</span> 
     </span>
    </p>
   </div>
   <div class='ocr_carea' id='block_1_10' title="bbox 837 3522 2339 4147">
    <p class='ocr_par' dir='ltr' id='par_1_11' title="bbox 855 3522 2339 3619">
     <span class='ocr_line' id='line_1_29' title="bbox 855 3522 2339 3619; baseline -0.003 -15"><span class='ocrx_word' id='word_1_171' title='bbox 855 3522 870 3538; x_wconf 89' lang='grc'><em>“</em></span> <span class='ocrx_word' id='word_1_172' title='bbox 957 3546 1180 3604; x_wconf 74' lang='grc' dir='ltr'>ΧΑσιῸ</span> <span class='ocrx_word' id='word_1_173' title='bbox 1200 3545 1445 3619; x_wconf 84' lang='lat' dir='ltr'>judicio,</span> <span class='ocrx_word' id='word_1_174' title='bbox 1470 3547 1602 3602; x_wconf 75' lang='lat' dir='ltr'>duae</span> <span class='ocrx_word' id='word_1_175' title='bbox 1630 3544 1908 3609; x_wconf 76' lang='lat' dir='ltr'>civitates,</span> <span class='ocrx_word' id='word_1_176' title='bbox 1929 3544 2151 3601; x_wconf 73' lang='lat' dir='ltr'>scincet</span> <span class='ocrx_word' id='word_1_177' title='bbox 2178 3544 2339 3601; x_wconf 71' lang='lat' dir='ltr'>chri-</span> 
     </span>
    </p>

    <p class='ocr_par' dir='ltr' id='par_1_12' title="bbox 837 3634 2339 4147">
     <span class='ocr_line' id='line_1_30' title="bbox 983 3634 2339 3700; baseline -0.001 -7"><span class='ocrx_word' id='word_1_178' title='bbox 983 3635 1056 3693; x_wconf 80' lang='lat' dir='ltr'>sti</span> <span class='ocrx_word' id='word_1_179' title='bbox 1103 3638 1162 3694; x_wconf 89' lang='lat' dir='ltr'>et</span> <span class='ocrx_word' id='word_1_180' title='bbox 1207 3634 1443 3700; x_wconf 86' lang='lat' dir='ltr'>diaboli,</span> <span class='ocrx_word' id='word_1_181' title='bbox 1491 3635 1636 3692; x_wconf 85' lang='lat' dir='ltr'>fines</span> <span class='ocrx_word' id='word_1_182' title='bbox 1681 3652 1816 3692; x_wconf 84' lang='lat' dir='ltr'>suos</span> <span class='ocrx_word' id='word_1_183' title='bbox 1871 3634 2186 3691; x_wconf 84' lang='lat' dir='ltr'>habebunt.</span> <span class='ocrx_word' id='word_1_184' title='bbox 2234 3634 2339 3691; x_wconf 89' lang='lat' dir='ltr'>llla</span> 
     </span>
     <span class='ocr_line' id='line_1_31' title="bbox 839 3722 2335 3800; baseline -0.003 -17"><span class='ocrx_word' id='word_1_185' title='bbox 839 3726 1078 3800; x_wconf 90' lang='lat' dir='ltr'>quidem</span> <span class='ocrx_word' id='word_1_186' title='bbox 1112 3726 1172 3781; x_wconf 91' lang='lat' dir='ltr'>in</span> <span class='ocrx_word' id='word_1_187' title='bbox 1209 3723 1394 3797; x_wconf 86' lang='lat' dir='ltr'>gloria</span> <span class='ocrx_word' id='word_1_188' title='bbox 1419 3722 1942 3789; x_wconf 85' lang='lat' dir='ltr'>consummabitur,</span> <span class='ocrx_word' id='word_1_189' title='bbox 1975 3722 2086 3779; x_wconf 89' lang='lat' dir='ltr'>ista</span> <span class='ocrx_word' id='word_1_190' title='bbox 2110 3739 2247 3780; x_wconf 80' lang='lat' dir='ltr'>vero</span> <span class='ocrx_word' id='word_1_191' title='bbox 2274 3724 2335 3779; x_wconf 92' lang='lat' dir='ltr'>in</span> 
     </span>
     <span class='ocr_line' id='line_1_32' title="bbox 837 3813 2339 3886; baseline -0.001 -15"><span class='ocrx_word' id='word_1_192' title='bbox 837 3814 1103 3882; x_wconf 87' lang='lat' dir='ltr'>miseria;</span> <span class='ocrx_word' id='word_1_193' title='bbox 1143 3814 1228 3871; x_wconf 86' lang='lat' dir='ltr'>sic</span> <span class='ocrx_word' id='word_1_194' title='bbox 1264 3817 1462 3870; x_wconf 85' lang='lat' dir='ltr'>tamen</span> <span class='ocrx_word' id='word_1_195' title='bbox 1508 3814 1665 3886; x_wconf 88' lang='lat' dir='ltr'>quod</span> <span class='ocrx_word' id='word_1_196' title='bbox 1711 3813 1772 3869; x_wconf 92' lang='lat' dir='ltr'>in</span> <span class='ocrx_word' id='word_1_197' title='bbox 1821 3813 1920 3869; x_wconf 89' lang='lat' dir='ltr'>illa</span> <span class='ocrx_word' id='word_1_198' title='bbox 1967 3829 2084 3870; x_wconf 89' lang='lat' dir='ltr'>non</span> <span class='ocrx_word' id='word_1_199' title='bbox 2131 3828 2339 3869; x_wconf 84' lang='lat' dir='ltr'>omnes</span> 
     </span>
     <span class='ocr_line' id='line_1_33' title="bbox 837 3901 2337 3979; baseline -0.004 -16"><span class='ocrx_word' id='word_1_200' title='bbox 837 3904 1138 3979; x_wconf 63' lang='lat' dir='ltr'>{equaliter</span> <span class='ocrx_word' id='word_1_201' title='bbox 1177 3904 1424 3978; x_wconf 80' lang='lat' dir='ltr'>gloriam</span> <span class='ocrx_word' id='word_1_202' title='bbox 1465 3901 1912 3975; x_wconf 86' lang='lat' dir='ltr'>participabunt,</span> <span class='ocrx_word' id='word_1_203' title='bbox 1943 3902 2094 3959; x_wconf 91' lang='lat' dir='ltr'>sicut</span> <span class='ocrx_word' id='word_1_204' title='bbox 2131 3918 2241 3958; x_wconf 90' lang='lat' dir='ltr'>nec</span> <span class='ocrx_word' id='word_1_205' title='bbox 2278 3901 2337 3957; x_wconf 89' lang='lat' dir='ltr'>hi</span> 
     </span>
     <span class='ocr_line' id='line_1_34' title="bbox 838 3990 2337 4067; baseline -0.004 -16"><span class='ocrx_word' id='word_1_206' title='bbox 838 3996 897 4051; x_wconf 89' lang='lat' dir='ltr'>in</span> <span class='ocrx_word' id='word_1_207' title='bbox 941 3997 1052 4052; x_wconf 81' lang='lat' dir='ltr'>ista</span> <span class='ocrx_word' id='word_1_208' title='bbox 1088 4011 1340 4067; x_wconf 89' lang='lat' dir='ltr'>poenam,</span> <span class='ocrx_word' id='word_1_209' title='bbox 1371 3995 1474 4050; x_wconf 90' lang='lat' dir='ltr'>sed</span> <span class='ocrx_word' id='word_1_210' title='bbox 1513 3991 1819 4063; x_wconf 85' lang='lat' dir='ltr'>utrobique</span> <span class='ocrx_word' id='word_1_211' title='bbox 1849 3993 2064 4062; x_wconf 86' lang='lat' dir='ltr'>gradus</span> <span class='ocrx_word' id='word_1_212' title='bbox 2093 3990 2337 4064; x_wconf 88' lang='lat' dir='ltr'>quidam</span> 
     </span>
     <span class='ocr_line' id='line_1_35' title="bbox 840 4080 2339 4147; baseline -0.005 -4"><span class='ocrx_word' id='word_1_213' title='bbox 840 4089 1027 4143; x_wconf 88' lang='lat' dir='ltr'>erunt.</span> <span class='ocrx_word' id='word_1_214' title='bbox 1060 4084 1337 4147; x_wconf 79' lang='lat' dir='ltr'>Quamvis</span> <span class='ocrx_word' id='word_1_215' title='bbox 1375 4086 1574 4139; x_wconf 86' lang='lat' dir='ltr'>autem</span> <span class='ocrx_word' id='word_1_216' title='bbox 1607 4098 1812 4137; x_wconf 87' lang='lat' dir='ltr'>omnes</span> <span class='ocrx_word' id='word_1_217' title='bbox 1852 4080 2122 4137; x_wconf 89' lang='lat' dir='ltr'>homines</span> <span class='ocrx_word' id='word_1_218' title='bbox 2159 4080 2339 4137; x_wconf 87' lang='lat' dir='ltr'>beati-</span> 
     </span>
    </p>
   </div>
   <div class='ocr_carea' id='block_1_11' title="bbox 2362 667 3940 746">
    <p class='ocr_par' dir='ltr' id='par_1_13' title="bbox 2362 667 3940 746">
     <span class='ocr_line' id='line_1_36' title="bbox 2362 667 3940 746; baseline -0.002 -16"><span class='ocrx_word' id='word_1_219' title='bbox 2362 673 2415 736; x_wconf 88' lang='lat' dir='ltr'><strong>A</strong></span> <span class='ocrx_word' id='word_1_220' title='bbox 2445 674 2521 730; x_wconf 89' lang='lat' dir='ltr'>do</span> <span class='ocrx_word' id='word_1_221' title='bbox 2541 672 2927 745; x_wconf 86' lang='lat' dir='ltr'>cognoscendi</span> <span class='ocrx_word' id='word_1_222' title='bbox 2956 674 3044 729; x_wconf 87' lang='lat' dir='ltr'>est</span> <span class='ocrx_word' id='word_1_223' title='bbox 3061 673 3277 746; x_wconf 86' lang='lat' dir='ltr'>gradus</span> <span class='ocrx_word' id='word_1_224' title='bbox 3303 687 3407 730; x_wconf 87' lang='lat' dir='ltr'>seu</span> <span class='ocrx_word' id='word_1_225' title='bbox 3435 667 3777 729; x_wconf 80' lang='lat' dir='ltr'>differentia.</span> <span class='ocrx_word' id='word_1_226' title='bbox 3794 667 3940 727; x_wconf 81' lang='lat' dir='ltr'>Hinc</span> 
     </span>
    </p>
   </div>
   <div class='ocr_carea' id='block_1_12' title="bbox 2443 759 3941 1285">
    <p class='ocr_par' dir='ltr' id='par_1_14' title="bbox 2443 759 3941 1285">
     <span class='ocr_line' id='line_1_37' title="bbox 2443 759 3934 833; baseline -0.004 -13"><span class='ocrx_word' id='word_1_227' title='bbox 2443 766 2501 820; x_wconf 88' lang='lat' dir='ltr'>et</span> <span class='ocrx_word' id='word_1_228' title='bbox 2537 779 2690 821; x_wconf 87' lang='lat' dir='ltr'>unus</span> <span class='ocrx_word' id='word_1_229' title='bbox 2736 763 2850 820; x_wconf 81' lang='lat' dir='ltr'>alio</span> <span class='ocrx_word' id='word_1_230' title='bbox 2896 765 2985 821; x_wconf 84' lang='lat' dir='ltr'>est</span> <span class='ocrx_word' id='word_1_231' title='bbox 3029 762 3268 821; x_wconf 89' lang='lat' dir='ltr'>beatior.</span> <span class='ocrx_word' id='word_1_232' title='bbox 3308 763 3460 818; x_wconf 85' lang='lat' dir='ltr'>Nam</span> <span class='ocrx_word' id='word_1_233' title='bbox 3502 759 3610 818; x_wconf 83' lang='lat' dir='ltr'>etsi</span> <span class='ocrx_word' id='word_1_234' title='bbox 3652 759 3934 833; x_wconf 85' lang='lat' dir='ltr'>gaudium</span> 
     </span>
     <span class='ocr_line' id='line_1_38' title="bbox 2446 849 3939 926; baseline -0.003 -16"><span class='ocrx_word' id='word_1_235' title='bbox 2446 853 2667 926; x_wconf 78' lang='lat' dir='ltr'>oequale</span> <span class='ocrx_word' id='word_1_236' title='bbox 2706 852 2783 909; x_wconf 88' lang='lat' dir='ltr'>sit</span> <span class='ocrx_word' id='word_1_237' title='bbox 2808 853 3076 911; x_wconf 89' lang='lat' dir='ltr'>omnium</span> <span class='ocrx_word' id='word_1_238' title='bbox 3118 854 3311 926; x_wconf 85' lang='lat' dir='ltr'>quoad</span> <span class='ocrx_word' id='word_1_239' title='bbox 3348 869 3418 910; x_wconf 90' lang='lat' dir='ltr'>ea</span> <span class='ocrx_word' id='word_1_240' title='bbox 3454 851 3515 908; x_wconf 91' lang='lat' dir='ltr'>in</span> <span class='ocrx_word' id='word_1_241' title='bbox 3546 849 3758 924; x_wconf 84' lang='lat' dir='ltr'>quibus</span> <span class='ocrx_word' id='word_1_242' title='bbox 3797 866 3939 922; x_wconf 87' lang='lat' dir='ltr'>gau·</span> 
     </span>
     <span class='ocr_line' id='line_1_39' title="bbox 2444 940 3935 1013; baseline -0.005 -12"><span class='ocrx_word' id='word_1_243' title='bbox 2444 945 2601 1007; x_wconf 90' lang='lat' dir='ltr'>dent,</span> <span class='ocrx_word' id='word_1_244' title='bbox 2632 960 2751 1000; x_wconf 93' lang='lat' dir='ltr'>non</span> <span class='ocrx_word' id='word_1_245' title='bbox 2778 946 2975 1000; x_wconf 88' lang='lat' dir='ltr'>tamen</span> <span class='ocrx_word' id='word_1_246' title='bbox 3016 942 3287 1000; x_wconf 90' lang='lat' dir='ltr'>omnium</span> <span class='ocrx_word' id='word_1_247' title='bbox 3325 944 3413 999; x_wconf 89' lang='lat' dir='ltr'>est</span> <span class='ocrx_word' id='word_1_248' title='bbox 3438 957 3601 1013; x_wconf 80' lang='lat' dir='ltr'>aeque</span> <span class='ocrx_word' id='word_1_249' title='bbox 3638 940 3935 996; x_wconf 89' lang='lat' dir='ltr'>intensum</span> 
     </span>
     <span class='ocr_line' id='line_1_40' title="bbox 2446 1028 3941 1105; baseline -0.003 -17"><span class='ocrx_word' id='word_1_250' title='bbox 2446 1032 2727 1105; x_wconf 86' lang='lat' dir='ltr'>gaudium</span> <span class='ocrx_word' id='word_1_251' title='bbox 2766 1035 2823 1090; x_wconf 90' lang='lat' dir='ltr'>et</span> <span class='ocrx_word' id='word_1_252' title='bbox 2861 1032 3155 1090; x_wconf 88' lang='lat' dir='ltr'>beatitudo</span> <span class='ocrx_word' id='word_1_253' title='bbox 3186 1049 3200 1088; x_wconf 90' lang='lat'><strong>:</strong></span> <span class='ocrx_word' id='word_1_254' title='bbox 3232 1048 3363 1105; x_wconf 84' lang='lat' dir='ltr'>quae</span> <span class='ocrx_word' id='word_1_255' title='bbox 3401 1030 3579 1088; x_wconf 86' lang='lat' dir='ltr'>etiam</span> <span class='ocrx_word' id='word_1_256' title='bbox 3627 1032 3756 1102; x_wconf 89' lang='lat' dir='ltr'>post</span> <span class='ocrx_word' id='word_1_257' title='bbox 3783 1028 3941 1102; x_wconf 85' lang='lat' dir='ltr'>judi·</span> 
     </span>
     <span class='ocr_line' id='line_1_41' title="bbox 2444 1119 3934 1196; baseline -0.003 -17"><span class='ocrx_word' id='word_1_258' title='bbox 2444 1121 2599 1180; x_wconf 90' lang='lat' dir='ltr'>cium</span> <span class='ocrx_word' id='word_1_259' title='bbox 2633 1122 2871 1180; x_wconf 85' lang='lat' dir='ltr'>indubie</span> <span class='ocrx_word' id='word_1_260' title='bbox 2903 1124 3092 1196; x_wconf 85' lang='lat' dir='ltr'>major</span> <span class='ocrx_word' id='word_1_261' title='bbox 3118 1123 3244 1188; x_wconf 91' lang='lat' dir='ltr'>erit,</span> <span class='ocrx_word' id='word_1_262' title='bbox 3268 1121 3405 1195; x_wconf 87' lang='lat' dir='ltr'>quia</span> <span class='ocrx_word' id='word_1_263' title='bbox 3434 1121 3625 1194; x_wconf 88' lang='lat' dir='ltr'>majus</span> <span class='ocrx_word' id='word_1_264' title='bbox 3654 1119 3934 1192; x_wconf 87' lang='lat' dir='ltr'>gaudium</span> 
     </span>
     <span class='ocr_line' id='line_1_42' title="bbox 2444 1212 3153 1285; baseline -0.003 -17"><span class='ocrx_word' id='word_1_265' title='bbox 2444 1215 2616 1284; x_wconf 85' lang='lat' dir='ltr'>atque</span> <span class='ocrx_word' id='word_1_266' title='bbox 2652 1212 2906 1285; x_wconf 80' lang='lat' dir='ltr'>cognitio</span> <span class='ocrx_word' id='word_1_267' title='bbox 2946 1212 3153 1285; x_wconf 87' lang='lat' dir='ltr'>major.</span> 
     </span>
    </p>
   </div>
   <div class='ocr_carea' id='block_1_13' title="bbox 2443 1304 3831 1468">
    <p class='ocr_par' dir='ltr' id='par_1_15' title="bbox 2443 1304 3831 1468">
     <span class='ocr_line' id='line_1_43' title="bbox 2443 1304 3831 1392; baseline -0.003 -12"><span class='ocrx_word' id='word_1_268' title='bbox 2443 1328 2662 1380; x_wconf 82' lang='lat' dir='ltr'>Judicio</span> <span class='ocrx_word' id='word_1_269' title='bbox 2692 1329 2864 1388; x_wconf 83' lang='lat' dir='ltr'>fact0,</span> <span class='ocrx_word' id='word_1_270' title='bbox 2891 1327 3146 1392; x_wconf 87' lang='lat' dir='ltr'>geminas</span> <span class='ocrx_word' id='word_1_271' title='bbox 3182 1327 3302 1379; x_wconf 80' lang='lat' dir='ltr'>fore</span> <span class='ocrx_word' id='word_1_272' title='bbox 3330 1304 3613 1378; x_wconf 80' lang='lat' dir='ltr'>credimus</span> <span class='ocrx_word' id='word_1_273' title='bbox 3642 1325 3831 1386; x_wconf 84' lang='lat' dir='ltr'>urbes,</span> 
     </span>
     <span class='ocr_line' id='line_1_44' title="bbox 2506 1399 3654 1468; baseline -0.004 -15"><span class='ocrx_word' id='word_1_274' title='bbox 2506 1403 2551 1452; x_wconf 92' lang='lat' dir='ltr'>E</span> <span class='ocrx_word' id='word_1_275' title='bbox 2582 1401 2787 1468; x_wconf 89' lang='lat' dir='ltr'>quibus</span> <span class='ocrx_word' id='word_1_276' title='bbox 2816 1401 2938 1452; x_wconf 77' lang='lat' dir='ltr'>haec</span> <span class='ocrx_word' id='word_1_277' title='bbox 2968 1400 3077 1451; x_wconf 86' lang='lat' dir='ltr'>Diti</span> <span class='ocrx_word' id='word_1_278' title='bbox 3108 1399 3363 1462; x_wconf 86' lang='lat' dir='ltr'>cesserit,</span> <span class='ocrx_word' id='word_1_279' title='bbox 3396 1399 3489 1451; x_wconf 84' lang='lat' dir='ltr'>illa</span> <span class='ocrx_word' id='word_1_280' title='bbox 3520 1399 3654 1451; x_wconf 88' lang='lat' dir='ltr'>Deo.</span> 
     </span>
    </p>
   </div>
   <div class='ocr_carea' id='block_1_14' title="bbox 2922 1596 3455 1662">
    <p class='ocr_par' dir='ltr' id='par_1_16' title="bbox 2922 1596 3455 1662">
     <span class='ocr_line' id='line_1_45' title="bbox 2922 1596 3455 1662; baseline -0.004 -2"><span class='ocrx_word' id='word_1_281' title='bbox 2922 1596 3347 1662; x_wconf 88' lang='lat' dir='ltr'><strong>DISTINCTIO</strong></span> <span class='ocrx_word' id='word_1_282' title='bbox 3389 1596 3455 1659; x_wconf 89' lang='lat' dir='ltr'>L.</span> 
     </span>
    </p>
   </div>
   <div class='ocr_carea' id='block_1_15' title="bbox 2765 1733 3615 1815">
    <p class='ocr_par' dir='ltr' id='par_1_17' title="bbox 2765 1733 3615 1815">
     <span class='ocr_line' id='line_1_46' title="bbox 2765 1733 3615 1815; baseline -0.001 -20"><span class='ocrx_word' id='word_1_283' title='bbox 2765 1734 2879 1796; x_wconf 89' lang='lat' dir='ltr'>Hic</span> <span class='ocrx_word' id='word_1_284' title='bbox 2922 1733 3127 1796; x_wconf 85' lang='lat' dir='ltr'>oritur</span> <span class='ocrx_word' id='word_1_285' title='bbox 3166 1733 3454 1815; x_wconf 80' lang='lat' dir='ltr'>quaestio,</span> <span class='ocrx_word' id='word_1_286' title='bbox 3494 1738 3615 1794; x_wconf 87' lang='lat' dir='ltr'>etc.</span> 
     </span>
    </p>
   </div>
   <div class='ocr_carea' id='block_1_16' title="bbox 2442 1928 3946 2990">
    <p class='ocr_par' dir='ltr' id='par_1_18' title="bbox 2517 1928 3944 2003">
     <span class='ocr_line' id='line_1_47' title="bbox 2517 1928 3944 2003; baseline -0.002 -17"><span class='ocrx_word' id='word_1_287' title='bbox 2517 1931 2564 1986; x_wconf 88' lang='lat' dir='ltr'>N</span> <span class='ocrx_word' id='word_1_288' title='bbox 2612 1930 2906 1987; x_wconf 90' lang='lat' dir='ltr'>damnatis</span> <span class='ocrx_word' id='word_1_289' title='bbox 2951 1930 3108 1986; x_wconf 87' lang='lat' dir='ltr'>mala</span> <span class='ocrx_word' id='word_1_290' title='bbox 3149 1929 3389 2003; x_wconf 88' lang='lat' dir='ltr'>quidem</span> <span class='ocrx_word' id='word_1_291' title='bbox 3434 1928 3703 1986; x_wconf 82' lang='lat' dir='ltr'>voluntas</span> <span class='ocrx_word' id='word_1_292' title='bbox 3748 1943 3944 2000; x_wconf 88' lang='lat' dir='ltr'>perse-</span> 
     </span>
    </p>

    <p class='ocr_par' dir='ltr' id='par_1_19' title="bbox 2442 2018 3946 2990">
     <span class='ocr_line' id='line_1_48' title="bbox 2540 2018 3941 2092; baseline -0.003 -16"><span class='ocrx_word' id='word_1_293' title='bbox 2540 2025 2735 2087; x_wconf 80' lang='lat' dir='ltr'>verat3</span> <span class='ocrx_word' id='word_1_294' title='bbox 2783 2038 2851 2078; x_wconf 86' lang='lat' dir='ltr'>ea</span> <span class='ocrx_word' id='word_1_295' title='bbox 2903 2024 3101 2077; x_wconf 85' lang='lat' dir='ltr'>tamen</span> <span class='ocrx_word' id='word_1_296' title='bbox 3159 2036 3277 2076; x_wconf 89' lang='lat' dir='ltr'>non</span> <span class='ocrx_word' id='word_1_297' title='bbox 3330 2023 3419 2076; x_wconf 90' lang='lat' dir='ltr'>est</span> <span class='ocrx_word' id='word_1_298' title='bbox 3465 2021 3787 2092; x_wconf 87' lang='lat' dir='ltr'>peccatum,</span> <span class='ocrx_word' id='word_1_299' title='bbox 3836 2018 3941 2073; x_wconf 89' lang='lat' dir='ltr'>sed</span> 
     </span>
     <span class='ocr_line' id='line_1_49' title="bbox 2446 2109 3943 2183; baseline -0.002 -18"><span class='ocrx_word' id='word_1_300' title='bbox 2446 2111 2635 2183; x_wconf 87' lang='lat' dir='ltr'>magis</span> <span class='ocrx_word' id='word_1_301' title='bbox 2674 2111 2893 2183; x_wconf 83' lang='lat' dir='ltr'>peccati</span> <span class='ocrx_word' id='word_1_302' title='bbox 2934 2125 3121 2182; x_wconf 88' lang='lat' dir='ltr'>poena,</span> <span class='ocrx_word' id='word_1_303' title='bbox 3148 2127 3215 2166; x_wconf 90' lang='lat' dir='ltr'>eo</span> <span class='ocrx_word' id='word_1_304' title='bbox 3254 2111 3410 2182; x_wconf 91' lang='lat' dir='ltr'>quod</span> <span class='ocrx_word' id='word_1_305' title='bbox 3455 2111 3594 2166; x_wconf 89' lang='lat' dir='ltr'>sunt</span> <span class='ocrx_word' id='word_1_306' title='bbox 3628 2111 3793 2164; x_wconf 81' lang='lat' dir='ltr'>extra</span> <span class='ocrx_word' id='word_1_307' title='bbox 3830 2109 3943 2162; x_wconf 88' lang='lat' dir='ltr'>sta-</span> 
     </span>
     <span class='ocr_line' id='line_1_50' title="bbox 2443 2197 3945 2270; baseline -0.001 -16"><span class='ocrx_word' id='word_1_308' title='bbox 2443 2203 2571 2257; x_wconf 91' lang='lat' dir='ltr'>tum</span> <span class='ocrx_word' id='word_1_309' title='bbox 2612 2199 2879 2257; x_wconf 90' lang='lat' dir='ltr'>demeriti</span> <span class='ocrx_word' id='word_1_310' title='bbox 2913 2217 2927 2256; x_wconf 88' lang='lat'><strong>:</strong></span> <span class='ocrx_word' id='word_1_311' title='bbox 2959 2199 3128 2257; x_wconf 84' lang='lat' dir='ltr'>sicuti</span> <span class='ocrx_word' id='word_1_312' title='bbox 3166 2202 3224 2256; x_wconf 91' lang='lat' dir='ltr'>et</span> <span class='ocrx_word' id='word_1_313' title='bbox 3258 2198 3425 2256; x_wconf 88' lang='lat' dir='ltr'>bonis</span> <span class='ocrx_word' id='word_1_314' title='bbox 3466 2198 3527 2254; x_wconf 90' lang='lat' dir='ltr'>in</span> <span class='ocrx_word' id='word_1_315' title='bbox 3567 2197 3813 2270; x_wconf 84' lang='lat' dir='ltr'>gloriam</span> <span class='ocrx_word' id='word_1_316' title='bbox 3854 2214 3945 2253; x_wconf 91' lang='lat' dir='ltr'>ce-</span> 
     </span>
     <span class='ocr_line' id='line_1_51' title="bbox 2446 2286 3945 2362; baseline -0.003 -16"><span class='ocrx_word' id='word_1_317' title='bbox 2446 2291 2559 2354; x_wconf 89' lang='lat' dir='ltr'>det,</span> <span class='ocrx_word' id='word_1_318' title='bbox 2592 2291 2748 2362; x_wconf 92' lang='lat' dir='ltr'>quod</span> <span class='ocrx_word' id='word_1_319' title='bbox 2784 2290 3143 2347; x_wconf 79' lang='lat' dir='ltr'>voluntatem</span> <span class='ocrx_word' id='word_1_320' title='bbox 3193 2290 3410 2345; x_wconf 89' lang='lat' dir='ltr'>habent</span> <span class='ocrx_word' id='word_1_321' title='bbox 3447 2287 3506 2344; x_wconf 89' lang='lat' dir='ltr'>in</span> <span class='ocrx_word' id='word_1_322' title='bbox 3550 2288 3703 2344; x_wconf 91' lang='lat' dir='ltr'>bono</span> <span class='ocrx_word' id='word_1_323' title='bbox 3750 2286 3945 2344; x_wconf 80' lang='lat' dir='ltr'>firma-</span> 
     </span>
     <span class='ocr_line' id='line_1_52' title="bbox 2442 2375 3943 2452; baseline -0.001 -18"><span class='ocrx_word' id='word_1_324' title='bbox 2442 2382 2585 2435; x_wconf 82' lang='lat' dir='ltr'>tam.</span> <span class='ocrx_word' id='word_1_325' title='bbox 2610 2381 2671 2435; x_wconf 87' lang='lat' dir='ltr'>In</span> <span class='ocrx_word' id='word_1_326' title='bbox 2702 2379 2957 2436; x_wconf 86' lang='lat' dir='ltr'>tenebris</span> <span class='ocrx_word' id='word_1_327' title='bbox 2981 2395 3212 2452; x_wconf 88' lang='lat' dir='ltr'>quoque</span> <span class='ocrx_word' id='word_1_328' title='bbox 3240 2377 3622 2435; x_wconf 83' lang='lat' dir='ltr'>exterioribus</span> <span class='ocrx_word' id='word_1_329' title='bbox 3650 2376 3789 2434; x_wconf 87' lang='lat' dir='ltr'>mali</span> <span class='ocrx_word' id='word_1_330' title='bbox 3822 2375 3943 2434; x_wconf 83' lang='lat' dir='ltr'>fore</span> 
     </span>
     <span class='ocr_line' id='line_1_53' title="bbox 2446 2466 3945 2542; baseline -0.003 -17"><span class='ocrx_word' id='word_1_331' title='bbox 2446 2468 2739 2534; x_wconf 87' lang='lat' dir='ltr'>dicuntur,</span> <span class='ocrx_word' id='word_1_332' title='bbox 2771 2485 2838 2525; x_wconf 90' lang='lat' dir='ltr'>eo</span> <span class='ocrx_word' id='word_1_333' title='bbox 2879 2470 3035 2542; x_wconf 90' lang='lat' dir='ltr'>quod</span> <span class='ocrx_word' id='word_1_334' title='bbox 3074 2486 3109 2524; x_wconf 84' lang='lat' dir='ltr'>a</span> <span class='ocrx_word' id='word_1_335' title='bbox 3144 2467 3363 2524; x_wconf 82' lang='lat' dir='ltr'>visione</span> <span class='ocrx_word' id='word_1_336' title='bbox 3403 2467 3501 2524; x_wconf 90' lang='lat' dir='ltr'>Dei</span> <span class='ocrx_word' id='word_1_337' title='bbox 3544 2466 3773 2539; x_wconf 86' lang='lat' dir='ltr'>penitus</span> <span class='ocrx_word' id='word_1_338' title='bbox 3806 2468 3945 2524; x_wconf 87' lang='lat' dir='ltr'>sunt</span> 
     </span>
     <span class='ocr_line' id='line_1_54' title="bbox 2442 2556 3941 2622; baseline -0.002 -7"><span class='ocrx_word' id='word_1_339' title='bbox 2442 2559 2823 2622; x_wconf 88' lang='lat' dir='ltr'>exclusi,tum</span> <span class='ocrx_word' id='word_1_340' title='bbox 2850 2559 2923 2615; x_wconf 93' lang='lat' dir='ltr'>ob</span> <span class='ocrx_word' id='word_1_341' title='bbox 2941 2557 3258 2615; x_wconf 78' lang='lat' dir='ltr'>voluntatis</span> <span class='ocrx_word' id='word_1_342' title='bbox 3285 2557 3733 2622; x_wconf 88' lang='lat' dir='ltr'>malitiam,tum</span> <span class='ocrx_word' id='word_1_343' title='bbox 3761 2556 3941 2612; x_wconf 86' lang='lat' dir='ltr'>etiam</span> 
     </span>
     <span class='ocr_line' id='line_1_55' title="bbox 2444 2647 3939 2721; baseline -0.002 -17"><span class='ocrx_word' id='word_1_344' title='bbox 2444 2665 2515 2704; x_wconf 82' lang='lat' dir='ltr'>ex</span> <span class='ocrx_word' id='word_1_345' title='bbox 2568 2648 2855 2706; x_wconf 85' lang='lat' dir='ltr'>oblivione</span> <span class='ocrx_word' id='word_1_346' title='bbox 2902 2666 2937 2705; x_wconf 90' lang='lat' dir='ltr'>a</span> <span class='ocrx_word' id='word_1_347' title='bbox 2984 2647 3263 2721; x_wconf 77' lang='lat' dir='ltr'>gravitate</span> <span class='ocrx_word' id='word_1_348' title='bbox 3315 2663 3621 2720; x_wconf 85' lang='lat' dir='ltr'>poenarum</span> <span class='ocrx_word' id='word_1_349' title='bbox 3670 2647 3939 2712; x_wconf 84' lang='lat' dir='ltr'>causata;</span> 
     </span>
     <span class='ocr_line' id='line_1_56' title="bbox 2444 2735 3941 2810; baseline -0.003 -17"><span class='ocrx_word' id='word_1_350' title='bbox 2444 2737 2554 2794; x_wconf 90' lang='lat' dir='ltr'>hoc</span> <span class='ocrx_word' id='word_1_351' title='bbox 2580 2742 2779 2795; x_wconf 90' lang='lat' dir='ltr'>tamen</span> <span class='ocrx_word' id='word_1_352' title='bbox 2809 2738 2941 2810; x_wconf 83' lang='lat' dir='ltr'>plus</span> <span class='ocrx_word' id='word_1_353' title='bbox 2968 2736 3079 2794; x_wconf 87' lang='lat' dir='ltr'>erit</span> <span class='ocrx_word' id='word_1_354' title='bbox 3107 2741 3237 2810; x_wconf 84' lang='lat' dir='ltr'>post</span> <span class='ocrx_word' id='word_1_355' title='bbox 3253 2735 3548 2810; x_wconf 75' lang='lat' dir='ltr'>jtidicium</span> <span class='ocrx_word' id='word_1_356' title='bbox 3577 2752 3755 2809; x_wconf 87' lang='lat' dir='ltr'>quam</span> <span class='ocrx_word' id='word_1_357' title='bbox 3786 2739 3941 2792; x_wconf 89' lang='lat' dir='ltr'>ante.</span> 
     </span>
     <span class='ocr_line' id='line_1_57' title="bbox 2443 2825 3946 2900; baseline -0.002 -17"><span class='ocrx_word' id='word_1_358' title='bbox 2443 2827 2563 2883; x_wconf 87' lang='lat' dir='ltr'>Etsi</span> <span class='ocrx_word' id='word_1_359' title='bbox 2600 2832 2797 2885; x_wconf 89' lang='lat' dir='ltr'>autem</span> <span class='ocrx_word' id='word_1_360' title='bbox 2842 2845 3045 2885; x_wconf 89' lang='lat' dir='ltr'>curam</span> <span class='ocrx_word' id='word_1_361' title='bbox 3085 2827 3344 2900; x_wconf 87' lang='lat' dir='ltr'>aliquam</span> <span class='ocrx_word' id='word_1_362' title='bbox 3384 2828 3457 2883; x_wconf 92' lang='lat' dir='ltr'>de</span> <span class='ocrx_word' id='word_1_363' title='bbox 3495 2825 3617 2883; x_wconf 84' lang='lat' dir='ltr'>suis</span> <span class='ocrx_word' id='word_1_364' title='bbox 3656 2825 3809 2882; x_wconf 89' lang='lat' dir='ltr'>notis</span> <span class='ocrx_word' id='word_1_365' title='bbox 3846 2825 3946 2880; x_wconf 86' lang='lat' dir='ltr'>ha-</span> 
     </span>
     <span class='ocr_line' id='line_1_58' title="bbox 2448 2916 3943 2990; baseline -0.002 -17"><span class='ocrx_word' id='word_1_366' title='bbox 2448 2917 2637 2983; x_wconf 84' lang='lat' dir='ltr'>beant,</span> <span class='ocrx_word' id='word_1_367' title='bbox 2683 2920 2883 2974; x_wconf 89' lang='lat' dir='ltr'>tamen</span> <span class='ocrx_word' id='word_1_368' title='bbox 2932 2932 3064 2990; x_wconf 79' lang='lat' dir='ltr'>quae</span> <span class='ocrx_word' id='word_1_369' title='bbox 3108 2916 3169 2972; x_wconf 91' lang='lat' dir='ltr'>in</span> <span class='ocrx_word' id='word_1_370' title='bbox 3219 2917 3443 2972; x_wconf 90' lang='lat' dir='ltr'>mundo</span> <span class='ocrx_word' id='word_1_371' title='bbox 3499 2917 3773 2988; x_wconf 85' lang='lat' dir='ltr'>aguntur,</span> <span class='ocrx_word' id='word_1_372' title='bbox 3824 2930 3943 2970; x_wconf 90' lang='lat' dir='ltr'>non</span> 
     </span>
    </p>
   </div>
   <div class='ocr_carea' id='block_1_17' title="bbox 2372 3002 3943 3082">
    <p class='ocr_par' dir='ltr' id='par_1_20' title="bbox 2372 3002 3943 3082">
     <span class='ocr_line' id='line_1_59' title="bbox 2372 3002 3943 3082; baseline -0.003 -17"><span class='ocrx_word' id='word_1_373' title='bbox 2372 3002 2415 3065; x_wconf 88' lang='lat' dir='ltr'>C</span> <span class='ocrx_word' id='word_1_374' title='bbox 2446 3010 2791 3082; x_wconf 86' lang='lat' dir='ltr'>agnoscunt.</span> <span class='ocrx_word' id='word_1_375' title='bbox 2840 3006 2949 3074; x_wconf 90' lang='lat' dir='ltr'>Qui</span> <span class='ocrx_word' id='word_1_376' title='bbox 2994 3010 3053 3063; x_wconf 90' lang='lat' dir='ltr'>et</span> <span class='ocrx_word' id='word_1_377' title='bbox 3101 3006 3160 3062; x_wconf 90' lang='lat' dir='ltr'>in</span> <span class='ocrx_word' id='word_1_378' title='bbox 3216 3004 3357 3061; x_wconf 88' lang='lat' dir='ltr'>locis</span> <span class='ocrx_word' id='word_1_379' title='bbox 3412 3003 3811 3076; x_wconf 87' lang='lat' dir='ltr'>corporalibus</span> <span class='ocrx_word' id='word_1_380' title='bbox 3866 3005 3943 3060; x_wconf 89' lang='lat' dir='ltr'>ad</span> 
     </span>
    </p>
   </div>
   <div class='ocr_carea' id='block_1_18' title="bbox 2444 3093 3949 4153">
    <p class='ocr_par' dir='ltr' id='par_1_21' title="bbox 2444 3093 3949 4153">
     <span class='ocr_line' id='line_1_60' title="bbox 2446 3093 3943 3173; baseline -0.005 -17"><span class='ocrx_word' id='word_1_381' title='bbox 2446 3115 2679 3173; x_wconf 88' lang='lat' dir='ltr'>poenam</span> <span class='ocrx_word' id='word_1_382' title='bbox 2720 3096 2964 3155; x_wconf 88' lang='lat' dir='ltr'>detineri</span> <span class='ocrx_word' id='word_1_383' title='bbox 2996 3098 3255 3169; x_wconf 87' lang='lat' dir='ltr'>possunt,</span> <span class='ocrx_word' id='word_1_384' title='bbox 3286 3097 3350 3152; x_wconf 86' lang='lat' dir='ltr'>ut</span> <span class='ocrx_word' id='word_1_385' title='bbox 3382 3095 3453 3152; x_wconf 93' lang='lat' dir='ltr'>de</span> <span class='ocrx_word' id='word_1_386' title='bbox 3492 3093 3665 3152; x_wconf 81' lang='lat' dir='ltr'>divite</span> <span class='ocrx_word' id='word_1_387' title='bbox 3694 3093 3943 3167; x_wconf 87' lang='lat' dir='ltr'>(Christo</span> 
     </span>
     <span class='ocr_line' id='line_1_61' title="bbox 2446 3183 3946 3261; baseline -0.005 -14"><span class='ocrx_word' id='word_1_388' title='bbox 2446 3188 2747 3261; x_wconf 83' lang='lat' dir='ltr'>narrante)</span> <span class='ocrx_word' id='word_1_389' title='bbox 2775 3190 3034 3261; x_wconf 86' lang='lat' dir='ltr'>apparet,</span> <span class='ocrx_word' id='word_1_390' title='bbox 3069 3187 3237 3259; x_wconf 87' lang='lat' dir='ltr'>cujus</span> <span class='ocrx_word' id='word_1_391' title='bbox 3264 3190 3463 3243; x_wconf 86' lang='lat' dir='ltr'>tamen</span> <span class='ocrx_word' id='word_1_392' title='bbox 3500 3183 3812 3255; x_wconf 90' lang='lat' dir='ltr'>descriptio</span> <span class='ocrx_word' id='word_1_393' title='bbox 3838 3183 3946 3241; x_wconf 80' lang='lat' dir='ltr'>dis-</span> 
     </span>
     <span class='ocr_line' id='line_1_62' title="bbox 2446 3276 3944 3337; baseline -0.004 0"><span class='ocrx_word' id='word_1_394' title='bbox 2446 3279 2615 3337; x_wconf 90' lang='lat' dir='ltr'>ficilis</span> <span class='ocrx_word' id='word_1_395' title='bbox 2658 3282 2747 3335; x_wconf 90' lang='lat' dir='ltr'>est</span> <span class='ocrx_word' id='word_1_396' title='bbox 2783 3278 3097 3335; x_wconf 86' lang='lat' dir='ltr'>intellectu.</span> <span class='ocrx_word' id='word_1_397' title='bbox 3135 3276 3351 3333; x_wconf 88' lang='lat' dir='ltr'>Vident</span> <span class='ocrx_word' id='word_1_398' title='bbox 3384 3278 3582 3331; x_wconf 87' lang='lat' dir='ltr'>autem</span> <span class='ocrx_word' id='word_1_399' title='bbox 3628 3289 3690 3330; x_wconf 89' lang='lat' dir='ltr'>se</span> <span class='ocrx_word' id='word_1_400' title='bbox 3736 3278 3944 3331; x_wconf 90' lang='lat' dir='ltr'>mutuo</span> 
     </span>
     <span class='ocr_line' id='line_1_63' title="bbox 2446 3364 3943 3440; baseline -0.004 -13"><span class='ocrx_word' id='word_1_401' title='bbox 2446 3370 2585 3427; x_wconf 88' lang='lat' dir='ltr'>boni</span> <span class='ocrx_word' id='word_1_402' title='bbox 2622 3371 2681 3425; x_wconf 89' lang='lat' dir='ltr'>et</span> <span class='ocrx_word' id='word_1_403' title='bbox 2710 3367 2850 3425; x_wconf 89' lang='lat' dir='ltr'>mali</span> <span class='ocrx_word' id='word_1_404' title='bbox 2893 3384 3073 3440; x_wconf 88' lang='lat' dir='ltr'>usque</span> <span class='ocrx_word' id='word_1_405' title='bbox 3112 3368 3187 3423; x_wconf 88' lang='lat' dir='ltr'>ad</span> <span class='ocrx_word' id='word_1_406' title='bbox 3215 3365 3427 3439; x_wconf 77' lang='lat' dir='ltr'>Judicii</span> <span class='ocrx_word' id='word_1_407' title='bbox 3467 3364 3643 3429; x_wconf 88' lang='lat' dir='ltr'>diem,</span> <span class='ocrx_word' id='word_1_408' title='bbox 3675 3365 3943 3437; x_wconf 80' lang='lat' dir='ltr'>quamvis</span> 
     </span>
     <span class='ocr_line' id='line_1_64' title="bbox 2446 3454 3943 3533; baseline -0.003 -17"><span class='ocrx_word' id='word_1_409' title='bbox 2446 3476 2551 3533; x_wconf 89' lang='lat' dir='ltr'>per</span> <span class='ocrx_word' id='word_1_410' title='bbox 2596 3474 2881 3530; x_wconf 83' lang='lat' dir='ltr'>magnum</span> <span class='ocrx_word' id='word_1_411' title='bbox 2928 3458 3109 3513; x_wconf 88' lang='lat' dir='ltr'>cbaos</span> <span class='ocrx_word' id='word_1_412' title='bbox 3150 3455 3315 3512; x_wconf 85' lang='lat' dir='ltr'>divisi</span> <span class='ocrx_word' id='word_1_413' title='bbox 3362 3456 3518 3511; x_wconf 86' lang='lat' dir='ltr'>sunt.</span> <span class='ocrx_word' id='word_1_414' title='bbox 3562 3454 3766 3511; x_wconf 87' lang='lat' dir='ltr'>Postea</span> <span class='ocrx_word' id='word_1_415' title='bbox 3808 3470 3943 3511; x_wconf 81' lang='lat' dir='ltr'>vero</span> 
     </span>
     <span class='ocr_line' id='line_1_65' title="bbox 2445 3544 3947 3607; baseline -0.005 -2"><span class='ocrx_word' id='word_1_416' title='bbox 2445 3547 2552 3605; x_wconf 90' lang='lat' dir='ltr'>etsi</span> <span class='ocrx_word' id='word_1_417' title='bbox 2590 3546 2727 3603; x_wconf 93' lang='lat' dir='ltr'>boni</span> <span class='ocrx_word' id='word_1_418' title='bbox 2768 3545 2955 3602; x_wconf 88' lang='lat' dir='ltr'>malos</span> <span class='ocrx_word' id='word_1_419' title='bbox 2990 3544 3169 3601; x_wconf 79' lang='lat' dir='ltr'>visuri</span> <span class='ocrx_word' id='word_1_420' title='bbox 3208 3547 3364 3607; x_wconf 87' lang='lat' dir='ltr'>sunt,</span> <span class='ocrx_word' id='word_1_421' title='bbox 3396 3558 3513 3599; x_wconf 94' lang='lat' dir='ltr'>non</span> <span class='ocrx_word' id='word_1_422' title='bbox 3549 3545 3749 3599; x_wconf 87' lang='lat' dir='ltr'>tamen</span> <span class='ocrx_word' id='word_1_423' title='bbox 3780 3560 3947 3599; x_wconf 90' lang='lat' dir='ltr'>econ-</span> 
     </span>
     <span class='ocr_line' id='line_1_66' title="bbox 2446 3632 3948 3706; baseline -0.003 -13"><span class='ocrx_word' id='word_1_424' title='bbox 2446 3642 2552 3693; x_wconf 87' lang='lat' dir='ltr'>tra.</span> <span class='ocrx_word' id='word_1_425' title='bbox 2583 3637 2698 3693; x_wconf 91' lang='lat' dir='ltr'>Nec</span> <span class='ocrx_word' id='word_1_426' title='bbox 2736 3638 2810 3692; x_wconf 85' lang='lat' dir='ltr'>ad</span> <span class='ocrx_word' id='word_1_427' title='bbox 2850 3633 3314 3706; x_wconf 84' lang='lat' dir='ltr'>compassionem</span> <span class='ocrx_word' id='word_1_428' title='bbox 3357 3632 3494 3690; x_wconf 89' lang='lat' dir='ltr'>boni</span> <span class='ocrx_word' id='word_1_429' title='bbox 3536 3649 3639 3705; x_wconf 87' lang='lat' dir='ltr'>per</span> <span class='ocrx_word' id='word_1_430' title='bbox 3676 3632 3787 3689; x_wconf 87' lang='lat' dir='ltr'>hoc</span> <span class='ocrx_word' id='word_1_431' title='bbox 3823 3650 3948 3689; x_wconf 91' lang='lat' dir='ltr'>mo-</span> 
     </span>
     <span class='ocr_line' id='line_1_67' title="bbox 2444 3721 3941 3798; baseline -0.002 -16"><span class='ocrx_word' id='word_1_432' title='bbox 2444 3729 2669 3791; x_wconf 81' lang='lat' dir='ltr'>ventur,</span> <span class='ocrx_word' id='word_1_433' title='bbox 2702 3727 2936 3798; x_wconf 89' lang='lat' dir='ltr'>propter</span> <span class='ocrx_word' id='word_1_434' title='bbox 2971 3722 3285 3795; x_wconf 84' lang='lat' dir='ltr'>perfectam</span> <span class='ocrx_word' id='word_1_435' title='bbox 3325 3738 3528 3780; x_wconf 86' lang='lat' dir='ltr'>eorum</span> <span class='ocrx_word' id='word_1_436' title='bbox 3564 3721 3941 3780; x_wconf 83' lang='lat' dir='ltr'>voluntatem.</span> 
     </span>
     <span class='ocr_line' id='line_1_68' title="bbox 2446 3810 3941 3888; baseline -0.004 -15"><span class='ocrx_word' id='word_1_437' title='bbox 2446 3816 2642 3888; x_wconf 89' lang='lat' dir='ltr'>Neque</span> <span class='ocrx_word' id='word_1_438' title='bbox 2679 3832 2813 3871; x_wconf 81' lang='lat' dir='ltr'>vero</span> <span class='ocrx_word' id='word_1_439' title='bbox 2854 3831 2956 3886; x_wconf 87' lang='lat' dir='ltr'>per</span> <span class='ocrx_word' id='word_1_440' title='bbox 2994 3813 3105 3868; x_wconf 89' lang='lat' dir='ltr'>hoc</span> <span class='ocrx_word' id='word_1_441' title='bbox 3153 3810 3337 3885; x_wconf 87' lang='lat' dir='ltr'>gloria</span> <span class='ocrx_word' id='word_1_442' title='bbox 3382 3826 3585 3868; x_wconf 89' lang='lat' dir='ltr'>eorum</span> <span class='ocrx_word' id='word_1_443' title='bbox 3634 3811 3941 3875; x_wconf 83' lang='lat' dir='ltr'>minuitur,</span> 
     </span>
     <span class='ocr_line' id='line_1_69' title="bbox 2448 3902 3949 3977; baseline -0.002 -16"><span class='ocrx_word' id='word_1_444' title='bbox 2448 3907 2548 3962; x_wconf 85' lang='lat' dir='ltr'>sed</span> <span class='ocrx_word' id='word_1_445' title='bbox 2588 3904 2822 3961; x_wconf 88' lang='lat' dir='ltr'>interim</span> <span class='ocrx_word' id='word_1_446' title='bbox 2866 3905 3129 3977; x_wconf 86' lang='lat' dir='ltr'>augetur.</span> <span class='ocrx_word' id='word_1_447' title='bbox 3158 3903 3245 3957; x_wconf 82' lang='lat' dir='ltr'>Ad</span> <span class='ocrx_word' id='word_1_448' title='bbox 3284 3917 3461 3973; x_wconf 83' lang='lat' dir='ltr'>quam</span> <span class='ocrx_word' id='word_1_449' title='bbox 3502 3902 3815 3958; x_wconf 87' lang='lat' dir='ltr'>Beatorum</span> <span class='ocrx_word' id='word_1_450' title='bbox 3853 3918 3949 3974; x_wconf 91' lang='lat' dir='ltr'>pe-</span> 
     </span>
     <span class='ocr_line' id='line_1_70' title="bbox 2448 3990 3943 4067; baseline -0.004 -16"><span class='ocrx_word' id='word_1_451' title='bbox 2448 4011 2689 4051; x_wconf 87' lang='lat' dir='ltr'>rennem</span> <span class='ocrx_word' id='word_1_452' title='bbox 2740 3992 2985 4067; x_wconf 87' lang='lat' dir='ltr'>gloriam</span> <span class='ocrx_word' id='word_1_453' title='bbox 3042 3993 3357 4064; x_wconf 88' lang='lat' dir='ltr'>perducere</span> <span class='ocrx_word' id='word_1_454' title='bbox 3404 4006 3512 4046; x_wconf 86' lang='lat' dir='ltr'>nos</span> <span class='ocrx_word' id='word_1_455' title='bbox 3562 3990 3837 4063; x_wconf 86' lang='lat' dir='ltr'>dignetur</span> <span class='ocrx_word' id='word_1_456' title='bbox 3883 3992 3943 4046; x_wconf 92' lang='lat' dir='ltr'>in</span> 
     </span>
     <span class='ocr_line' id='line_1_71' title="bbox 2446 4079 3949 4153; baseline -0.003 -13"><span class='ocrx_word' id='word_1_457' title='bbox 2446 4084 2591 4141; x_wconf 78' lang='lat' dir='ltr'>solio</span> <span class='ocrx_word' id='word_1_458' title='bbox 2626 4086 2834 4141; x_wconf 88' lang='lat' dir='ltr'>sedens</span> <span class='ocrx_word' id='word_1_459' title='bbox 2876 4082 3119 4145; x_wconf 81' lang='lat' dir='ltr'>excelso,</span> <span class='ocrx_word' id='word_1_460' title='bbox 3151 4082 3224 4137; x_wconf 91' lang='lat' dir='ltr'>de</span> <span class='ocrx_word' id='word_1_461' title='bbox 3262 4098 3377 4152; x_wconf 90' lang='lat' dir='ltr'>quo</span> <span class='ocrx_word' id='word_1_462' title='bbox 3414 4079 3686 4153; x_wconf 83' lang='lat' dir='ltr'>Magister</span> <span class='ocrx_word' id='word_1_463' title='bbox 3730 4083 3949 4153; x_wconf 86' lang='lat' dir='ltr'>pertra-</span> 
     </span>
    </p>
   </div>
   <div class='ocr_carea' id='block_1_19' title="bbox 839 4162 3947 4245">
    <p class='ocr_par' dir='ltr' id='par_1_22' title="bbox 839 4162 3947 4245">
     <span class='ocr_line' id='line_1_72' title="bbox 839 4162 3947 4245; baseline -0.002 -15"><span class='ocrx_word' id='word_1_464' title='bbox 839 4176 1108 4232; x_wconf 87' lang='lat' dir='ltr'>tudinem</span> <span class='ocrx_word' id='word_1_465' title='bbox 1147 4175 1440 4245; x_wconf 82' lang='lat' dir='ltr'>appetant,</span> <span class='ocrx_word' id='word_1_466' title='bbox 1473 4188 1590 4228; x_wconf 86' lang='lat' dir='ltr'>non</span> <span class='ocrx_word' id='word_1_467' title='bbox 1620 4174 1820 4227; x_wconf 83' lang='lat' dir='ltr'>tamen</span> <span class='ocrx_word' id='word_1_468' title='bbox 1861 4169 1922 4226; x_wconf 86' lang='lat' dir='ltr'>in</span> <span class='ocrx_word' id='word_1_469' title='bbox 1959 4172 2164 4226; x_wconf 83' lang='lat' dir='ltr'>eodem</span> <span class='ocrx_word' id='word_1_470' title='bbox 2206 4186 2333 4226; x_wconf 79' lang='lat' dir='ltr'>eam</span> <span class='ocrx_word' id='word_1_471' title='bbox 2367 4162 2417 4225; x_wconf 91' lang='lat' dir='ltr'>D</span> <span class='ocrx_word' id='word_1_472' title='bbox 2448 4177 2628 4237; x_wconf 79' lang='lat' dir='ltr'>ctans,</span> <span class='ocrx_word' id='word_1_473' title='bbox 2660 4190 2695 4229; x_wconf 86' lang='lat' dir='ltr'>a</span> <span class='ocrx_word' id='word_1_474' title='bbox 2723 4172 2868 4229; x_wconf 89' lang='lat' dir='ltr'>facie</span> <span class='ocrx_word' id='word_1_475' title='bbox 2902 4172 3084 4244; x_wconf 89' lang='lat' dir='ltr'>ipsius</span> <span class='ocrx_word' id='word_1_476' title='bbox 3122 4186 3362 4227; x_wconf 83' lang='lat' dir='ltr'>exorsus</span> <span class='ocrx_word' id='word_1_477' title='bbox 3390 4171 3493 4233; x_wconf 89' lang='lat' dir='ltr'>est,</span> <span class='ocrx_word' id='word_1_478' title='bbox 3523 4172 3583 4226; x_wconf 91' lang='lat' dir='ltr'>et</span> <span class='ocrx_word' id='word_1_479' title='bbox 3608 4186 3711 4241; x_wconf 88' lang='lat' dir='ltr'>per</span> <span class='ocrx_word' id='word_1_480' title='bbox 3748 4169 3947 4226; x_wconf 85' lang='lat' dir='ltr'>media</span> 
     </span>
    </p>
   </div>
   <div class='ocr_carea' id='block_1_20' title="bbox 844 4260 2340 4517">
    <p class='ocr_par' dir='ltr' id='par_1_23' title="bbox 844 4260 2340 4517">
     <span class='ocr_line' id='line_1_73' title="bbox 844 4260 2340 4337; baseline -0.003 -15"><span class='ocrx_word' id='word_1_481' title='bbox 844 4282 1050 4322; x_wconf 89' lang='lat' dir='ltr'>omnes</span> <span class='ocrx_word' id='word_1_482' title='bbox 1080 4264 1366 4337; x_wconf 80' lang='lat' dir='ltr'>quaerunt.</span> <span class='ocrx_word' id='word_1_483' title='bbox 1397 4264 1592 4335; x_wconf 85' lang='lat' dir='ltr'>Neque</span> <span class='ocrx_word' id='word_1_484' title='bbox 1621 4262 1780 4318; x_wconf 88' lang='lat' dir='ltr'>enim</span> <span class='ocrx_word' id='word_1_485' title='bbox 1811 4264 1898 4317; x_wconf 88' lang='lat' dir='ltr'>est</span> <span class='ocrx_word' id='word_1_486' title='bbox 1924 4277 2060 4317; x_wconf 81' lang='lat' dir='ltr'>vera</span> <span class='ocrx_word' id='word_1_487' title='bbox 2097 4260 2340 4317; x_wconf 88' lang='lat' dir='ltr'>beatitu-</span> 
     </span>
     <span class='ocr_line' id='line_1_74' title="bbox 848 4350 2340 4424; baseline -0.004 -12"><span class='ocrx_word' id='word_1_488' title='bbox 848 4354 1003 4412; x_wconf 90' lang='lat' dir='ltr'>dinis</span> <span class='ocrx_word' id='word_1_489' title='bbox 1039 4353 1206 4418; x_wconf 88' lang='lat' dir='ltr'>ratio,</span> <span class='ocrx_word' id='word_1_490' title='bbox 1238 4353 1450 4408; x_wconf 87' lang='lat' dir='ltr'>habere</span> <span class='ocrx_word' id='word_1_491' title='bbox 1491 4351 1552 4407; x_wconf 91' lang='lat' dir='ltr'>id</span> <span class='ocrx_word' id='word_1_492' title='bbox 1599 4353 1754 4424; x_wconf 88' lang='lat' dir='ltr'>quod</span> <span class='ocrx_word' id='word_1_493' title='bbox 1794 4350 2057 4415; x_wconf 87' lang='lat' dir='ltr'>delectat,</span> <span class='ocrx_word' id='word_1_494' title='bbox 2089 4352 2191 4407; x_wconf 90' lang='lat' dir='ltr'>sed</span> <span class='ocrx_word' id='word_1_495' title='bbox 2238 4351 2340 4406; x_wconf 89' lang='lat' dir='ltr'>ha-</span> 
     </span>
     <span class='ocr_line' id='line_1_75' title="bbox 847 4440 2340 4517; baseline -0.005 -15"><span class='ocrx_word' id='word_1_496' title='bbox 847 4447 982 4502; x_wconf 91' lang='lat' dir='ltr'>bere</span> <span class='ocrx_word' id='word_1_497' title='bbox 1020 4445 1176 4517; x_wconf 88' lang='lat' dir='ltr'>quod</span> <span class='ocrx_word' id='word_1_498' title='bbox 1211 4442 1372 4506; x_wconf 71' lang='lat' dir='ltr'>velis,</span> <span class='ocrx_word' id='word_1_499' title='bbox 1415 4445 1473 4499; x_wconf 88' lang='lat' dir='ltr'>et</span> <span class='ocrx_word' id='word_1_500' title='bbox 1509 4440 1655 4497; x_wconf 91' lang='lat' dir='ltr'>nihil</span> <span class='ocrx_word' id='word_1_501' title='bbox 1690 4440 1829 4496; x_wconf 89' lang='lat' dir='ltr'>mali</span> <span class='ocrx_word' id='word_1_502' title='bbox 1867 4440 2030 4497; x_wconf 83' lang='lat' dir='ltr'>velle.</span> <span class='ocrx_word' id='word_1_503' title='bbox 2063 4440 2340 4507; x_wconf 85' lang='lat' dir='ltr'>Quamvis</span> 
     </span>
    </p>
   </div>
   <div class='ocr_carea' id='block_1_21' title="bbox 847 4530 2344 4604">
    <p class='ocr_par' dir='ltr' id='par_1_24' title="bbox 847 4530 2344 4604">
     <span class='ocr_line' id='line_1_76' title="bbox 847 4530 2344 4604; baseline -0.003 -12"><span class='ocrx_word' id='word_1_504' title='bbox 847 4534 1025 4592; x_wconf 89' lang='lat' dir='ltr'>etiam</span> <span class='ocrx_word' id='word_1_505' title='bbox 1055 4549 1260 4590; x_wconf 87' lang='lat' dir='ltr'>omnes</span> <span class='ocrx_word' id='word_1_506' title='bbox 1288 4532 1473 4589; x_wconf 88' lang='lat' dir='ltr'>Deum</span> <span class='ocrx_word' id='word_1_507' title='bbox 1504 4533 1872 4604; x_wconf 88' lang='lat' dir='ltr'>cognoscant,</span> <span class='ocrx_word' id='word_1_508' title='bbox 1898 4531 2097 4587; x_wconf 87' lang='lat' dir='ltr'>tamen</span> <span class='ocrx_word' id='word_1_509' title='bbox 2130 4530 2190 4586; x_wconf 91' lang='lat' dir='ltr'>in</span> <span class='ocrx_word' id='word_1_510' title='bbox 2222 4546 2344 4587; x_wconf 90' lang='lat' dir='ltr'>mo-</span> 
     </span>
    </p>
   </div>
   <div class='ocr_carea' id='block_1_22' title="bbox 2446 4257 3947 4425">
    <p class='ocr_par' dir='ltr' id='par_1_25' title="bbox 2446 4257 3947 4425">
     <span class='ocr_line' id='line_1_77' title="bbox 2449 4257 3947 4337; baseline -0.005 -16"><span class='ocrx_word' id='word_1_511' title='bbox 2449 4265 2785 4337; x_wconf 88' lang='lat' dir='ltr'>procedens,</span> <span class='ocrx_word' id='word_1_512' title='bbox 2814 4263 2893 4317; x_wconf 78' lang='lat' dir='ltr'>‘ad</span> <span class='ocrx_word' id='word_1_513' title='bbox 2932 4263 3107 4333; x_wconf 87' lang='lat' dir='ltr'>pedes</span> <span class='ocrx_word' id='word_1_514' title='bbox 3144 4259 3346 4331; x_wconf 87' lang='lat' dir='ltr'>u&#39;sque,</span> <span class='ocrx_word' id='word_1_515' title='bbox 3378 4260 3582 4315; x_wconf 88' lang='lat' dir='ltr'>eodem</span> <span class='ocrx_word' id='word_1_516' title='bbox 3624 4260 3789 4322; x_wconf 89' lang='lat' dir='ltr'>duce,</span> <span class='ocrx_word' id='word_1_517' title='bbox 3825 4257 3947 4315; x_wconf 79' lang='lat' dir='ltr'>seli-</span> 
     </span>
     <span class='ocr_line' id='line_1_78' title="bbox 2446 4350 2903 4425; baseline -0.013 -14"><span class='ocrx_word' id='word_1_518' title='bbox 2446 4354 2590 4411; x_wconf 86' lang='lat' dir='ltr'>citer</span> <span class='ocrx_word' id='word_1_519' title='bbox 2626 4350 2903 4425; x_wconf 82' lang='lat' dir='ltr'>pervenit.</span> 
     </span>
    </p>
   </div>
   <div class='ocr_carea' id='block_1_23' title="bbox 2448 4462 3941 4597">
    <p class='ocr_par' dir='ltr' id='par_1_26' title="bbox 2448 4462 3941 4597">
     <span class='ocr_line' id='line_1_79' title="bbox 2448 4462 3941 4531; baseline 0.001 -16"><span class='ocrx_word' id='word_1_520' title='bbox 2448 4467 2571 4516; x_wconf 90' lang='lat' dir='ltr'>Non</span> <span class='ocrx_word' id='word_1_521' title='bbox 2601 4470 2883 4531; x_wconf 87' lang='lat' dir='ltr'>poterunt,</span> <span class='ocrx_word' id='word_1_522' title='bbox 2905 4464 3010 4516; x_wconf 87' lang='lat' dir='ltr'>erit</span> <span class='ocrx_word' id='word_1_523' title='bbox 3032 4464 3222 4515; x_wconf 86' lang='lat' dir='ltr'>hircus</span> <span class='ocrx_word' id='word_1_524' title='bbox 3254 4463 3346 4515; x_wconf 89' lang='lat' dir='ltr'>ubi</span> <span class='ocrx_word' id='word_1_525' title='bbox 3378 4464 3650 4528; x_wconf 80' lang='lat' dir='ltr'>disjectus</span> <span class='ocrx_word' id='word_1_526' title='bbox 3680 4462 3749 4514; x_wconf 84' lang='lat' dir='ltr'>ab</span> <span class='ocrx_word' id='word_1_527' title='bbox 3774 4478 3941 4529; x_wconf 82' lang='lat' dir='ltr'>agne,</span> 
     </span>
     <span class='ocr_line' id='line_1_80' title="bbox 2514 4532 3771 4597; baseline 0 -12"><span class='ocrx_word' id='word_1_528' title='bbox 2514 4537 2613 4588; x_wconf 87' lang='lat' dir='ltr'>Vel</span> <span class='ocrx_word' id='word_1_529' title='bbox 2640 4538 2782 4587; x_wconf 86' lang='lat' dir='ltr'>bene</span> <span class='ocrx_word' id='word_1_530' title='bbox 2810 4537 2951 4589; x_wconf 82' lang='lat' dir='ltr'>velle</span> <span class='ocrx_word' id='word_1_531' title='bbox 2982 4536 3131 4597; x_wconf 85' lang='lat' dir='ltr'>mali,</span> <span class='ocrx_word' id='word_1_532' title='bbox 3155 4536 3242 4587; x_wconf 80' lang='lat' dir='ltr'>vel</span> <span class='ocrx_word' id='word_1_533' title='bbox 3274 4534 3419 4587; x_wconf 80' lang='lat' dir='ltr'>male</span> <span class='ocrx_word' id='word_1_534' title='bbox 3448 4532 3588 4585; x_wconf 79' lang='lat' dir='ltr'>velle</span> <span class='ocrx_word' id='word_1_535' title='bbox 3620 4534 3771 4587; x_wconf 90' lang='lat' dir='ltr'>boni.</span> 
     </span>
    </p>
   </div>
  </div>
 </body>
</html>
