4267 6250
739 502 826 551 AN
865 502 1218 552 nsssrmmo
1257 504 1352 551 sn·
1392 504 1548 552 mas
1590 503 2099 565 sA'rlsucrlONIS,
2144 505 2237 552 ΚΓ
2254 506 2633 555 ΝΒΩΙΞΒδΔΒΙΑ
2672 506 2759 554 ΔΙ)
2798 506 3074 555 ΒΑῙᾸΠἛΙ

3338 488 3459 555 407

349 670 454 735 dit
501 690 518 734 :
559 672 618 736 Si
662 674 808 756 quis
854 675 1024 739 bona
1070 675 1200 739 fide
1246 683 1415 740 emat
1461 675 1691 751 ablata,
1723 693 1852 739 non
1881 674 1934 739 A
1961 684 2059 739 est
2099 678 2496 760 praescriptio
2535 678 2721 760 juriS,
2755 698 2833 743 ex
2870 688 3159 760 tempore
3201 677 3459 761 capiens

347 769 556 833 debet
606 772 1031 847 damnificari,
1091 775 1245 856 quia
1302 792 1430 837 non
1489 774 1678 837 scivit
1735 792 1853 837 nec

347 870 800 953 suspicabatur
828 871 938 934 illa
969 890 1108 935 esse
1139 872 1377 954 injuste
1406 871 1632 936 ablata.
1665 871 1854 935 Idcir-

345 984 432 1029 co
463 968 520 1030 si
551 968 844 1032 dominus
871 970 1098 1033 talium
1131 989 1346 1033 rerum
1375 971 1515 1033 vult
1543 990 1650 1033 eas
1679 970 1854 1032 reha-

345 1064 532 1141 bere,
573 1066 758 1129 debet
807 1066 960 1129 huic
1009 1068 1284 1151 emptori
1333 1069 1668 1132 restituere
1717 1086 1854 1152 pre-

345 1163 520 1227 tium
557 1165 842 1247 capitale.
877 1200 958 1211 -
985 1167 1064 1229 At
1092 1184 1246 1229 vero
1285 1167 1364 1229 de
1404 1168 1672 1230 muliere
1711 1186 1853 1249 quae

345 1261 588 1325 falsum
643 1264 946 1327 heredem
1004 1266 1471 1340 constituendo,
1522 1264 1855 1329 defraudat

350 1379 580 1423 verum
621 1363 948 1437 heredem,
979 1364 1178 1446 aliqui
1222 1364 1466 1439 dicunt,
1498 1364 1669 1446 quod
1719 1382 1854 1425 mu-

353 1458 480 1521 lier
513 1459 656 1522 talis
693 1460 1060 1525 satisfacere
1101 1462 1344 1544 nequit,
1377 1462 1502 1525 nisi
1546 1462 1702 1524 illud
1738 1479 1856 1524 suo

351 1557 596 1620 revelet
653 1558 904 1633 marito,
957 1566 1270 1642 quatenus
1327 1560 1620 1642 spurium
1671 1560 1854 1623 illum

351 1654 566 1737 privet
595 1655 965 1720 hereditate.
981 1658 1158 1731 Quod
1187 1676 1316 1721 non
1347 1658 1600 1721 videtur
1628 1658 1856 1721 idonee

353 1754 624 1829 dictum,
676 1755 830 1837 quia
875 1774 944 1819 se
990 1756 1196 1839 ipsam
1241 1765 1588 1839 exponeret
1635 1757 1856 1820 mortis

1960 774 2335 838 firmitatem
2378 794 2392 839 τ
2438 777 2622 858 cujus
2662 776 3160 860 praescriptionis
3204 783 3459 858 tempus

1961 880 2058 935 est
2087 873 2309 935 decem
2339 874 2490 937 anni
2520 882 2741 938 contra
2768 893 3105 958 personam
3139 874 3365 937 laicam
3396 879 3461 935 et

1961 970 2298 1053 privatam,
2346 973 2401 1035 si
2445 992 2723 1055 praesens
2767 974 2870 1047 sit,
2902 981 2967 1036 et
3006 972 3233 1055 viginti
3280 971 3455 1045 anni,

1962 1069 2013 1131 si
2045 1068 2275 1133 absens
2306 1071 2583 1133 exsistat.
2599 1071 3049 1154 Intelliguntur
3074 1078 3287 1134 autem
3318 1088 3457 1133 esse

1962 1175 2330 1249 praesenteS,
2370 1170 2483 1252 qui
2533 1170 2597 1232 in
2645 1170 2867 1233 eadem
2918 1169 3249 1252 provincia
3292 1186 3460 1232 com-

1964 1274 2329 1348 morantur3
2360 1266 2654 1331 absentes
2699 1286 2872 1342 vero,
2904 1267 3013 1350 qui
3058 1274 3209 1330 sunt
3250 1268 3317 1330 in
3364 1267 3459 1329 di-

1961 1364 2166 1427 versis
2209 1365 2576 1447 provinciis,
2612 1366 2801 1429 Porro
2848 1373 3067 1430 contra
3108 1365 3457 1429 Ecclesiam

1963 1478 2090 1524 non
2152 1462 2607 1544 praescribitur,
2671 1464 2794 1527 nisi
2851 1471 3139 1547 ternpore
3197 1464 3460 1547 quadra-

1961 1558 2139 1641 ginta
2181 1579 2517 1635 annorum,
2552 1570 2621 1624 ut
2662 1570 2834 1645 patet
2880 1560 2978 1636 16,
3010 1562 3359 1645 quaestione
3400 1562 3454 1625 3.
3488 1578 3749 1637 noenum.

1965 1658 2042 1720 Et
2083 1658 2403 1741 excipitur
2448 1659 2538 1722 ibi
2580 1661 2860 1724 Romana
2902 1660 3207 1735 Ecclesia,
3244 1668 3463 1724 contra

1965 1775 2157 1838 quam
2188 1775 2315 1820 non
2358 1757 2794 1839 praescribitur
2834 1758 2961 1821 nisi
2995 1766 3285 1841 tempore
3321 1778 3465 1821 cen-

353 1852 642 1934 periculo
691 1860 756 1916 et
801 1854 1012 1918 virum
1061 1874 1251 1918 suum
1303 1855 1674 1920 uxoricidio.
1708 1856 1856 1919 ldeo
1891 1858 1940 1921 B
1967 1860 2104 1915 tum
2136 1871 2471 1917 annorum.
2506 1855 2737 1919 Differt
2768 1856 2919 1919 item
2953 1856 3348 1939 praescriptio
3382 1856 3465 1919 ab

351 1951 518 2025 dico,
554 1953 726 2034 quod
763 1953 993 2016 mulier
1023 1953 1133 2016 illa
1161 1972 1278 2036 pro
1308 1972 1492 2036 posse
1521 1972 1638 2018 suo
1667 1954 1857 2017 debet

353 2048 642 2113 laborare
681 2058 754 2113 ut
788 2052 1045 2134 spurius
1085 2051 1196 2114 ille
1227 2052 1421 2115 intret
1455 2051 1854 2134 religionem,

351 2156 416 2211 et
454 2148 652 2211 talem
693 2149 1064 2230 religionem
1109 2150 1174 2212 in
1206 2168 1334 2232 qua
1371 2168 1498 2212 non
1539 2150 1623 2213 sit
1659 2170 1856 2234 capax

349 2247 745 2311 hereditatis,
780 2248 956 2322 Quod
988 2248 1041 2310 si
1072 2248 1352 2311 noluerit
1391 2250 1672 2332 spurius,
1706 2258 1859 2332 puto

352 2346 526 2427 quod
577 2354 778 2409 mater
823 2365 941 2410 sua
989 2346 1216 2410 debeat
1274 2348 1332 2410 ei
1381 2348 1550 2430 quod
1609 2356 1858 2431 gestum

353 2452 472 2517 est,
525 2443 690 2507 clam
747 2444 1053 2520 revelare,
1117 2444 1462 2527 ipsumque
1519 2446 1860 2509 admonere

357 2560 438 2605 ne
466 2542 748 2605 animam
787 2562 972 2605 suam
1011 2543 1234 2625 perdat
1275 2544 1642 2626 usurpando
1681 2545 1860 2608 here-

357 2640 620 2703 ditatem
654 2640 778 2703 sibi
811 2640 1182 2704 indebitam.
1202 2642 1412 2705 Potest
1441 2660 1696 2725 quoque
1725 2644 1860 2707 haec

357 2738 645 2802 revelare
692 2738 1042 2802 confessori
1091 2740 1296 2821 spurii
1347 2740 1413 2801 in
1463 2739 1860 2805 confessione

357 2837 460 2901 vel
501 2844 700 2911 extra,
733 2844 798 2900 et
835 2837 1200 2919 supplicare
1239 2845 1310 2899 ut
1350 2857 1546 2920 super
1581 2839 1681 2902 his
1715 2859 1863 2922 spu-

355 2936 530 2997 rium
579 2935 764 2999 illum
814 2934 1135 2999 informet.
1184 2936 1301 3010 Qui
1351 2937 1406 2999 si
1455 2938 1860 3019 acquiescere

1967 1952 2359 2034 usucapione
2394 1970 2407 2016 :
2442 1953 2593 2035 quia
2631 1954 3027 2036 praescriptio
3064 1954 3233 2017 cadit
3272 1973 3469 2037 super

1969 2068 2104 2112 rem
2164 2050 2585 2128 immobilem,
2646 2059 2719 2114 ut
2776 2059 2874 2115 est
2928 2071 3098 2133 ager,
3147 2051 3323 2127 villa,
3372 2071 3469 2115 ca-

1967 2156 2207 2228 strum3
2242 2151 2548 2233 usucapio
2598 2170 2791 2233 super
2838 2170 2975 2214 rem
3024 2150 3356 2225 mobilem,
3398 2158 3469 2212 ut

1968 2254 2119 2310 sunt
2153 2248 2447 2329 pecunia,
2483 2248 2666 2325 liber,
2699 2250 2914 2313 vestis.
2949 2250 3171 2323 Quaero
3208 2267 3381 2331 ergo,
3413 2249 3469 2311 si

1969 2345 2114 2426 quis
2148 2364 2283 2409 rem
2322 2347 2642 2429 possideat
2682 2347 2953 2429 pacifice
2992 2346 3158 2410 bona
3194 2346 3326 2410 fide
3356 2366 3470 2429 per

1968 2450 2173 2505 totum
2206 2451 2462 2527 tempus
2492 2446 3013 2528 praescriptionis,
3038 2445 3469 2508 concurrenti—

1970 2538 2091 2603 bus
2135 2542 2609 2607 conditionibus
2652 2544 2970 2607 universis
3018 2543 3345 2625 requisitis
3391 2545 3471 2606 ad

1972 2640 2471 2724 praescriptionis
2520 2643 2822 2716 valorem,
2864 2660 3007 2724 quae
3056 2642 3275 2705 multae
3322 2650 3472 2704 sunt

1970 2738 2201 2816 valde3
2255 2740 2485 2803 deinde
2533 2740 2747 2803 veniat
2804 2741 2971 2822 quis,
3018 2738 3348 2803 evidenter
3393 2758 3468 2802 ac

1970 2833 2373 2900 sufficienter
2410 2838 2735 2901 declarans
2774 2838 2943 2921 quod
2983 2837 3151 2901 bona
3190 2837 3299 2900 illa
3337 2837 3471 2901 fue-

1971 2940 2112 2994 rant
2142 2953 2277 3009 sua,
2311 2935 2412 2998 vel
2441 2935 2521 2997 ad
2553 2935 2764 3017 ipsum
2805 2935 3090 3017 legitima
3118 2936 3466 2999 successio-

356 3034 541 3107 nolit,
573 3041 638 3096 et
683 3033 918 3097 mulier
967 3035 1394 3117 supervixerit
1443 3054 1559 3100 suo
1610 3036 1857 3111 marite,
1897 3037 1942 3101 C
1969 3051 2052 3095 ne
2101 3032 2509 3117 pertineant:
2542 3041 2759 3095 utrum
2807 3040 3099 3096 teneatur
3145 3033 3313 3098 bona
3360 3034 3470 3096 illa

357 3132 552 3197 debet
579 3134 836 3216 parcius
865 3133 1098 3210 vivere,
1114 3143 1422 3217 quatenus
1451 3135 1670 3199 heredi
1699 3137 1863 3199 dam-

357 3232 626 3296 nificato
668 3240 1114 3315 recompenset
1157 3233 1462 3296 damnum
1505 3252 1695 3296 suum
1745 3252 1861 3316 pro

359 3349 568 3415 posse.

441 3431 756 3505 Quaeritur
811 3429 1029 3505 etiam,
1083 3447 1210 3513 quo
1267 3438 1552 3513 tempore
1608 3437 1863 3494 tenetur

360 3529 508 3611 quis
537 3529 892 3598 restituere.
914 3528 1062 3602 Quae
1091 3529 1359 3610 quaestio
1387 3529 1728 3611 dupliciter
1757 3547 1863 3611 po-

362 3635 486 3689 test
525 3626 819 3708 intelligi.
857 3626 1086 3700 Primo,
1119 3627 1198 3689 de
1237 3627 1348 3689 illo
1387 3627 1498 3709 qui
1531 3647 1858 3710 nunquam

363 3726 488 3788 fuit
528 3725 714 3789 bonae
757 3724 913 3787 fidei
959 3740 1318 3806 possessor3
1352 3732 1416 3788 et
1459 3725 1568 3788 ille
1611 3733 1864 3788 tenetur

365 3823 732 3886 immediate
762 3823 1119 3897 restituere,
1153 3830 1464 3905 quantum
1495 3831 1720 3905 potest.
1756 3824 1861 3886 Se-

365 3922 596 3994 cundo,
629 3922 708 3984 de
739 3921 853 3984 illo
891 3920 1002 4003 qui
1039 3921 1382 4004 aliquando
1419 3921 1544 3983 fuit
1572 3921 1726 3983 fidei
1757 3920 1864 3984 bo-

365 4041 460 4084 nae
510 4037 862 4103 possessor,
915 4027 1128 4083 tamen
1185 4026 1528 4101 antequam
1587 4027 1865 4081 transeat

363 4127 618 4201 tempus
663 4117 1186 4199 prascriptionis,
1218 4115 1620 4180 sufficienter
1667 4115 1862 4179 infor-

1969 3135 2305 3198 restituere
2355 3132 2469 3194 illi.
2503 3133 2877 3214 Respondeo
2921 3133 3091 3214 quod
3136 3150 3285 3207 non,
3318 3150 3471 3215 quo-

1971 3233 2145 3296 niam
2189 3232 2295 3312 jus
2344 3231 2723 3294 canonicum
2770 3249 2846 3293 ac
2895 3231 3085 3294 civile
3132 3230 3471 3294 conferunt

1970 3332 2029 3394 ei
2069 3331 2312 3411 justum
2348 3328 2609 3390 titulum
2645 3328 3033 3411 possidendi.
3066 3328 3302 3392 Verum
3331 3329 3470 3411 qui-

1971 3431 2115 3493 dam
2143 3429 2431 3492 doctores
2456 3435 2677 3490 tenent
2700 3429 3101 3502 contrarium,
3118 3435 3471 3492 asserentes

1971 3529 2141 3611 quod
2186 3527 2250 3588 in
2298 3525 2434 3588 foro
2482 3525 2889 3590 conscientiae
2938 3526 3271 3588 restituere
3314 3525 3471 3590 obli-

1969 3634 2170 3708 gatur.
2204 3623 2333 3687 Nec
2368 3623 2474 3704 jus
2518 3624 2871 3686 humanum
2912 3643 3029 3685 sua
3072 3623 3467 3708 institutione

1971 3731 2179 3806 potest
2209 3721 2623 3804 praejudicare
2650 3721 2781 3802 juri
2811 3721 3030 3784 divino
3057 3739 3130 3783 ac
3170 3722 3464 3797 naturali,

1973 3822 2058 3884 ita
2089 3828 2159 3882 ut
2188 3820 2379 3883 faciat
2409 3820 2471 3882 id
2502 3820 2672 3902 quod
2704 3839 2922 3882 meum
2953 3825 3064 3894 est,
3077 3837 3217 3882 esse
3246 3827 3463 3898 tuum3

1971 3938 2171 4001 quum
2230 3919 2422 3981 homo
2472 3916 2793 3999 legislator
2841 3935 2969 3979 non
3028 3917 3112 3979 sit
3168 3916 3465 3980 dominus

1971 4036 2209 4091 rerum,
2244 4016 2354 4079 sed
2384 4017 2551 4079 Deus
2590 4021 2856 4088 creator,
2891 4013 3212 4095 legislator
3248 4033 3466 4096 supre-

1972 4134 2134 4178 mus.
2170 4115 2458 4196 Insuper,
2496 4113 2667 4195 quod
2702 4131 2829 4176 non
2871 4119 2969 4175 est
3004 4111 3359 4175 secundum
3401 4130 3469 4175 se

363 4226 573 4280 matur
619 4216 700 4278 de
749 4215 870 4278 hoc
918 4215 1088 4297 quod
1139 4215 1376 4295 injuste
1424 4215 1706 4296 possidet
1752 4215 1861 4277 ali·
1891 4215 1942 4277 D
1972 4213 2371 4288 licitum,sed
2401 4220 2647 4275 tantum
2678 4231 2717 4274 a
2742 4210 2887 4294 jure
2919 4211 3471 4294 permissum,non

362 4317 539 4399 quid,
582 4323 648 4378 et
691 4313 862 4396 quod
907 4313 1001 4376 illi
1045 4330 1160 4395 per
1197 4330 1357 4396 quos
1401 4332 1514 4376 seu
1553 4333 1590 4375 a
1627 4313 1862 4396 quibus

362 4414 556 4478 habet
601 4431 740 4476 rem
790 4412 990 4486 illam,
1041 4431 1370 4494 nunquam
1417 4412 1681 4475 fuerunt
1727 4411 1862 4474 veri

364 4529 764 4596 possessores
819 4510 912 4573 rei
973 4509 1163 4584 illius,
1214 4518 1405 4592 atque
1463 4510 1864 4574 sufficienter

363 4613 630 4675 docetur
659 4609 939 4691 injustus
972 4607 1081 4671 ille
1122 4626 1467 4690 possessor,
1502 4609 1606 4671 cui
1638 4608 1864 4672 debeat

363 4710 628 4774 reddere
673 4707 850 4770 illam
895 4726 1029 4769 rem
1076 4724 1090 4769 :
1131 4713 1195 4770 et
1243 4714 1396 4768 tunc
1443 4707 1520 4770 ad
1563 4707 1865 4771 restituti-

361 4827 552 4872 onem
588 4813 844 4869 tenetur
881 4804 1250 4868 immediate
1285 4813 1352 4867 et
1391 4804 1673 4879 indilate,
1715 4805 1866 4887 quia

361 4906 656 4989 ejusdem
689 4910 786 4966 est
825 4903 1116 4966 criminis
1155 4902 1346 4965 alicui
1387 4922 1522 4965 rem
1563 4921 1740 4966 suam
1776 4903 1866 4965 in·

360 5006 534 5086 juste
561 5002 837 5076 auferre,
856 5009 922 5064 et
949 5001 1256 5074 detinere,
1276 5001 1400 5062 nisi
1433 4999 1651 5063 dilatio
1680 5020 1866 5083 expe-

361 5103 518 5176 diat,
550 5107 624 5162 ut
661 5099 917 5182 quando
958 5097 1198 5162 furioso
1237 5116 1364 5161 non
1411 5096 1697 5160 redditur
1738 5098 1866 5178 gla-

363 5200 530 5261 diuS.
565 5197 798 5273 Tertio,
833 5203 1041 5279 potest
1071 5196 1204 5259 haec
1245 5195 1511 5278 quaestio
1551 5194 1865 5257 introduci

1973 4313 2213 4396 praebet
2260 4311 2699 4374 defensionem
2744 4311 2810 4373 in
2854 4310 3260 4374 conscientias
3309 4309 3465 4374 foro,

1971 4413 2139 4475 Talis
2180 4418 2393 4473 autem
2438 4417 2535 4472 est
2575 4409 2995 4492 praescriptio,
3027 4410 3329 4492 quoniam
3374 4427 3470 4472 so-

1974 4510 2108 4572 lum
2140 4516 2236 4572 est
2266 4527 2303 4569 a
2329 4508 2474 4588 jure
2504 4507 2839 4589 permissa,
2870 4509 2948 4570 ad
2981 4508 3312 4571 vitandum
3342 4526 3470 4570 ma·-

1969 4609 2074 4691 jus
2119 4607 2385 4680 malum,
2419 4606 2718 4669 videlicet
2756 4606 2967 4688 jurgia
3012 4626 3153 4689 quae
3203 4613 3469 4689 possunt

1973 4707 2125 4770 oriri
2178 4713 2437 4788 propter
2476 4704 2777 4766 dominia.
2813 4705 2933 4767 Sed
2982 4705 3101 4766 ista
3145 4722 3270 4767 non
3320 4721 3469 4769 con-

1974 4805 2260 4869 cludunt.
2297 4803 2375 4864 Et
2412 4801 2578 4876 dico,
2620 4801 2790 4883 quod
2837 4801 3135 4883 princeps
3178 4809 3468 4865 terrenus

1974 4921 2100 4967 non
2133 4901 2339 4964 solum
2372 4906 2469 4962 est
2498 4918 2712 4961 rerum
2753 4906 2943 4972 tutor,
2976 4899 3085 4961 sed
3125 4898 3317 4962 etiam
3348 4900 3471 4962 dis-

1973 5000 2249 5064 tributor
2278 4998 2631 5060 secundum
2674 4997 2902 5059 merita
2936 5004 3126 5078 atque
3164 4997 3473 5060 demerita

1977 5094 2441 5181 possidentium
2485 5113 2611 5158 eas.
2646 5094 2805 5156 Hinc
2849 5093 3015 5156 sicut
3053 5102 3312 5176 propter
3349 5095 3469 5157 cri-

1979 5195 2153 5258 mina
2199 5193 2415 5276 aliqua
2458 5192 2627 5256 tollit
2674 5191 2783 5253 uni
2842 5210 3054 5265 suum,
3104 5199 3170 5254 et
3217 5200 3471 5274 praestat

369 5305 632 5379 propter
677 5303 938 5377 tempus
993 5293 1514 5376 praescriptioni8‚
1567 5293 1716 5375 quia
1762 5301 1871 5355 aut
1980 5295 2100 5357 hoc
2144 5291 2365 5372 alteri3
2399 5291 2491 5352 sic
2536 5291 2601 5352 in
2653 5289 2977 5372 proposito
3024 5308 3139 5371 per
3186 5291 3468 5388 prQscri-
