4267 6250
766 513 920 560 msr.
959 514 1066 560 XIV
1107 513 1356 576 sum3
1397 513 1621 570 QUAEST.
1665 513 1686 560 1
1729 513 1745 560 ἶ
1786 513 1989 562 urum!
2030 513 2427 562 POENtTBN’ru
2456 516 2562 564 ‘SIT
2602 515 3050 565 sAcltAnEN'run

935 761 1274 826 SUMMA

450 921 1047 980 DISTINCTIONIS
1099 923 1772 990 QUARTAEDECIMAE

481 1172 832 1237 OMPLETO
863 1181 1130 1237 tractatu
1161 1175 1238 1236 de
1269 1173 1474 1237 tribus
1504 1193 1856 1239 sacramen·

505 1273 588 1334 tis
628 1291 771 1355 quae
815 1273 1136 1355 pertinent
1166 1274 1244 1335 ad
1284 1272 1525 1336 bonum
1561 1273 1852 1337 obtinen-

363 1371 507 1434 dum
544 1371 691 1453 (per
725 1371 1122 1454 Baptismum
1165 1391 1442 1454 namque
1483 1373 1684 1452 gratia
1724 1373 1851 1455 pri-

367 1489 462 1532 ma
494 1469 706 1552 primo
736 1470 1110 1552 acquiritur,
1142 1489 1343 1552 quum
1375 1469 1736 1552 Baptismus
1770 1472 1850 1534 sit

364 1568 748 1648 regeneratio
804 1567 1190 1650 spiritualis;
1240 1587 1354 1650 per
1411 1568 1851 1633 Confirmatio-

365 1685 502 1728 ncm
559 1673 852 1748 augetur,
903 1685 1018 1750 per
1073 1667 1536 1730 Eucharistiam
1595 1668 1850 1751 perfici-

365 1762 504 1841 tur),
545 1782 719 1826 nunc
764 1764 896 1845 agit
937 1763 1016 1826 de
1057 1772 1282 1847 quarto
1327 1773 1744 1840 sacramento,
1787 1766 1850 1829 id

3334 499 3455 564 355

1881 684 1934 748 A
1962 683 2195 767 legitur
2244 685 2447 752 forma
2497 687 2637 769 ejus
2693 707 3011 773 expressa.
3064 723 3145 736 —
3191 687 3459 771 Insuper

1959 791 2227 866 apparet
2271 785 2441 868 quod
2499 803 2627 849 non
2676 785 2762 848 sit
2806 785 3031 862 virtus,
3081 786 3192 850 sed
3244 785 3458 869 potius

1961 883 2173 962 passio
2209 883 2459 956 animae,
2494 889 2711 966 utpote
2750 883 2932 948 dolor
2972 903 3084 948 seu
3127 885 3459 968 poenitudo

1960 978 2161 1042 animi
2202 979 2283 1043 de
2326 980 2513 1044 malo.

2059 1171 2240 1236 Circa
2306 1174 2441 1238 haec
2504 1174 2728 1238 scribit
2787 1175 3325 1239 Antisiodorensis
3389 1177 3457 1239 in

1961 1270 2227 1334 Summa
2280 1291 2415 1348 sua,
2477 1272 2642 1336 libro
2698 1281 2925 1357 quarto
2976 1291 2991 1336 :
3042 1274 3457 1349 Quemadmo-

1960 1369 2116 1432 dum
2157 1370 2223 1432 in
2254 1371 2670 1436 Eucharistiae
2698 1380 3094 1436 sacramento
3131 1380 3281 1435 sunt
3309 1392 3461 1457 qua·

1961 1475 2126 1544 tuor,
2178 1468 2478 1532 videlicet
2533 1469 2738 1534 forma
2794 1471 2999 1554 panis,
3050 1470 3254 1535 forma
3298 1471 3456 1548 vini,

1961 1586 2104 1648 quae
2144 1567 2291 1640 duo,
2333 1576 2484 1630 sunt
2521 1577 2991 1632 sacramentum
3035 1575 3099 1632 et
3140 1587 3267 1632 non
3318 1587 3456 1651 res3

1960 1665 2220 1728 tertium
2268 1684 2422 1729 vero
2478 1674 2573 1729 est
2630 1685 2862 1750 corpus
2919 1667 3150 1732 Christi
3206 1686 3454 1742 verum,

1959 1764 2131 1844 quod
2188 1772 2283 1827 est
2330 1784 2432 1827 res
2490 1772 2554 1828 et
2600 1774 3105 1846 sacramentum3
3154 1773 3453 1848 quartum

363 1867 452 1922 est
504 1861 586 1923 de
642 1860 1040 1938 Poenitentia,
1091 1882 1208 1946 per
1253 1882 1446 1945 quam
1503 1864 1847 1944 gratiarum
1887 1863 1933 1926 B
1961 1869 2057 1924 est
2086 1880 2318 1944 corpus
2352 1862 2583 1929 Christi
2627 1864 2989 1948 mysticum,
3023 1865 3192 1948 quod
3226 1873 3323 1928 est
3354 1884 3453 1928 res

362 1957 678 2022 obstacula
713 1969 1142 2035 removentur,
1176 1969 1240 2024 et
1269 1981 1450 2024 mens
1481 1962 1559 2025 ad
1591 1981 1848 2026 omnem

359 2059 619 2138 gratiam
657 2060 1132 2141 suscipiendam
1167 2060 1530 2143 disponitur
1561 2081 1576 2126 ε
1610 2062 1740 2126 imo
1769 2063 1851 2125 si-

363 2174 436 2218 ne
471 2155 594 2219 hoc
633 2165 1030 2222 sacramento
1079 2159 1294 2222 nullus
1343 2159 1574 2224 adultae
1621 2161 1846 2236 matis,

363 2254 510 2318 vitio
538 2255 932 2337 inquinatus,
965 2258 1416 2340 quodcumque
1447 2259 1622 2322 aliud
1653 2279 1852 2323 sacra·

365 2360 642 2416 mentum
672 2354 1014 2417 salubriter
1042 2363 1250 2438 potest
1278 2357 1626 2441 percipere.
1643 2359 1852 2422 Primo

361 2469 502 2532 ergo
547 2453 826 2515 ostendit
871 2453 1165 2534 Magister
1218 2455 1412 2537 hujus
1470 2458 1848 2520 sacramenti

361 2551 793 2613 necessitatem
834 2560 902 2613 et
939 2552 1314 2633 utilitatem3
1355 2553 1585 2617 deinde
1622 2555 1852 2618 dividit

361 2665 492 2709 eam
539 2649 606 2711 in
653 2649 1098 2731 poenitentiam
1156 2651 1522 2715 interiorem
1573 2659 1639 2716 et
1684 2661 1852 2716 exte-

361 2745 606 2820 riorem,
631 2752 696 2810 et
725 2747 880 2830 quid
908 2747 993 2811 sit
1022 2749 1400 2831 poenitentia
1429 2751 1566 2833 ipsa
1596 2751 1844 2814 definit.

360 2842 655 2916 Quocirca
717 2846 996 2909 ostendit
1055 2849 1479 2930 quorumdam
1543 2867 1845 2924 errorem,

359 2942 702 3007 dicentium
741 2945 1186 3009 Poenitentiam
1229 2947 1444 3010 iterari
1479 2965 1607 3010 non
1642 2965 1845 3031 posse,

1959 1969 2023 2022 ct
2065 1979 2193 2024 non
2240 1970 2707 2024 sacramentum
2752 1983 2765 2027 :
2812 1963 2897 2025 ita
2944 1964 3011 2026 in
3058 1971 3454 2027 sacramento

1958 2060 2349 2123 Poenitentiae
2398 2069 2548 2123 sunt
2593 2069 2887 2143 quatuor,
2938 2069 3158 2145 utpote
3208 2061 3452 2126 confes-

1959 2158 2076 2232 sio,
2117 2159 2434 2232 contritio,
2476 2159 2844 2236 satisfactio,
2888 2161 3177 2225 remissio
3226 2161 3450 2244 culpae.

1959 2257 2128 2319 luter
2157 2277 2321 2339 quae,
2355 2258 2674 2322 confessio
2712 2267 2776 2322 et
2806 2259 3154 2323 satisfactio
3184 2267 3333 2322 sunt
3362 2279 3457 2322 sa-

1959 2363 2285 2418 cramenta
2314 2364 2377 2419 et
2415 2375 2542 2419 non
2586 2375 2717 2437 res;
2749 2365 3025 2440 suntque
3061 2366 3455 2422 sacramenta

1959 2453 2279 2517 interioris
2322 2456 2723 2519 contritionis
2764 2463 2827 2518 et
2869 2457 3261 2520 remissionis
3311 2476 3455 2540 pec·

1958 2552 2104 2626 cati,
2158 2553 2289 2614 imo
2337 2560 2401 2614 et
2456 2552 2685 2616 ultimo
2741 2572 2815 2616 ac
2874 2553 3316 2636 principaliter
3360 2573 3455 2617 re·

1961 2649 2284 2713 missionis
2326 2651 2594 2732 peccati,
2626 2651 2931 2732 quoniam
2974 2659 3234 2734 propter
3273 2651 3451 2715 illam

1957 2748 2368 2812 obtinendam
2431 2748 2818 2813 confitemur
2878 2756 2944 2813 et
3002 2749 3449 2814 satisfacimus.

1958 2849 2147 2912 Porro
2190 2848 2485 2912 contritio
2533 2856 2628 2910 est
2674 2858 3141 2912 sacramentum
3184 2857 3248 2912 et
3290 2869 3391 2912 res
3432 2867 3448 2912 t

1958 2946 2282 3029 significat
2309 2947 2481 3034 enim
2516 2947 2959 3011 remissionem
3000 2948 3244 3031 peccati
3274 2956 3339 3012 et
3366 2948 3455 3012 ef-

361 3043 891 3122 qucmadmodum
949 3063 1068 3106 nec
1124 3045 1539 3128 Baptismum.
1601 3045 1850 3108 Inducit
1887 3045 1930 3108 G
1959 3044 2100 3107 ficit
2127 3063 2305 3126 eam3
2348 3065 2449 3108 res
2486 3053 2699 3108 autem
2740 3053 2838 3108 est
2876 3054 3169 3129 respectu
3207 3046 3452 3110 confes-

360 3158 604 3223 quoque
666 3143 908 3206 motiva
964 3142 1274 3226 ipsorum,
1325 3151 1389 3206 et
1444 3143 1635 3207 verba
1696 3145 1847 3208 San-

357 3245 596 3301 ctorum
636 3239 932 3304 intricata
969 3242 1249 3324 exponit.
1284 3242 1590 3317 Quocirca
1621 3249 1849 3305 tractat

357 3336 432 3399 de
461 3338 836 3419 poenitentia
873 3338 1325 3422 perfectorum,
1358 3340 1438 3403 de
1473 3340 1848 3423 poenitentia

355 3452 604 3519 quoque
647 3437 918 3511 solenni,
951 3445 1016 3501 et
1053 3457 1250 3521 quare
1292 3456 1420 3502 non
1464 3439 1746 3502 iteratur.

663 3753 1138 3828 QUAESTIO
1205 3754 1534 3819 PRIMA

497 4028 562 4091 Ic
615 4028 924 4111 quaeritur
973 4028 1204 4111 prim0,
1254 4029 1544 4097 ‘Utrum
1596 4033 1843 4112 poeni·

515 4126 785 4195 tentia
813 4129 924 4195 sit
953 4131 1558 4212 sacramentum,
1587 4137 1652 4193 ct
1689 4130 1844 4213 quid

352 4227 434 4288 sit
473 4226 868 4309 poenitentia.

430 4324 696 4388 Videtur
751 4324 920 4407 quod
978 4342 1128 4400 non,
1179 4324 1330 4408 quia
1387 4326 1554 4389 sicut
1605 4327 1844 4409 praeha·

304 4455 331 4494 ι,
355 4422 558 4486 bitum
607 4431 726 4498 est,
767 4430 1234 4487 sacramentum
1283 4431 1380 4487 est
1421 4424 1677 4488 visibile
1718 4425 1844 4489 ele-

357 4530 666 4598 mentum,
718 4529 906 4604 atque
955 4521 1261 4585 sensibile
1308 4523 1593 4606 aliquid3
1642 4524 1843 4608 poeni-

358 4622 549 4685 tentia
583 4629 798 4685 autem
838 4628 938 4684 est
963 4621 1166 4685 virtus
1203 4620 1306 4685 vel
1342 4629 1523 4686 actus
1565 4624 1839 4687 virtutiS.

351 4720 562 4784 Virtus
603 4728 841 4795 autem,
873 4721 1230 4784 secundum
1268 4721 1716 4803 Augustinum,
1750 4728 1848 4787 est

351 4818 518 4883 bona
563 4819 836 4901 qualitas
883 4837 998 4881 seu
1045 4819 1300 4882 habitus
1350 4821 1604 4895 mentiS,
1648 4828 1712 4885 et
1758 4821 1845 4884 ita

351 4924 448 4981 est
483 4917 828 4981 invisibilis
866 4936 992 4992 reS,
1022 4918 1319 4981 similiter
1354 4925 1531 4982 actus
1569 4918 1729 5001 ejus.
1764 4956 1846 4966 —

301 5044 328 5083 ι.
353 5017 613 5092 Rursm,
646 5023 1042 5079 sacramenta
1070 5018 1427 5081 consistunt
1455 5019 1522 5080 in
1562 5017 1752 5082 rebus
1782 5026 1847 5081 et

351 5115 566 5178 verbis
607 5115 798 5179 certis
845 5114 1151 5199 praefixis‚
1191 5117 1468 5198 desuper
1513 5116 1840 5195 institutis.

351 5214 524 5287 Quod
565 5231 694 5277 non
722 5214 978 5278 videtur
1017 5214 1082 5277 in
1121 5214 1498 5297 poenitentia
1535 5233 1722 5299 posse
1753 5216 1846 5280 di-

350 5312 430 5389 ci,
461 5314 786 5397 quoniam,
807 5312 1042 5376 nullibi
1079 5313 1146 5377 in
1175 5311 1503 5396 Scriptura
1542 5314 1847 5381 canonica

1958 3143 2156 3207 sionis
2214 3151 2278 3206 et
2334 3144 2800 3208 satisfactionis,
2862 3146 3080 3228 Itaque
3137 3144 3455 3210 confessio

1958 3242 2078 3304 ista
2123 3243 2400 3306 exterior
2445 3250 2509 3305 et
2556 3242 2904 3306 satisfactio
2950 3250 3102 3306 sunt
3145 3244 3452 3307 extrinse-

1958 3360 2105 3403 cum
2154 3340 2421 3423 aliquid,
2472 3348 2538 3403 et
2582 3340 2885 3404 efficiunt
2930 3342 3099 3424 quod
3146 3341 3449 3424 figurant,

1955 3439 2254 3503 videlicet
2284 3439 2726 3502 remissionem
2770 3440 3045 3522 peccati3
3077 3457 3205 3503 non
3234 3448 3450 3505 tamen

1954 3536 2253 3601 efficiunt
2308 3555 2499 3601 omne
2556 3538 2725 3619 quod
2784 3537 3084 3619 figurant,
3146 3539 3448 3622 quoniam

1954 3652 2082 3699 non
2121 3634 2419 3697 efficiunt
2448 3634 2512 3697 id
2542 3634 2712 3717 quod
2754 3635 2963 3717 primo
3000 3635 3302 3716 figurant,
3336 3656 3450 3719 pu-

1951 3741 2016 3796 ta
2054 3732 2519 3797 contritionem.
2553 3732 2681 3795 Nec
2715 3740 2813 3795 est
2848 3752 3109 3797 necesse
3141 3735 3313 3816 quod
3351 3754 3445 3797 sa-

1953 3839 2351 3894 cramentum
2400 3848 2579 3895 novae
2622 3830 2779 3912 legis
2826 3829 3070 3894 efficiat
3110 3831 3447 3896 omnifarie

1951 3929 2120 4013 quod
2165 3928 2452 4011 designat
2497 3946 2511 3991 :
2557 3927 2723 3991 sicut
2770 3928 2835 3991 in
2884 3936 3278 3993 sacramento
3324 3930 3447 3993 Eu·

1952 4027 2289 4102 charistiae,
2324 4026 2531 4091 forma
2566 4025 2747 4109 panis
2792 4044 2920 4090 non
2962 4025 3171 4089 efficit
3198 4027 3445 4112 simpli·

1952 4127 2110 4190 citer
2149 4143 2381 4209 corpus
2420 4126 2674 4201 Christi,
2708 4126 2820 4189 sed
2860 4144 3093 4210 panem
3132 4127 3447 4191 convertit

1873 4234 1924 4299 D
1953 4227 2020 4289 in
2052 4225 2233 4301 illud,
2265 4232 2330 4288 et
2358 4223 2565 4288 efficit
2594 4224 2935 4308 mysticum
2968 4242 3221 4308 corpus,
3256 4224 3320 4288 id
3349 4231 3446 4289 est

1953 4324 2288 4409 mysticam
2326 4324 2803 4407 spiritualemve
2838 4324 3146 4387 unitatem
3182 4323 3248 4387 in
3288 4324 3445 4408 ipsis

1952 4423 2507 4488 fidelibus-Nec
2536 4441 2770 4499 verum,
2786 4422 2955 4505 quod
2985 4441 3237 4506 semper
3263 4423 3446 4487 unius

1952 4541 2080 4586 non
2115 4523 2199 4585 sit
2228 4522 2353 4585 nisi
2384 4541 2584 4585 unum
2616 4522 2871 4603 signum
2906 4539 2919 4584 ε
2955 4541 3103 4586 nam
3133 4522 3305 4585 idem
3334 4540 3444 4605 po-

1952 4629 2076 4685 test
2108 4620 2461 4703 significari
2494 4640 2609 4705 per
2647 4621 2851 4704 plura,
2884 4630 2955 4685 ut
2988 4623 3193 4706 patuit
3228 4642 3438 4708 supra.
3468 4642 3739 4751 ἐξεράσω

3418 4730 3445 4785 t
3552 4737 3564 4750 .

1952 4722 2129 4786 Unde
2172 4721 2470 4795 dicimus,
2503 4722 2672 4804 quod
2712 4720 3027 4785 confessio
3069 4722 3344 4785 exterior
3380 4742 3415 4786 e

1952 4820 2300 4884 satisfactio
2358 4827 2508 4883 sunt
2555 4839 2753 4883 unum
2811 4827 3281 4884 sacramentum
3337 4838 3442 4883 ex-

1952 4920 2301 4982 trinsecum
2326 4936 2340 4981 :
2369 4918 2906 5001 quemadmodum
2937 4918 3143 4981 forma
3170 4918 3354 5001 panis
3382 4926 3449 4983 et

1952 5018 2160 5082 forma
2206 5017 2338 5082 vini
2398 5024 2549 5080 sunt
2593 5036 2796 5080 unum
2852 5025 3321 5081 sacramentum
3378 5017 3445 5081 in

1953 5119 2359 5182 Sacramento
2416 5116 2652 5191 altariS‚
2704 5116 2855 5199 quia
2910 5126 3251 5199 utrumque
3298 5135 3445 5181 con-

1953 5216 2131 5280 venit
2188 5216 2255 5279 in
2313 5217 2432 5281 hoc
2488 5216 2659 5299 quod
2716 5221 2963 5279 constat
3015 5234 3093 5278 ex
3150 5214 3447 5298 pluribus

1955 5315 2243 5399 partibus
2290 5314 2548 5379 mundis
2592 5321 2658 5377 et
2702 5314 2899 5397 puris.
2944 5313 3252 5379 Similiter
3298 5332 3448 5379 cou-
