4267 6250
182 2082 285 2124 mk·

646 518 869 573 ousssr.
912 518 976 565 lv
1016 517 1031 563 :
1072 518 1159 565 AN
1200 517 1493 565 mmsio
1536 517 1599 564 m
1640 517 1855 573 nomm
1896 517 1989 564 srr
2028 518 2109 564 nr.
2149 519 2554 567 uacassuua
2592 522 2896 580 amism,
2935 520 3064 567 mc.
3289 502 3406 566 113

349 688 427 751 Ad
466 688 587 751 haee
625 687 895 751 Thomas
942 689 1285 770 respondet
1321 708 1335 751 :
1367 689 1549 769 Aqua
1592 686 1802 750 fluens
1832 685 1879 750 Α
1913 687 2015 750 tiae
2072 696 2308 754 sanctae
2361 690 2572 753 Sancti
2631 692 2924 773 Spiritus,
2981 699 3401 775 comparatur.

350 787 413 848 de
450 785 623 847 latere
662 785 895 848 Christi
940 786 1279 868 pendentis
1320 785 1385 847 in
1430 804 1643 859 cruce,
1676 803 1802 847 non
1911 786 2122 849 Prima
2168 795 2266 849 est
2311 787 2554 851 ablutio
2609 789 2912 853 sordium.
2965 790 3255 854 Secunda
3301 808 3406 852 ex-

349 883 451 946 fuit
472 884 687 946 humor
716 883 1205 965 phlegmaticus,
1239 892 1310 946 ut
1338 884 1599 965 quidam
1630 884 1804 947 dixe·
1910 883 2169 947 stinctio
2197 886 2736 950 ardorum.Tertia
2763 895 2860 950 est
2889 888 3268 961 submersio,
3283 907 3411 970 qua

347 988 490 1056 runt,
519 982 660 1063 quia
696 981 762 1044 in
791 981 905 1043 tali
946 982 1215 1045 humore
1244 982 1391 1044 fieri
1427 1000 1555 1045 non
1592 988 1807 1065 posset
1912 990 2220 1045 necantur
2265 991 2330 1047 et
2386 984 2787 1048 suffocantur
2837 1006 2980 1068 quae
3027 985 3244 1049 vivere
3297 1004 3408 1049 ne-

346 1080 685 1161 Baptismus,
716 1079 1261 1162 quemadmodum
1294 1097 1415 1142 nec
1444 1080 1511 1142 in
1551 1079 1803 1160 sangui-
1912 1088 2156 1162 queunt
2185 1082 2310 1144 nisi
2351 1082 2416 1160 in
2457 1083 2646 1146 sicco.
2681 1083 2772 1146 lta
2805 1083 2871 1146 in
2907 1103 3071 1166 aqua
3099 1084 3410 1166 Baptismi

346 1196 413 1239 ne
446 1177 740 1251 animaliS,
773 1196 984 1260 neque
1024 1178 1092 1239 in
1133 1178 1283 1240 vino
1322 1196 1441 1241 nec
1480 1179 1547 1239 in
1586 1178 1803 1260 aliquo
1911 1177 2422 1243 contribulantur
2451 1182 2658 1264 capita
2689 1182 3060 1257 draconum,
3093 1182 3156 1244 id
3186 1190 3284 1245 est
3313 1202 3410 1245 ca-

348 1277 578 1340 hnmore
606 1278 879 1358 alicujus
908 1278 1173 1359 plantae3
1206 1278 1317 1339 sed
1348 1278 1470 1340 fuit
1498 1295 1661 1359 aqua
1688 1295 1803 1358 pu·
1913 1276 2133 1358 pitalia
2177 1278 2332 1340 vitia
2375 1278 2788 1343 infernalium
2837 1287 3245 1362 potestatum,
3286 1281 3412 1344 ori-

348 1394 421 1449 ra,
449 1376 807 1439 miraculose
837 1376 1251 1457 progrediens
1280 1394 1317 1437 a
1346 1392 1609 1457 corpore
1641 1392 1803 1436 mor·
1908 1374 2119 1456 ginale
2161 1394 2416 1458 quoque
2463 1385 2819 1459 peecatum,
2859 1386 2926 1441 et
2967 1378 3298 1442 brutalitas
3342 1378 3408 1442 in

348 1480 439 1535 tuo
476 1473 630 1535 sicut
671 1480 735 1534 et
784 1473 1065 1555 sauguiS,
1116 1473 1195 1535 ad
1254 1466 1799 1555 eomprdban'dum
1910 1491 2036 1554 qua
2066 1474 2408 1537 nascimur.
2425 1475 2656 1549 Quarta
2684 1484 2781 1539 est
2807 1477 3169 1558 generativa
3195 1477 3412 1540 fecun-

346 1571 637 1633 veritatcm
677 1571 985 1633 dominici
1029 1570 1315 1654 corporis
1354 1577 1573 1633 contra
1608 1570 1801 1632 Mani·
1911 1571 2073 1633 ditas
2108 1590 2121 1634 :
2169 1592 2316 1635 nam
2357 1580 2422 1635 et
2457 1582 2640 1638 terrae
2679 1576 3006 1638 nascentia
3037 1575 3186 1639 ’sine
3225 1576 3408 1658 aquis

346 1668 625 1731 chaeorum
672 1686 977 1743 errorem,
1030 1676 1343 1751 quatenus
1400 1688 1515 1751 per
1567 1687 1799 1750 aquam
1910 1678 2240 1751 nequeunt
2275 1673 2654 1753 germinare.
2689 1674 2918 1747 Quinta
2950 1680 3048 1736 est
3085 1674 3410 1737 renovatio

347 1766 742 1829 ostenderetur
769 1784 921 1829 vere
959 1767 1387 1849 compositum
1420 1786 1498 1829 ex
1532 1774 1802 1848 quatuor
1914 1786 2151 1843 rerum,
2203 1788 2344 1852 quae
2392 1790 2468 1832 ex
2503 1772 2826 1853 'aquarum
2887 1772 3253 1853 irrigatione
3299 1780 3409 1835 aut

348 1864 661 1939 clementis,
705 1874 770 1929 et
818 1885 935 1948 per
978 1867 1355 1947 sanguinem
1404 1884 1481 1927 ex
1529 1874 1801 1948 quatuor
1836 1869 1883 1931 B
1912 1867 2431 1947 superinfusione
2465 1869 2869 1943 innovantur,
2903 1872 3068 1932 utin
3103 1870 3408 1933 salicibus

352 1962 701 2025 humoribus.
736 1964 881 2027 Haec
912 1964 975 2026 in
1007 1964 1194 2026 tertia
1225 1972 1421 2045 parte,
1452 1964 1802 2045 quaestione
1912 1966 2259 2041 cernimuS,
2300 1986 2441 2049 quae
2479 1976 2814 2050 postquam
2858 1978 3183 2043 aruerunt,
3225 1987 3406 2032 reno-

352 2063 699 2143 sexagesima
738 2068 934 2125 sexta.
1088 2120 1093 2125 .
1910 2070 2141 2125 vantur
2188 2083 2303 2145 per
2348 2064 2619 2146 pluvias.
2660 2065 2918 2147 Propter
2961 2067 3130 2149 quod
3181 2066 3247 2128 in
3289 2067 3407 2130 Job

417 2160 613 2223 Scotus
652 2161 803 2223 item
842 2160 1185 2224 concordat
1210 2159 1489 2223 inductis
1522 2168 1586 2222 et
1612 2160 1801 2223 dictis
1912 2159 2116 2223 fertur
2147 2179 2162 2223 :
2198 2162 2261 2225 Si
2293 2164 2574 2225 senuerit
2616 2164 2682 2226 in
2720 2172 2888 2227 terra
2931 2166 3107 2227 radix
3145 2166 3310 2247 eJ'us,
3343 2172 3407 2228 et
3430 2182 3512 2229 Jot
3527 2186 3698 2237 nnus.

346 2277 415 2320 ex
448 2259 735 2323 Richardo
778 2260 857 2322 de
900 2277 1065 2341 aqua
1113 2276 1388 2334 rosacea,
1431 2278 1624 2341 quam
1670 2277 1799 2322 non
1913 2260 1977 2322 in
2008 2260 2272 2341 pulvere
2304 2268 2590 2324 mortuus
2620 2262 2817 2325 fuerit
2843 2271 3106 2325 truncus
3134 2263 3299 2344 ejus,
3326 2264 3405 2326 ad

344 2375 463 2420 esse
488 2358 743 2421 univoce
772 2377 1005 2440 aquam
1036 2356 1283 2440 probat,
1317 2358 1465 2440 quia
1496 2378 1675 2441 aquae
1704 2378 1799 2421 ar·
1910 2358 2170 2422 odorem
2199 2378 2377 2441 aquae
2406 2360 2810 2441 germinabit,
2844 2370 2908 2424 et
2935 2362 3128 2425 saciet
3157 2380 3407 2425 comam

342 2455 603 2519 tificiales
630 2476 667 2519 a
689 2464 819 2520 tota
856 2475 973 2519 sua
1010 2456 1225 2539 speeie
1255 2455 1495 2519 habent
1518 2456 1799 2539 aliquam
1909 2457 2091 2538 quasi
2121 2476 2320 2539 quum
2355 2459 2638 2540 primum
2669 2460 3022 2542 plantatum
3053 2468 3166 2523 est.
3187 2462 3408 2523 Merito

342 2555 671 2635 qualitatem
728 2555 1111 2618 dissimilem
1169 2574 1349 2637 aquae
1405 2556 1795 2619 elementari.
1910 2573 2060 2637 ergo
2092 2564 2562 2619 sacramentum
2605 2558 3100 2639 regenerationis
3134 2566 3198 2621 et
3227 2578 3408 2622 reno-

340 2652 489 2715 Idem
516 2661 679 2736 patet
706 2673 785 2717 ex
811 2653 1222 2736 generatione
1250 2653 1535 2717 istarum.
1568 2656 1803 2737 Impos-
1912 2654 2182 2716 vationis
2213 2663 2310 2717 est
2339 2655 2402 2717 in
2442 2674 2630 2737 aqua,
2661 2664 2851 2739 atque
2891 2676 3008 2739 per
3043 2676 3276 2739 aquam
3305 2657 3404 2720 fit.

340 2750 499 2814 sibile
542 2770 811 2835 namque
860 2760 958 2815 est
1004 2752 1120 2815 toti
1168 2759 1409 2816 naturae
1456 2760 1679 2816 creatae
1722 2773 1799 2816 ex
1908 2752 2097 2815 Sexta
2135 2740 2419 2835 operatio
2451 2762 2548 2816 est
2577 2754 3037 2835 conglutinatio
3076 2775 3312 2831 rerum,
3345 2764 3409 2819 et

342 2866 449 2911 uno
490 2850 653 2913 aliud
696 2869 1025 2933 generare,
1066 2850 1193 2913 nisi
1241 2851 1550 2913 servando
1596 2852 1799 2913 deter-
1910 2852 2312 2932 congregatio
2351 2871 2390 2913 a
2429 2852 2848 2935 dispersione,
2891 2862 2956 2916 et
3001 2854 3204 2918 unitio
3245 2875 3283 2916 a
3321 2854 3411 2917 di-

342 2948 619 3012 minutum
664 2967 1037 3032 processum
1088 2966 1203 3030 per
1249 2949 1459 3011 media
1503 2949 1800 3012 determi-
1908 2950 2178 3026 visione,
2198 2959 2270 3013 ut
2297 2960 2470 3034 patet
2501 2953 2566 3015 in
2599 2954 2864 3035 pulvere
2892 2955 3046 3017 dum
3076 2974 3242 3037 aqua
3272 2974 3410 3037 per-

342 3054 477 3109 nata.
506 3048 651 3110 Tota
688 3048 865 3111 enirn
908 3054 1135 3109 natura
1171 3053 1381 3109 creata
1418 3065 1545 3110 non
1589 3056 1801 3130 posset
1830 3054 1873 3119 C
1910 3049 2220 3112 funditur.
2270 3050 2371 3113 Sic
2411 3071 2575 3134 aqua
2612 3052 2920 3135 Baptismi
2958 3052 3184 3117 fideles
3225 3053 3410 3136 quasi

340 3163 405 3207 ex
441 3155 603 3211 aceto
649 3147 1005 3231 producere
1046 3146 1271 3208 vinum
1320 3145 1689 3210 immediate
1736 3154 1802 3210 et
1911 3149 1977 3211 in
2021 3169 2216 3212 unam
2266 3169 2541 3213 massam
2589 3158 2654 3214 et
2701 3152 2768 3214 in
2819 3170 3020 3214 unum
3065 3153 3408 3234 mysticum

340 3245 541 3319 statim,
569 3246 680 3308 sed
720 3251 971 3327 oportet
1000 3243 1207 3306 redire
1236 3243 1317 3305 ad
1358 3245 1635 3326 primam
1672 3265 1803 3316 ma·
1909 3265 2140 3329 eorpus
2189 3249 2598 3329 conglutinat.
2652 3249 2936 3332 Septima
2982 3250 3266 3331 operatio
3313 3256 3410 3313 est

340 3342 529 3406 teriam
565 3344 656 3406 eis
694 3360 1131 3415 communem,
1165 3361 1305 3423 quae
1338 3351 1436 3406 est
1462 3362 1648 3426 aqua,
1680 3351 1801 3407 est·
1909 3345 2239 3408 emollitio.
2273 3347 2818 3420 Quemadmodum
2861 3347 3036 3411 enim
3075 3356 3244 3410 terra
3287 3348 3408 3436 sic-

338 3458 443 3521 que
472 3449 725 3505 attracta
765 3441 833 3503 in
872 3439 1091 3523 stipite
1121 3439 1291 3515 vitis,
1326 3447 1397 3502 ut
1434 3442 1691 3504 tandem
1732 3442 1799 3505 in
1910 3443 2096 3505 citate
2142 3442 2453 3518 indurata,
2488 3445 2934 3527 superfusione
2977 3465 3157 3529 aquae
3203 3446 3408 3509 molli-

337 3555 441 3600 uva
486 3546 887 3604 eonvertatur
948 3539 1014 3601 in
1070 3539 1315 3600 vinum.
1378 3538 1455 3601 Et
1510 3539 1645 3604 haec
1704 3549 1802 3603 est
1908 3548 2013 3602 tur
2039 3560 2113 3603 ac
2142 3549 2288 3624 apta
2317 3541 2604 3605 efficitur
2641 3544 2722 3605 ad
2750 3543 2988 3607 formas
3017 3562 3314 3607 vasorum
3345 3551 3410 3608 et

336 3635 585 3701 doctrina
637 3637 1010 3719 Philosophi
1066 3645 1291 3700 octavo
1333 3635 1795 3720 Metaphysicae.
1910 3639 2364 3721 impressiones
2395 3640 2874 3721 characterum3
2913 3643 3007 3704 sic
3044 3661 3154 3706 cor
3186 3641 3408 3707 huma-

336 3731 401 3795 Et
431 3742 586 3816 patet
628 3737 711 3799 ad
757 3753 1044 3808 sensum,
1086 3735 1256 3817 quod
1305 3736 1393 3797 ita
1439 3743 1564 3801 est„
1605 3737 1800 3819 Aquae
1909 3756 2065 3799 num
2096 3737 2387 3818 originali
2417 3738 2708 3802 ariditate
2738 3739 3060 3814 duratum,
3091 3740 3406 3823 adspersi-

334 3839 517 3895 autem
556 3833 928 3897 artificiales
970 3851 1049 3895 ex
1090 3850 1497 3915 quocumque
1540 3834 1689 3909 sint,
1724 3834 1799 3896 fi·
1909 3849 2031 3894 one
2077 3851 2258 3914 aquae
2305 3833 2704 3915 baptismalis
2758 3835 2837 3896 ad
2885 3833 3406 3898 informationem

338 3938 435 3992 unt
468 3949 585 3994 non
620 3939 873 3996 servato
904 3938 1145 3994 naturae
1178 3948 1481 4012 processu
1521 3951 1637 4015 per
1670 3951 1799 3996 me·
1907 3931 2125 4013 gratiae
2163 3931 2544 4015 disponitur,
2576 3932 2773 3998 verbo
2800 3933 2912 3996 Dei
2949 3933 3255 4015 aperitur,
3289 3934 3406 3997 im-

336 4027 425 4090 dia
448 4029 855 4094 determinata
892 4029 1199 4092 ordinata.
1236 4028 1301 4091 Si
1340 4037 1553 4092 autem
1584 4031 1661 4094 de
1692 4032 1801 4094 ali·
1910 4029 2432 4113 pressionemque
2479 4031 2748 4114 suscipit
2796 4049 3220 4114 supernorum
3264 4032 3407 4096 cha-

337 4126 541 4207 quibus
584 4128 856 4192 dubium
918 4127 1021 4202 sit,
1072 4146 1155 4190 an
1203 4127 1270 4190 in
1318 4128 1411 4190 eis
1464 4128 1547 4190 sit
1593 4127 1800 4193 factus
1910 4129 2263 4192 rismatum.
2296 4130 2440 4193 Haec
2482 4128 2878 4194 Guillelmus

334 4243 499 4289 verus
528 4227 911 4310 BaptismuS,
944 4226 1255 4289 utendum
1294 4233 1393 4288 est
1426 4226 1633 4289 tribus
1673 4247 1800 4290 ma-
1829 4236 1878 4298 D

334 4324 499 4388 ximis
542 4325 697 4390 istis.
737 4324 951 4389 Prima
996 4331 1114 4400 est,
1154 4325 1211 4388 si
1259 4323 1649 4407 possibilitas
1696 4327 1800 4390 ad-

332 4431 431 4498 est,
458 4425 556 4488 via
581 4424 906 4489 tutissima
932 4431 1028 4487 est
1056 4424 1365 4506 eligenda.
1401 4424 1711 4500 Secunda,
1744 4425 1798 4489 si
2331 4449 2387 4524 Q
2404 4449 2462 4513 U
2471 4449 2686 4515 AEST
2702 4451 2732 4514 1
2749 4450 2804 4514 Ο
2871 4447 2980 4514 IV

333 4539 441 4584 non
465 4525 635 4588 adest
662 4522 1077 4607 possibilitas,
1108 4522 1214 4586 via
1244 4522 1533 4606 proxima
1561 4525 1801 4588 tutissi-

336 4638 437 4684 mae
464 4631 556 4686 est
582 4623 877 4686 tenenda.
910 4622 1141 4697 Tertia,
1174 4629 1461 4686 cessante
1505 4622 1800 4705 impossi-

334 4716 572 4792 bilitate,
613 4729 795 4784 caute
838 4728 938 4784 est
979 4721 1413 4802 supplendum
1459 4722 1628 4803 quod
1679 4723 1799 4784 im·
2052 4721 2239 4786 Uarto
2287 4722 2612 4804 quaeritur‚
2664 4725 2792 4791 An
2850 4725 3257 4793 immersio
3315 4727 3400 4794 in

336 4819 689 4898 possibilitas
730 4818 1131 4907 prohibebat.
1164 4819 1309 4884 Haeo
1352 4820 1593 4884 Scotus.
1912 4717 2044 4920 Q
2078 4835 2366 4902 aquam
2421 4823 2533 4887 sit
2585 4822 2681 4888 de
2737 4823 3207 4890 necessitate
3254 4825 3401 4892 Ba-

388 4918 673 4983 Praeterea
698 4921 777 4982 de
809 4918 1305 5002 proprietatibus
1333 4938 1513 5001 aquae
1543 4926 1798 5002 propter
1908 4919 2210 5001 ptismi,
2238 4920 2321 4986 et
2361 4923 2600 5001 quota
2639 4922 3111 5001 requiratur.

334 5033 469 5097 quas
506 5017 1107 5082 convenientissima
1149 5018 1413 5080 materia
1453 5024 1550 5081 est
1588 5018 1798 5101 Bapti-
1985 5018 2252 5081 Videtur
2279 5018 2449 5100 quod
2477 5017 2834 5080 necessaria
2861 5017 2961 5080 sit.
2995 5018 3227 5094 Primo,
3251 5038 3403 5102 quo-

334 5115 457 5190 sini‚
485 5117 703 5181 scribit
742 5115 1123 5181 Guillelmus
1164 5117 1232 5177 in
1275 5134 1391 5179 suo
1432 5117 1799 5180 Sacramen-
1906 5117 2080 5180 niam
2130 5122 2262 5180 tota
2307 5134 2452 5179 caro
2509 5115 2802 5197 originali
2858 5125 3118 5198 peccato
3165 5118 3402 5183 infecta

334 5212 427 5276 tali
472 5233 486 5277 :
532 5217 725 5299 Aquae
773 5222 926 5278 sunt
972 5221 1217 5296 septem
1265 5215 1683 5299 proprietates
1735 5223 1799 5280 et
1906 5223 2005 5280 est
2044 5233 2059 5278 ε
2102 5233 2252 5296 ergo
2295 5223 2424 5278 tota
2466 5214 2902 5295 immergenda
2947 5222 3043 5277 est
3087 5235 3286 5299 aquae.
3319 5253 3403 5265 —-

334 5314 721 5394 operationes,
751 5312 991 5396 quibus
1018 5331 1200 5395 aquae
1228 5313 1411 5388 vivae,
1443 5313 1510 5376 id
1538 5321 1635 5376 est
1662 5332 1797 5395 gra-
1907 5314 2220 5389 Secundo,
2265 5313 2566 5397 quoniam
2617 5331 2734 5398 per
2776 5313 3174 5396 Baptismum
3224 5317 3400 5381 Chri·

554 5449 619 5500 T.
653 5450 733 5500 24.
3123 5453 3155 5506 8
