4267 6250
625 1465 766 1510 Hebr.
794 1481 852 1521 ix,

587 1530 658 1572 2⁶.

587 1761 706 1808 an’d.
723 1779 766 1818 x.
786 1769 850 1811 10.

877 474 1000 541 252

1580 491 1646 539 m
1683 491 1907 539 mmm
1948 490 2010 537 lv
2052 486 2536 537 snummmnmn.
2576 503 2659 517 -
2699 487 2853 534 ΒῙΒΤ.
2892 487 2975 550 Χ;
3018 487 3243 545 thsr.
3284 486 3306 534 1

881 672 1172 730 naturam
1213 673 1463 749 oportet
1498 684 1646 729 eum
1687 663 1752 727 in
1793 662 2014 727 officio
2042 661 2246 726 Missae
2276 679 2379 723 ve-
2406 659 2459 721 A
2490 660 2568 722 de
2615 657 2757 741 ejus
2808 658 3231 724 medicatione
3284 659 3514 742 agitur,
3566 668 3631 724 et
3676 658 3996 724 sanationi

881 784 951 828 re
1000 772 1376 847 praesentem
1437 762 1804 828 consistere.
1856 760 2171 843 Amplius,
2223 776 2377 841 quo-

880 863 1054 927 niam
1100 862 1484 927 sacerdotale
1525 861 1843 936 officium,
1883 860 2053 941 quod
2101 866 2199 921 est
2238 876 2378 920 san·

880 961 1187 1024 ctificatio
1244 960 1490 1044 populi,
1541 978 1670 1023 non
1728 958 2023 1041 expletur
2079 957 2204 1019 nisi
2263 974 2379 1039 per

880 1059 1151 1122 hostiam
1202 1077 1328 1142 qua
1373 1059 1574 1140 gratia
1615 1055 2143 1121 sanctificationis
2182 1072 2379 1138 popu-

881 1159 944 1221 lo
973 1158 1368 1241 impetratur.
1401 1156 1588 1220 Nulla
1615 1173 1767 1220 vero
1796 1155 2002 1218 hostia
2037 1154 2378 1237 impetrare

881 1256 1044 1319 hane
1086 1255 1312 1339 potuit,
1346 1255 1468 1318 nisi
1503 1273 1696 1338 quam
1735 1254 1873 1337 ipse
1914 1253 1978 1315 in
2019 1252 2229 1315 crucis
2267 1251 2379 1314 ob-

881 1353 1030 1418 tulit
1057 1373 1186 1428 ara‚
1218 1355 1338 1418 hoc
1369 1361 1463 1417 est
1493 1354 1787 1436 ipsemet,
1821 1352 2173 1415 secundum
2207 1350 2377 1432 quod

881 1453 972 1516 ait
1005 1452 1344 1536 Apostolus
1387 1452 1467 1514 ad
1506 1451 1823 1526 HebraeoS‚
1867 1449 2017 1532 quia
2063 1448 2262 1511 semel
2310 1449 2377 1511 in

882 1551 1431 1615 consummatione
1475 1549 1850 1613 saeculorum
1889 1549 1967 1610 ad
2007 1547 2379 1614 destructio-

883 1669 1031 1713 nem
1076 1649 1320 1733 peccati
1364 1667 1479 1731 per
1523 1648 1793 1711 bostiam
1837 1665 2018 1710 suam
2061 1645 2375 1729 apparuit.

881 1749 1168 1830 Itemque
1211 1764 1226 1810 z
1268 1746 1659 1810 sanctificati
1697 1745 1965 1827 (inquit)
2001 1763 2224 1807 sumus
2268 1762 2382 1826 per

2490 759 2631 840 ejus
2690 758 3060 821 intenditur.
3113 759 3449 842 Quumque
3497 759 3688 822 Missa
3731 759 3811 822 ad
3873 759 3996 821 ista

2486 864 2709 938 agatur
2755 864 3069 939 quatenus
3126 875 3293 940 aegro
3351 857 3794 921 medicationis
3851 856 3999 920 offi-

2490 956 2661 1018 cium
2695 955 3122 1038 impendatur,
3151 957 3566 1038 sanitatisque
3593 954 3996 1019 beneficium

2492 1055 2905 1128 condonetur,
2940 1061 3191 1137 oportet
3224 1055 3397 1116 hunc
3434 1054 3757 1117 medicum
3788 1053 3997 1116 Missas

2491 1151 2714 1215 officio
2771 1152 3078 1214 interesse
3136 1171 3285 1215 cum
3343 1152 3635 1215 omnium
3694 1151 3996 1235 spiritua-

2492 1251 2652 1314 lium
2680 1249 2994 1314 alabastro
3024 1258 3497 1333 unguentorum
3526 1252 3595 1313 in
3626 1269 3817 1314 cruce
3848 1267 3999 1314 con-

2491 1349 2693 1413 fracto
2734 1357 2799 1412 et
2838 1349 3071 1424 efquO,
3111 1349 3234 1414 hoc
3276 1357 3371 1412 est
3419 1368 3565 1413 cum
3614 1368 3807 1413 carne
3853 1369 3996 1424 sua,

2492 1467 2634 1530 quae
2682 1447 2849 1510 facta
2907 1454 3005 1510 est
3051 1447 3437 1531 cataplasma
3492 1454 3713 1511 contra
3768 1465 3999 1510 omnes

2490 1546 2741 1609 dolores
2788 1553 2854 1608 et
2900 1545 3189 1610 laesiones
3248 1545 3634 1629 spiritualeS,
3684 1553 3998 1628 tanquam

2490 1646 2847 1708 antidotum
2910 1645 3371 1708 solidissimum
3434 1651 3627 1727 atque
3688 1643 3998 1708 firmissi-

2492 1762 2672 1806 mum
2712 1744 3015 1806 adversus
3051 1761 3273 1806 omnes
3312 1743 3612 1806 humores
3650 1743 3877 1807 noxios
3906 1743 4002 1805 vi-

880 1846 1268 1911 oblationem
1326 1845 1609 1928 corporis
1668 1843 1902 1908 Christi
1949 1844 2096 1907 Jesu
2156 1842 2372 1905 semel.
2416 1839 2464 1902 B
2491 1843 2750 1916 tiorum,
2782 1861 2855 1905 ac
2885 1842 3145 1905 demum
3178 1861 3325 1904 cum
3368 1841 3677 1924 sanguine
3706 1859 3847 1915 suo,
3881 1842 4000 1924 qui

881 1945 1149 2010 Necesse
1197 1953 1295 2008 est
1336 1962 1484 2027 ergo
1532 1962 1611 2007 ex
1659 1950 1956 2025 suscepto
2005 1940 2377 2005 sacerdotali

881 2044 1122 2119 officio,
1143 2044 1356 2126 ipsum
1389 2043 1454 2104 in
1485 2042 1688 2106 Missae
1717 2040 1938 2105 officio
1969 2039 2271 2104 advenire
2299 2039 2377 2101 ad

881 2143 994 2207 Dei
1037 2142 1349 2227 populum
1391 2140 1944 2204 sanctificandum.

956 2242 1266 2324 Denique,
1317 2240 1488 2304 idem
1547 2239 1904 2303 declaratur
1961 2238 2040 2301 de
2100 2237 2260 2320 ipso,
2312 2238 2378 2300 in

877 2348 1189 2424 quantum
1231 2346 1329 2404 est
1365 2340 1706 2402 advocatus
1751 2337 1986 2412 fidelis,
2030 2337 2184 2419 quia
2221 2336 2377 2399 fide-

875 2440 956 2504 lis
1003 2439 1345 2503 advocatus
1401 2455 1664 2500 necesse
1711 2436 1903 2500 habet
1956 2434 2375 2518 personaliter

874 2541 1182 2604 interesse
1209 2555 1416 2601 causae
1444 2555 1634 2619 quam
1663 2542 1855 2599 totam
1885 2535 2169 2617 suscepit
2196 2553 2378 2616 agen·

876 2639 1045 2712 dam,
1088 2637 1338 2720 quoties
1383 2635 1551 2698 actio
1597 2653 1802 2699 causae
1853 2632 2140 2716 requirit.
2187 2633 2377 2696 Porro

877 2737 944 2800 in
986 2736 1174 2800 Missa
1216 2736 1428 2818 agitur
1469 2753 1659 2797 causa
1697 2733 1890 2797 totius
1934 2731 2233 2795 Ecclesiae
2274 2750 2375 2794 co-

875 2855 1010 2898 ram
1070 2835 1246 2898 Patre
1303 2841 1561 2908 aeterno,
1615 2851 1731 2914 per
1787 2831 2182 2894 sacerdotem
2240 2838 2374 2892 tan-

876 2953 1069 3017 quam
1109 2951 1227 3016 per
1265 2939 1777 3016 procuratorem3
1819 2937 1882 2992 et
1920 2929 2057 3012 ipse
2088 2928 2375 2992 Christus

2490 1949 2587 2004 est
2625 1940 2801 2004 velut
2840 1960 3113 2025 syrupus
3156 1940 3501 2003 mulcebris
3537 1958 3612 2002 ac
3652 1940 3871 2003 suavis
3911 1947 4003 2003 at-

2492 2059 2617 2122 que
2646 2047 2949 2122 tanquam
2982 2038 3300 2102 medicina
3330 2037 3818 2120 liquida,valens
3850 2055 4004 2102 con-

2488 2148 2587 2202 tra
2634 2157 2857 2203 omnes
2903 2138 3262 2202 animarum
3311 2138 3665 2219 languores.
3710 2136 3893 2211 Quod
3944 2138 4001 2199 si

2490 2245 2669 2320 pater
2712 2236 2984 2299 carnalis
3027 2254 3106 2299 ex
3153 2234 3427 2298 naturali
3474 2235 3709 2318 pietate
3758 2253 3999 2317 panem

2490 2335 2759 2418 porrigit
2788 2334 2946 2397 filiis
2978 2334 3111 2397 suis
3143 2334 3209 2397 in
3242 2351 3483 2408 mensa,
3518 2341 3757 2416 quanto
3790 2335 4002 2416 magis

2489 2435 2669 2497 Pater
2716 2433 3060 2516 spirituum
3111 2433 3178 2495 in
3229 2450 3451 2494 mensa
3496 2431 3713 2495 altaris
3756 2450 4001 2515 panem

2490 2533 2637 2596 vitae
2666 2531 2927 2595 exhibet
2956 2531 3205 2606 cunctis
3234 2529 3640 2613 sperantibus
3670 2530 3737 2592 in
3767 2549 3839 2593 se
3860 2533 3889 2593 ³
3921 2566 4005 2576 —

2489 2630 2631 2695 Haec
2671 2630 3068 2694 Guillelmus.
3103 2629 3219 2704 Qui
3265 2629 3451 2692 istam
3493 2627 4003 2710 disputationem

2486 2748 2559 2792 ac
2590 2729 2763 2812 piam
2802 2727 2958 2792 fidei
2997 2727 3482 2811 persuasionem
3512 2725 3749 2790 diffuse
3782 2745 4005 2810 prose-

2488 2829 2728 2911 quitur,
2762 2847 2961 2910 quum
2992 2834 3057 2890 et
3085 2826 3206 2890 hoc
3238 2844 3491 2890 summe
3522 2825 3857 2889 caritatem
3906 2826 4004 2888 in-

2488 2926 2798 3000 flammet,
2841 2926 3009 3008 quod
3060 2925 3349 2989 Christus
3392 2944 3460 2989 se
3512 2925 3675 3008 ipsc,
3728 2925 3851 2989 hoc
3904 2934 4007 2989 est

877 3031 1230 3096 secundum
1280 3031 1448 3113 quod
1505 3030 1717 3103 hom0‚
1771 3046 2064 3091 summus
2126 3034 2224 3090 est
2280 3045 2373 3089 sa·
2406 3023 2451 3088 G
2486 3042 2748 3108 corpore
2790 3042 2906 3087 suo
2952 3043 3027 3086 ac
3080 3024 3389 3105 sanguine
3434 3041 3583 3087 suos
3630 3024 3764 3099 alit,
3812 3023 4001 3098 ditat,

876 3132 1121 3205 cerdOS,
1164 3136 1535 3212 procurator
1579 3136 1643 3190 et
1685 3128 2026 3190 advocatus
2077 3126 2143 3190 in
2187 3144 2377 3189 causa

874 3232 992 3294 hac
1045 3247 1059 3292 τ
1115 3228 1351 3292 idcirco
1405 3227 1759 3290 secundum
1815 3232 2209 3308 assumptam
2260 3226 2376 3287 hu-

878 3329 1249 3392 manitatem
1282 3333 1532 3409 oportet
1559 3344 1708 3388 eum
1751 3324 1840 3388 ibi
1879 3324 2121 3397 adesse,
2155 3324 2375 3406 sicque

871 3428 1179 3491 adsistere
1237 3424 1627 3509 procuratori
1689 3422 1998 3486 sacerdoti
2059 3421 2371 3495 inferiori,

876 3525 1226 3610 praesertim
1277 3524 1580 3606 quoniam
1637 3541 1827 3585 causa
1884 3521 2005 3584 ista
2061 3537 2190 3583 non
2246 3519 2376 3601 agi-

872 3634 980 3689 tur
1026 3625 1151 3688 nisi
1198 3643 1314 3707 per
1372 3621 1951 3704 interpellationem
1995 3637 2008 3682 :
2063 3638 2206 3701 quae
2248 3636 2376 3682 non

877 3724 1000 3788 nisi
1033 3743 1111 3788 ex
1149 3740 1258 3786 ore
1291 3722 1465 3785 illius
1504 3720 1694 3801 digna
1732 3726 1829 3782 est
1865 3717 2127 3801 suscipi,
2161 3726 2225 3781 et
2264 3735 2379 3799 per

877 3843 1110 3887 munus
1161 3822 1329 3905 quod
1374 3822 1512 3903 ipse
1556 3828 1672 3893 est,
1714 3818 1885 3901 quod
1933 3824 1998 3879 et
2039 3816 2162 3879 nisi
2214 3816 2401 3904 ipse-A

877 3929 1008 3986 met
1057 3919 1381 3994 obtulerit,
1431 3920 1559 3982 Deo
1605 3915 1770 3980 Patri
1819 3915 2044 3998 nequit
2090 3933 2230 3978 esse
2278 3934 2378 3977 ac-

877 4042 950 4085 ce
998 4028 1157 4084 tum.

954 4042 1166 4183 '‘l''ertio
1208 4118 1376 4181 idem
1420 4115 1744 4199 probatur,
1780 4113 1843 4175 in
1887 4120 2197 4195 quantum
2240 4112 2379 4194 ipse

2486 3123 2842 3207 impinguat
2898 3121 3146 3186 fideles
3208 3123 3379 3186 Patet
3427 3141 3681 3206 quoque
3730 3143 3810 3187 ex
3870 3123 4001 3198 his,

2489 3218 2658 3307 q'uod
2690 3222 2896 3286 Missae
2926 3222 3271 3285 celebratio
3310 3240 3439 3285 non
3471 3228 3569 3285 est
3584 3222 3723 3285 nisi
3762 3222 4006 3286 sancti-

2487 3322 2701 3384 ficatio
2751 3321 2973 3404 populi
3028 3339 3145 3403 per
3194 3320 3663 3384 invocationem
3714 3321 4005 3384 nominis

2487 3420 2596 3483 Dei
2628 3427 2693 3483 et
2722 3419 3142 3494 sacrificium,
3180 3437 3254 3482 ac
3282 3418 3617 3483 ventilatio
3647 3438 3857 3483 causae
3892 3438 4003 3503 po-

2488 3518 2623 3602 puli
2655 3536 2866 3581 coram
2899 3518 3027 3581 Deo
3062 3536 3178 3601 per
3208 3536 3431 3601 preces
3462 3526 3527 3581 et
3556 3537 3850 3591 munera,
3870 3538 4004 3581 cre-

2490 3617 2779 3679 dentium
2831 3633 3086 3699 quoque
3137 3616 3476 3680 medicatio
3523 3634 3595 3678 ac
3640 3616 4003 3698 spiritualis

2490 3714 2841 3797 potionatio
2887 3734 3001 3798 per
3042 3714 3397 3777 antidotum
3438 3722 3503 3777 et
3538 3733 3875 3798 syrupum.

2571 3814 2730 3876 Hinc
2776 3813 3049 3877 Thomas
3098 3812 3399 3875 disseruit
3441 3832 3457 3876 t
3500 3813 3568 3875 ln
3620 3812 3742 3875 hoc
3791 3832 4002 3876 sacra-

2490 3920 2708 3975 mento
2765 3929 2990 3974 verum
3050 3928 3280 3993 corpus
3340 3908 3571 3973 Christi
3632 3910 4005 3973 continetur

2490 4009 2660 4093 quod
2707 4009 2897 4072 traxit
2938 4028 3015 4072 ex
3056 4008 3351 4090 Virgine3
3384 4015 3449 4071 et
3490 4008 3861 4092 oppositum
3912 4010 4005 4071 di-

2492 4127 2657 4182 cere,
2720 4115 2817 4170 est
2871 4108 3266 4171 haereticum.
3331 4105 3458 4170 Cur
3512 4115 3726 4170 autem
3786 4108 4003 4171 eccle-

877 4228 974 4283 est
1001 4218 1296 4281 medicus
1313 4213 1622 4278 Medicum
1652 4211 1889 4294 quippe
1919 4210 2179 4273 fidelem
2206 4228 2381 4292 opor·
2408 4204 2460 4268 D
2492 4206 2895 4271 siasticorum
2958 4213 3499 4269 sacramentorum
3561 4203 3879 4287 perfectio
3937 4206 4003 4268 id

877 4324 971 4381 tet
1018 4314 1436 4400 personaliter
1481 4312 1738 4375 visitare
1800 4309 2133 4371 infirmum
2184 4326 2377 4390 quem

881 4414 1163 4498 suscepit
1211 4411 1588 4485 curandum,
1628 4408 1877 4492 quoties
1925 4406 2193 4489 requirit
2244 4408 2381 4489 ipsa

883 4512 1250 4587 infirmitaS,
1292 4510 1412 4573 hoc
1456 4516 1573 4583 est,
1616 4506 1960 4589 unguentis
1997 4523 2070 4568 ac
2117 4504 2379 4568 medici-

882 4613 984 4677 nis
1013 4630 1251 4694 aegrum
1295 4608 1592 4681 invisere,
1626 4606 1680 4671 si
1721 4605 1970 4669 medico
1999 4603 2083 4666 sit
2111 4603 2381 4686 possibi-

882 4713 975 4792 le;
1008 4730 1126 4773 nec
1165 4707 1540 4788 ambiguum
1578 4704 1736 4788 quin
1776 4702 2026 4766 medico
2063 4701 2215 4766 huic
2254 4701 2382 4765 sint

881 4808 1216 4894 possibilia
1261 4806 1576 4869 universa.
1619 4804 1954 4884 Quumque
2004 4808 2134 4864 tota
2174 4800 2383 4863 Eccle-

881 4910 976 4973 sia
1014 4916 1078 4971 et
1116 4904 1420 4989 quaelibet
1457 4903 1598 4985 ejus
1644 4918 1913 4984 persona
1957 4897 2383 4963 medicamine

883 5013 1065 5089 egeat
1113 5002 1457 5087 multiplici
1501 5001 1580 5063 ad
1629 4998 1730 5063 sui
1778 4997 2196 5071 curationem,
2240 5013 2385 5059 con-

884 5102 1335 5176 servationem,
1378 5096 1934 5183 praeservationem
1983 5102 2096 5158 aut
2135 5094 2385 5157 confor-

884 5203 1492 5274 tationem,necesse
1522 5203 1618 5259 est
1647 5196 1856 5278 ipsum
1891 5192 2143 5276 quoties
2175 5210 2387 5255 neces·

885 5320 953 5365 se
985 5298 1199 5375 fuerit,
1218 5296 1537 5360 advenire.
1561 5294 1731 5377 Opus
1763 5300 1859 5356 est
1887 5299 2122 5366 autem,
2138 5290 2386 5373 quoties

2492 4306 2796 4387 requirat,
2840 4311 2910 4365 ut
2956 4303 3021 4365 in
3073 4321 3199 4365 uno
3248 4320 3469 4365 eorum
3515 4301 3803 4365 Christus
3852 4304 4003 4366 sub-

2492 4402 2872 4467 stantialiter
2910 4401 3333 4476 contineatur,
3368 4407 3433 4463 et
3470 4400 3655 4464 nobis
3690 4400 4003 4484 jungatur

2493 4510 2561 4564 ut
2604 4501 3005 4574 alimentum,
3037 4500 3281 4563 dictum
3324 4508 3422 4563 est
3460 4518 3655 4583 supra
3695 4499 3999 4583 frequen·
4028 4528 4231 4583 cmm„

2490 4608 2606 4663 ter.
2650 4599 2807 4663 Nam
2853 4606 2916 4662 et
2954 4605 3147 4681 caput
3194 4598 3504 4662 membris
3553 4598 3640 4660 ita
3688 4597 3997 4680 conjungi
4026 4588 4231 4649 ¹1-³:¹¹·⁴1·‘

2492 4697 2868 4763 rationabile
2916 4704 3012 4761 est
3058 4704 3123 4760 et
3162 4696 3439 4760 salubre.
3482 4697 3691 4760 Multae
3741 4714 3999 4779 quoque

2492 4798 2633 4861 aliae
2662 4796 2965 4859 utilitates
2996 4814 3070 4858 ac
3100 4794 3505 4857 salubritates
3542 4794 3691 4858 inde
3721 4814 4001 4877 sequun—

2493 4904 2621 4971 tur,
2676 4902 2749 4957 ut
2805 4892 3230 4957 inflammatio
3286 4892 3589 4967 caritatis,
3641 4892 4000 4957 sublevatio

2494 4993 2632 5076 spei
2663 5011 2741 5056 ex
2771 4999 2899 5054 tam
2932 4990 3233 5054 familiari
3265 4990 3716 5072 conjunctione
3746 4990 3891 5072 ejus
3920 4990 3999 5053 ad

2496 5110 2633 5167 noS‚
2666 5097 2731 5154 et
2762 5090 3113 5154 maximum
3157 5088 3458 5152 meritum
3496 5088 3678 5163 fidei,
3710 5108 3839 5171 qua
3867 5096 3997 5151 tam

2498 5190 2701 5253 multa
2740 5189 2904 5251 mira
2941 5196 3007 5251 et
3044 5187 3722 5270 incomprehensibilia
3764 5186 3831 5251 in
3878 5187 3999 5251 hoc

2499 5295 2898 5352 sacramento
2946 5287 3312 5349 creduntur.
3368 5285 3495 5349 Nec
3544 5284 3851 5368 explicari
3898 5305 3999 5349 va-
