4267 6250
819 471 900 536 54
1501 492 1568 540 m
1606 493 1828 540 traam!
1869 493 1931 540 iv
1973 491 2458 540 smmuaux.
2499 509 2580 520 —
2621 490 2775 538 msr.
2816 490 2876 553 ¹3
2918 490 3143 547 ouaesr.
3182 489 3245 536 ιν

822 658 1114 742 positiva.
1169 663 1354 726 Nulla
1410 671 1624 726 tamen
1682 662 2016 726 causalitas
2073 661 2198 724 fuit
2254 661 2317 722 in
2350 661 2402 724 Α
2429 660 2583 723 bum
2630 659 2959 724 efficiendi
2995 678 3010 723 ε
3044 660 3195 743 quia
3236 679 3354 724 nec
3398 659 3604 723 efficit
3646 676 3763 720 nec
3802 657 3930 719 dis-

821 758 1037 822 verbis
1068 761 1284 836 Elisei,
1318 781 1526 844 neque
1558 762 1622 824 in
1653 762 1836 844 aquis
1863 761 2171 824 Iordanis,
2198 760 2323 822 Sic·

825 864 897 918 ut
926 857 1122 939 igitur
1150 859 1205 922 si
1235 860 1400 922 Deus
1432 859 1812 922 instituisset
1845 867 1914 922 ut
1939 859 2018 921 ad
2050 858 2318 921 verbum

825 953 1019 1017 Elisei
1051 974 1177 1018 non
1219 957 1426 1020 solum
1468 957 1604 1039 ipse
1644 957 1943 1030 Naaman,
1975 957 2085 1019 sed
2126 955 2319 1018 ceteri

825 1070 1081 1136 quoque
1124 1056 1496 1118 accedentes
1541 1062 1936 1129 curarentur,
1969 1062 2034 1118 et
2074 1055 2195 1117 hoc
2244 1073 2322 1117 ex

823 1151 1095 1232 quadam
1130 1155 1444 1234 pactione,
1479 1155 1563 1215 ita
1594 1155 1763 1235 quod
1803 1171 2057 1236 semper
2085 1153 2179 1214 sic
2216 1152 2321 1213 ad-

825 1248 1078 1312 sisteret
1117 1251 1215 1312 vis
1259 1251 1474 1313 divina
1512 1251 1722 1313 taliter
1761 1269 1989 1313 curans
2029 1268 2066 1310 a
2105 1249 2320 1330 lepra3

825 1347 920 1409 sic
959 1348 1184 1410 dicunt
1221 1349 1286 1410 in
1327 1349 1762 1423 sacramentis,
1795 1349 1965 1431 quod
2002 1349 2079 1411 ad
2124 1347 2325 1430 prola-

826 1445 1068 1508 tionem
1129 1446 1474 1510 verborum
1535 1449 1738 1511 virtus
1799 1447 2048 1510 adsistit
2106 1446 2324 1508 divina

825 1543 1012 1625 aquis
1042 1543 1385 1608 infundens
1414 1546 1678 1626 gratiam
1705 1553 1896 1628 atque
1924 1563 2320 1626 regeneranS‚

827 1642 982 1704 dum
1028 1641 1221 1705 homo
1263 1661 1333 1705 se
1375 1642 1638 1724 subjicit
1685 1663 1800 1726 per
1839 1643 1995 1705 fidei
2043 1642 2323 1705 devotio-

829 1758 975 1802 nem
1017 1748 1082 1803 et
1122 1740 1570 1804 obedientiam.

2429 760 2611 844 ponit
2643 759 2993 834 influendo,
3027 761 3137 823 sed
3175 759 3528 823 efficaciter
3555 758 3925 822 ordinando.

2432 860 2509 921 Et
2554 859 2721 922 sicut
2765 860 2901 922 haec
2950 861 3400 933 extenduntur,
3451 859 3538 921 ita
3584 866 3648 919 et
3693 873 3931 918 nomen

2433 978 2637 1022 causae
2672 975 2686 1021 ε
2720 959 2873 1040 quia
2910 976 3039 1021 non
3078 959 3314 1020 dicitur
3347 976 3536 1019 causa
3573 953 3931 1018 secundum

2433 1057 2602 1138 quod
2633 1064 2731 1119 est
2769 1055 3162 1138 principium
3201 1055 3530 1138 operandi,
3563 1053 3673 1115 sed
3704 1070 3933 1114 secun-

2433 1155 2585 1216 dum
2633 1154 2801 1236 quod
2846 1161 2945 1216 est
2988 1154 3147 1216 ratio
3188 1153 3543 1216 ordinandi.

2513 1250 2671 1312 Huic
2718 1251 3017 1332 positioni
3059 1251 3263 1332 pietas
3304 1249 3457 1313 fidei
3498 1248 3835 1321 consentit,
3868 1254 3936 1309 et

2435 1349 2594 1411 ratio
2644 1367 2772 1412 non
2824 1357 3152 1431 repugnat.
3189 1348 3515 1411 Consentit
3562 1347 3743 1420 rati0,
3780 1346 3936 1428 quia

2384 1440 2396 1449 ’
2434 1446 2618 1508 valde
2656 1445 2927 1508 difficile
2966 1453 3063 1510 est
3100 1446 3457 1528 intelligere
3502 1445 3776 1527 qualiter
3823 1443 3937 1504 illa

2434 1544 2636 1607 virtus
2676 1545 2861 1606 detur
2888 1545 3054 1606 sicut
3093 1545 3365 1626 qualitas
3401 1542 3726 1622 absoluta3
3759 1541 3937 1603 diffi—

2435 1643 2623 1705 cilius
2683 1660 2855 1714 vero,
2917 1643 3172 1724 quando
3233 1643 3435 1705 detur.
3499 1639 3781 1704 Difficile
3837 1648 3937 1702 est

2437 1743 2628 1804 etiam
2695 1740 3051 1822 intelligere
3112 1741 3214 1804 cui
3280 1742 3485 1816 detur,
3544 1759 3624 1802 an
3686 1738 3939 1801 scilicet

911 1838 975 1901 Si
1021 1847 1236 1901 autem
1285 1846 1605 1920 quaeratur
1647 1839 1727 1902 ab
1773 1839 1933 1913 istis,
1966 1859 2045 1901 an
2095 1846 2325 1921 praeter
2360 1842 2407 1906 Β
2438 1839 2655 1913 verb0,
2696 1859 2777 1902 an
2830 1840 3166 1902 elemento.
3210 1841 3470 1912 RursuS,
3517 1837 3791 1900 difficile
3838 1845 3938 1900 est

828 1935 1175 1999 increatam
1224 1937 1527 2000 virtutem
1579 1945 1974 2000 sacramenta
2019 1937 2322 2001 virtutem

827 2033 1110 2116 aliquam
1169 2034 1444 2098 habeant
1501 2043 1826 2115 creatam3
1878 2036 2102 2098 dicunt
2156 2035 2325 2116 quod

829 2151 980 2207 non,
1014 2135 1270 2216 proprie
1316 2134 1631 2216 loquendo
1669 2135 1748 2196 de
1789 2133 2023 2195 virtute
2063 2151 2177 2195 seu
2218 2149 2327 2214 po-

827 2237 1054 2295 testate
1113 2251 1254 2314 quae
1313 2232 1394 2293 sit
1451 2231 1664 2312 aliqua
1714 2232 2006 2312 qualitaS,
2061 2229 2163 2293 vel
2220 2249 2328 2292 na-

829 2337 971 2391 tura
1025 2348 1137 2392 seu
1189 2330 1458 2394 essentia
1505 2329 1851 2392 adveniens
1900 2337 1963 2392 et
2013 2329 2327 2392 inhaerens

827 2435 939 2490 aut
986 2428 1317 2492 exsistens.
1354 2429 1418 2491 Si
1468 2435 1680 2490 autem
1732 2435 1993 2490 extenso
2042 2427 2324 2499 nomine,

830 2545 946 2609 per
976 2527 1278 2589 virtutem
1322 2526 1714 2607 intelligatur
1743 2525 2059 2588 ordinatio
2088 2525 2325 2607 aliqua,

831 2632 902 2686 ut
951 2625 1103 2686 dum
1150 2624 1395 2706 aliquid
1443 2623 1635 2686 habet
1683 2623 2020 2686 efficacem
2078 2624 2328 2686 ordina-

830 2723 1072 2786 tionem
1122 2724 1201 2785 ad
1250 2722 1516 2804 aliquid,
1565 2723 1798 2785 dicitur
1847 2721 2082 2784 habere
2130 2722 2327 2784 virtu-

831 2828 962 2884 tem
1002 2821 1081 2883 ad
1122 2820 1279 2882 illud
1317 2821 1522 2901 (velut
1569 2821 1621 2882 si
1667 2839 1775 2883 rex
1825 2827 2058 2882 statuat
2105 2828 2179 2882 ut
2216 2821 2326 2902 qui

833 2917 1026 2981 habet
1085 2918 1208 2981 tale
1267 2919 1544 2999 signum,
1607 2918 1871 3000 recipiat
1929 2925 2187 2980 centum
2250 2918 2327 2979 li-

2437 1938 2778 2020 explanare
2826 1937 3133 2018 quamdiu
3182 1937 3385 2001 duret.
3438 1936 3631 1999 Valde
3679 1953 3938 2018 quoque

2438 2035 2710 2098 difficile
2758 2043 2855 2098 est
2902 2037 3263 2118 exprimere
3311 2035 3630 2118 quomodo
3678 2034 3935 2096 influat.

2438 2133 2747 2196 Similiter
2788 2133 3057 2196 difficile
3101 2142 3199 2196 est
3241 2133 3558 2214 indagare,
3596 2133 3782 2212 cujus
3832 2151 3941 2194 na-

2438 2238 2597 2294 turae
2626 2232 2710 2293 sit
2751 2232 2815 2293 in
2856 2251 2923 2294 se
2965 2232 3122 2314 ipsa,
3156 2238 3220 2294 et
3260 2231 3460 2294 multa
3498 2231 3752 2292 similia.
3788 2231 3939 2292 Ideo

2438 2329 2589 2391 huic
2622 2329 2921 2411 positioni
2962 2330 3234 2392 faciliter
3272 2329 3424 2392 satis
3464 2329 3803 2393 concordat
3840 2347 3939 2390 ra-

2437 2428 2545 2489 tio.
2582 2427 2783 2490 Pietas
2831 2428 3024 2490 etiam
3074 2428 3229 2491 fidei
3278 2445 3406 2490 non
3458 2433 3786 2509 repugnat.
3824 2427 3939 2489 Ca-

2439 2525 2717 2588 vendum
2764 2533 2861 2588 est
2906 2527 3103 2599 enim,
3137 2545 3217 2588 ne
3266 2527 3418 2588 dum
3466 2525 3660 2588 nimis
3707 2526 3939 2587 damus

2438 2623 2878 2706 corporalibus
2921 2623 3121 2705 signis
3168 2625 3247 2686 ad
3295 2624 3571 2698 laudem,
3605 2623 3939 2686 subtraha-

2440 2742 2583 2784 mus
2614 2723 2920 2786 honorem
2952 2741 3158 2786 causae
3188 2723 3429 2784 curanti
3462 2729 3527 2785 et
3548 2722 3777 2785 animae
3808 2741 3943 2784 sus·

2440 2821 2723 2903 cipienti.
2758 2821 2903 2884 Haec
2931 2828 3144 2884 autem
3174 2821 3395 2902 opinio
3425 2839 3551 2884 non
3582 2820 3779 2882 nimis
3810 2821 3936 2888 dat.

2440 2937 2559 2980 nec
2588 2918 2829 3000 aliquid
2860 2919 3119 2981 honoris
3150 2919 3348 2981 debiti
3381 2918 3705 2981 subtrahit
3721 2918 3941 2992 Quem-

834 3016 980 3079 bras
1014 3033 1029 3079 :
1064 3024 1207 3098 post
1244 3035 1435 3098 quam
1476 3017 1943 3079 institutionem
1975 3017 2229 3097 signum
2261 3016 2331 3077 il-
2366 3020 2408 3083 C
2440 3017 2781 3079 admodum
2814 3035 2963 3098 ergo
3002 3018 3189 3098 regiae
3231 3017 3453 3080 litterae
3494 3017 3661 3097 regis
3698 3018 3941 3080 annulo

835 3115 946 3179 lud
993 3133 1120 3178 non
1171 3113 1362 3177 habet
1408 3113 1686 3196 aliquam
1734 3115 2182 3198 proprietatem
2226 3114 2331 3177 ab·

837 3212 1130 3286 solutam,
1164 3230 1357 3295 quam
1387 3230 1516 3275 non
1547 3213 1770 3275 habuit
1799 3214 1976 3295 prius
2002 3231 2018 3292 ;
2047 3213 2127 3275 ad
2157 3213 2332 3275 aliud

837 3317 1052 3373 tamen
1083 3318 1180 3373 est
1216 3310 1577 3373 ordinatum
1618 3329 1810 3392 quam
1855 3318 2021 3384 ante,
2070 3318 2133 3372 et
2182 3328 2335 3392 quo-

839 3409 1007 3471 niam
1049 3407 1241 3471 habet
1281 3408 1613 3471 efficacem
1659 3408 2141 3482 ordinationem,
2178 3408 2333 3471 dici-

838 3516 946 3569 tur
973 3506 1208 3569 habere
1239 3508 1540 3569 virtutem
1581 3515 1651 3569 ut
1689 3506 1880 3569 faciat
1916 3506 2197 3589 aliquem
2228 3507 2335 3569 ha-

841 3604 992 3667 bere
1032 3612 1289 3667 centum
1332 3623 1595 3677 marcas,
1639 3624 1780 3687 quae
1823 3606 2025 3667 virtus
2071 3622 2196 3667 non
2241 3613 2338 3668 est

840 3702 992 3784 quid
1043 3701 1428 3777 absolutum,
1475 3703 1584 3764 sed
1633 3704 1712 3765 ad
1758 3703 2058 3784 aliquid);
2103 3704 2197 3765 sic
2245 3704 2339 3765 di-

841 3808 1015 3873 cunt,
1048 3800 1217 3881 quod
1265 3808 1658 3862 sacramenta
1701 3808 1850 3863 sunt
1891 3801 2040 3863 talia
2083 3802 2263 3882 signa
2303 3820 2340 3863 a

841 3898 970 3961 Deo
1013 3898 1106 3960 sic
1150 3898 1459 3971 instituta,
1493 3898 1662 3980 quod
1710 3898 1820 3979 qui
1865 3898 2078 3961 debite
2128 3918 2339 3961 susee-

841 3996 1009 4078 perit
1036 4015 1131 4070 ea,
1165 3995 1395 4057 habeat
1425 4004 1671 4058 tantum
1704 3997 1780 4058 de
1810 3998 2012 4077 gratia
2041 3997 2143 4059 vel
2176 3997 2338 4059 hanc

841 4095 1104 4175 gratiam
1146 4093 1222 4156 ad
1262 4093 1434 4155 hunc
1473 4101 1706 4156 actum.
1743 4094 1855 4156 Illa
1892 4096 2213 4177 (inquam)
2246 4114 2341 4159 or-

2440 3114 2751 3196 sigillatae,
2770 3123 2919 3177 sunt
2948 3135 3191 3198 magnae
3222 3116 3477 3179 virtutis
3506 3123 3571 3183 et
3600 3115 3855 3191 valoriS,
3875 3126 3941 3179 et

2441 3213 2742 3275 dicuntur
2774 3232 3000 3294 magna
3037 3232 3222 3295 posse
3259 3232 3333 3276 ac
3372 3214 3603 3288 facere,
3638 3234 3837 3296 quum
3874 3216 3938 3276 in

2443 3312 2537 3374 eis
2586 3312 2762 3374 nulla
2813 3313 2896 3373 sit
2937 3312 3141 3373 virtus
3187 3312 3496 3385 absoluta,
3529 3314 3638 3376 sed
3692 3314 3942 3376 ordina—

2444 3411 2535 3473 tio
2574 3410 2705 3473 sola
2750 3429 2863 3493 per
2898 3411 3333 3473 adsistentiam
3381 3412 3570 3493 regiae
3613 3413 3943 3494 potestatis

2444 3508 2643 3589 (quod
2691 3515 2884 3589 patet,
2937 3509 3238 3589 quoniam
3288 3517 3536 3572 mortuo
3594 3529 3763 3589 rege,
3816 3528 3945 3573 non

2448 3606 2593 3688 plus
2640 3614 2899 3667 curatur
2945 3606 3022 3668 de
3074 3607 3299 3669 litteris
3347 3607 3487 3687 ejus
3536 3627 3725 3689 quam
3776 3609 3947 3682 aliis,

2449 3712 2662 3767 tamen
2692 3703 3056 3767 absolutum
3088 3705 3176 3765 nil
3208 3704 3589 3787 amiserunt)
3609 3724 3622 3767 :
3643 3707 3735 3768 sic
3766 3704 3953 3769 intel-

2452 3802 2776 3883 ligendum
2808 3810 2903 3863 est
2934 3802 2999 3863 in
3032 3803 3455 3878 sacramentiS,
3472 3811 3537 3865 et
3566 3804 3658 3866 sic
3691 3804 3959 3885 loquun-

2450 3907 2554 3961 tur
2613 3899 2984 3962 Sanctorum
3055 3902 3459 3964 auctoritates
3517 3902 3699 3981 juxta
3760 3922 3959 3966 usum

2451 4016 2879 4061 communem.
2915 4034 2995 4044 —
3027 3999 3103 4060 Et
3150 3999 3201 4060 si
3256 4018 3521 4080 quaeraS,
3555 4019 3748 4082 super
3796 4002 3959 4083 quid

2450 4096 2754 4159 fundatur
2802 4097 3023 4160 relatio
3074 4097 3241 4171 talis,
3284 4106 3349 4160 et
3396 4100 3713 4179 quomodo
3764 4102 3958 4163 adve-

843 4191 1085 4253 dinatio
1131 4190 1385 4263 efficax,
1419 4191 1622 4253 virtus
1672 4198 1767 4253 est
1811 4192 2212 4263 sacramenti,
2246 4212 2341 4255 se·
2370 4197 2421 4259 D
2452 4196 2547 4258 nit
2577 4196 2715 4257 sine
2746 4195 3083 4258 donatione
3115 4196 3553 4277 proprietatis3
3581 4197 3957 4271 dicendum,

846 4289 1126 4350 cundum
1162 4288 1337 4361 istos,
1355 4295 1419 4350 et
1443 4289 1684 4351 ratione
1719 4289 1891 4351 illius
1923 4290 2339 4353 ordinationis

845 4386 1130 4467 disponit
1157 4386 1506 4459 hominem,
1531 4386 1681 4468 quia
1710 4387 2062 4450 efficaciter
2091 4389 2342 4451 ordinat

844 4486 924 4549 ad
973 4485 1330 4548 habendam
1390 4486 1994 4569 suscipiendamque
2049 4488 2335 4568 gratiam.

845 4584 1084 4647 Rursus
1127 4583 1369 4657 dicunt,
1405 4584 1572 4665 quod
1618 4603 1695 4646 ex
1743 4583 2186 4666 hujuscemodi
2239 4606 2343 4668 pa-

835 4682 1055 4745 ctione
1085 4682 1392 4745 Dominus
1423 4682 1885 4763 quodammodo
1913 4702 1980 4745 se
2009 4684 2343 4747 adstrinxit

844 4782 922 4844 ad
961 4781 1241 4843 dandum
1280 4780 1546 4861 gratiam
1588 4780 1960 4864 suscipienti
2000 4782 2213 4844 debite
2253 4802 2344 4847 sa-

845 4886 1344 4952 cramentum,et
1374 4880 1512 4960 ipsa
1540 4880 1748 4961 pactio
1781 4880 1977 4942 Deum
2011 4899 2126 4943 suo
2160 4883 2345 4945 modo

843 4976 1180 5058 adstringit
1224 4977 1302 5039 ad
1350 4977 1619 5059 gratiam
1663 4977 2112 5041 conferendam
2152 4997 2165 5040 :
2203 4980 2343 5042 ideo

843 5082 1312 5138 sacramentum
1369 5074 1573 5138 fertur
1620 5075 1854 5139 habere
1904 5077 2206 5139 virtutem
2265 5078 2344 5139 ad

843 5171 1286 5248 efficiendum,
1321 5180 1383 5235 et
1421 5173 1572 5235 item
1618 5175 1695 5236 ad
1740 5174 2231 5256 disponendum.
2268 5176 2343 5237 Et

844 5273 1010 5333 sicut
1039 5272 1402 5334 extenditur
1431 5289 1664 5334 nomen
1694 5272 1970 5345 virtutis,
1998 5274 2082 5335 ita
2111 5281 2176 5334 et
2207 5292 2341 5335 ver-

2452 4294 2620 4375 quod
2654 4294 2718 4354 in
2752 4292 3262 4356 institutionibus
3290 4295 3728 4375 signorum,ut
3756 4315 3961 4377 quan-

2451 4392 2532 4453 do
2562 4410 2867 4453 nummus
2898 4390 2976 4451 fit
3002 4391 3207 4465 arrha,
3233 4391 3391 4453 nihil
3424 4393 3501 4455 de
3533 4412 3696 4456 novo
3726 4394 3959 4457 tribui-

2452 4496 2556 4551 tur
2604 4508 2892 4563 nummo,
2940 4490 3026 4551 ita
3068 4497 3131 4551 et
3173 4490 3238 4551 in
3282 4490 3401 4553 his.

2532 4588 2807 4668 Utraque
2846 4588 3221 4669 opinionum
3264 4588 3527 4651 istarum
3568 4589 3822 4653 videtur
3860 4612 3961 4655 sa-

2452 4686 2533 4748 tis
2584 4685 2957 4767 probabilis,
3004 4686 3115 4748 sed
3164 4688 3444 4749 secunda
3490 4687 3743 4751 videtur
3792 4689 3959 4753 mihi

2450 4785 2530 4846 ad
2561 4783 2997 4845 sustinendum
3028 4783 3303 4863 facilior3
3327 4786 3542 4848 nescio
3570 4793 3775 4849 tamen
3809 4807 3962 4869 quae

2453 4882 2535 4944 sit
2563 4882 2793 4954 verior,
2829 4882 2978 4963 quia
3009 4882 3163 4944 dum
3205 4883 3529 4965 loquimur
3559 4884 3637 4947 de
3674 4885 3775 4946 his
3808 4904 3962 4966 quae

2452 4988 2602 5041 sunt
2641 4979 2982 5054 mirabilia,
3017 4998 3145 5042 non
3188 4980 3461 5043 multum
3496 4982 3957 5048 adhaerendum

2452 5086 2549 5141 est
2592 5077 2840 5139 rationi.
2876 5113 2957 5123 -
2984 5077 3129 5140 Haec
3171 5078 3628 5142 Bonaventura.

2532 5177 2797 5258 Insuper
2828 5176 2892 5237 in
2934 5176 3067 5238 fine
3106 5176 3300 5251 tertii,
3337 5176 3561 5239 ultima
3598 5179 3959 5245 distinctio-

2452 5294 2555 5347 ne,
2589 5274 2757 5336 circa
2801 5274 2958 5336 illud
3003 5275 3172 5356 quod
3216 5275 3450 5337 dicitur
3488 5276 3579 5339 ibi
3630 5277 3693 5339 in
3746 5286 3951 5358 textu,
