4267 6250
606 1289 707 1334 Joet
724 1301 768 1340 n,
784 1290 851 1331 28.

598 1486 700 1530 Aet.
712 1498 798 1535 xix.
812 1488 851 1527 ⁵.

590 2960 841 3067 {gunnam

872 492 955 557 94

1549 511 1617 559 m
1654 510 1880 558 hinnul
1920 509 1982 556 1v
2022 504 2507 556 summAnuu.
2549 524 2632 537 ·-
2672 508 2825 555 ΠῙΒΤ.
2869 507 2956 570 113
2999 506 3226 564 QUAEST.
3268 506 3308 551 V

878 678 1117 761 ptizati,
1151 688 1331 743 erant
1358 680 1811 764 rebaptizandi.
1836 680 2011 755 Quod
2043 679 2381 743 confirma·
2408 677 2461 741 A
2491 678 2734 762 paratio
2761 678 2841 742 ad
2871 677 3102 741 Christi
3129 676 3549 759 Baptismum,
3567 674 3678 757 qui
3707 680 3812 738 est
3839 690 4006 737 vera

879 783 985 838 tur
1040 779 1413 842 auctoritate
1461 779 1519 842 S.
1575 778 1935 861 Augustini,
1987 777 2097 860 qui
2156 777 2380 859 quinta

880 874 1147 938 homilia
1194 895 1389 958 super
1430 878 1737 940 Joannem
1784 874 2019 939 fatetur
2055 893 2069 937 :
2105 874 2224 949 Qui
2271 873 2378 937 ba-

2489 784 2550 839 et
2599 777 2891 841 salutaris
2940 776 3278 848 medicina,
3321 792 3446 838 non
3495 773 3619 837 fuit
3664 773 4005 855 baptismo

2485 876 2744 939 Joannis
2801 876 3006 937 virtus
3069 893 3180 937 seu
3245 873 3538 937 efficacia
3597 870 4006 935 conferenda

880 971 1097 1055 ptizati
1129 980 1278 1035 sunt
1308 973 1626 1055 baptismo
1653 972 1927 1045 Joannis,
1948 989 2074 1035 non
2106 972 2227 1034 hoc
2256 970 2382 1033 suf·
2487 994 2630 1057 quae
2669 973 2900 1036 Christi
2939 972 3311 1055 Baptismati
3347 979 3447 1035 est
3483 970 3728 1044 collata,
3761 969 4006 1033 videli-

879 1068 1020 1132 ficit
1064 1070 1181 1144 eiS,
1226 1072 1529 1153 quoniam
1574 1071 1938 1153 baptizandi
1988 1078 2140 1133 sunt
2175 1070 2382 1151 Bapti-

880 1176 1083 1230 smate
1122 1169 1374 1232 Christi.
1409 1170 1585 1233 Unde
1623 1170 1793 1251 quod
1831 1170 1919 1231 ait
1955 1169 2379 1254 Hieronymus

882 1286 1075 1349 super
1106 1267 1286 1342 illud,
1308 1268 1650 1330 Effundam
1682 1267 1761 1331 de
1790 1268 2021 1351 spiritu
2054 1266 2380 1341 meo,Haec

881 1372 978 1427 θεῖ
1022 1384 1211 1428 causa
1252 1385 1448 1448 quare
1492 1366 1753 1448 quidam
1794 1365 2091 1449 baptizati
2132 1384 2170 1428 a
2202 1365 2382 1428 Joan-

882 1481 984 1537 ne,
1020 1462 1320 1545 baptizati
1365 1470 1515 1526 sunt
1556 1463 1790 1526 iterum
1833 1482 1871 1525 a
1911 1463 2103 1526 Paulo
2146 1462 2378 1525 Christi

878 1561 1224 1643 Baptismo,
1278 1563 1584 1644 quoniam
1629 1562 1828 1626 fidem
1876 1561 2204 1625 Trinitatis
2253 1579 2378 1625 non

880 1659 1290 1740 habuerunt;
1348 1662 1509 1723 dixit
1566 1678 1695 1724 non
1752 1661 2068 1743 tangendo
2123 1678 2381 1722 causam

880 1758 1415 1841 rebaptizationiS,
1466 1760 1577 1822 sed
1638 1757 2169 1822 insufficientiam
2225 1756 2380 1821 fidei

2490 1080 2592 1134 cet
2616 1072 2882 1152 gratiam
2917 1071 3243 1134 continere
3272 1077 3336 1133 et
3365 1087 3646 1143 causare,
3669 1068 4008 1131 characte-

2491 1188 2754 1252 remque
2808 1169 3176 1251 imprimere
3231 1187 3245 1230 :
3296 1168 3450 1250 quia
3503 1185 3631 1230 non
3681 1174 3784 1229 θεῖ
3831 1184 4006 1248 prae-

2491 1268 2800 1352 parationi
2846 1268 2945 1330 vis
2982 1266 3409 1349 imprimenda
3449 1284 3590 1348 quae
3639 1264 4008 1328 consistere

2491 1366 2680 1429 debet
2721 1366 2786 1427 in
2832 1366 3168 1428 medicina.
3201 1364 3426 1427 Adhuc
3466 1372 3703 1437 autem,
3735 1380 3817 1425 ex
3865 1381 4008 1445 quo

2491 1464 2848 1546 baptismus
2893 1463 3150 1526 Joannis
3197 1462 3440 1525 exstitit
3483 1462 3868 1544 praeparatio
3918 1461 4007 1524 ad

2492 1562 2723 1626 Christi
2761 1562 3104 1644 Baptisma,
3137 1562 3305 1625 sicut
3341 1561 3419 1623 ad
3460 1560 3852 1623 medicinam
3899 1579 4007 1623 sa-

2491 1662 2770 1724 nativam
2797 1661 2986 1724 :hinc
3017 1660 3183 1723 sicut
3211 1660 3667 1743 praeparatione
3699 1667 4004 1741 accepta,

2490 1760 2694 1823 nihilo
2725 1759 2938 1821 minus
2967 1776 3134 1840 aegro
3165 1758 3479 1821 medicina
3507 1764 3605 1821 θεῖ
3632 1758 4010 1821 necessaria

880 1856 1165 1938 ipsorum
1196 1858 1273 1921 ad
1314 1858 1605 1920 salutem.
1642 1857 1717 1920 Et
1747 1857 1869 1921 hoc
1910 1864 2081 1938 patet
2118 1875 2196 1919 ex
2228 1874 2384 1938 prae·
2421 1856 2466 1919 B
2491 1867 2557 1921 θῖ
2599 1858 2929 1931 sumenda,
2966 1858 3060 1920 sic
3103 1857 3438 1939 baptizatis
3479 1857 3737 1920 Joannis
3785 1856 4008 1939 bapti-

879 1956 1253 2019 cedcntibus
1312 1957 1453 2038 ejus
1508 1956 1744 2031 verbiS,
1797 1956 1949 2039 quia
2002 1954 2313 2038 praemisit
2363 1972 2378 2017 ε

878 2053 997 2127 Qui
1040 2054 1197 2117 dicit
1238 2074 1307 2117 se
1351 2056 1609 2119 credere
1659 2056 1725 2118 in
1766 2054 2114 2128 Christum,
2147 2060 2212 2116 et
2255 2070 2382 2116 non

881 2152 1083 2214 credit
1124 2152 1191 2215 in
1233 2153 1545 2235 Spiritum
1584 2153 1911 2226 Sanctum,
1943 2152 2230 2215 nondum
2272 2150 2383 2213 ha-

881 2250 991 2314 bet
1036 2250 1259 2314 oculos
1309 2252 1530 2315 claros.
1565 2251 1630 2314 Si
1675 2258 1885 2314 autem
1938 2251 2017 2313 de
2065 2249 2383 2332 Apostolis

884 2349 1249 2431 objiciatur,
1281 2350 1453 2432 quod
1502 2357 1645 2433 post
1685 2350 2078 2432 baptismum
2123 2348 2382 2412 Joannis

882 2448 1092 2511 solum
1124 2449 1515 2531 baptismum
1556 2448 1831 2531 Spiritus
1869 2448 2081 2511 Sancti
2110 2448 2385 2530 recepis-

885 2566 953 2609 se
1005 2547 1339 2630 leguntur3
1398 2547 1765 2622 dicendum,
1807 2547 1976 2629 quod
2034 2546 2384 2609 creduntur

886 2645 1184 2728 baptizati
1232 2646 1558 2728 Baptismo
1604 2645 1859 2720 Christi,
1909 2644 2205 2727 quamvis
2253 2662 2382 2706 non

886 2744 1152 2826 legatur,
1192 2744 1345 2826 quia
1392 2762 1521 2807 non
1568 2744 1785 2807 omnia
1826 2744 2063 2825 scripta
2100 2749 2283 2821 sunt;
2319 2748 2384 2805 et

888 2842 1005 2905 hoc
1037 2841 1309 2904 habetur
1338 2842 1403 2904 in
1432 2842 1652 2905 Glossa
1690 2860 1885 2924 super
1914 2840 2069 2903 illud
2098 2840 2379 2914 Joannis,

847 2941 1003 3015 ‚Qui
1063 2941 1228 3004 lotus
1276 2947 1393 3015 est,
1444 2958 1571 3003 non
1627 2939 1887 3021 indiget,
1940 2946 2059 3001 etc.
2111 2974 2192 2984 —-
2241 2939 2383 3001 Haec

888 3039 1158 3103 Thomas
1202 3039 1270 3100 in
1312 3038 1579 3121 Scripto.

967 3139 1035 3201 In
1085 3138 1187 3200 his
1244 3137 1482 3219 scripta
1525 3135 1767 3200 Alberti
1824 3136 1903 3199 de
1950 3135 2070 3198 ista
2122 3135 2386 3199 materia

889 3237 1174 3321 plenarie
1204 3236 1631 3310 continentur,
1656 3243 1719 3298 et
1748 3234 1937 3316 plene
1966 3235 2382 3314 concordant3

885 3335 1182 3399 similiter
1224 3334 1463 3417 scripta
1503 3334 1687 3397 Petri.

965 3435 1154 3497 Porro
1202 3433 1553 3496 Richardus
1590 3431 1787 3505 addit,
1824 3431 2266 3514 respondendo
2305 3431 2383 3492 ad

888 3533 1079 3606 istud,
1113 3550 1150 3595 a
1192 3549 1319 3614 quo
1358 3531 1714 3613 baptismus
1750 3530 2007 3594 Joannis
2045 3530 2172 3593 fuit
2208 3529 2387 3592 insti-

888 3639 1063 3695 tutus
1088 3649 1103 3694 ε
1126 3630 1446 3694 Institutio
1474 3630 1830 3711 (inquiens)
1858 3628 2133 3710 alicujus
2163 3646 2200 3689 a
2233 3629 2382 3702 Deo,

886 3736 983 3792 est
1020 3729 1273 3812 triplex.
1308 3727 1517 3792 Prima
1556 3744 1854 3810 expresse
1892 3745 1929 3789 a
1970 3727 2115 3789 Deo.
2152 3727 2388 3789 Secun-

885 3829 965 3892 da
1023 3827 1293 3903 occulte,
1348 3827 1641 3889 ministro
1699 3824 2038 3898 mediante,
2100 3824 2206 3887 cui
2269 3824 2388 3888 soli

889 3925 1311 3989 committitur
1341 3931 1619 4007 potestas
1662 3922 2060 3998 instituendi,
2094 3922 2388 4005 quamvis

888 4026 995 4088 alii
1036 4025 1241 4088 valeat
1278 4023 1621 4086 convenire
1659 4029 1937 4104 potestas
1975 4021 2384 4103 exsequendi.

890 4123 1120 4196 Tertia,
1175 4121 1430 4204 quando
1478 4121 1687 4183 eidem
1748 4119 2170 4182 committitur
2217 4127 2390 4202 pote-

891 4229 1019 4286 stas
1049 4218 1423 4283 instituendi
1464 4225 1529 4281 et
1564 4217 1974 4299 exsequendi.
2010 4217 2220 4280 Primo
2261 4233 2390 4280 mo·
2419 4215 2470 4278 D
2501 4218 2629 4299 Ego
2673 4235 2710 4278 a
2750 4224 2814 4278 ῖθ
2854 4216 3056 4278 debeo
3104 4215 3435 4298 baptizari,
3465 4223 3532 4279 et
3575 4223 3646 4279 tu
3689 4217 3872 4279 venis
3923 4219 4008 4282 ad
4063 4231 4243 4278 natm:

2503 4320 2651 4380 me?
2680 4316 2867 4390 Quasi
2899 4315 3069 4378 dicat
3099 4333 3114 4378 t
3148 4315 3288 4378 Tibi
3321 4315 3620 4378 convenit
3653 4317 4008 4381 auctoritas
4043 4300 4114 4341 ¹⁴·

890 4322 973 4384 do
1002 4319 1331 4382 institutus
1367 4325 1465 4380 est
1502 4316 1864 4398 Baptismus
1904 4315 2136 4379 Christi
2171 4335 2209 4380 a
2239 4317 2385 4380 Deo.

892 4418 1185 4483 Secundo
1236 4416 1444 4490 mode,
1498 4422 1893 4478 sacramenta
1950 4414 2195 4496 legalia,
2250 4435 2390 4497 quae

892 4520 1059 4582 Deus
1102 4535 1219 4600 per
1259 4515 1513 4599 Moysen
1565 4513 1882 4593 instituit3
1914 4514 2392 4576 exsecutionem

892 4635 1045 4682 vero
1072 4633 1296 4680 eorum
1336 4631 1466 4677 non
1494 4613 1554 4676 ei
1596 4612 1826 4687 solum,
1860 4611 1969 4674 sed
2011 4619 2077 4674 et
2104 4611 2392 4674 sacerdo-

890 4715 1064 4778 tibus
1096 4713 1269 4800 ‘legis
1323 4709 1662 4774 commisit.
1716 4708 1926 4771 Tertio
1977 4707 2168 4771 modo
2215 4706 2393 4771 insti·

889 4820 1065 4876 tutus
1116 4818 1212 4874 est
1267 4809 1623 4892 baptismus
1678 4806 1936 4871 Joannis
1989 4825 2027 4870 a
2078 4806 2232 4881 Deo,
2281 4806 2392 4889 qui

891 4911 1207 4976 concessit
1235 4909 1457 4973 Joanni
1497 4905 1937 4969 auctoritatem
1974 4905 2394 4968 institutionis

894 5011 1092 5086 illius,
1141 5009 1333 5091 eique
1380 5006 1498 5070 soli
1548 5005 1871 5068 commisit
1916 5005 2394 5067 exsecutionem

894 5109 1186 5191 ejusdem
1220 5123 1235 5168 ε
1270 5105 1414 5168 ideo
1453 5120 1582 5166 non
1619 5102 1873 5165 duravit
1908 5103 2030 5164 nisi
2072 5120 2278 5185 usque
2317 5103 2396 5165 ad

898 5203 1460 5271 incarcerationem
1489 5200 1767 5265 Joannis.
1784 5235 1862 5245 —
1880 5201 2170 5283 Insuper,
2194 5221 2393 5284 quum

898 5305 1257 5388 baptismus
1301 5299 1655 5363 beatissimi
1699 5299 1956 5362 Joannis
2002 5297 2198 5361 fuerit
2239 5319 2398 5382 prae·

2491 1964 2692 2020 smate
2733 1956 3132 2019 necessarius
3168 1954 3294 2017 fuit
3327 1955 3562 2019 Christi
3597 1956 4000 2038 Baptismus

2493 2056 2634 2119 Haec
2677 2054 3044 2118 Richardus.
3078 2090 3161 2099 —
3187 2054 3256 2117 ln
3301 2054 3401 2116 his
3451 2054 3838 2117 concordant
3875 2054 4004 2118 Bo-

2491 2162 2862 2229 naventura,
2903 2154 3174 2217 Thomas
3221 2152 3300 2215 de
3341 2152 3706 2234 Argenuus,
3745 2152 4004 2236 aliique

2492 2253 2936 2317 communiter.

2481 2376 2488 2385 ·
2571 2352 2906 2414 Durandus
2954 2357 3166 2413 tamen
3224 2350 3465 2433 aliquid
3521 2350 3823 2414 novitatis
3885 2352 4004 2415 hic

2491 2450 2738 2524 inserit,
2789 2449 3009 2512 dicens
3057 2448 3473 2532 probabiliter
3521 2467 3708 2531 posse
3752 2451 3999 2527 teneri,

2492 2548 2660 2632 quod
2687 2549 2958 2612 Ioannes
2988 2546 3330 2630 baptizavit
3355 2547 3496 2609 sine
3532 2546 3734 2610 forma
3761 2548 4004 2612 verbo-

2493 2666 2655 2710 rum.
2690 2646 2782 2709 Ad
2825 2646 3012 2731 cujus
3047 2645 3202 2708 dicti
3245 2644 3758 2726 reprobationem
3801 2646 4003 2709 suffi-

2491 2746 2599 2819 cit,
2638 2745 2808 2827 quod
2849 2750 2943 2807 tot
2979 2742 3189 2807 Sancti
3238 2750 3302 2805 et
3343 2742 3736 2806 solenniores
3777 2744 4005 2808 docto·

2491 2862 2591 2905 res
2629 2842 2854 2905 dicunt
2891 2841 3300 2905 contrarium.
3337 2840 3412 2902 Et
3452 2840 3755 2931 probatur
3789 2862 3873 2906 ex
3917 2862 4003 2907 eo

2492 2942 2662 3023 quod
2703 2942 2769 3003 in
2799 2939 3064 3003 Actibus
3095 2939 3377 3021 loquitur
3407 2940 3635 3003 Paulus
3667 2958 3683 3002 ε
3714 2939 4000 3005 Joannes
4045 2955 4238 3005 iteam„

2416 3036 2462 3102 C
2494 3040 2754 3122 quidem
2816 3038 3161 3120 baptizavit
3222 3038 3539 3120 baptismo
3597 3039 4003 3121 poenitentiae

2496 3139 2830 3223 populum,
2885 3138 3127 3211 dicens,
3181 3137 3246 3199 in
3305 3155 3453 3199 eum
3511 3138 3624 3220 qui
3681 3147 4006 3203 venturus

2495 3243 2664 3300 esset
2694 3243 2836 3319 post
2867 3236 3102 3318 ipsum,
3136 3243 3207 3296 ut
3246 3235 3599 3310 crederent,
3632 3236 3752 3298 hoc
3791 3244 3894 3300 est
3935 3238 4006 3300 in

2493 3337 2730 3400 Jesum.
2765 3335 2855 3396 Ex
2893 3333 3131 3416 quibus
3161 3333 3374 3396 verbis
3413 3334 3767 3397 secundum
3809 3353 4012 3418 expo-

2497 3433 2722 3495 sitores
2763 3431 3019 3494 elicitur
3059 3430 3263 3494 forma
3301 3430 3644 3493 verborum
3691 3430 4010 3514 baptismi

2495 3530 2772 3594 Joannis.
2809 3529 2885 3590 Et
2913 3529 2964 3591 si
2997 3528 3360 3609 objiciatur,
3393 3529 3563 3611 quod
3589 3529 3864 3591 Ioannes
3897 3529 4012 3592 ba-

2499 3627 2761 3712 ptizavit
2789 3626 3134 3700 Christum,
3167 3643 3294 3689 non
3322 3632 3536 3688 tamen
3567 3625 3692 3688 sub
3723 3626 3846 3688 hac
3872 3626 4011 3690 for-

2499 3743 2638 3806 ma3
2669 3725 2795 3788 dici
2820 3732 3049 3807 potest,
3081 3723 3250 3806 quod
3284 3722 3487 3786 forma
3515 3723 3858 3787 verborum
3894 3725 4012 3788 ba-

2500 3823 2718 3907 ptismi
2762 3823 3021 3887 Joannis
3062 3839 3190 3885 non
3235 3821 3360 3884 fuit
3401 3829 3529 3884 tam
3575 3821 4011 3888 immutabilis

2499 3931 2564 3986 et
2601 3921 2887 4005 praecisa,
2921 3921 3076 4003 quin
3121 3938 3199 3982 ex
3245 3919 3609 3984 rationabili
3653 3939 3846 3984 causa
3889 3941 4010 4005 po-

2501 4021 2696 4084 tuerit
2741 4019 3208 4102 aliquantulum
3267 4018 3613 4094 immutari,
3665 4021 4010 4102 potissime

2500 4120 2670 4182 circa
2698 4118 3040 4182 Christum.
3075 4117 3190 4182 Cui
3221 4124 3286 4181 et
3317 4119 3454 4200 ipse
3480 4117 3753 4182 Joannes
3780 4119 3954 4182 dixit
3989 4137 4004 4183 ε

2501 4423 2565 4479 θῖ
2597 4422 2872 4498 potestas
2910 4413 3291 4496 baptizandi.
3327 4413 3417 4476 Ex
3455 4431 3584 4495 quo
3623 4412 3858 4496 conjici
3889 4433 4010 4498 po·

2499 4522 2643 4588 test,
2666 4514 2837 4596 quod
2865 4513 3210 4595 baptizavit
3237 4512 3558 4576 Christum
3590 4512 3710 4576 sub
3741 4513 3862 4577 ista
3891 4524 4012 4579 aut

2503 4612 2700 4675 simili
2748 4610 2954 4674 forma
2988 4627 3003 4673 ε
3037 4610 3166 4692 Ego
3213 4618 3275 4673 te
3324 4610 3577 4694 baptizo
3624 4611 3691 4674 in
3737 4613 4009 4679 nomine

2502 4712 2595 4773 tui
2650 4711 2870 4792 ipsius.
2913 4710 3023 4772 Vel
3076 4716 3146 4772 ut
3193 4709 3590 4792 probabilius
3637 4710 3862 4785 fertur,
3901 4713 4008 4777 Jo-

2503 4827 2700 4872 annes
2739 4809 3062 4872 Christum
3102 4808 3444 4891 baptizavit
3477 4809 3618 4872 sine
3654 4809 4008 4875 verborum

2504 4908 2933 4990 expressione,
2955 4907 3259 4990 quoniam
3293 4907 3356 4969 in
3388 4907 3500 4970 illo
3529 4907 3852 4990 baptismo
3877 4929 4010 4974 vox

2503 5007 2700 5070 Patris
2749 5006 2964 5070 audita
3009 5015 3127 5080 est,
3177 5007 3395 5068 dicens
3437 5023 3452 5068 ε
3495 5007 3610 5069 Hic
3657 5015 3756 5070 est
3799 5008 4008 5072 Filius
4081 5029 4244 5074 nm:

2507 5123 2688 5168 meus
2735 5104 3027 5168 dilectus.
3065 5104 3140 5166 Et
3179 5111 3350 5168 recte
3399 5111 3551 5168 tunc
3599 5105 3778 5168 siluit
3821 5108 4012 5172 Joan-

2508 5221 2643 5278 neS,
2691 5209 2760 5264 ut
2806 5203 2896 5265 ait
2931 5203 3170 5265 PetruS.
3213 5237 3294 5248 —
3329 5203 3802 5279 Verumtamen,
3835 5207 4012 5270 sicut

2510 5303 2917 5366 circumcisio
2948 5301 3178 5365 Christi
3211 5319 3338 5366 non
3376 5300 3504 5365 ruit
3538 5304 3832 5385 purgatio
3861 5305 4010 5388 ejus
