4267 6250
685 493 910 551 Quaesr.
954 495 1066 540 vm
1107 495 1122 540 ε
1164 495 1250 542 ΑΝ
1289 493 1550 542 Lucana
1591 494 1860 542 cassant
1899 494 2259 543 nuscanum·
2298 496 2639 544 armanno
2680 497 3018 545 nivumno
3316 479 3389 544 71

313 671 529 738 catum,
559 673 626 727 et
663 685 744 730 ex
787 667 1202 749 consequenti
1241 674 1304 730 et
1343 687 1458 750 per
1498 667 1792 731 accidens
1821 668 1874 732 A
1905 668 2055 750 quia
2110 667 2179 730 in
2231 667 2455 732 Genesi
2507 669 2813 732 Dominus
2871 669 2961 731 ait
3006 668 3319 733 Abraham
3376 688 3391 734 t

313 763 548 845 culpam
607 765 924 828 actualem
983 784 1316 838 annexam,
1369 766 1433 828 in
1481 773 1792 848 quantum
1905 765 2038 828 Erit
2085 774 2340 848 pactum
2396 785 2635 841 meum,
2688 767 2751 829 id
2810 775 2906 829 est
2962 768 3397 832 circumcisio·
3452 787 3689 840 aenam,

313 861 484 944 culpa
520 865 852 946 originalis
887 865 1026 928 sine
1065 865 1240 927 illius
1274 865 1648 928 dimissione
1675 863 1791 928 tol·
1904 863 2004 926 nis
2060 872 2474 945 praeceptum,
2530 865 2593 926 in
2654 883 2841 928 carne
2891 873 3101 928 vestra
3157 865 3397 929 foedere
3425 855 3493 896 ¹³·

315 961 354 1022 li
391 979 510 1025 non
551 971 804 1044 poterat
842 965 1050 1045 quoad
1097 965 1410 1026 maculam
1445 971 1508 1026 et
1545 972 1788 1026 reatum
1904 963 2313 1044 sempiterno.

313 1079 500 1142 poenae
556 1069 830 1136 aeternae,
880 1063 1034 1125 alias
1091 1081 1237 1126 non.
1299 1063 1448 1126 Ideo
1503 1061 1790 1124 debitum
1981 1061 2052 1122 ln
2099 1061 2487 1124 contrarium
2546 1069 2643 1124 est
2689 1062 3015 1145 Scriptura
3069 1063 3395 1138 canonica,

313 1179 500 1241 poenae
557 1159 998 1224 satisfactoriae
1053 1179 1180 1224 non
1240 1161 1519 1224 tollebat.
1582 1160 1794 1242 Bapti-
1902 1179 2101 1242 quum
2153 1159 2491 1241 Apostolus
2540 1161 2773 1222 Galatis
2820 1161 3057 1223 scribat
3101 1181 3116 1226 ε
3169 1162 3233 1224 Si
3280 1161 3397 1224 cir·
3426 1187 3693 1236 &1³:³4

312 1277 470 1320 smus
501 1276 654 1322 vero
695 1259 862 1322 tollit
891 1266 1085 1323 totam
1127 1260 1379 1342 culpam
1419 1278 1493 1322 ac
1535 1278 1788 1342 poenam

309 1356 802 1420 satisfactorium.
835 1357 980 1420 Haec
1021 1357 1258 1420 Petrus.

381 1455 729 1519 Concordat
771 1455 1142 1530 RicharduS,
1194 1456 1380 1537 cujus
1439 1456 1675 1539 scripta
1725 1457 1788 1518 in

311 1553 400 1615 his
455 1555 888 1629 continentur,
946 1554 1300 1636 allegatque
1363 1553 1790 1636 Augustinum

313 1651 463 1714 libro
490 1652 570 1715 de
597 1652 852 1734 Nuptiis
891 1652 1336 1735 perhibentem
1371 1671 1386 1716 :
1422 1652 1512 1714 Ex
1543 1670 1670 1735 quo
1701 1652 1792 1714 in-

313 1751 514 1812 stituta
561 1759 657 1814 est
700 1751 1105 1814 circumcisio
1153 1750 1220 1813 in
1269 1752 1508 1834 populo
1552 1751 1664 1814 Dei
1711 1751 1790 1814 ad

1903 1257 2381 1332 cumcidamini,
2442 1258 2729 1322 Christus
2790 1259 2951 1320 nihil
3011 1258 3193 1322 vobis
3254 1277 3397 1342 pro-

1902 1355 2083 1417 derit.

1983 1551 2161 1615 Circa
2211 1552 2345 1615 haec
2386 1553 2609 1615 scribit
2655 1553 2721 1617 in
2770 1553 3033 1618 Summa
3080 1574 3195 1618 sua
3233 1554 3405 1617 Anti-

1902 1649 2287 1713 siodorensis
2341 1670 2356 1714 :
2409 1651 2673 1715 Praecisa
2730 1659 2791 1715 et
2842 1653 3157 1734 generalis
3216 1672 3407 1717 causa

1902 1748 2269 1810 cessationis
2300 1750 2581 1812 omnium
2615 1758 3147 1814 sacramentorum
3176 1751 3407 1814 veteris

313 1850 736 1930 purgationem
774 1849 1102 1932 originalis
1131 1849 1492 1931 veterisque
1521 1849 1787 1931 peccati,
1826 1846 1873 1909 B
1905 1846 2084 1928 legis,
2103 1855 2201 1910 est
2230 1866 2389 1929 pura
2419 1847 2643 1930 figura.
2670 1849 2782 1911 llla
2811 1868 3087 1931 namque
3121 1850 3405 1914 caerimo-

313 1948 544 2010 valebat
575 1949 822 2029 magnis
851 1957 914 2012 et
943 1949 1248 2030 parvuliS,
1276 1949 1439 2011 sicut
1472 1949 1660 2011 modo
1687 1949 1794 2011 Ba·

315 2045 589 2126 ptismus.
621 2083 704 2093 —
733 2047 906 2110 Idem
948 2065 1096 2110 cum
1136 2046 1238 2109 his
1271 2054 1446 2109 tenet
1473 2047 1796 2109 Bonaven-

315 2151 460 2204 tura.

379 2241 907 2304 Antisiodorensis
936 2260 1088 2305 vero
1117 2241 1272 2305 dicit
1292 2261 1306 2306 ε
1326 2243 1632 2305 Asserunt
1661 2240 1796 2305 fere

317 2357 544 2414 omnes,
576 2341 746 2422 quod
783 2340 850 2402 in
882 2341 1374 2404 circumcisione
1411 2341 1612 2423 gratia
1648 2357 1795 2404 con-

319 2436 642 2512 ferebatur,
687 2439 800 2501 sed
848 2457 974 2502 non
1023 2458 1100 2501 ex
1150 2439 1212 2501 vi
1261 2439 1793 2513 circumcisionis,

319 2536 476 2616 quod
505 2543 567 2599 et
593 2536 884 2618 Magister
923 2537 990 2598 in
1029 2544 1205 2600 textu
1243 2537 1480 2600 sentire
1509 2536 1794 2617 videtur3

317 2642 378 2695 et
403 2635 560 2714 quod
591 2653 668 2697 ex
699 2635 762 2696 vi
795 2634 1304 2698 circumcisionis
1339 2635 1543 2698 solum
1588 2634 1800 2696 remit-

317 2731 596 2794 tebantur
631 2740 908 2816 peccata.
941 2733 1068 2796 Nos
1108 2751 1258 2796 vero
1297 2733 1594 2807 dicimus,
1627 2733 1796 2814 quod

318 2848 398 2892 ex
440 2831 496 2892 vi
549 2851 660 2894 sua
713 2832 988 2895 contulit
1033 2833 1300 2912 gratiam
1348 2839 1658 2914 quantum
1718 2831 1796 2893 ad

321 2927 574 2992 effectus
619 2931 836 3010 gratiae
884 2930 1253 3012 privativo&
1295 2947 1422 2993 non
1467 2930 1794 3012 positivos,

1906 1945 2098 2008 nialia
2142 1965 2221 2008 ex
2266 1954 2395 2009 toto
2436 1956 2706 2020 cessant,
2740 1968 2881 2030 quae
2916 1967 3043 2011 non
3085 1948 3406 2012 habebant

1903 2043 2094 2106 aliam
2126 2045 2467 2108 utilitatem
2500 2046 2621 2108 nisi
2653 2046 2964 2128 signandi.
2990 2047 3407 2111 circumcisio

1905 2151 2118 2205 autem
2170 2143 2459 2206 instituta
2508 2143 2714 2206 fuerat
2759 2152 2907 2206 ante
2957 2145 3185 2226 legem,
3238 2145 3406 2208 sicut

1906 2248 1970 2302 et
2003 2242 2499 2304 matrimonium.
2526 2242 2639 2304 Hic
2668 2251 2883 2306 autem
2914 2243 3241 2325 loquimur
3270 2251 3406 2306 tan·

1905 2347 2042 2401 tum
2073 2340 2153 2402 de
2188 2340 2313 2402 illis
2352 2359 2492 2422 quae
2530 2341 2817 2403 instituta
2845 2342 3108 2404 fuerunt
3138 2343 3203 2404 in
3244 2341 3401 2424 lege.

1907 2437 2233 2501 Generalis
2280 2438 2493 2520 itaque
2541 2456 2751 2512 causa,
2793 2439 2963 2521 quod
3014 2440 3407 2504 caerimonia-

1909 2535 1993 2598 lia
2027 2536 2251 2617 legalia
2282 2544 2711 2612 cessaverunt,
2745 2537 2869 2599 fuit
2897 2557 3058 2620 pura
3088 2538 3316 2601 umbra
3345 2546 3410 2601 et

1908 2654 2070 2717 pura
2113 2633 2338 2716 figura.
2382 2637 2619 2697 Verum
2668 2643 2896 2717 praeter
2942 2638 3105 2699 hanc
3148 2656 3405 2700 causam

1909 2733 2207 2814 specialis
2256 2740 2355 2796 est
2408 2733 2567 2796 ratio
2622 2752 2738 2796 cur
2796 2743 3191 2798 sacramenta
3244 2736 3407 2819 lega-

1911 2831 1996 2893 lia
2043 2839 2469 2894 cessaverunt.
2525 2830 2921 2894 Differebant
2968 2833 3140 2894 enim
3190 2834 3407 2916 aliquo

1913 2930 2102 2993 modo
2146 2937 2539 2992 sacramenta
2589 2929 2813 3011 legalia
2850 2937 2914 2992 et
2953 2931 3407 2994 caerimonialia

324 3026 440 3088 nisi
479 3046 588 3108 per
617 3029 1177 3091 concomitantiam
1213 3047 1229 3091 :
1261 3029 1427 3091 sicut
1457 3047 1536 3091 ex
1564 3028 1627 3091 vi
1658 3046 1797 3090 ver·
1837 3024 1880 3087 C
1913 3027 2136 3108 legalia
2172 3045 2185 3090 :
2220 3029 2521 3109 quoniam
2562 3029 2779 3091 omnia
2819 3038 3212 3092 sacramenta
3246 3030 3411 3112 lega-

323 3126 532 3188 borum
564 3128 1056 3191 consecrationis
1089 3130 1371 3211 corporis
1402 3127 1797 3202 Christi‚non

325 3232 416 3285 est
449 3226 530 3287 ibi
567 3228 826 3309 sanguis
865 3227 990 3290 nisi
1033 3228 1460 3301 consecutive,
1496 3228 1798 3310 quoniam

329 3321 472 3385 illud
518 3342 747 3407 corpus
796 3344 1112 3408 nusquam
1163 3333 1260 3388 est
1307 3326 1444 3388 sine
1493 3324 1798 3407 sanguine

329 3438 448 3483 suo.

713 3740 1188 3814 QUAESTIO
1245 3740 1446 3803 VIII

457 4013 646 4077 Ctavo
687 4015 1016 4096 quaeritur,
1049 4016 1177 4080 An
1220 4014 1515 4093 leg-alia
1557 4027 1804 4079 cessa·

479 4127 566 4178 re
601 4112 1049 4179 debuerunt
1075 4113 1510 4191 Evangelio
1545 4110 1806 4177 divul-

335 4213 650 4371 goltfffietur
675 4309 846 4391 quod
880 4310 1190 4391 non‚quia
1220 4309 1282 4370 in
1314 4308 1576 4370 Actibus
1608 4307 1809 4370 fertur

56 4432 58 4499 ᾗ
121 4411 190 4451 1¹⁶-
207 4420 316 4459 ma·
341 4408 782 4487 Apostolorum,
817 4407 986 4489 quod
1032 4407 1258 4469 Paulus
1302 4407 1454 4469 fecit
1491 4406 1806 4468 Timothe-

341 4524 434 4567 um
461 4505 854 4579 circumcidi,
889 4513 954 4567 et
982 4505 1252 4587 ipsemet
1280 4504 1507 4567 Paulus
1547 4504 1624 4566 ad
1664 4523 1808 4585 sug-

339 4604 664 4681 gestionem
703 4602 973 4685 apostoli
1001 4602 1216 4666 Jacobi
1255 4602 1531 4665 servavit
1561 4602 1804 4682 legalia,

344 4709 396 4761 et
421 4702 776 4782 praedicavit
809 4702 873 4763 in
911 4702 1153 4784 templo
1189 4719 1263 4764 ea
1299 4719 1438 4763 esse
1477 4700 1803 4763 servanda.

343 4799 595 4880 Apostoli
637 4817 893 4883 quoque
935 4800 1330 4881 scripserunt
1369 4798 1692 4862 conversis
1732 4818 1809 4861 ex

342 4896 656 4971 ludaismo,
707 4907 779 4960 ut
831 4897 1057 4979 legalia
1113 4898 1402 4978 quaedam
1461 4904 1806 4971 servarent,

129 4996 324 5051 mnas.
345 4992 689 5058 abstinendo
716 5013 753 5058 a
783 4994 1096 5057 suffocato
1126 5003 1190 5057 et
1217 4994 1544 5075 sanguine.
1581 4994 1670 5056 De
1700 4994 1814 5056 cir·

347 5093 708 5157 cumcisione
736 5110 988 5176 quoque
1020 5092 1186 5154 idem
1215 5092 1577 5174 specialiter
1606 5100 1814 5174 potest

348 5190 592 5269 probari,
633 5191 786 5274 quia
833 5190 1382 5254 incommutabilis
1423 5190 1589 5253 Deus
1639 5190 1813 5251 insti-

353 5288 454 5348 tuit
495 5290 610 5353 hoc
658 5296 1050 5373 praeceptum
1110 5297 1420 5371 perpetuo
1465 5288 1809 5363 observari,

1911 3128 1994 3189 lia
2043 3135 2226 3190 erant
2270 3127 2741 3203 caerimonialia,
2794 3146 2919 3191 non
2978 3136 3252 3192 econtra.
3312 3130 3411 3193 Et·

1909 3225 2076 3288 enim
2106 3242 2233 3287 non
2265 3225 2597 3287 comedere
2628 3244 2884 3287 carnem
2916 3227 3412 3308 porcinam,erat

1909 3324 2358 3397 caerimoniale,
2404 3340 2531 3386 non
2581 3332 3069 3387 sacramentum.
3118 3326 3409 3389 Cessave-

1911 3430 2060 3486 runt
2098 3440 2251 3504 ergo
2289 3422 2505 3485 omnia
2548 3430 2945 3486 sacramenta
2983 3423 3227 3505 legalia,
3260 3425 3412 3507 quia

1913 3521 2172 3584 fuerunt
2236 3520 2464 3583 umbra
2524 3520 2755 3586 futurae
2819 3522 3122 3584 veritatis,
3187 3522 3413 3586 Omnia

1913 3619 2155 3701 quippe
2199 3619 2518 3683 Christum
2564 3618 3031 3699 significabant.
3066 3620 3213 3683 Ideo
3251 3621 3412 3683 veri-

1912 3725 2040 3780 tate
2068 3716 2447 3779 adveniente
2482 3724 2907 3779 cessaverunt.
2944 3718 3103 3780 Hinc
3138 3720 3411 3781 cessavit

1913 3814 2777 3895 circumcisio,litteralisque
2806 3813 3164 3877 observatio
3194 3815 3413 3878 sabba-

1917 3914 1984 3987 ti,
2017 3914 2185 3975 sicut
2212 3913 2302 3975 ait
2329 3912 2406 3974 ad
2448 3911 2741 3975 Hebraeos
2771 3912 3109 3994 Apostolus
3144 3930 3157 3974 ε
3192 3914 3413 3975 Trans·
3468 3938 3605 3981 neor.
3632 3950 3705 3989 vn,

1917 4012 2041 4073 lato
2078 4010 2452 4084 sacerdotio,
2487 4028 2747 4072 necesse
2785 4018 2882 4072 est
2918 4017 2987 4071 ut
3020 4010 3177 4091 legis
3214 4018 3412 4073 trans·
3442 4004 3507 4045 ¹²·

1919 4110 2068 4173 latio
2126 4108 2261 4182 fiat,
2318 4109 2379 4170 id
2437 4115 2532 4170 est
2594 4108 2911 4188 legalium.
2967 4108 3176 4171 Cultui
3236 4109 3409 4172 enim

1834 4208 1883 4271 D
1920 4207 2076 4288 legis
2124 4206 2395 4269 carnalis
2454 4206 2760 4268 successit
2808 4206 3159 4288 spiritualis
3210 4208 3411 4270 Evan-

1916 4305 2066 4385 gelii
2108 4304 2337 4366 cultus.
2374 4304 2825 4366 Verumtamen
2862 4304 3148 4385 quaedam
3190 4304 3415 4387 legalia

1921 4402 2185 4463 retinuit
2227 4400 2348 4463 sibi
2397 4401 2699 4474 Ecclesia,
2734 4408 2804 4463 ut
2845 4401 3411 4477 thurificationem,

1920 4521 2061 4584 quae
2092 4500 2399 4563 remansit
2424 4516 2552 4561 non
2592 4500 2798 4562 solum
2833 4500 3133 4581 quoniam
3170 4501 3416 4582 signifi·

1921 4607 2022 4662 cat
2064 4598 2234 4679 quod
2283 4616 2531 4679 semper
2573 4598 2889 4678 agendum
2933 4606 3050 4672 est,
3094 4607 3246 4681 puta
3285 4617 3419 4663 ora-

1923 4698 2162 4760 tionem
2212 4704 2275 4757 et
2320 4696 2460 4776 ejus
2520 4695 2933 4775 suavitatem3
2985 4696 3096 4759 sed
3156 4697 3306 4778 quia
3354 4706 3418 4759 et

1923 4796 2062 4877 ipsa
2119 4794 2408 4855 litteralis
2466 4793 2870 4856 observantia
2926 4802 3023 4855 est
3084 4794 3341 4857 moralis
3398 4814 3413 4858 t

1923 4892 2092 4977 quod
2142 4910 2267 4955 non
2324 4892 2646 4954 invenitur
2695 4890 2761 4952 in
2810 4911 2998 4953 carne
3048 4892 3308 4973 porcina
3355 4900 3419 4954 et

1923 4991 2237 5053 suffocato
2297 4998 2361 5052 et
2422 4989 2749 5070 sanguine.
2812 4990 2880 5050 ln
2942 4989 3419 5053 thurificatione

1923 5089 2222 5171 equidem
2267 5088 2613 5151 honoratur
2653 5088 2839 5159 DeuS,
2872 5086 3040 5148 sicut
3078 5086 3141 5149 in
3186 5088 3425 5167 magni-

1922 5188 2144 5249 tudine
2177 5194 2241 5249 et
2270 5185 2746 5268 pulchritudine
2784 5183 3009 5266 templi
3050 5184 3418 5259 materialis,

1922 5303 2050 5369 quo
2081 5303 2343 5365 regnum
2376 5282 2769 5364 significatur
2797 5282 3184 5357 coeleste,vel
3213 5282 3425 5345 anima
