4267 6250
850 481 969 547 160

850 678 1024 734 secat
1060 671 1307 751 securi3
1344 671 1714 745 dicendum,
1756 671 1926 752 quod
1966 669 2354 732 instrumen-
2381 668 2435 733 A

852 776 991 831 tum
1040 770 1317 832 sumitur
1366 769 1661 852 pluribus
1709 769 1935 833 modis.
1971 768 2203 842 Primo,
2237 784 2355 849 pro

852 885 1043 931 causa
1092 868 1391 942 secunda,
1442 886 1585 949 quae
1632 867 1783 930 lieet
1838 874 1982 948 agat
2034 884 2154 949 per
2211 882 2353 947 pro·

851 965 1059 1047 priam
1097 965 1391 1041 formam,
1435 984 1630 1048 quam
1661 964 1855 1027 habet
1893 965 1959 1027 in
2000 981 2140 1026 esse
2179 962 2355 1045 quie-

852 1071 938 1137 to,
977 1071 1256 1126 attamen
1301 1064 1431 1145 agit
1480 1064 1545 1125 in
1594 1064 1831 1126 virtute
1874 1080 2080 1125 causae
2119 1060 2352 1143 prioris

853 1162 957 1224 cui
1008 1163 1479 1226 subordinatur.
1514 1161 1806 1225 Secundo
1844 1159 2082 1224 dicitur
2123 1160 2354 1222 instru-

854 1268 1167 1335 mentum,
1218 1261 1280 1323 id
1338 1261 1509 1343 quod
1568 1279 1695 1324 non
1754 1259 2003 1340 attingit
2048 1256 2354 1321 effectum

854 1358 1229 1441 principalis
1284 1358 1550 1439 agentis,
1612 1358 1725 1421 sed
1780 1357 1989 1420 solum
2045 1356 2348 1440 praeviam

852 1457 1133 1539 aliquam
1164 1457 1666 1539 dispositionem.
1702 1456 1933 1539 Sicque
1963 1455 2236 1538 qualitas
2265 1454 2353 1516 al-

854 1562 1065 1618 terans
1092 1556 1328 1618 dicitur
1356 1556 1849 1619 instrumentum
1879 1554 2244 1619 substantiae
2273 1554 2352 1616 ad

851 1654 1285 1735 generandum
1314 1653 1735 1717 substantiam
1764 1670 1779 1716 t
1808 1671 1937 1718 non
1965 1654 2135 1735 quod
2168 1652 2236 1715 in
2265 1653 2352 1714 al-

853 1753 1115 1815 terando
1165 1752 1249 1815 sit
1305 1752 1828 1827 instrumentum,
1878 1751 2011 1815 imo
2056 1759 2154 1814 est
2199 1750 2351 1813 alte-

1499 500 1563 547 m
1603 499 1827 547 Lunum
1867 498 1930 546 lv
1970 490 2454 545 summanum
2497 512 2578 525 -·
2618 496 2773 542 msr.
2813 496 2917 558 v13
2959 495 3184 553 QUAEST.
3225 495 3295 542 111

2874 795 3350 870 QUAESTIO
3416 795 3542 859 III

2589 1064 2762 1128 Ertio
2791 1064 3264 1147 quoeritur,An
3293 1066 3758 1146 Baptismus
3785 1078 3970 1145 quo-

2616 1165 2702 1232 at
2731 1162 3135 1246 reiterar13
3167 1165 3252 1231 et
3283 1164 3380 1231 de
3411 1177 3645 1245 poena
3673 1164 3969 1230 iteran-

2460 1264 2666 1329 tium
2708 1263 2974 1329 illum.

2539 1361 2804 1424 Videtur
2849 1361 3019 1442 quod
3064 1360 3270 1424 valeat
3316 1359 3530 1423 iterari
3579 1375 3593 1421 :
3641 1365 3740 1421 est
3785 1358 3968 1421 enim

2461 1458 2856 1540 regeneratio
2888 1458 3262 1540 spiritualiS,
3296 1477 3438 1540 quae
3477 1457 3672 1532 licite,
3707 1458 3840 1521 imo
3869 1476 3966 1520 sa-

2464 1557 2731 1620 lubriter
2779 1557 3060 1620 iteratur.
3095 1557 3633 1639 Quotiescumque
3680 1574 3965 1639 namque

2462 1656 2608 1737 quis
2647 1662 2868 1738 peccat
2910 1654 3281 1730 mortaliter,
3313 1654 3500 1719 toties
3543 1653 3969 1737 spiritualiter

2463 1754 2768 1834 moritur3
2815 1762 2876 1817 et
2924 1754 3174 1837 quoties
3223 1753 3491 1836 poenitet
3537 1771 3612 1816 ac
3662 1753 3998 1834 resurgit,-

852 1850 1115 1914 rationis
1146 1850 1504 1934 perfectum
1535 1851 1950 1934 principium,
1974 1850 2061 1913 ita
2093 1850 2264 1932 quod
2295 1848 2349 1911 si
2385 1852 2434 1915 B
2463 1852 2882 1936 spiritualiter
2931 1859 3354 1934 regeneratur.
3405 1853 3668 1929 Rursus,
3719 1851 3967 1915 Eucha-

852 1958 1067 2031 posset
1094 1968 1210 2033 per
1240 1969 1308 2013 se
1346 1968 1507 2023 esse,
1539 1957 1756 2033 posset
1793 1968 1908 2032 per
1938 1968 2006 2011 se
2038 1949 2348 2027 alterare3

851 2048 964 2109 sed
1019 2049 1323 2131 quoniam
1378 2049 1511 2130 agit
1564 2048 1643 2111 ad
1700 2048 1997 2123 formam,
2054 2066 2198 2129 quae
2255 2054 2355 2109 est

850 2146 1187 2228 dispositio
1237 2148 1315 2209 ad
1366 2145 1811 2209 substantiam.
1865 2146 2109 2208 Dicitur
2159 2146 2350 2208 etiam

852 2244 1349 2308 instrumentum
1392 2245 1531 2328 ipsa
1573 2265 1718 2328 pars
1766 2251 2061 2327 respectu
2103 2244 2300 2307 totius
2332 2261 2347 2306 ε

852 2342 1073 2425 sicque
1129 2343 1549 2426 Philosophus
1605 2362 1841 2425 organa
1883 2350 2067 2406 vocat
2114 2350 2348 2426 parteS.

852 2442 1114 2517 RursuS,
1166 2442 1661 2506 instrumentum
1710 2441 1945 2505 dicitur
1990 2442 2069 2505 de
2117 2442 2352 2504 instru-

856 2541 1089 2604 mentis
1131 2540 1479 2617 artificum,
1512 2560 1550 2605 a
1592 2540 1828 2624 quibus
1872 2548 1936 2603 et
1976 2558 2210 2603 nomen
2259 2540 2351 2602 in—

853 2639 1194 2702 strumenti
1225 2639 1436 2722 primo
1462 2645 1560 2701 est
1586 2645 1864 2702 tractum.
1882 2640 2096 2721 ltaque
2128 2638 2355 2700 instru-

856 2746 1145 2802 mentum
1190 2739 1541 2801 animatum
1602 2737 2052 2801 intellectualis
2109 2744 2352 2801 naturae

854 2837 1046 2900 habet
1085 2838 1525 2901 intentionem.

950 2936 1069 2999 Sed
1120 2956 1341 2999 rursus
1391 2936 1586 3017 objici
1646 2943 1871 3018 potest,
1922 2934 2075 3017 quia
2122 2935 2201 2997 de
2259 2954 2354 2998 es-

2460 1952 2660 2028 ristia,
2695 1972 2838 2035 quae
2879 1958 2978 2015 est
3016 1952 3269 2032 dignior
3309 1968 3408 2027 ee,
3442 1951 3798 2015 reiteratur.

2541 2148 2635 2212 Ad
2675 2149 2796 2211 hoc
2835 2147 3372 2212 Antisiodorensis
3414 2148 3481 2211 in
3525 2148 3788 2211 Summa
3825 2167 3969 2222 sua,

2463 2245 2628 2310 libro
2677 2252 2925 2328 quarm,
2977 2247 3320 2329 respondet
3370 2264 3386 2309 ε
3437 2248 3624 2311 Juxta
3667 2246 3974 2329 Augusti-

2461 2364 2634 2419 num‚
2656 2344 2893 2426 injuria
2922 2344 3002 2407 fit
3027 2344 3352 2428 Baptismo
3380 2344 3434 2408 si
3467 2345 3746 2409 iteretur.
3762 2344 3972 2426 Hujus

2459 2451 2674 2507 autem
2719 2443 3141 2507 initerationis
3185 2462 3376 2507 causa
3423 2444 3761 2527 multiplex
3807 2444 3971 2507 assi-

2459 2548 2707 2623 gnatur.
2767 2541 2975 2604 Prima
3033 2548 3150 2617 est,
3211 2542 3515 2625 quoniam
3571 2541 3968 2625 BaptismuS,

2460 2660 2662 2723 quum
2693 2640 2900 2705 deleat
2927 2658 3184 2705 omnem
3217 2641 3472 2723 culpam
3503 2648 3568 2703 et
3593 2658 3875 2725 poenam,
3909 2640 3970 2703 si

2461 2746 2676 2822 posset
2720 2739 2958 2815 iterari,
2989 2739 3284 2803 homines
3329 2740 3470 2803 sine
3513 2739 3696 2803 freno
3743 2758 3972 2822 pecca-

2459 2845 2626 2911 rent,
2658 2844 2847 2920 atque
2887 2838 2955 2900 in
2997 2838 3301 2901 extremis
3344 2838 3724 2920 rebaptizari
3765 2856 3834 2901 se
3877 2836 3974 2899 fa-

2462 2944 2682 3000 cerent
2717 2943 2781 2999 et
2820 2935 3162 3000 evolarent.
3198 2936 3488 2999 Secunda
3523 2955 3718 3000 causa
3745 2945 3847 2999 est
3879 2936 3976 2998 al-

855 3035 1059 3098 sentia
1105 3035 1485 3097 sacramenti
1543 3052 1671 3098 non
1719 3041 1870 3097 sunt
1916 3033 2039 3096 nisi
2090 3034 2354 3096 materia
2389 3036 2432 3099 C
2464 3035 2720 3117 legoria.
2739 3036 3104 3118 Baptismus
3134 3036 3307 3098 enim
3339 3055 3376 3098 a
3407 3034 3637 3099 Christi
3669 3035 3973 3117 passione

854 3142 920 3197 et
955 3133 1163 3197 forma
1192 3133 1557 3210 verborum,
1590 3152 1717 3197 non
1757 3151 1907 3216 ergo
1943 3132 2213 3196 intentio
2245 3140 2354 3195 aut

858 3233 1169 3296 minister.
1242 3232 1610 3308 Dicendum,
1670 3233 1843 3316 quod
1910 3231 2175 3295 materia
2239 3249 2353 3294 seu

858 3332 1185 3395 materiale
1216 3332 1629 3406 elementum,
1658 3339 1723 3394 et
1752 3331 1957 3394 forma
1984 3331 2352 3404 verborum,

859 3438 1010 3493 sunt
1058 3437 1270 3512 partes
1322 3430 1692 3493 essentiales
1742 3428 2103 3494 intrinsecae
2153 3447 2355 3490 sacra-

860 3528 1102 3609 menti3
1146 3528 1441 3592 minister
1478 3536 1691 3591 autem
1728 3547 1841 3590 seu
1880 3527 2023 3608 ejus
2060 3526 2352 3600 intentio,

858 3635 956 3691 est
1002 3627 1170 3690 sicut
1230 3626 1623 3710 principium
1669 3626 2104 3689 extrinsecum
2148 3643 2358 3688 sacra-

858 3727 1081 3802 menti,
1122 3733 1434 3809 quantum
1482 3725 1561 3788 ad
1606 3725 1747 3806 ejus
1793 3742 1982 3787 usum
2026 3724 2162 3788 sive
2206 3721 2360 3786 effe-

858 3833 1055 3888 ctum.
1087 3861 1171 3870 —
1210 3825 1355 3888 Haec
1398 3824 1643 3888 Scotus.

923 3923 1042 3997 Qui
1072 3929 1535 4005 consequenter
1564 3921 1759 3985 refert
1786 3921 2167 4003 positionem
2199 3938 2360 3983 com-

858 4041 1121 4085 munem
1180 4021 1557 4096 dicentium,
1608 4019 1780 4103 quod
1828 4021 1907 4082 ad
1958 4019 2358 4102 Baptismum

857 4140 986 4185 non
1016 4120 1291 4202 exigitur
1320 4119 1679 4182 necessario
1706 4118 1971 4181 attentio
1999 4126 2064 4180 et
2092 4117 2361 4182 intentio

2463 3134 2826 3198 efficaciam
2870 3134 3083 3209 habet,
3117 3142 3182 3198 et
3228 3134 3371 3216 ejus
3419 3134 3698 3217 passioni
3747 3153 3824 3197 ac
3869 3153 3972 3196 re-

2465 3234 2844 3298 surrectioni
2903 3251 3018 3316 per
3064 3233 3464 3315 Baptismum
3509 3233 3967 3296 assimilamur.

2464 3332 2612 3396 Ideo
2641 3333 2808 3395 sicut
2837 3332 3122 3396 Christus
3162 3333 3358 3394 semel
3401 3351 3626 3415 passus
3654 3340 3753 3395 est
3779 3340 3848 3394 et
3874 3351 3976 3396 re-

2465 3430 2760 3506 surrexit,
2796 3430 2883 3493 ita
2925 3430 3124 3492 semel
3173 3431 3502 3493 dumtaxat
3543 3429 3970 3512 baptizamur.

2465 3529 2674 3592 Tertia
2714 3548 2904 3592 causa
2933 3527 3262 3591 efficacior
3295 3535 3412 3603 est,
3445 3547 3640 3611 quam
3669 3528 3974 3610 Augusti-

2466 3647 2588 3690 nus
2633 3628 2934 3708 assignat,
2985 3626 3286 3690 videlicet
3340 3645 3422 3689 ne
3469 3627 3794 3709 Baptismo
3852 3627 3978 3691 fiat

2467 3725 2727 3808 injuria,
2762 3726 2913 3808 quia
2951 3726 3276 3788 character
3304 3725 3704 3808 baptismalis
3739 3745 3976 3810 perpe-

2470 3832 2618 3887 tuus
2662 3823 3154 3906 indelebilisque
3193 3824 3486 3888 consistit
3518 3842 3534 3887 :
3568 3824 3738 3887 unde
3775 3832 3843 3888 et
3879 3845 3982 3889 re—

2469 3931 2684 3986 manet
2712 3924 2778 3985 in
2808 3922 3124 3987 haereticis
3151 3941 3227 3985 ac
3265 3923 3600 3986 damnatis.
3634 3923 3770 3987 Imo
3801 3923 3980 3988 sicut

2467 4023 2684 4085 radius
2713 4022 2866 4085 solis
2905 4039 3021 4104 per
3058 4040 3479 4104 quaecumque
3519 4021 3657 4086 loca
3695 4023 3982 4086 immun-

2469 4121 2549 4184 da
2590 4119 2996 4194 diffunditur,
3029 4138 3150 4183 nec
3193 4119 3601 4202 inquinatur3
3631 4121 3718 4183 ita
3755 4121 3980 4186 chara-

858 4219 1148 4293 actualis‚
1198 4217 1310 4280 sed
1368 4216 1616 4279 sufficit
1669 4215 2033 4278 habitualis.
2088 4216 2166 4278 Et
2217 4235 2359 4299 pro·
2392 4220 2440 4282 D
2470 4228 2603 4283 cter
2633 4238 2751 4283 nec
2782 4219 3110 4302 polluitur,
3145 4238 3264 4282 nec
3294 4219 3629 4301 frangitur,
3653 4238 3771 4282 nec
3799 4221 3981 4286 dete-

860 4318 969 4382 bat
1010 4317 1394 4381 divisionem
1437 4315 1615 4378 illam
1656 4315 2029 4378 intentionis
2074 4315 2140 4378 in
2187 4323 2360 4378 actu-

860 4419 1027 4480 alem
1087 4423 1151 4480 et
1209 4415 1599 4479 habitualem
1646 4433 1775 4479 non
1831 4433 1971 4478 esse
2023 4414 2358 4478 sufficien-

863 4525 991 4580 tem
1029 4533 1043 4577 ε
1078 4516 1210 4578 imo
1247 4514 1523 4590 tertiam,
1558 4520 1777 4597 utpote
1814 4513 2176 4589 virtualem,
2219 4533 2359 4577 esse

862 4615 1431 4698 superaddendam.
1466 4649 1544 4660 -—
1577 4613 1668 4677 Ad
1717 4614 1889 4696 quod
1937 4612 2216 4678 breviter
2264 4633 2359 4676 re-

862 4714 1331 4798 spondendum,
1363 4713 1534 4796 quod
1576 4713 1865 4776 doctores
1905 4711 1971 4775 in
2012 4713 2121 4776 illa
2157 4732 2229 4776 ac
2275 4713 2359 4776 si-

866 4814 1003 4877 mili
1041 4813 1375 4888 divisione,
1409 4812 1733 4875 habituale
1770 4819 2035 4874 sumunt
2074 4818 2355 4887 extense,

862 4921 1051 4997 prout
1091 4919 1309 4976 contra
1352 4911 1695 4995 potentiale
1739 4918 1803 4973 et
1844 4911 2089 4974 actuale
2130 4910 2361 4974 dividi-

863 5022 987 5089 tur,
1018 5013 1240 5095 sicque
1270 5009 1541 5075 includit
1570 5011 1637 5073 in
1666 5029 1735 5073 se
1765 5009 2054 5073 virtuale.
2078 5009 2181 5073 Sic
2210 5027 2361 5092 ergo

863 5131 1065 5197 quum
1123 5110 1469 5193 disputatio
1525 5116 1591 5172 et
1651 5108 2063 5191 reprehensio
2120 5109 2232 5172 illa
2293 5109 2358 5172 in

863 5213 1015 5296 quid
1044 5209 1323 5276 nominis
1353 5208 1700 5272 consistere
1729 5207 2027 5283 videatur,
2055 5208 2234 5291 parvi
2265 5216 2363 5272 est

866 5310 1187 5399 ponderis.

2471 4319 2763 4394 rioratur,
2795 4337 2914 4382 nec
2943 4319 3786 4403 annihilatur‚quaecumque
3814 4322 3980 4386 vitia

2469 4419 2599 4483 sint
2627 4418 2692 4482 in
2722 4419 2936 4482 anima
2973 4418 3290 4501 baptizati.
3325 4419 3390 4483 Si
3427 4437 3580 4501 ergo
3607 4419 3980 4503 Baptismus

2472 4518 2827 4592 iteraretur,
2860 4516 3184 4580 videretur
3213 4517 3540 4581 character
3571 4517 3979 4601 baptismalis

2470 4616 2858 4680 annihilatus
2887 4635 3026 4680 esse
3055 4617 3156 4680 vel
3185 4617 3621 4693 deterioratuS,
3651 4627 3762 4682 aut
3799 4628 3980 4684 certe

2473 4716 2774 4799 pollutus.
2827 4716 2954 4779 Nec
3013 4723 3111 4779 est
3155 4715 3366 4780 simile
3413 4718 3493 4782 de
3549 4718 3976 4796 Eucharistia,

2473 4814 2775 4897 quoniam
2821 4832 3053 4897 corpus
3097 4815 3329 4878 Christi
3375 4834 3504 4880 non
3549 4826 3764 4881 manet
3807 4837 3978 4881 sem-

2473 4931 2588 4995 per
2633 4913 2698 4974 in
2741 4913 3020 4976 homine.
3067 4914 3209 4977 Haec
3250 4915 3807 4979 Antisiodorensis.

2550 5012 2855 5076 Praeterea
2899 5012 3277 5076 Guillelmus
3320 5013 3692 5078 Parisiensis
3739 5015 3807 5078 in
3857 5033 3979 5080 suo

2473 5110 2697 5173 scribit
2725 5111 3178 5176 Sacramentali
3211 5129 3227 5175 ε
3257 5113 3593 5177 Character
3619 5121 3718 5177 est
3745 5117 3982 5179 sancti-

2471 5217 2567 5272 tas
2610 5211 2898 5293 quaedam
2940 5219 3132 5295 atque
3179 5212 3480 5276 habilitas
3537 5214 3849 5296 adjuvans
3893 5216 3980 5279 ad

2470 5307 2740 5391 gratiam
2777 5311 3188 5380 obtinendam
3226 5331 3301 5376 ac
3341 5314 3863 5380 conservandam.
3897 5313 3980 5378 Et
