4267 6250
896 518 983 568 AN
1020 516 1373 567 mmmmm
1413 519 1555 565 nm
1594 516 1961 566 BArrleum
2001 516 2138 565 sm
2177 517 2400 565 mvrrls
2441 516 2815 564 Pmmmus

3285 487 3404 555 137

327 697 439 765 tur,
469 690 663 753 fidem
693 691 1031 775 recipiant,
1060 698 1127 755 et
1162 691 1384 755 eadem
1422 690 1666 754 ratione
1703 708 1805 752 ce-
1830 689 1883 753 A
1908 690 2079 771 quod
2110 689 2229 753 etsi
2257 697 2404 753 ante
2432 688 2552 752 hoc
2582 687 2822 751 exstitit
2848 684 3404 769 factum,synodus

328 798 449 851 tera
484 790 642 853 dona
686 809 760 853 ac
798 789 1067 853 virtutes
1108 810 1249 874 quae
1300 791 1367 853 in
1418 789 1803 872 Baptismate

330 886 753 950 infunduntur.

399 986 655 1069 Insuper
700 988 927 1051 Scotus
977 987 1145 1051 circa
1191 987 1327 1051 haec
1374 986 1599 1050 scribit
1649 1004 1663 1048 :
1715 985 1803 1048 De

329 1085 593 1167 parvulis
626 1086 989 1150 Judaeorum
1028 1094 1094 1149 et
1130 1084 1493 1148 infidelium
1529 1084 1801 1149 aliorum

329 1183 563 1258 dicitur,
604 1185 775 1267 quod
822 1203 951 1248 non
1002 1183 1131 1247 sint
1172 1183 1535 1267 baptizandi
1584 1182 1803 1247 invitis

330 1283 701 1363 parentibuS,
743 1284 896 1366 quia
931 1290 1040 1346 aut
1074 1284 1492 1347 redderentur
1531 1282 1805 1366 parenti—

328 1380 435 1445 bus
462 1381 781 1464 baptizati,
814 1389 879 1445 et
914 1388 1070 1445 tunc
1103 1382 1665 1461 subverterentur;
1694 1389 1805 1444 aut

328 1498 439 1543 non
477 1480 893 1545 redderentur
931 1480 1324 1564 parentibuS,
1365 1487 1430 1543 et
1477 1480 1569 1543 sic
1618 1480 1804 1544 fieret

329 1578 452 1641 istis
490 1578 746 1659 injuria,
788 1580 941 1662 quia
987 1580 1141 1642 dum
1182 1578 1431 1662 parvuli
1474 1587 1645 1654 sunt,
1696 1598 1803 1661 pa·-

329 1685 519 1739 rentes
562 1676 799 1740 habent
833 1677 940 1759 jus
982 1697 1177 1760 super
1216 1696 1345 1741 eos.
1388 1678 1623 1741 Verum
1667 1677 1803 1741 haec

330 1775 473 1838 ratio
518 1775 635 1838 etsi
695 1776 1033 1839 concludat
1088 1777 1167 1839 de
1214 1776 1460 1859 privata
1506 1794 1797 1859 persona,

1912 787 2020 851 illa
2061 787 2391 871 prohibuit
2431 788 2552 850 hoc
2593 786 2740 850 fieri
2785 786 2969 848 ultra.

1988 889 2206 970 ltaque
2250 887 2317 949 in
2361 887 2480 949 hac
2523 905 2590 949 re
2634 885 2962 949 consentio
3003 881 3404 966 responsioni

1909 986 2186 1061 Thomae,
2231 1003 2360 1049 non
2403 993 2616 1048 tamen
2659 992 2920 1068 propter
2960 984 3102 1064 ejus
3143 982 3402 1056 motiva,
3459 1048 3462 1051 ,

1912 1084 2216 1168 quoniam
2256 1102 2382 1147 non
2423 1084 2720 1147 videntur
2759 1083 3156 1147 concludere.
3195 1081 3400 1155 Quum

1911 1182 2085 1245 enim
2134 1200 2323 1245 omne
2367 1182 2472 1263 jus
2529 1181 2816 1243 naturale
2864 1197 2938 1242 ac
2981 1179 3273 1242 divinum
3323 1177 3404 1239 ab

1910 1289 2146 1344 aeterna
2174 1288 2240 1344 et
2267 1280 2546 1343 increata
2575 1280 2713 1361 lege
2741 1298 2816 1341 ac
2845 1278 3155 1361 sapientia
3185 1294 3404 1358 super-

1910 1380 2353 1463 gloriosissimi
2403 1378 2714 1442 Creatoris
2762 1376 3161 1459 profluxerit,
3211 1381 3275 1437 et
3321 1376 3406 1437 sit

1911 1479 2200 1559 quaedam
2240 1476 2585 1559 expressio,
2618 1476 2886 1539 directio
2921 1494 2996 1537 ac
3028 1472 3406 1537 determina-

1910 1576 2001 1639 tio
2028 1575 2192 1658 ejus,
2228 1584 2471 1639 constat
2507 1576 2676 1658 quod
2721 1575 2972 1637 nullum
3008 1574 3114 1655 jus
3153 1580 3404 1635 natura-

1912 1675 1970 1738 le
2016 1693 2130 1739 seu
2166 1674 2456 1738 divinum
2502 1682 2613 1737 aut
2661 1674 3005 1756 positivum
3058 1670 3297 1752 obliget
3343 1677 3407 1732 et

1907 1774 2276 1856 adstringat,
2334 1774 2460 1835 nisi
2522 1774 2588 1835 in
2646 1779 2960 1854 quantum
3017 1776 3229 1832 manet
3283 1768 3405 1831 sub

328 1892 441 1936 non
468 1882 679 1938 tamen
706 1875 962 1938 videtur
990 1876 1371 1939 concludere
1400 1876 1478 1938 de
1509 1875 1799 1958 principe
1834 1874 1883 1937 B
1912 1872 2152 1954 regula,
2203 1880 2422 1935 tenore
2467 1891 2538 1935 ac
2597 1872 2818 1935 ordine
2860 1869 3025 1952 juris
3082 1867 3284 1932 divini
3341 1875 3407 1930 et

328 1972 416 2035 cui
462 1972 733 2054 subJecti
781 1982 931 2035 sunt
976 1973 1071 2035 illi
1118 1974 1185 2036 in
1233 1974 1543 2056 regimine
1593 1975 1802 2057 reipu-

328 2070 509 2134 blicae.
558 2072 717 2133 Hinc
768 2071 1047 2135 breviter
1092 2072 1259 2147 dico,
1310 2074 1479 2154 quod
1528 2073 1583 2135 si
1633 2073 1802 2155 prin-

328 2187 461 2252 ceps
497 2170 614 2233 hoc
653 2169 893 2234 faceret
931 2189 1079 2234 cum
1119 2171 1367 2233 cautela
1395 2170 1583 2245 bona,
1616 2171 1703 2233 ita
1731 2179 1803 2233 ut

328 2277 599 2349 parentes
646 2287 775 2332 non
828 2277 1414 2351 praecognoscerent
1462 2269 1582 2332 hoc
1632 2269 1799 2331 futu-

327 2388 477 2443 rum,
507 2388 587 2432 ne
626 2387 859 2452 pueros
899 2370 1071 2452 ipsos
1110 2370 1494 2444 occiderent,
1528 2369 1802 2453 baptiza-

326 2474 411 2529 tos
453 2485 705 2550 quoque
753 2468 991 2531 faceret
1036 2468 1329 2551 religiose
1369 2469 1648 2542 educari,
1691 2469 1799 2533 bo·

328 2585 465 2627 num
502 2575 685 2629 esset.
727 2567 863 2630 Imo
908 2567 1077 2649 quod
1122 2567 1265 2650 plus
1310 2574 1427 2642 est,
1472 2568 1798 2631 crederem

328 2663 599 2745 religiose
628 2665 797 2739 fieri,
830 2665 885 2727 si
917 2665 1217 2748 princeps
1254 2665 1445 2728 etiam
1486 2666 1657 2748 ipsos
1697 2686 1801 2748 pa-

328 2770 517 2825 rentes
562 2762 925 2825 incredulos
976 2763 1167 2826 minis
1216 2770 1405 2845 atque
1450 2764 1800 2827 terroribus

328 2869 558 2940 cogeret
592 2861 672 2923 ad
712 2861 1110 2943 Baptismum
1146 2879 1160 2923 :
1204 2862 1374 2944 quod
1415 2862 1669 2945 probari
1708 2863 1801 2925 vi-

328 2957 513 3033 detur,
544 2958 697 3041 quia
741 2958 955 3021 simile
1003 2960 1409 3022 commendat
1453 2959 1799 3023 concilium

1910 1972 2195 2035 increati.
2249 1972 2454 2045 Quum
2485 1988 2634 2053 ergo
2672 1990 2749 2033 ex
2780 1970 2925 2051 jure
2973 1968 3253 2031 increato
3301 1985 3406 2048 pa-

1910 2071 2200 2135 rentibus
2247 2071 2332 2133 sit
2380 2089 2776 2145 concessum,
2825 2076 2896 2131 ut
2937 2065 3400 2140 auctoritatem,

1910 2188 2131 2232 curam
2161 2176 2226 2233 et
2255 2168 2736 2252 dispositionem
2767 2166 3038 2230 habeant
3077 2183 3270 2247 super
3307 2182 3404 2228 so-

1910 2268 2124 2332 bolem
2163 2287 2366 2342 suam,
2408 2267 2757 2350 praesertim
2799 2273 2944 2328 ante
2984 2282 3170 2327 usum
3217 2262 3405 2326 liberi

1909 2367 2180 2441 arbitrii,
2222 2367 2300 2429 ad
2339 2367 2460 2429 hoc
2503 2374 2575 2428 ut
2620 2365 2959 2428 salubriter
3005 2364 3400 2447 provideant,

1910 2466 2187 2547 dirigant
2223 2472 2286 2527 et
2322 2464 2681 2547 gubernent
2717 2464 3007 2526 eamdem
3049 2463 3402 2525 secundum

1910 2564 2230 2626 dictamen
2297 2569 2361 2625 et
2424 2563 2807 2644 exigentiam
2866 2561 3031 2642 juris
3092 2560 3402 2639 increati3

1910 2664 2064 2726 dum
2094 2669 2342 2725 certum
2383 2669 2479 2724 est
2517 2662 2686 2743 quod
2725 2666 3018 2742 parentes
3047 2659 3165 2721 hac
3194 2665 3406 2721 aucto-

1910 2760 2096 2824 ritate
2145 2768 2208 2824 et
2257 2767 2564 2842 potestate
2611 2759 2886 2822 totaliter
2931 2757 3294 2831 abutantur,
3343 2764 3406 2819 et

1910 2859 2196 2923 sobolem
2239 2878 2422 2922 suam
2465 2878 2682 2922 secum
2718 2864 2968 2921 aeternae
3009 2854 3322 2919 aversioni
3369 2874 3407 2918 a

1910 2959 2039 3021 Deo
2066 2977 2140 3021 ac
2179 2956 2692 3021 condemnationi
2733 2956 3057 3019 involvere
3095 2963 3402 3038 quaerant,

328 3055 699 3133 Toletanum,
732 3056 975 3119 factum
1014 3066 1302 3142 tempore
1334 3058 1799 3142 religiosissimi
1837 3056 1881 3119 C
1911 3074 2038 3120 non
2080 3065 2180 3119 est
2222 3057 2378 3140 ipsis
2425 3056 2488 3118 in
2528 3056 2648 3119 hoc
2687 3054 3124 3117 deferendum.
3162 3054 3290 3117 Nec
3327 3052 3407 3115 fit

134 3162 305 3208 ‘Sumu
328 3155 615 3238 principis
652 3157 1022 3233 Assebuci*,
1056 3165 1175 3220 etc.
1210 3159 1352 3222 Haec
1390 3159 1633 3222 Scotus.

396 3253 504 3327 Qui
546 3255 624 3319 de
671 3255 772 3318 his
818 3255 1003 3338 plura
1045 3256 1413 3332 conscribit,
1455 3257 1519 3319 in
1566 3257 1800 3339 quibus

327 3352 613 3435 quidquid
658 3355 743 3417 sit
784 3355 863 3418 de
906 3355 1171 3419 veritate
1214 3355 1588 3438 principalis
1630 3375 1799 3438 quae-

328 3448 440 3525 siti,
470 3453 718 3516 videtur
745 3452 873 3515 sibi
904 3453 1025 3535 ipsi
1058 3455 1431 3517 contrariuS.
1468 3454 1795 3536 Siquidem

329 3549 501 3629 paulo
542 3560 687 3614 ante
731 3552 799 3614 in
844 3552 961 3615 hac
1004 3553 1143 3635 ipsa
1184 3552 1590 3616 distinctione
1632 3572 1799 3616 asse-

110 3651 303 3756 ζζκιιιιι,
328 3645 441 3708 ruit
469 3665 483 3709 ε
516 3649 699 3724 Deus,
734 3650 847 3732 qui
886 3649 1048 3713 dixit
1085 3669 1201 3733 per
1238 3650 1623 3733 Sapientem,
1655 3651 1795 3726 Fili,

327 3745 519 3826 praebe
561 3765 671 3811 cor
719 3755 903 3812 tuum
949 3749 1129 3823 mihi,
1172 3767 1300 3812 non
1337 3750 1478 3812 vult
1517 3750 1797 3832 aliquem

326 3844 563 3909 omnino
594 3846 868 3910 invitum
898 3847 1174 3910 adscribi
1208 3847 1468 3911 familiae
1506 3867 1652 3911 suae.
1688 3849 1798 3910 As-

324 3961 563 4008 sumens
588 3953 804 4009 autem
834 3947 1233 4028 Baptismum
1262 3946 1649 4009 adscribitur
1684 3967 1800 4029 per

325 4037 433 4102 hoc
476 4042 729 4108 familiae
790 4044 1043 4108 Christi.
1099 4046 1365 4126 Insuper
1411 4044 1687 4127 theologi
1736 4054 1799 4108 et

322 4137 544 4218 juristae
598 4143 1001 4206 concorditer
1055 4143 1300 4216 dicunt,
1352 4144 1522 4225 quod
1569 4144 1635 4206 hi
1686 4146 1798 4226 qui

1911 3157 2004 3219 eis
2036 3156 2294 3238 injuria,
2329 3156 2381 3218 si
2412 3155 2653 3218 habens
2683 3154 3124 3217 auctoritatem
3159 3153 3404 3216 subtra-

1911 3255 2019 3318 hat
2047 3272 2268 3318 eorum
2299 3253 2550 3328 abusui,
2586 3252 3005 3335 perversitati,
3037 3251 3402 3316 infidelitati

1911 3352 2082 3416 filios
2112 3370 2335 3416 eorum
2374 3372 2447 3415 ac
2487 3352 2677 3426 filias,
2711 3358 3024 3434 quatenus
3064 3350 3404 3413 salubriter

1908 3453 2261 3515 educentur
2309 3469 2324 3514 τ
2377 3450 2917 3533 quemadmodum
2957 3448 3148 3513 etiam
3190 3449 3406 3531 praela-

1908 3558 1972 3613 to
2010 3550 2324 3633 superiori
2373 3550 2621 3612 licitum
2665 3556 2761 3612 est
2809 3548 3068 3630 praelato
3116 3547 3405 3611 inferiori

1909 3667 2168 3732 prorsus
2229 3665 2548 3730 perverse,
2604 3645 2992 3720 scandaloso,
3045 3646 3403 3709 subversio-

1908 3768 2055 3811 nem
2098 3766 2358 3811 suorum
2399 3745 2730 3828 quaerenti,
2764 3745 3057 3808 resistere
3095 3753 3159 3807 et
3189 3745 3402 3827 ipsum

1908 3848 2249 3929 deponere,
2281 3864 2353 3907 ac
2393 3844 2679 3908 subditos
2709 3844 3142 3926 periclitantes
3175 3844 3402 3907 idoneo

1909 3946 2168 4028 praelato
2205 3943 2622 4006 committere.
2656 3942 2963 4024 Denique,
2997 3943 3164 4004 sicut
3196 3941 3259 4003 in
3307 3944 3398 4005 ul-

1906 4046 2065 4106 tima
2110 4043 2518 4106 distinctione
2577 4041 2722 4103 libri
2780 4041 3042 4104 secundi
3102 4041 3272 4104 circa
3320 4040 3401 4103 fi-
3457 4061 3692 4112 datam,

1907 4142 2348 4224 nem,copiose
2380 4149 2442 4204 et
2471 4141 2798 4204 evidenter
2829 4147 3246 4203 monstratum
3279 4149 3395 4214 est,
3424 4137 3468 4179 ⁴¹·
3491 4126 3532 4166 ⁵·

324 4255 627 4320 nunquam
676 4239 940 4303 fuerunt
988 4240 1053 4303 in
1102 4240 1254 4315 fide,
1307 4260 1435 4305 non
1492 4249 1642 4304 sunt
1699 4261 1797 4306 co·
1825 4241 1877 4305 D
1908 4241 1971 4303 in
2004 4240 2479 4304 coordinatione
2508 4246 2890 4322 potestatum
2933 4245 3208 4321 potestas
3240 4238 3400 4302 infe—

324 4337 493 4414 gendi
538 4339 613 4401 ad
663 4338 884 4402 fidem.
928 4339 1105 4403 Unde
1152 4340 1305 4402 dum
1349 4340 1797 4405 Constantinus

325 4431 645 4516 imperator
674 4456 1021 4501 conversus
1050 4445 1115 4502 et
1144 4439 1518 4521 baptizatuS,
1548 4440 1799 4504 volebat

324 4531 611 4598 Romanos
640 4537 718 4599 ad
748 4536 947 4599 fidem
980 4537 1386 4619 compellere,
1405 4538 1463 4600 S.
1481 4539 1798 4622 Sylvester

326 4634 618 4710 persuasit
669 4635 729 4696 ei
778 4635 1165 4717 oppositum.
1215 4636 1483 4699 Iacobus
1541 4655 1796 4719 quoque

148 4750 289 4804 [aaa
324 4731 623 4808 apostolus
653 4733 851 4795 dixit:
867 4732 1005 4796 Non
1035 4741 1133 4797 est
1162 4741 1392 4798 nostrae
1421 4735 1794 4818 disciplinae,

57 4825 59 4862 ἒ
115 4823 301 4918 ττι-,ηιμ

325 4843 689 4911 quemquam
720 4831 798 4893 ad
829 4831 1028 4894 fidem
1062 4832 1459 4914 compellere.
1474 4833 1795 4916 Praeterea,

325 4927 479 5004 quod
518 4929 737 4992 Scotus
780 4928 1011 5011 allegat
1048 4948 1166 5012 pro
1213 4950 1327 4994 sua
1376 4931 1677 5013 opinione
1720 4951 1797 4996 ex

322 5025 597 5090 Toletano
653 5026 949 5100 concilio,
1003 5027 1235 5091 militat
1292 5036 1511 5093 contra
1561 5029 1793 5112 ipsum,

326 5123 461 5204 quia
498 5125 731 5189 ibidem
776 5126 871 5188 sic
912 5126 1141 5208 legitur
1185 5145 1200 5189 z
1241 5128 1546 5210 Praecepit
1581 5138 1798 5192 sancta

323 5224 576 5304 synodus
623 5225 871 5288 nemini
920 5225 1222 5308 deinceps
1271 5227 1348 5289 ad
1409 5228 1795 5292 credendum

324 5317 445 5382 vim
486 5320 735 5399 inferre,
779 5328 927 5396 etc„
976 5331 1046 5385 ut
1088 5342 1299 5405 supra.
1344 5325 1479 5399 Quo
1527 5333 1791 5401 constat,

1906 4340 2036 4403 rior
2083 4358 2212 4402 non
2260 4338 2501 4420 obligat
2548 4339 2614 4400 in
2662 4337 2760 4400 his
2809 4357 2948 4420 quae
2992 4345 3141 4400 sunt
3183 4346 3400 4401 contra

1906 4438 2256 4520 superioris
2307 4437 2631 4519 potestatis
2679 4436 3022 4519 imperium
3069 4443 3133 4500 et
3181 4454 3402 4500 censu-

1908 4556 2062 4599 ram.
2114 4537 2208 4598 Ad
2259 4535 2426 4599 istud
2477 4553 2732 4617 quoque
2785 4534 3182 4618 probandum
3233 4535 3400 4598 valet

1908 4635 2082 4708 ratio,
2103 4635 2168 4696 in
2199 4634 2393 4715 hujus
2423 4633 2792 4716 quaestionis
2823 4633 3141 4716 principio
3171 4634 3394 4716 posita.
3451 4665 3494 4706 p.
3518 4650 3669 4694 iasar.

1986 4733 2146 4796 Hinc
2186 4741 2493 4815 quantum
2536 4732 2614 4795 ad
2654 4731 3029 4814 principale,
3073 4732 3399 4794 consentio

1906 4833 2182 4906 Thomae,
2225 4831 2307 4894 ob
2344 4831 2468 4894 alia
2509 4839 2720 4893 tamen
2767 4831 3026 4904 motiva,
3070 4830 3399 4912 potissime

1906 4939 2216 5015 quantum
2266 4930 2344 4992 ad
2386 4930 2653 5004 Judaeos,
2699 4929 2778 4991 de
2826 4928 3060 5011 quibus
3109 4929 3402 5010 Omnipo-

1906 5038 2045 5094 tens
2092 5029 2158 5091 in
2205 5049 2320 5091 sua
2363 5028 2762 5110 providentia
2803 5029 3040 5100 statuit,
3083 5033 3154 5088 ut
3196 5047 3398 5108 usque

1907 5130 1973 5192 in
2012 5128 2213 5191 finem
2257 5127 2477 5189 mundi
2519 5127 2582 5188 in
2621 5125 2755 5188 suis
2793 5132 3162 5187 remaneant
3197 5134 3401 5206 poste-

1906 5228 2015 5301 ris,
2063 5226 2377 5308 quatenus
2420 5222 2846 5306 praedestinati
2892 5239 2969 5283 ex
3014 5222 3192 5304 ipsiS,
3241 5229 3399 5285 tem—

1908 5344 2060 5408 pore
2107 5325 2384 5407 desuper
2439 5321 2790 5405 praestituto
2842 5328 3203 5395 nascantur,
3256 5339 3400 5385 con-
