4267 6250
969 531 1055 578 AN
1095 530 1341 577 TANTUM
1383 528 1521 575 SINT
1562 526 1793 574 SEPTEM
1834 526 2241 574 SACRAHBNTA
2283 527 2602 585 motusue,
2643 526 2771 574 mc.
3341 506 3422 571 83

328 699 390 761 in
418 708 729 781 quantum
763 701 1007 783 aliquid
1047 700 1470 765 auferebatur.
1504 699 1819 763 Matrimo-
1847 698 1900 763 A
1932 700 1998 761 in
2046 701 2404 764 remedium
2452 708 2670 763 contra
2718 718 2991 783 poenam.
3045 697 3420 771 Dicendum,

326 797 499 859 nium
562 806 803 874 autem,
866 798 1030 863 Ordo
1090 807 1155 861 et
1208 798 1587 863 Poenitentia
1641 804 1821 860 erant

324 902 493 969 tunc,
526 914 655 958 non
696 904 911 959 tamen
954 903 1403 979 computantur
1442 896 1607 958 inter
1646 894 1820 957 illius

324 994 627 1075 temporis
657 1001 1066 1069 sacramenta,
1084 994 1389 1077 quoniam
1420 1011 1545 1056 non
1579 992 1823 1055 fiebant

326 1108 469 1151 cum
516 1092 733 1173 aliqua
788 1093 1279 1156 consecratione.
1332 1090 1487 1155 Nam
1549 1090 1823 1173 quilibet

328 1188 419 1269 pri
428 1190 805 1270 mogenituS,
822 1191 1171 1253 secundum
1204 1190 1675 1273 Hieronymum,
1689 1195 1823 1250 erat

328 1288 633 1350 sacerdos.
680 1324 761 1333 -
806 1287 949 1351 Haec
996 1288 1267 1351 Thomas
1316 1288 1383 1350 in
1430 1288 1695 1369 Scripto.
1746 1286 1823 1347 Et

326 1385 541 1447 eade-m
572 1387 755 1468 ponit
784 1387 1018 1469 partim
1049 1386 1167 1450 sub
1196 1386 1338 1449 aliis
1368 1385 1583 1449 verbis
1614 1386 1675 1447 in
1705 1392 1823 1447 ter·

328 1483 410 1545 tia
450 1492 652 1565 parte,
685 1486 1037 1567 quaestione
1086 1486 1479 1567 sexagesima
1520 1484 1763 1567 quinta.

401 1582 706 1646 Praeterea
763 1602 841 1646 ex
900 1584 1001 1646 his
1058 1591 1250 1667 patet,
1301 1582 1575 1666 qualiter
1622 1601 1823 1645 sacra-

329 1688 537 1743 menta
564 1682 701 1745 haec
732 1682 1161 1746 diversimode
1198 1682 1575 1745 ordinantur
1604 1688 1823 1744 contra

327 1778 665 1843 defectum.
700 1782 779 1843 Et
816 1782 894 1844 de
934 1782 1055 1846 hoc
1095 1782 1375 1863 loquitur
1411 1782 1639 1843 Doctor
1680 1799 1820 1842 san-

1929 799 2099 879 quod
2143 799 2380 882 duplex
2429 807 2526 863 est
2571 817 2760 881 poena
2807 796 3050 881 peccati
3084 815 3098 859 :
3131 796 3425 879 quaedam

1929 915 2067 977 quae
2098 916 2215 979 pro
2245 906 2504 981 peccato
2534 896 2863 979 infligitur,
2877 904 2947 958 ut
2975 913 3161 979 poena
3191 892 3426 957 inferni

1931 1001 1995 1056 et
2024 993 2278 1076 flagella
2302 996 2537 1078 quibus
2567 1016 2604 1058 a
2633 996 2760 1058 Deo
2789 994 3222 1077 temporaliter
3250 992 3432 1056 casti-

1929 1112 2203 1174 gamur3
2253 1094 2378 1157 alia
2425 1114 2503 1157 ex
2555 1102 2818 1177 peccato
2871 1096 3266 1175 consequens
3316 1092 3431 1154 im-

1932 1190 2228 1266 mediate,
2263 1198 2326 1255 et
2369 1212 2484 1275 per
2527 1210 2925 1274 consequens
2965 1191 3046 1253 ad
3093 1198 3428 1273 peccatum

1931 1290 2300 1372 disponenS,
2345 1298 2418 1352 ut
2463 1290 2818 1353 debilitatio
2865 1297 3105 1352 naturae
3147 1290 3222 1351 ad
3274 1289 3428 1351 resi-

1931 1388 2226 1450 stendum
2274 1396 2552 1471 peccato.
2595 1389 2822 1451 Contra
2859 1388 3131 1470 primam
3171 1405 3426 1470 poenam

1931 1505 2059 1549 non
2116 1487 2304 1549 datur
2349 1488 2588 1550 directe
2639 1488 2706 1549 in
2755 1486 3112 1549 remedium
3169 1486 3426 1568 aliquod

1932 1595 2424 1661 sacramentum,
2458 1587 2568 1649 sed
2613 1605 2692 1649 ex
2732 1585 3170 1668 consequenti,
3202 1592 3274 1647 ut
3310 1585 3428 1647 sci·

1934 1683 2083 1745 licet
2122 1692 2383 1766 peccato
2437 1693 2653 1747 curato
2701 1691 2907 1747 cesset
2953 1703 3160 1766 poena.
3193 1684 3427 1748 Verum

1934 1789 2152 1845 contra
2182 1784 2524 1846 secundam
2559 1802 2810 1866 poenam
2842 1783 3026 1845 datur
3054 1784 3292 1845 directe
3321 1783 3432 1846 ali-

327 1885 459 1940 etus
493 1897 508 1940 :
540 1879 1083 1963 Quandocumque
1112 1881 1190 1942 ad
1222 1879 1680 1962 perfectionem
1711 1877 1821 1941 ali·
1856 1880 1903 1943 B
1932 1882 2099 1962 quod
2129 1888 2612 1955 sacramentum,
2625 1882 2920 1946 videlicet
2950 1882 3059 1944 illa
3087 1900 3434 1945 sacramen-

326 1976 505 2057 cujus
536 1978 628 2039 rei
667 1986 919 2060 oportet
954 1996 1273 2061 apponere
1312 1977 1525 2059 aliqua
1559 1977 1725 2039 ultra
1756 1976 1820 2038 id

327 2076 489 2157 quod
540 2075 813 2158 requirit
853 2095 967 2139 seu
1018 2076 1290 2142 includit
1331 2076 1486 2139 ordo
1530 2094 1642 2138 seu
1684 2093 1823 2158 spe—

328 2174 449 2236 cies
501 2174 679 2237 illius
726 2182 969 2239 naturae
1017 2176 1369 2238 secundum
1418 2193 1487 2237 se
1535 2174 1823 2237 conside-

328 2280 489 2348 ratae,
521 2273 646 2336 hoc
675 2274 911 2336 accidit
936 2274 1014 2336 ad
1045 2274 1475 2357 supplendum
1516 2274 1606 2335 rei
1648 2272 1822 2335 illius

328 2370 641 2435 defectum
679 2390 694 2433 ε
728 2372 897 2435 sicut
937 2372 1090 2434 dum
1134 2372 1212 2434 ad
1256 2372 1540 2455 corporis
1577 2378 1821 2434 susten-

328 2470 625 2533 tationem
657 2487 786 2533 non
817 2468 1066 2531 sufficit
1095 2470 1478 2532 ministratio
1507 2468 1819 2543 alimenti,

332 2567 440 2630 nisi
469 2568 789 2631 addantur
814 2568 1033 2651 aliqua
1069 2568 1401 2649 digestiva,
1435 2568 1692 2648 signum
1728 2575 1826 2629 est

332 2666 607 2730 defectus
650 2666 717 2730 in
764 2667 1093 2749 digerente
1136 2666 1437 2749 potentia.
1473 2666 1563 2728 Ex
1602 2665 1823 2729 ordine

331 2774 531 2827 autem
560 2766 861 2828 humanae
894 2772 1133 2828 naturae
1162 2764 1253 2826 nil
1283 2764 1454 2827 aliud
1486 2763 1825 2846 requiritur

332 2864 400 2925 ad
425 2864 563 2945 ejus
592 2864 1046 2946 perfectionem
1077 2861 1628 2945 spiritualem,nisi
1661 2862 1824 2924 Deus

333 2961 625 3035 influenti,
684 2969 751 3025 et
806 2962 1028 3044 gratia,
1081 2980 1153 3024 ac
1212 2961 1479 3023 virtutes
1536 2946 1819 3022 influxae.

1932 1986 1995 2040 ta
2026 1999 2168 2062 quae
2197 1988 2347 2043 sunt
2377 1980 2441 2042 in
2471 1980 2828 2043 remedium
2859 1987 3078 2042 contra
3107 1978 3432 2042 defectum

1932 2078 2044 2160 qui
2094 2078 2405 2161 contingit
2451 2098 2529 2142 ex
2579 2078 3011 2141 subtractione
3064 2082 3430 2157 necessarii,

1932 2193 2061 2239 non
2090 2194 2169 2238 ex
2200 2177 2514 2258 positione
2546 2177 2869 2251 contrarii,
2895 2183 2962 2238 ut
2993 2176 3427 2242 Confirmatio.

1931 2273 2478 2348 Quemadmodum
2521 2275 2694 2337 enim
2737 2274 2803 2337 in
2852 2274 3172 2337 medicina
3211 2292 3432 2359 corpo-

1934 2371 2072 2447 rali,
2108 2372 2332 2435 morbo
2361 2379 2601 2447 curato,
2643 2380 2974 2435 remanent
3010 2374 3298 2455 quaedam
3334 2394 3430 2437 re·

1934 2469 2149 2553 liquiae
2207 2470 2414 2534 morbi
2461 2489 2539 2533 ex
2591 2470 2814 2533 morbo
2871 2478 3161 2546 causatae,
3213 2480 3433 2536 contra

1934 2588 2091 2652 quas
2134 2577 2384 2651 oportet
2425 2569 2728 2651 specialia
2755 2569 3196 2632 medicamina
3231 2571 3434 2653 appli-

1934 2667 2086 2740 cari,
2132 2668 2220 2729 ita
2265 2674 2364 2729 est
2411 2667 2475 2729 in
2527 2666 2843 2747 medicina
2889 2666 3255 2749 spirituali:
3291 2668 3434 2733 ideo

1934 2772 2155 2826 contra
2195 2782 2417 2847 poenas
2455 2763 2568 2827 has
2609 2770 2859 2847 oportet
2899 2782 3038 2827 esse
3079 2764 3295 2848 aliqua
3342 2785 3437 2829 sa-

1927 2866 2275 2925 eramenta.

2012 2961 2319 3025 Praeterea
2348 2962 2674 3043 quaeritur,
2701 2967 2916 3023 utrum
2944 2960 3204 3044 aliquod
3235 2981 3436 3025 sacra-

335 3060 495 3126 Unde
523 3061 685 3123 dum
724 3061 955 3144 aliquae
986 3078 1087 3123 res
1126 3059 1485 3143 corporales
1517 3057 1824 3120 adhiben-
1859 3059 1902 3122 C
1935 3066 2226 3122 mentum
2269 3060 2599 3122 ordinetur
2635 3066 2882 3122 tantum
2928 3067 3148 3125 contra
3185 3062 3435 3126 veniale

337 3168 427 3222 tur
470 3161 551 3222 ad
599 3160 885 3223 hominis
930 3159 1526 3232 sanctificationem,
1560 3176 1638 3220 ex
1684 3157 1823 3239 qui-

336 3258 443 3322 bus
473 3257 831 3321 secundum
860 3257 1153 3320 ordinem
1192 3262 1432 3319 naturae
1470 3253 1828 3317 sanctifica-

338 3357 415 3419 tio
440 3355 719 3418 hominis
748 3372 877 3418 non
906 3354 1237 3436 dependet,
1252 3353 1503 3434 signum
1532 3360 1627 3416 est
1655 3352 1825 3435 quod

338 3453 445 3516 hoc
490 3455 575 3516 sit
624 3453 708 3515 ad
752 3451 1263 3514 subveniendum
1305 3451 1497 3512 alicui
1546 3449 1824 3513 defectui

338 3551 483 3632 eiua.
516 3551 859 3632 Quumque
886 3549 1009 3611 hoc
1040 3548 1401 3611 inveniatur
1431 3548 1496 3610 in
1526 3547 1825 3610 omnibus

339 3649 766 3724 sacramentis,
828 3654 1072 3710 constat
1124 3646 1295 3730 quod
1351 3646 1570 3710 omnia
1623 3665 1825 3711 sacra-

340 3757 538 3811 menta
568 3749 635 3810 in
668 3745 1023 3809 remedium
1052 3745 1329 3826 alicujus
1358 3744 1707 3827 spiritualis
1736 3746 1829 3808 de-

339 3847 528 3910 fectus
559 3846 691 3908 sint
722 3844 1028 3906 instituta.
1062 3879 1143 3888 —
1171 3843 1404 3906 Dicunt
1430 3851 1643 3906 autem
1674 3861 1829 3906 non-

338 3945 695 4028 nulli,quod
724 3942 983 4024 aliquod
1014 3938 1480 4004 sacramentum
1514 3941 1597 4004 sit
1625 3941 1829 4004 solum

340 4044 399 4107 in
440 4043 820 4116 remedium,
854 4047 1074 4123 utpote
1116 4047 1332 4104 contra
1372 4041 1827 4123 concupiscen-

338 4143 507 4216 tiam,
538 4141 627 4204 ita
666 4140 839 4223 quod
885 4140 951 4202 in
996 4140 1136 4222 ipso
1178 4138 1379 4220 gratia
1420 4155 1547 4200 non
1586 4138 1830 4202 confer-

1934 3166 2288 3241 peccatum.
2309 3159 2403 3222 Ad
2433 3159 2602 3241 quod
2634 3159 2857 3222 dicunt
2884 3159 3083 3242 aliqui
3114 3161 3286 3242 quod
3315 3160 3429 3236 sic,

1935 3264 2006 3320 ut
2052 3256 2450 3320 Eucharistia
2499 3263 2562 3318 et
2618 3257 2915 3321 Extrema
2973 3258 3212 3321 Uncti0.
3256 3258 3432 3332 Quod

1935 3373 2061 3418 non
2109 3355 2382 3430 videtur,
2416 3355 2718 3437 quoniam
2765 3356 3142 3419 Poenitentia
3183 3357 3434 3420 univer-

1935 3453 2152 3516 saliter
2181 3453 2466 3516 curativa
2495 3462 2593 3517 est
2619 3455 2828 3518 omnis
2859 3453 3103 3538 peccati
3143 3454 3431 3528 actualia,

1936 3551 2222 3614 mortalis
2253 3558 2318 3614 et
2346 3551 2616 3614 venialis
2640 3569 2655 3614 :
2679 3551 2823 3614 ideo
2853 3570 2981 3616 non
3011 3560 3262 3634 oportet
3289 3570 3436 3615 con-

1938 3657 2033 3712 tra
2061 3649 2311 3712 veniale
2341 3667 2480 3712 esse
2511 3649 2786 3732 speciale
2816 3658 3295 3726 sacramentum,
3310 3658 3441 3713 tan·

1936 3767 2129 3831 quam
2175 3747 2252 3810 ad
2297 3747 2692 3810 curationem
2743 3748 2946 3830 ipsius
2997 3749 3439 3832 principaliter

1938 3847 2324 3919 institutum,
2357 3845 2651 3928 quamvis
2682 3864 2759 3908 ex
2790 3847 3206 3929 consequenti
3239 3848 3439 3910 multa

1939 3950 2334 4006 sacramenta
2380 3950 2599 4005 contra
2645 3943 2919 4005 venialia
2964 3943 3233 4007 valeant.
3277 3944 3436 4008 Nam

1938 4041 2188 4103 veniale
2233 4047 2564 4123 peccatum
2617 4047 2714 4102 est
2759 4040 2946 4122 culpa
2993 4047 3058 4104 et
3103 4041 3436 4124 dispositio

1939 4139 2230 4222 quaedam
2277 4139 2355 4200 ad
2404 4138 2682 4220 culpam,
2733 4138 3173 4221 imperfectam
3221 4146 3434 4204 tamen

336 4247 437 4302 tur
470 4258 484 4303 :
522 4239 709 4320 cujus
754 4237 1145 4300 contrarium
1196 4235 1361 4298 infra
1410 4235 1672 4318 patebit,
1716 4236 1826 4300 ubi
1858 4237 1908 4302 D
1939 4237 2250 4301 rationem
2293 4237 2497 4319 culpae
2529 4236 2795 4313 habens,
2827 4237 3127 4321 quoniam
3164 4239 3432 4321 gratiam

340 4337 413 4402 de
438 4335 839 4402 matrimonio
868 4332 1261 4396 tractabitur.
1293 4369 1375 4380 ——
1401 4333 1563 4396 Hinc
1596 4334 1704 4396 alii
1733 4335 1828 4397 di-

340 4444 505 4512 cunt,
536 4437 705 4519 quod
752 4432 1231 4498 matrimonium
1282 4433 1718 4496 consideratur
1760 4434 1827 4499 in

341 4535 570 4619 triplici
611 4541 799 4618 statu.
844 4533 1074 4606 Prim0,
1118 4531 1184 4594 in
1232 4538 1399 4594 statu
1448 4533 1827 4598 innocentiae

340 4641 477 4696 ante
507 4641 863 4716 peccatum,
894 4638 960 4694 et
994 4637 1149 4693 tunc
1189 4630 1313 4693 fuit
1340 4630 1549 4694 solum
1590 4632 1656 4694 in
1686 4631 1829 4694 offi-

342 4733 525 4795 cium.
562 4731 872 4804 Secundo,
904 4730 1025 4793 sub
1067 4729 1226 4810 lege,
1259 4728 1372 4791 ubi
1412 4748 1491 4792 ex
1530 4749 1645 4793 sua
1686 4749 1827 4793 san-

342 4830 717 4895 ctificatione
746 4828 1179 4893 excusabilem
1212 4828 1485 4892 reddidit
1516 4830 1831 4893 matrimo-

342 4930 427 4992 nii
454 4938 689 5004 actum,
728 4929 841 5011 qui
872 4927 1030 4990 alias
1068 4927 1278 4991 foedus
1312 4927 1557 4990 fuisset.
1592 4928 1826 5005 Tertio,

343 5029 455 5091 sub
511 5035 677 5091 statu
720 5027 962 5109 gratiae,
1014 5025 1127 5089 ubi
1186 5026 1453 5088 ulterius
1509 5027 1710 5107 gratia
1763 5027 1829 5090 in

346 5127 475 5208 ipso
512 5126 837 5190 confertur
873 5124 953 5188 ad
998 5123 1586 5206 concupiscentiam
1631 5125 1829 5207 repri-

348 5226 651 5290 mendam.

414 5325 718 5400 Quaeritur
745 5341 1019 5408 quoque,
1034 5329 1251 5384 utrum
1280 5328 1673 5384 sacramenta
1702 5321 1833 5385 sint

1939 4355 2065 4399 non
2097 4335 2399 4398 excludit.
2415 4335 2632 4419 Itaque
2663 4336 2728 4398 in
2760 4345 3069 4420 quantum
3101 4346 3196 4402 est
3224 4340 3430 4422 culpa,

1938 4441 2148 4517 potest
2175 4434 2311 4498 tolli
2343 4452 2458 4517 per
2489 4441 2884 4497 sacramenta
2921 4437 3136 4499 omnia
3162 4457 3304 4520 quae
3333 4456 3431 4501 or-

1936 4533 2234 4596 dinantur
2262 4533 2340 4595 ad
2370 4532 2626 4615 culpam
2657 4532 3027 4613 tollendam;
3051 4541 3113 4596 et
3143 4534 3208 4596 in
3241 4554 3435 4618 quan·

1934 4639 2075 4695 tum
2115 4631 2450 4714 dispositio
2488 4640 2585 4695 est
2621 4633 2698 4695 ad
2739 4631 3020 4714 culpam,
3051 4639 3259 4715 potest
3294 4636 3434 4698 tolli

1938 4749 2054 4814 per
2113 4739 2510 4795 sacramenta
2574 4751 2714 4814 quae
2781 4732 3158 4794 ordinantur
3218 4741 3436 4796 contra

1940 4847 2196 4912 poenam
2225 4849 2304 4892 ex
2339 4829 2530 4912 culpa
2569 4830 2876 4904 relictam,
2912 4830 3326 4894 inclinantem
3356 4832 3437 4896 ad

1939 4926 2214 5010 culpam.
2277 4928 2468 4990 Porro
2524 4935 2915 4991 sacramenta
2972 4947 3115 5011 quae
3169 4929 3436 5008 gratiam

1940 5025 2006 5088 in
2036 5025 2428 5108 suscipiente
2459 5025 2870 5108 praeexigunt,
2905 5043 3031 5089 non
3061 5027 3438 5090 ordinantur

1940 5144 2060 5188 nec
2102 5126 2334 5187 dantur
2381 5124 2622 5188 directe
2669 5131 2887 5188 contra
2935 5125 3191 5208 culpam
3232 5142 3247 5188 t
3286 5127 3437 5207 quia

1942 5241 2070 5287 non
2100 5231 2250 5286 sunt
2277 5223 2356 5285 ad
2385 5222 2739 5286 tollendum
2771 5223 3182 5299 contrarium,
3214 5225 3324 5287 sed
3355 5225 3435 5287 ad

1943 5321 2374 5405 supplendum
2413 5319 2758 5396 defectum,
2791 5328 2862 5384 ut
2897 5321 3061 5386 Ordo
3093 5329 3160 5384 et
3194 5321 3436 5386 Eucha-
