4267 6250
837 469 916 536 76
1514 487 1580 534 m
1619 487 1842 535 manum
1883 487 1946 534 w
1987 486 2471 534 snm-mmm.
2512 504 2593 516 —
2634 487 2789 534 nis-r.
2830 487 2895 551 13
2938 489 3161 546 Qum-r.
3204 489 3267 536 α

835 659 1176 738 oblatione,
1197 661 1448 725 devotio
1482 660 1716 724 mentis
1747 679 1820 722 ac
1850 660 2016 724 bona
2044 659 2331 743 operatio
2356 657 2409 722 A
2438 658 2539 735 lis,
2573 660 2676 723 vel
2706 678 2823 742 pro
2852 661 3203 743 maj0ribus
3236 661 3539 726 sacrificii
3571 663 3797 740 virtuS,
3829 663 3935 727 vel

833 760 1010 835 foriS,
1053 781 1196 843 quae
1247 760 1398 824 fidei
1445 761 1687 842 juncta,
1731 759 2066 822 sufficiunt
2113 760 2191 821 ad
2238 779 2331 822 sa-

833 859 1052 922 lutem.
1095 895 1176 904 —
1215 859 1504 922 Secundo
1553 859 1915 940 pensandus
1965 866 2061 920 est
2103 859 2329 920 modus

832 956 1227 1019 instituendi.
1271 956 1410 1019 Non
1459 955 1635 1018 enim
1685 956 1973 1018 instituta
2019 963 2171 1018 sunt
2215 973 2331 1038 per

832 1056 1089 1118 modum
1127 1054 1449 1137 praecepti,
1465 1054 1818 1117 secundum
1849 1053 2328 1135 Hugonem,qui

830 1153 987 1215 dicit
1014 1152 1307 1216 homines
1339 1153 1480 1215 illos
1511 1161 1812 1234 tanquam
1845 1151 2143 1235 parvulos
2174 1150 2329 1213 fuis-

831 1269 900 1313 se
939 1250 1206 1314 consilio
1246 1251 1636 1313 nutriendos.
1671 1251 1748 1312 Et
1781 1249 1834 1312 si
1873 1268 2140 1332 quaeraS,
2174 1265 2329 1330 quo-

835 1350 1056 1429 modo;
1089 1349 1624 1432 respondendum,
1651 1355 1720 1410 ut
1748 1355 1986 1411 tactum
2017 1355 2134 1422 est,
2159 1347 2329 1430 quod

833 1447 996 1510 fides
1026 1447 1310 1522 dictavit,
1343 1454 1569 1510 natura
1602 1447 2028 1521 concordavit,
2063 1446 2331 1528 inspira-

830 1547 923 1609 tio
951 1547 1392 1610 auctoritatem
1422 1546 1719 1608 donavit:
1745 1545 1888 1608 ideo
1918 1563 2033 1628 per
2065 1545 2327 1607 modum

832 1644 1084 1708 consilii
1129 1646 1272 1707 data
1311 1653 1462 1708 sunt
1504 1663 1619 1727 per
1659 1645 2042 1727 superioreS‚
2085 1645 2152 1706 in
2194 1644 2331 1726 qui-

830 1743 951 1807 bus
982 1742 1106 1806 fuit
1132 1743 1296 1806 fides
1327 1742 1645 1825 explicita.
1667 1779 1749 1788 —
1767 1743 1976 1806 Tertio
2005 1743 2329 1805 attenden—

2438 775 2554 841 pro
2592 758 2693 822 his
2733 759 2842 841 qui
2884 779 2961 822 ex
2990 759 3259 824 Abrahae
3294 761 3495 844 stirpe
3534 763 3933 845 prodierunt,

2439 857 2945 920 circumcisionis
2990 859 3385 942 mysterium.
3420 861 3565 924 Haec
3607 860 3799 924 idem.

2517 956 2690 1018 Idem
2729 956 2970 1029 PetruS‚
3002 964 3066 1020 et
3102 957 3277 1020 addit
3308 977 3324 1022 ε
3358 958 3539 1021 Fides
3578 959 3937 1041 comparari

2439 1061 2647 1135 potest
2689 1054 2768 1116 ad
2816 1054 3179 1136 subjectum
3230 1063 3293 1117 et
3339 1057 3419 1119 ad
3467 1057 3812 1138 obJectum.
3860 1058 3940 1120 Et

2438 1169 2515 1214 ex
2546 1159 2722 1234 parte
2753 1151 3028 1233 subjecti
3069 1171 3195 1216 non
3232 1152 3457 1216 habuit
3484 1155 3787 1218 virtutem
3816 1156 3940 1218 sal-

2438 1249 2629 1311 vandi
2692 1250 3054 1332 parvulum,
3118 1251 3229 1312 sed
3289 1269 3367 1313 ex
3440 1259 3614 1333 parte
3672 1251 3935 1334 objecti,

2440 1366 2638 1429 quum
2689 1347 2893 1411 virtus
2952 1347 3227 1430 subjecti
3284 1349 3369 1412 sit
3424 1349 3827 1432 particularis
3876 1359 3943 1414 et

2438 1446 2877 1520 determinata,
2910 1446 3115 1509 virtus
3156 1456 3369 1510 autem
3407 1448 3644 1529 objecti
3682 1448 3944 1512 univer-

2439 1544 2588 1606 salis
2618 1552 2684 1607 et
2713 1543 2986 1608 infinita.
3020 1545 3357 1629 Quumque
3400 1545 3757 1610 informitas
3788 1547 3945 1610 fidei

2440 1642 2522 1705 sit
2552 1662 2630 1705 ex
2662 1652 2840 1726 parte
2871 1643 3170 1725 subjecti,
3204 1661 3329 1707 non
3363 1644 3699 1727 impedivit
3726 1645 3947 1709 effica-

2440 1742 2605 1804 ciam
2638 1742 2923 1804 salvandi
2954 1742 3411 1826 parvulum.—-
3429 1745 3735 1808 Praeterea
3760 1745 3945 1828 Hugo

829 1843 908 1904 da
945 1849 1043 1906 est
1081 1842 1310 1905 horum
1355 1840 1664 1904 efficacia.
1700 1841 1952 1904 Nullam
1996 1849 2210 1903 autem
2249 1841 2327 1903 de
2364 1845 2412 1908 B
2440 1840 2617 1914 dicit,
2650 1841 2819 1922 quod
2860 1840 3168 1922 originale
3211 1849 3545 1923 peccatum
3584 1842 3947 1908 dimitteba-

828 1959 896 2002 se
925 1939 1248 2002 habebant
1276 1938 1632 2002 efficaciam
1665 1939 1929 2002 curandi
1959 1946 2069 2001 aut
2094 1938 2330 2020 justifi-

829 2039 1038 2112 candi,
1070 2039 1179 2101 sed
1225 2037 1432 2101 solum
1477 2038 1720 2101 ratione
1765 2036 1919 2100 fidei
1971 2037 2329 2119 redempto-

829 2138 918 2200 ris
953 2157 967 2201 :
1001 2137 1154 2219 quia
1197 2155 1313 2198 nec
1357 2136 1648 2198 instituta
1691 2143 1872 2198 erant
1912 2136 1990 2198 ad
2033 2135 2175 2209 hoc,
2218 2135 2328 2197 sed

829 2236 904 2298 ad
949 2253 1121 2298 nunc
1150 2241 1333 2297 tacta.
1367 2234 1529 2297 Hinc
1565 2252 1693 2298 non
1733 2234 1859 2296 nisi
1899 2233 2143 2296 ratione
2173 2232 2327 2295 fidei

829 2339 1138 2397 vocantur
1179 2331 1480 2396 remedia.
1513 2332 1656 2396 Haec
1701 2332 1892 2394 idem.

911 2431 1262 2495 Concordat
1301 2431 1571 2494 Thomas
1613 2430 1736 2502 his,
1768 2431 1847 2492 ad
1893 2429 2174 2513 primum
2217 2429 2328 2491 ho-

831 2550 974 2593 rum
1019 2529 1410 2613 respondens
1445 2546 1459 2590 :
1494 2528 1810 2610 Originale
1856 2534 2189 2610 peccatum
2234 2534 2330 2589 est

829 2635 1162 2711 peccatum
1203 2635 1479 2706 naturae3
1526 2634 1752 2690 natura
1789 2634 2003 2689 autem
2047 2625 2327 2708 reparari

826 2727 1118 2811 nequivit
1146 2726 1270 2791 nisi
1301 2745 1417 2809 per
1447 2726 1801 2804 Christum3
1825 2725 1966 2788 ideo
1997 2742 2326 2806 nunquam

831 2832 1078 2908 poterat
1124 2825 1365 2887 remitti
1413 2824 1719 2906 originale
1776 2823 2052 2904 alicujus
2108 2840 2329 2904 pecca·

831 2933 994 2997 tum,
1029 2923 1152 2985 nisi
1192 2922 1360 2985 facta
1397 2921 1703 2984 relatione
1733 2929 1796 2983 et
1826 2921 2097 3003 quadam
2132 2919 2329 2981 conti-

2438 1945 2544 2000 tur
2602 1957 2716 2020 per
2773 1938 3301 2018 decimationem3
3352 1939 3713 2021 Gregorius,
3767 1943 3941 2024 quod

2438 2055 2555 2119 per
2594 2035 3022 2116 sacrificium3
3054 2044 3118 2099 et
3148 2037 3435 2100 doctores
3471 2038 3731 2114 addunt,
3766 2041 3942 2122 quod

2438 2153 2554 2216 per
2596 2133 3003 2196 oblationem.
3048 2135 3359 2208 Quaeritur
3404 2154 3575 2217 ergo,
3615 2138 3943 2218 quomodo

2438 2231 2559 2293 ista
2606 2238 2776 2293 stent
2823 2231 3038 2292 simul.
3083 2231 3460 2307 Dicendum,
3500 2234 3671 2315 quod
3715 2234 3795 2296 ad
3842 2254 3941 2298 re-

2439 2328 2811 2391 missionem
2872 2328 3199 2410 originalis
3264 2348 3519 2412 semper
3579 2333 3944 2396 necessaria

2434 2426 2560 2489 fuit
2589 2426 2902 2510 professio
2931 2426 3104 2501 fidei,
3117 2434 3421 2510 tanquam
3455 2429 3773 2493 medicina
3802 2432 3946 2494 uni-

2438 2525 2700 2588 versalis
2754 2533 2817 2587 et
2873 2527 3151 2608 propria.
3202 2525 3517 2590 Professio
3570 2545 3723 2591 vero
3779 2528 3945 2593 fidei

2436 2623 2673 2706 duplex
2724 2630 2820 2686 est
2871 2643 2886 2688 ε
2940 2643 3066 2686 una
3122 2623 3407 2698 interior,
3460 2624 3736 2689 exterior
3788 2628 3941 2692 alia.

2437 2722 2797 2804 Dicuntque
2833 2722 3057 2805 aliqui,
3098 2730 3435 2805 utramque
3477 2723 3679 2787 fuisse
3724 2745 3949 2790 neces-

2435 2820 2667 2883 sariam
2715 2821 2793 2882 ad
2844 2819 3236 2882 curationem
3285 2821 3613 2902 originalis
3667 2825 3940 2905 peccati.

2434 2917 2558 2981 Alii
2591 2920 3020 3002 dicunt,quod
3049 2926 3297 2983 tantum
3332 2921 3607 2994 interior,
3620 2922 3771 3004 quia
3800 2923 3949 2985 nul-

831 3022 1133 3086 nuatione
1161 3021 1424 3084 curandi
1455 3021 1532 3084 ad
1565 3019 2095 3101 Christum,quod
2127 3016 2327 3080 fiebat
2362 3015 2406 3079 C
2439 3016 2499 3078 la
2528 3017 2803 3081 exterior
2833 3017 3145 3101 professio
3174 3017 3329 3081 fidei
3360 3019 3487 3081 fuit
3516 3019 3945 3084 determinata

831 3141 946 3205 per
994 3119 1211 3184 fidem.
1255 3119 1401 3183 Ideo
1445 3118 1607 3182 fides
1658 3117 2023 3181 mediatoris
2071 3136 2325 3199 semper

827 3220 953 3283 fuit
981 3218 1214 3283 efficax
1252 3218 1330 3281 ad
1371 3219 1722 3281 curandum
1764 3217 1846 3279 ab
1883 3215 2221 3297 originali:
2257 3216 2324 3276 in

825 3317 1059 3380 adultis
1107 3316 1269 3379 fides
1317 3315 1594 3399 propria,
1647 3314 1712 3376 in
1763 3313 2046 3397 parvulis
2093 3312 2317 3375 aliena.

824 3453 905 3462 —
932 3417 1075 3479 Haec
1107 3416 1396 3479 Thomas.
1430 3413 1548 3488 Qui
1578 3414 1655 3476 ad
1687 3413 2040 3475 secundum
2073 3428 2327 3493 respon-

825 3516 934 3578 det
962 3514 1128 3577 sicut
1155 3514 1612 3575 Bonaventura.
1643 3546 1726 3557 —-
1753 3512 1846 3573 Ad
1876 3510 2136 3574 tertium
2168 3526 2322 3592 quo-

824 3632 950 3695 que
981 3612 1370 3694 respondens
1396 3611 1838 3673 :Sacramenta
1865 3608 2133 3690 (inquit)
2166 3606 2321 3689 legis

825 3720 1066 3774 naturae
1114 3727 1238 3773 non
1289 3728 1366 3772 ex
1416 3708 1634 3772 divino
1694 3714 2032 3791 praecepto,
2084 3707 2196 3769 sed
2244 3725 2320 3768 ex

823 3800 990 3883 voto,
1025 3809 1088 3871 id
1127 3814 1224 3871 est
1252 3807 1590 3881 desiderio,
1624 3825 1736 3869 seu
1777 3812 2004 3888 sponte
2041 3803 2319 3867 celebra-

822 3907 1071 3980 bantur,
1084 3913 1274 3990 prout
1303 3904 1651 3986 unicuique
1683 3902 1946 3966 dictavit
1974 3921 2155 3966 mens
2186 3922 2317 3976 sua,

823 4012 893 4067 ut
929 4004 1130 4067 fidem
1169 4022 1349 4065 suam
1390 4002 1688 4065 exteriori
1730 4002 1911 4081 signo
1947 4000 2090 4062 aliis
2128 3999 2321 4083 profi-

821 4110 1060 4166 teretur
1103 4102 1182 4164 ad
1225 4101 1336 4164 Dei
1381 4100 1712 4173 honorem,
1755 4099 2110 4161 secundum
2148 4099 2317 4180 quod

2434 3122 2543 3177 aut
2574 3115 2877 3179 instituta.
2912 3115 3225 3179 Professio
3254 3123 3467 3180 autem
3500 3116 3566 3180 in
3598 3117 3709 3181 illo
3736 3118 3947 3201 tripli-

2434 3215 2491 3277 ci
2533 3232 2725 3297 opere
2772 3214 2896 3277 fuit
2936 3216 3137 3297 magis
3189 3233 3467 3297 congrua
3507 3225 3571 3280 et
3608 3236 3939 3300 expressa,

2432 3314 2582 3395 quia
2626 3332 2741 3396 per
2779 3314 3269 3376 decimationem
3320 3314 3775 3396 designabatur
3814 3316 3942 3379 im-

2433 3410 2743 3493 perfectio
2772 3412 3221 3487 curandorum,
3257 3431 3372 3495 per
3400 3412 3786 3477 oblationem
3819 3434 3941 3478 au-

2432 3518 2562 3573 tem
2623 3510 2914 3574 liberatio
2970 3511 3188 3574 futura
3244 3531 3360 3595 per
3417 3512 3763 3589 Christum,
3817 3535 3944 3597 per

2432 3607 2825 3671 sacrificium
2856 3626 3007 3671 vero
3046 3610 3273 3673 modus
3314 3609 3729 3685 liberationiS,
3763 3613 3947 3677 vide-

2432 3707 2583 3769 licet
2628 3707 2840 3789 passio
2882 3707 3243 3770 Salvatoris.
3287 3708 3502 3772 Nihilo
3552 3710 3766 3773 minus
3810 3710 3947 3774 fuit

2431 3804 2495 3867 in
2538 3804 2639 3866 his
2670 3804 2877 3867 tribus
2909 3804 3223 3888 professio
3254 3804 3409 3869 fidei
3443 3806 3511 3869 in
3538 3806 3747 3870 tribus
3783 3810 3946 3872 arti-

2431 3903 2592 3966 culis
2620 3910 2777 3965 tunc
2806 3904 2885 3966 ad
2917 3905 3306 3967 credendum
3339 3906 3756 3971 necessariis:
3782 3910 3947 3989 quia

2428 4000 2667 4063 oblatio
2707 4000 3079 4083 designabat
3118 4002 3319 4065 Deum
3364 4003 3655 4066 omnium
3694 4014 3946 4069 creato-

2429 4116 2604 4178 rem;
2652 4097 3044 4162 sacrificium
3093 4107 3331 4175 autem,
3378 4102 3849 4184 redemptorem
3902 4124 3946 4167 a

819 4200 1076 4264 habitus
1119 4199 1396 4261 caritatis
1443 4197 1705 4260 inclinat
1746 4197 1823 4258 ad
1864 4204 2044 4258 actus
2093 4196 2319 4259 exteri-
2351 4201 2400 4263 D
2430 4197 2615 4259 malis
2664 4204 3044 4277 venturum3
3095 4198 3455 4273 decimatio,
3498 4200 3789 4263 omnium
3840 4222 3945 4267 re-

738 4347 747 4355 .
821 4318 982 4363 ores.
1037 4299 1114 4360 Et
1163 4297 1329 4360 sicut
1378 4297 1651 4359 dicimus
1695 4296 1774 4357 de
1826 4296 2106 4369 caritate,
2147 4295 2318 4377 quod

819 4397 1067 4462 sufficit
1098 4403 1307 4459 motus
1337 4395 1616 4469 interior,
1631 4395 1741 4457 sed
1771 4395 1919 4456 dum
1951 4393 2144 4455 habet
2173 4402 2323 4457 tem-

821 4518 943 4581 pus
972 4494 1275 4579 operandi
1305 4492 1980 4576 aptum,requiruntur
2007 4499 2187 4554 actus
2217 4512 2322 4555 ex-

819 4596 1120 4673 teriores;
1165 4594 1250 4655 ita
1297 4599 1606 4674 quantum
1649 4591 1726 4653 ad
1776 4590 2023 4653 adultos
2070 4590 2134 4652 in
2182 4591 2319 4672 lege

821 4700 1064 4756 naturae
1094 4689 1462 4754 sufficiebat
1491 4689 1624 4752 sola
1655 4688 1840 4763 fides,
1861 4708 2060 4770 quum
2093 4696 2158 4751 et
2188 4707 2320 4752 mo-

819 4793 901 4855 do
937 4789 1224 4854 sufficiat
1252 4789 1312 4852 ei
1351 4788 1463 4870 qui
1503 4804 1632 4849 non
1671 4806 1750 4850 ex
1790 4794 2160 4868 contemptu
2201 4806 2320 4849 nec

820 4888 1204 4972 negligentia
1261 4893 1655 4949 sacramenta
1701 4885 1957 4948 omittit.
2014 4883 2321 4947 Efficacia

817 4997 1032 5052 tamen
1073 4984 1469 5049 remissionis
1509 4983 1714 5066 culpae
1745 4982 1869 5046 fuit
1897 5002 1976 5045 ex
2007 4982 2157 5045 fide.
2194 4984 2323 5047 Sic-

820 5106 944 5169 que
977 5083 1391 5165 intelligenda
1419 5091 1569 5146 sunt
1599 5081 1795 5144 verba
1833 5082 1952 5144 ista
1981 5082 2265 5164 Gregorii
2302 5100 2317 5145 ε

537 5199 659 5255 cfip.
676 5199 790 5242 ³711.
821 5184 996 5259 Quod
1040 5183 1209 5266 apud
1254 5199 1368 5244 nos
1412 5181 1582 5243 valet
1621 5199 1787 5262 aqua
1823 5179 2155 5263 Baptismi‚
2198 5180 2321 5242 hoc

823 5282 952 5364 egit
979 5281 1148 5364 apud
1181 5286 1426 5343 veteres
1457 5279 1559 5341 vel
1590 5278 1724 5341 sola
1753 5276 1916 5340 fides
1947 5294 2064 5360 pro
2094 5297 2323 5360 parvu-

2430 4303 2923 4370 muneratorem,
2953 4296 3102 4378 quia
3133 4297 3433 4361 denarius
3463 4298 3711 4381 primus
3742 4299 3943 4365 limes

2430 4400 2527 4456 est
2568 4410 3002 4455 numerorum.
3037 4392 3183 4455 Haec
3224 4394 3462 4457 Petrus.

2510 4491 2826 4555 Consonat
2852 4490 3203 4553 Richardus
3236 4511 3251 4555 ε
3287 4491 3774 4556 concedendum
3808 4504 3939 4571 est,

2429 4590 2671 4664 dicens,
2717 4589 2887 4671 quod
2937 4588 3003 4650 in
3052 4589 3338 4672 parvulis
3388 4590 3455 4653 in
3505 4591 3641 4673 lege
3688 4600 3945 4659 naturae

2429 4687 2761 4751 delebatur
2788 4686 3097 4769 originale
3129 4695 3487 4769 peccatum,
3520 4707 3647 4753 non
3678 4697 3944 4757 tantum

2431 4805 2545 4869 per
2574 4785 2771 4848 fidem
2811 4784 3161 4847 carnalium
3202 4793 3561 4867 parentum,
3596 4788 3707 4851 sed
3734 4790 3945 4853 etiam

2429 4883 2867 4968 quorumlibet
2924 4883 3194 4946 aliorum
3257 4884 3671 4966 dirigentium
3728 4886 3945 4953 fidem

2430 4982 2661 5046 Christi
2704 4982 3084 5064 implicitam
3124 4982 3225 5045 vel
3266 4984 3635 5065 explicitam
3674 4986 3751 5048 ad
3793 5006 3949 5070 par-

2430 5081 2564 5142 vuli
2609 5080 3053 5162 purgationem
3103 5088 3295 5163 atque
3336 5081 3629 5145 salutem.
3661 5118 3743 5129 —-
3770 5084 3947 5151 Prae-

2427 5186 2600 5243 terea
2629 5178 2857 5260 quaerit
2885 5178 3257 5254 RicharduS‚
3281 5198 3424 5262 quae
3454 5188 3518 5243 et
3548 5189 3702 5262 quot
3730 5200 3949 5247 sacra-

2435 5284 2648 5340 menta
2686 5276 2751 5339 in
2795 5277 2932 5357 lege
2973 5284 3233 5352 naturai,
3266 5285 3331 5339 et
3357 5296 3395 5340 a
3422 5296 3551 5360 quo
3583 5286 3647 5342 et
3674 5284 3949 5362 quando
