4267 6250
749 474 870 539 374

751 664 830 725 ad
869 664 1221 747 offensam3
1254 684 1380 729 non
1421 676 1636 729 tamen
1674 674 1924 749 oportet
1960 666 2130 748 quod
2160 666 2250 728 di·
2277 665 2329 729 A
2356 665 2535 746 juxta
2564 665 2721 727 illud
2751 665 2946 738 Isaiae,
2976 665 3238 727 Peccata
3263 670 3475 727 vestra
3500 662 3877 726 diviserunt
3952 679 4051 723 ι..
4086 694 4193 728 ux.
4226 682 4267 722 ε.

753 761 1042 826 mittatur
1083 774 1392 847 quantum
1440 767 1520 828 ad
1567 773 1772 829 totum
1819 773 2090 837 reatum,
2121 764 2249 827 nisi

753 878 944 943 poena
983 862 1114 943 jam
1161 864 1501 945 persoluta.

833 959 897 1021 Si
929 968 1142 1023 autem
1173 960 1536 1042 objiciatur,
1568 962 1721 1042 quia
1749 962 1917 1023 Deus
1947 978 2074 1024 non
2106 960 2252 1041 plus

753 1056 951 1139 exigit
998 1058 1065 1120 in
1111 1078 1322 1141 poena,
1356 1079 1548 1142 quam
1597 1058 1723 1121 fuit
1771 1058 1837 1120 in
1883 1058 2106 1141 eulpa3
2140 1057 2249 1120 sed

756 1155 960 1236 major
988 1157 1168 1220 dolor
1205 1167 1302 1220 est
1341 1158 1406 1219 in
1449 1157 1829 1220 contritione
1859 1157 1938 1219 de
1967 1163 2249 1240 peccato,

755 1274 948 1336 quam
979 1254 1103 1317 fuit
1131 1256 1467 1320 delectatio
1500 1256 1566 1317 in
1597 1256 1938 1337 peccando,
1955 1255 2255 1337 quoniam

754 1353 1075 1435 quantitas
1104 1354 1340 1427 doloris
1370 1355 1448 1417 de
1479 1362 1738 1436 peccato
1767 1362 1864 1416 est
1899 1353 2253 1416 secundum

754 1451 1175 1533 quantitatem
1219 1453 1454 1516 amoris
1498 1452 1723 1526 divini,
1758 1452 1867 1533 qui
1915 1450 2118 1531 major
2158 1458 2255 1513 est

754 1568 947 1631 quam
979 1552 1187 1613 omnis
1219 1551 1534 1634 cupiditas
1560 1569 1573 1613 :
1599 1569 1748 1631 ergo
1777 1552 1938 1613 Deus
1970 1567 2096 1613 non
2125 1548 2255 1611 exi-

752 1648 846 1729 git
873 1666 990 1730 pro
1021 1657 1280 1730 peccato
1309 1649 1498 1711 aliam
1530 1668 1806 1731 poenam,
1841 1668 2034 1730 quam
2073 1648 2250 1710 illam

754 1766 896 1828 quae
942 1755 1040 1809 est
1090 1748 1153 1809 in
1213 1747 1613 1822 contritione,
1661 1747 1880 1829 sicque
1932 1745 2249 1828 poeniten·

1391 497 1456 543 m
1495 496 1719 543 mmm!
1759 496 1822 541 1v
1859 494 2346 543 summram.
2387 510 2469 523 ·—
2508 494 2663 541 msr.
2704 494 2850 557 xtv;
2892 494 3117 550 QUAEST.
3158 494 3221 539 VI

2362 763 2527 825 inter
2557 764 2758 825 Deum
2789 771 3073 825 vestrum
3104 771 3168 825 et
3195 780 3327 826 vos·
3361 761 3697 843 Quumque
3726 779 3873 843 poe-

2362 861 2629 923 nitentia
2658 861 2839 924 tollat
2866 868 3147 943 peccata,
3180 869 3241 925 et
3274 861 3341 923 in
3372 860 3581 943 primo
3610 878 3727 923 suo
3754 878 3882 941 ac3

2361 967 2431 1021 tu
2472 959 2787 1023 offensam
2827 960 3095 1041 peccati,
3128 959 3359 1023 deinde
3400 966 3682 1037 reatum3
3714 958 3875 1021 ideo

2363 1058 2530 1119 sicut
2559 1065 2788 1119 ventus
2814 1058 3111 1120 auferens
3142 1057 3405 1131 nubem,
3440 1056 3713 1120 restituit
3750 1074 3873 1119 no-

2364 1155 2463 1218 bis
2508 1156 2660 1219 solis
2710 1156 3138 1238 splendorem,
3172 1156 3265 1218 sic
3310 1154 3683 1238 poenitentia
3728 1162 3877 1217 tan-

2365 1273 2554 1335 quam
2590 1272 2923 1317 removens
2952 1254 3121 1337 quod
3161 1253 3541 1336 prohibebat
3568 1253 3873 1335 gratiam,

2363 1352 2642 1414 restituit
2683 1351 2868 1415 nobis
2910 1352 3175 1434 gratiam
3225 1359 3477 1433 gratum
3520 1350 3873 1414 facientem

2364 1458 2428 1512 et
2465 1467 2688 1513 omnes
2726 1450 3013 1513 virtutes.
3050 1450 3126 1512 Et
3156 1450 3275 1512 boc
3320 1450 3509 1512 modo
3544 1457 3641 1512 est
3669 1449 3877 1513 homo

2364 1566 2554 1610 causa
2590 1548 2807 1629 gratiae
2850 1547 2975 1610 sibi
3021 1548 3297 1629 desuper
3332 1548 3513 1621 datae,
3548 1566 3615 1609 se
3656 1548 3881 1629 dispo-

2363 1645 2572 1708 nendo
2620 1653 2684 1708 et
2730 1644 2980 1709 obicem
3030 1646 3434 1708 removendo.
3480 1644 3608 1707 Nec
3653 1643 3877 1707 obstat

2363 1744 2532 1825 quod
2566 1744 2629 1805 in
2662 1744 2885 1807 eodem
2918 1743 3179 1806 instanti
3208 1742 3371 1806 obex
3405 1750 3769 1805 removetur
3800 1752 3875 1806 et.

751 1846 839 1907 tia
884 1845 966 1907 ab
1019 1846 1195 1907 omni
1249 1846 1439 1909 solvit
1491 1853 1686 1909 reatu.
1737 1881 1820 1891 —
1867 1845 2244 1919 Dicendum,
2286 1843 2333 1904 B
2363 1843 2562 1923 gratia
2591 1843 2790 1904 datur.
2806 1843 2963 1905 Nam
2993 1841 3153 1904 etin
3183 1842 3409 1904 eodem
3441 1841 3699 1905 instanti
3728 1860 3871 1923 quo

752 1943 921 2025 quod
953 1944 1300 2006 secundum
1340 1944 1791 2026 Philosophum
1828 1944 2049 2025 quinto
2076 1944 2248 2005 Ethi-

753 2042 1074 2113 corum,in
1107 2041 1693 2124 recompensatione
1724 2041 1976 2122 injuriae
2003 2040 2253 2122 justitia

753 2139 1206 2202 commutativa
1246 2157 1374 2202 non
1414 2158 1668 2221 semper
1697 2147 1904 2202 servat
1941 2139 2250 2220 aequalem

752 2237 1172 2318 quantitatem
1203 2237 1492 2301 absolute
1523 2238 1588 2300 in
1621 2256 1830 2320 poena‚
1864 2237 1921 2300 ei
1956 2257 2098 2319 quae
2126 2237 2252 2300 fuit

751 2334 818 2397 in
849 2334 1076 2417 culpa:
1109 2353 1236 2398 non
1267 2336 1440 2398 enim
1473 2336 1524 2399 si
1557 2336 1701 2417 quis
1734 2336 2048 2417 percussit
2077 2336 2251 2417 prin-

750 2431 984 2514 cipem,
1005 2433 1252 2495 sufficit
1280 2434 1450 2515 quod
1480 2434 1945 2516 repercutiatur
1977 2442 2250 2496 tantum-

750 2531 919 2593 dem.
945 2532 1233 2614 Requirit
1261 2540 1473 2595 tamen
1503 2532 1810 2615 aequalem
1843 2550 2122 2615 poenam,
2142 2533 2250 2594 ha-

748 2628 882 2691 bita
925 2630 1104 2711 prius
1153 2630 1623 2713 comparatione
1668 2631 1746 2693 ad
1797 2648 2134 2713 personam
2184 2631 2251 2692 in

749 2746 943 2809 quam
993 2728 1178 2810 culpa
1222 2729 1563 2792 commissa
1603 2735 1717 2791 est.
1753 2729 2088 2811 Quumque
2136 2748 2253 2810 per

751 2826 1193 2908 poenitentiam
1225 2826 1416 2888 bomo
1454 2826 1532 2888 de
1573 2844 1640 2889 se
1681 2825 1821 2907 ipso
1856 2825 2044 2889 faciat
2070 2826 2254 2906 justi-

750 2922 906 2986 tiam
936 2924 1086 2998 Deo,
1121 2941 1247 2986 non
1279 2922 1526 2986 sufficit
1563 2930 1777 2986 tantus
1818 2924 1996 2988 dolor
2025 2924 2090 2987 in
2121 2943 2253 3006 poe-

2361 1939 2763 2003 obstaculum
2808 1940 3071 2003 luminis
3120 1940 3329 2023 primo
3376 1948 3689 2002 remotum
3734 1948 3863 2015 est,

2362 2038 2579 2100 lumen
2621 2037 3053 2121 consequitur,
3086 2046 3151 2101 et
3188 2046 3401 2101 tamen
3443 2038 3709 2101 remotio
3746 2038 3867 2101 ob-

2361 2137 2587 2200 staculi
2619 2145 2717 2199 est
2747 2154 2937 2199 causa
2965 2136 3471 2200 illuminationis.
3498 2172 3575 2183 —
3598 2137 3687 2199 Ex
3718 2137 3869 2199 istis

2361 2234 2637 2308 elicitur,
2672 2235 2841 2316 quod
2880 2253 3073 2317 opera
3114 2234 3279 2298 bona
3308 2253 3385 2296 ex
3425 2254 3655 2316 genere
3684 2242 3875 2297 extra

2362 2333 2689 2395 caritatem
2734 2333 2916 2407 facta,
2950 2351 3079 2397 non
3119 2332 3533 2395 vivificantur
3576 2350 3689 2415 per
3728 2352 3873 2415 poe·

2362 2431 2718 2493 nitentiam.
2754 2432 2909 2495 Nam
2941 2432 3113 2513 quod
3143 2431 3357 2514 aliqua
3389 2432 3558 2495 bona
3586 2450 3700 2514 per
3726 2450 3873 2514 poe-

2362 2529 2694 2591 nitentiam
2754 2529 3198 2603 restituuntur,
3252 2547 3375 2592 non
3430 2537 3529 2593 est
3575 2529 3696 2592 nisi
3746 2548 3874 2612 per

2360 2627 2678 2702 accidenS,
2714 2628 2779 2689 in
2818 2634 3129 2709 quantum
3164 2628 3540 2710 poenitentia
3578 2636 3869 2691 removet

2362 2725 2729 2806 prohibens.
2771 2725 2939 2787 Talis
2979 2732 3195 2787 autem
3239 2743 3429 2787 causa
3474 2726 3671 2807 exigit
3718 2744 3873 2787 cau-

2362 2842 2498 2884 sam
2545 2842 2661 2904 per
2703 2841 2770 2886 se
2817 2831 3111 2906 respectu
3160 2822 3453 2897 effectus,
3486 2823 3673 2904 cujus
3721 2823 3869 2906 ipsa

2362 2928 2460 2983 est
2488 2940 2681 2983 causa
2710 2940 2825 3003 per
2852 2921 3168 2985 accidens.
3194 2921 3379 2985 Nulla
3408 2930 3621 2985 autem
3650 2930 3871 3006 potest

752 3021 1040 3095 nitentia,
1073 3028 1308 3103 quanta
1353 3021 1687 3084 delectatio
1723 3020 1849 3083 fuit
1893 3022 1958 3084 in
2008 3022 2247 3105 culpa:
2290 3022 2334 3086 C
2365 3019 2514 3100 poni
2566 3038 2757 3081 causa
2803 3038 2919 3101 per
2966 3038 3035 3082 se
3080 3020 3534 3083 vivificationis
3589 3038 3867 3103 operum

749 3120 1054 3203 quoniam
1112 3119 1222 3182 illa
1268 3119 1603 3183 delectatio
1652 3120 1718 3182 in
1780 3120 2082 3201 injuriam
2135 3120 2249 3184 Dei

747 3219 895 3293 fuit,
929 3219 994 3281 in
1039 3226 1350 3301 quantum
1400 3219 1528 3282 Deo
1575 3219 2024 3300 praetermisso,
2056 3221 2250 3282 homo

753 3316 1156 3380 delectationi
1205 3336 1273 3379 se
1317 3316 1604 3378 subdidit
1645 3316 1711 3378 in
1754 3318 2097 3399 peccando.

832 3417 1114 3498 Insuper,
1129 3416 1184 3478 si
1213 3423 1532 3498 quaeratur
1559 3434 1639 3478 an
1671 3434 1784 3498 per
1811 3415 2251 3498 poenitentiam

751 3515 1040 3597 reliquiae
1071 3514 1312 3597 peccati
1343 3513 1646 3577 tollantur
1666 3531 1679 3576 :
1699 3514 2063 3588 dicendum,
2078 3515 2249 3596 quod

749 3613 918 3676 sicut
949 3613 1322 3696 poenitentia
1351 3629 1476 3674 non
1509 3612 1673 3675 tollit
1701 3622 1944 3675 reatum
1977 3613 2251 3676 totaliter

752 3731 868 3795 per
923 3710 1276 3794 quemlibet
1333 3719 1571 3784 actum,
1623 3710 1734 3772 sed
1787 3718 1940 3773 tunc
1996 3711 2251 3793 quando

749 3813 828 3875 ad
861 3809 1215 3894 perfectum
1251 3809 1621 3892 perducitur
1649 3809 2004 3872 secundum
2033 3827 2251 3872 omnes

753 3908 1146 3991 poenitentiae
1205 3915 1452 3989 partes;
1504 3906 1597 3969 sic
1655 3925 1774 3969 nec
1833 3914 2080 3988 oportet
2140 3927 2253 3990 per

752 4008 1033 4090 primum
1079 4005 1469 4088 poenitentiae
1511 4012 1724 4067 actum
1770 4004 2100 4068 universos
2146 4007 2251 4068 de·

750 4106 958 4168 fectus
1014 4103 1254 4165 auferri
1304 4103 1416 4184 qui
1475 4122 1553 4165 ex
1603 4102 1834 4165 actuali
1895 4111 2253 4186 sequuntur

2364 3126 2541 3180 extra
2598 3118 2922 3182 caritatem
2980 3117 3319 3194 factorum,
3368 3119 3671 3202 quoniam
3728 3118 3869 3183 vita

2362 3234 2629 3298 operum
2660 3236 2739 3279 ex
2767 3218 2898 3280 vita
2926 3218 3247 3299 operantis
3276 3218 3593 3301 dependet
3626 3235 3642 3280 :
3675 3218 3871 3280 idcir-

2364 3333 2439 3378 co
2470 3317 2639 3398 quod
2671 3334 2864 3398 opera
2892 3316 3038 3378 viva
3067 3316 3217 3390 sint,
3252 3317 3487 3380 babent
3526 3337 3565 3380 a
3601 3317 3869 3381 caritate

2364 3422 2428 3476 et
2469 3415 2689 3496 gratia,
2723 3434 2865 3496 quae
2907 3432 3033 3477 non
3075 3414 3355 3477 formant
3396 3434 3605 3497 neque
3652 3415 3872 3478 vivifi-

2364 3519 2509 3574 cant
2547 3511 2672 3574 nisi
2716 3520 2894 3574 actus
2934 3512 3045 3593 qui
3092 3513 3443 3594 procedunt
3482 3531 3559 3575 ex
3601 3513 3777 3595 ipsis.

2445 3610 2730 3692 Denique
2760 3627 2953 3692 opera
2983 3609 3149 3672 facta
3179 3610 3244 3672 in
3276 3611 3556 3685 caritate,
3578 3631 3691 3694 per
3719 3631 3873 3693 pec-

2364 3715 2577 3770 catum
2608 3707 2873 3770 mortale
2902 3725 3177 3789 sequens
3210 3708 3698 3783 mortificantur,
3714 3711 3871 3791 quia

2365 3804 2742 3887 impotentia
2770 3804 2941 3868 fiunt
2970 3813 3033 3868 et
3072 3806 3371 3869 inidonea
3397 3807 3475 3869 ad
3510 3807 3868 3889 perducen-

2363 3904 2517 3966 dum
2548 3904 2876 3966 hominem
2916 3905 2982 3965 in
3012 3903 3211 3967 vitam
3242 3903 3511 3967 beatam.
3546 3905 3623 3967 Et
3658 3906 3713 3968 si
3752 3907 3870 3969 ob·

2359 4002 2639 4083 jiciatur,
2674 4002 2843 4084 quod
2885 4021 3011 4066 non
3046 4010 3325 4076 manent,
3360 4022 3510 4085 ergo
3538 4023 3665 4067 non
3698 4023 3869 4070 mor-

2360 4100 2733 4180 tificantur3
2788 4101 3156 4176 dicendum,
3216 4103 3387 4183 quod
3444 4103 3611 4166 sicut
3664 4122 3869 4186 opera

753 4209 1034 4287 peccat0,
1068 4208 1132 4264 et
1161 4201 1450 4284 reliquiae
1481 4209 1896 4283 peccatorum
1924 4221 2036 4264 seu
2066 4202 2248 4266 vitio·
2281 4202 2331 4264 D
2363 4219 2557 4282 prava
2583 4207 2913 4262 transeunt
2951 4208 3096 4262 actu
3132 4207 3195 4262 et
3236 4209 3495 4263 manent
3532 4209 3733 4277 reatu,
3766 4204 3869 4266 sic

753 4319 898 4363 rum
937 4309 1263 4364 vocantur.
1297 4300 1474 4363 Unde
1513 4307 1577 4362 et
1614 4299 1678 4360 in
1721 4300 2031 4381 corporali
2075 4319 2251 4362 sana-

753 4400 951 4473 tione,
995 4398 1098 4460 cui
1139 4397 1512 4480 poenitentia
1559 4396 1966 4471 assimilatur,
2006 4397 2250 4461 reddita

753 4495 1043 4568 sanitate,
1075 4494 1282 4556 adhuc
1323 4493 1612 4575 quaedam
1657 4502 1916 4556 manent
1961 4494 2251 4577 reliquiae

755 4592 962 4656 morbi
1012 4592 1266 4675 prioriS,
1299 4608 1630 4674 quousque
1684 4591 1964 4673 perfecta
2012 4593 2247 4656 sanitas

751 4692 1133 4757 obtineatur.

829 4792 1141 4874 Amplius,
1175 4809 1290 4873 per
1321 4789 1760 4872 poenitentiam
1791 4789 1990 4870 gratia
2018 4809 2090 4852 ac
2121 4791 2245 4852 vir-

747 4901 917 4956 tutes
961 4890 1398 4953 restituuntur.
1433 4888 1541 4950 11ae
1584 4906 1861 4969 namque
1905 4897 2247 4951 causantur

749 4992 816 5054 in
873 4991 1088 5053 anima
1148 5007 1226 5050 ex
1287 4986 1488 5050 divini
1551 4985 1815 5049 luminis
1882 4986 2240 5062 influentia,

746 5109 890 5172 quae
933 5086 1336 5168 intercipitur
1373 5092 1436 5148 et
1477 5084 1824 5167 impeditur
1865 5104 1979 5167 per
2025 5104 2243 5168 pecca-

746 5197 920 5250 tum:
947 5183 1484 5268 quemadmodum
1518 5182 1720 5245 nubes
1753 5183 2120 5264 interposita
2152 5184 2245 5246 in-

747 5293 844 5349 ter
873 5285 1071 5349 solem
1101 5289 1162 5345 et
1193 5299 1330 5356 nOS,
1363 5281 1570 5343 radios
1600 5281 1740 5361 ejus
1771 5281 1934 5343 tollit
1961 5301 1998 5344 a
2030 5282 2236 5356 nobiS,

2362 4316 2555 4380 opera
2585 4296 2750 4360 bona
2782 4297 2847 4359 in
2879 4298 3139 4362 caritate
3176 4297 3343 4362 facta
3383 4300 3676 4381 quamvis
3714 4309 3867 4364 actu

2361 4397 2656 4458 desinant
2691 4414 2852 4471 esse,
2885 4402 3101 4458 tamen
3140 4405 3403 4459 manent
3431 4406 3739 4479 quantum
3780 4401 3867 4464 ad

2362 4495 2688 4568 meritum,
2720 4501 2783 4557 et
2812 4501 3122 4577 quantum
3152 4495 3231 4557 ad
3263 4495 3384 4558 hoc
3414 4505 3680 4579 possunt
3708 4517 3872 4561 mor-

2360 4592 2613 4655 tificari.
2650 4629 2730 4638 -—
2758 4593 2878 4656 Sed
2930 4601 3149 4655 contra
3196 4592 3332 4656 haec
3379 4593 3575 4675 objici
3628 4604 3867 4678 potest,

2360 4692 2662 4774 quoniam
2713 4711 2903 4774 poena
2949 4709 3077 4754 non
3134 4691 3325 4755 debet
3371 4694 3677 4758 excedere
3726 4697 3867 4759 cul-

2358 4811 2525 4875 pam.
2575 4790 2637 4854 Si
2697 4808 2847 4872 ergo
2904 4791 2988 4852 sit
3039 4789 3273 4872 aliquis
3333 4791 3552 4854 multis
3608 4793 3867 4859 actibus

2356 4888 2540 4953 bonis
2579 4888 2932 4963 abundanS,
2966 4907 3094 4952 non
3136 4889 3388 4952 videtur
3414 4890 3639 4954 decere
3676 4891 3865 4956 boni·

2352 4995 2547 5050 tatem
2588 4987 2895 5060 divinam,
2928 4996 3001 5050 ut
3038 4987 3221 5051 illum
3263 4987 3470 5070 privet
3508 4997 3600 5052 tot
3640 4990 3863 5054 tantis-

2351 5106 2477 5169 que
2535 5087 2780 5149 meritis
2828 5087 2974 5150 vitae
3030 5095 3281 5150 aeternae
3340 5095 3599 5171 propter
3647 5109 3855 5156 unum

2350 5204 2511 5267 opus
2544 5185 2851 5267 iniquum.
2875 5185 2951 5246 Et
2978 5186 3510 5267 respondendum,
3528 5188 3691 5269 quod
3721 5206 3855 5252 om-

2350 5285 2456 5345 nia
2490 5283 2713 5344 merita
2752 5291 2963 5344 nostra
3001 5301 3075 5344 ac
3114 5282 3279 5346 bona
3316 5292 3466 5346 sunt
3498 5285 3609 5348 Dei
3640 5286 3847 5370 dona;
