4267 6250
1398 492 1481 541 DE
1526 490 1925 541 cmmcrm
1968 491 2333 540 mulsum

3307 464 3426 533 169

337 662 577 727 citharae
616 664 915 738 melodia,
948 662 1015 726 in
1054 682 1179 746 qua
1218 671 1283 726 et
1310 663 1683 727 naturaliter
1712 664 1819 726 de·
1845 660 1898 726 A
1924 671 2272 746 appareant
2318 664 2500 746 quasi
2541 666 2684 729 duae
2725 662 3136 747 gibbositates
3180 662 3248 726 in
3291 663 3424 726 lon-

338 761 689 824 lectabatur.
722 762 1168 825 Exorcismum
1196 779 1351 825 vero
1387 762 1519 826 aesti
1530 780 1634 825 mo
1674 780 1821 844 ope-
1926 780 2079 842 gum
2121 770 2456 844 protensae,
2490 763 2672 845 quasi
2701 781 2779 826 ex
2819 762 3122 826 lateribus
3161 779 3425 825 concur-

336 858 451 921 rari
490 876 617 922 non
660 859 935 921 naturali
982 859 1241 935 virtute,
1282 878 1402 923 nec
1450 866 1822 943 supernatu-

338 956 443 1019 rali
479 957 691 1039 aliqua
732 965 1043 1040 potestate
1083 956 1439 1039 subjective
1477 959 1821 1021 exsistente

338 1056 399 1117 in
453 1056 609 1138 ipso,
662 1056 776 1119 sed
828 1056 1297 1139 omnipotentia
1342 1056 1454 1120 Dei
1512 1056 1695 1139 quasi
1742 1075 1821 1119 ex

338 1154 597 1235 quodam
654 1154 913 1218 decreto
974 1154 1319 1218 adsistente
1376 1163 1440 1217 et
1494 1162 1817 1237 operante.

338 1252 473 1315 Haec
510 1252 878 1316 Richardus.

422 1352 741 1415 Postremo
801 1352 1112 1415 Henricus
1174 1350 1385 1433 primo
1445 1350 1825 1425 Quodlibeto

158 1492 167 1503 .
238 1464 293 1505 0.
342 1456 460 1513 tres
504 1457 713 1513 movet
755 1447 1139 1532 quaestiones
1187 1449 1359 1513 circa
1399 1450 1817 1531 Baptismum.

51 3801 53 3832 ²
167 3828 267 3877 με.

51 3889 53 3932 5
167 3935 199 3977 q.
216 3929 266 3968 ¹5.

336 1550 531 1612 Prima
558 1557 667 1624 est,
679 1570 760 1613 an
793 1548 1004 1611 infans
1030 1544 1276 1611 delatus
1304 1548 1381 1611 ad
1411 1547 1821 1631 Baptismum,

338 1648 729 1731 moriensque
773 1648 839 1711 in
870 1648 977 1711 via
1013 1648 1151 1711 sine
1187 1647 1533 1730 BaptismO,
1563 1647 1822 1710 damne-

335 1755 455 1809 tur.
486 1747 769 1811 Secunda
809 1754 928 1821 est,
958 1766 1039 1809 an
1080 1746 1393 1809 minorem
1427 1746 1658 1809 habeat
1692 1764 1825 1828 poe-

1929 867 2161 934 renteS,
2193 860 2314 924 hoc
2342 868 2440 925 est
2467 861 2730 927 evidens
2764 860 3021 943 signum
3050 861 3219 943 quod
3251 860 3423 922 intus

1928 967 2079 1021 sunt
2115 959 2245 1022 duo
2290 961 2480 1023 corda
2519 960 2791 1023 latentia.
2835 960 3030 1034 Quale
3067 967 3202 1023 erat
3243 976 3422 1022 mon-

1930 1065 2133 1121 strum
2196 1059 2470 1123 duorum
2530 1060 2812 1142 capitum
2873 1067 2938 1123 et
2993 1059 3422 1141 perfectorum

1931 1156 2264 1232 collorum,
2314 1157 2486 1240 quod
2544 1177 2746 1221 unum
2801 1156 3026 1221 habuit
3083 1164 3275 1240 caput
3329 1157 3426 1220 ni-

1930 1274 2117 1337 grum
2177 1264 2241 1319 et
2287 1264 2636 1332 austerum,
2688 1257 3094 1339 multumque
3151 1256 3429 1339 pingue3

1934 1354 2208 1418 alterum
2238 1374 2388 1419 vero
2423 1363 2616 1439 caput
2643 1355 2886 1431 album,
2920 1356 3106 1419 valde
3137 1355 3436 1418 macilen-

1934 1460 2095 1529 tum,
2128 1453 2237 1516 sed
2280 1454 2496 1537 pium3
2536 1460 2601 1517 et
2639 1462 2911 1537 quatuor
2958 1453 3239 1528 brachia,
3279 1461 3434 1518 atta-

1936 1572 2085 1616 men
2126 1552 2520 1636 imperfecta.
2555 1554 2750 1616 Erant
2775 1561 2988 1617 autem
3019 1553 3146 1617 duo
3176 1552 3438 1615 brachia

1933 1651 2218 1735 perfecta
2261 1670 2410 1715 cum
2461 1651 2758 1714 manibus
2805 1651 2960 1726 suiS,
3004 1652 3126 1714 sita
3169 1652 3302 1713 suis
3352 1650 3438 1715 lo-

1933 1750 2026 1812 cis
2068 1767 2083 1812 :
2126 1769 2330 1813 unum
2379 1750 2732 1831 procedens
2777 1768 2854 1813 ex
2903 1750 3172 1813 humero
3220 1749 3434 1813 lateris

336 1864 476 1907 nam
518 1845 585 1907 in
632 1844 835 1908 limbo
879 1864 1073 1928 quam
1122 1843 1427 1927 parvulus
1469 1844 1817 1907 Sarraceni.
1859 1845 1907 1908 B
1934 1849 2123 1911 unius
2181 1849 2432 1931 capitiS,
2479 1847 2651 1910 aliud
2710 1867 2788 1911 ex
2844 1847 2970 1911 alio
3027 1847 3296 1911 humero
3354 1867 3431 1912 ex

337 1943 551 2017 Tertia,
598 1963 679 2007 an
726 1943 813 2006 sit
860 1943 927 2005 in
976 1942 1343 2007 coemeterio
1390 1942 1816 2023 sepeliendus.

335 2076 409 2087 -
442 2042 533 2105 Ad
581 2061 739 2124 quas
790 2040 1073 2105 breviter
1120 2040 1482 2123 respondet,
1526 2038 1818 2114 dicend0,

336 2141 491 2222 quod
522 2148 824 2223 quantum
856 2147 953 2202 est
981 2140 1061 2202 de
1090 2139 1227 2220 lege
1257 2138 1596 2212 communi,
1612 2137 1822 2201 infans

336 2240 435 2302 ille
474 2258 601 2303 non
646 2246 905 2302 renatus
950 2238 1307 2313 damnatur,
1349 2238 1643 2321 quamvis
1694 2256 1824 2300 cer-

336 2346 459 2400 tum
500 2338 584 2400 sit
621 2339 824 2401 Deum
868 2336 1375 2419 omnipotentem
1418 2355 1567 2399 cum
1610 2336 1822 2399 anima

334 2435 687 2515 hujusmodi
725 2452 914 2519 posse
950 2453 1137 2517 agere
1175 2434 1489 2518 quidquid
1529 2434 1653 2497 sibi
1693 2434 1825 2518 pla-

332 2534 533 2597 cuerit.
546 2533 641 2596 Ad
670 2533 1025 2597 secundum
1056 2534 1412 2615 respondet,
1429 2534 1594 2615 quod
1626 2553 1820 2617 quum

334 2652 439 2714 pro
481 2633 775 2714 originali
826 2639 1087 2715 peccato
1134 2632 1313 2696 nulla
1361 2651 1549 2715 poena
1595 2652 1819 2695 sensus

333 2730 670 2813 infligatur,
712 2731 781 2794 in
821 2750 951 2813 qua
992 2731 1313 2813 reperitur
1356 2730 1561 2812 majus
1601 2737 1665 2794 et
1704 2731 1819 2793 mi-

332 2848 463 2903 nuS,
493 2829 603 2893 sed
647 2829 861 2892 solum
903 2846 1091 2911 poena
1130 2828 1369 2902 damni,
1404 2828 1469 2891 in
1515 2848 1645 2911 qua
1692 2846 1819 2892 non

335 2935 425 2989 est
478 2927 685 3009 majus
746 2934 811 2991 et
868 2927 1106 3002 minua,
1168 2927 1311 2990 ideo
1368 2946 1536 2990 unus
1592 2927 1818 2990 talium

1933 1948 2127 2011 latere
2157 1948 2418 2011 alterius
2458 1947 2722 2030 capitis3
2755 1956 2818 2010 et
2846 1948 2971 2010 alia
3004 1948 3131 2011 duo
3170 1947 3429 2011 brachia

1931 2065 2125 2129 parva
2165 2065 2314 2110 cum
2355 2045 2650 2109 manibus
2693 2047 2928 2128 parviS‚
2961 2045 3221 2109 exibant
3261 2046 3428 2110 inter

1930 2146 2057 2208 duo
2086 2146 2296 2226 capita
2325 2163 2402 2207 ex
2434 2151 2610 2227 parte
2640 2143 2832 2217 dorsi,
2864 2164 2939 2206 ac
2969 2144 3024 2207 si
3054 2144 3182 2207 duo
3209 2163 3246 2207 a
3280 2144 3428 2207 late-

1932 2242 2109 2305 ribus
2146 2242 2488 2324 jungerent
2521 2261 2590 2305 se
2619 2242 3044 2317 strictissime,
3075 2249 3141 2306 et
3169 2242 3428 2306 brachia

1932 2340 2203 2404 laterum
2243 2340 2749 2422 contingentium
2789 2360 2858 2405 se
2895 2348 3188 2405 tenerent
3213 2349 3429 2405 exten-

1932 2447 1996 2503 ta
2033 2439 2113 2502 ad
2159 2446 2405 2522 partem
2451 2438 2618 2501 inter
2660 2456 2768 2501 eos
2812 2439 3249 2522 posteriorem.
3284 2439 3431 2514 Qui-

1931 2538 2053 2601 bus
2100 2536 2474 2619 suppositis,
2525 2536 2849 2600 videbitur
2893 2536 3058 2600 forte
3105 2538 3431 2620 aliquibus

1930 2635 2360 2709 sentiendum,
2399 2635 2567 2717 quod
2612 2634 2764 2697 talia
2807 2652 3093 2717 corpora,
3135 2636 3432 2718 quamvis

1929 2739 2278 2816 appareant
2333 2752 2534 2795 unum
2593 2732 2970 2796 continuum
3033 2726 3122 2794 in⁴
3156 2733 3431 2815 quadam

1929 2839 2131 2914 parte,
2186 2849 2314 2894 non
2361 2839 2577 2895 tamen
2638 2839 2789 2895 sunt
2834 2850 2982 2895 vere
3039 2832 3427 2906 continuata,

1930 2930 2041 2993 sed
2080 2948 2275 3012 opere
2313 2938 2553 2994 naturae
2591 2929 3188 3014 imperceptibiliter
3218 2948 3433 2993 conso-

336 3026 733 3106 parvulorum
802 3042 932 3087 non
995 3024 1189 3087 habet
1248 3024 1562 3087 minorem
1628 3042 1817 3106 quam
1857 3025 1901 3089 C
1931 3026 2121 3091 lidata
2180 3048 2294 3111 per
2341 3036 2568 3104 totum,
2619 3029 2699 3091 ab
2754 3028 3042 3092 humeris
3100 3046 3304 3111 usque
3349 3029 3428 3091 ad

335 3122 485 3187 alius
529 3143 809 3207 poenam.
841 3125 937 3187 Ad
979 3125 1239 3188 tertium
1280 3122 1457 3198 dicit,
1490 3123 1661 3206 quod
1700 3142 1822 3188 coe-

338 3224 662 3287 meterium
712 3223 889 3286 locus
938 3223 1022 3286 sit
1064 3222 1461 3305 sepelitionis
1510 3221 1822 3285 membro-

336 3339 467 3384 rum
514 3321 773 3396 Christi,
822 3320 1113 3384 filiorum
1163 3321 1481 3385 Ecclesiae.
1534 3320 1711 3384 Unde
1758 3328 1822 3382 et

336 3437 583 3502 corpora
612 3419 1315 3483 excommunicatorum
1343 3436 1471 3482 non
1502 3417 1820 3501 recipiun-

335 3524 429 3580 tur
468 3518 710 3582 ibidem
745 3538 761 3583 :
791 3519 939 3582 ideo
980 3537 1098 3582 nec
1142 3517 1287 3581 talis
1332 3517 1683 3581 infantulus
1724 3525 1822 3581 est

336 3614 395 3678 in
438 3615 805 3681 coemeterio
848 3616 1271 3700 sepeliendus

403 3715 693 3798 Amplius
723 3723 903 3778 sexto
933 3714 1311 3788 Quodlibeto
1342 3714 1706 3796 interrogat,
1737 3735 1819 3778 an

335 3821 605 3877 monstro
644 3813 856 3895 capita
890 3812 1017 3876 duo
1048 3812 1311 3876 habenti
1351 3813 1595 3895 imponi
1631 3813 1822 3876 debet

334 3929 551 3974 nomen
584 3930 791 3973 unum
821 3911 923 3974 vel
951 3911 1115 3990 duo;
1158 3917 1221 3973 et
1250 3918 1489 3985 utrum,
1522 3910 1815 3984 dicend0,

334 4009 453 4090 Ego
496 4019 557 4072 te
605 4009 883 4091 baptizO,
934 4008 1125 4072 ambo
1171 4009 1301 4072 sint
1348 4007 1671 4090 baptizati,
1716 4008 1819 4072 vel

332 4126 487 4171 unus
526 4115 798 4170 tantum.
844 4107 939 4170 Ad
980 4126 1123 4190 quae
1174 4106 1448 4169 multum
1497 4107 1821 4190 magistra-

332 4205 485 4280 litcr,
512 4206 813 4289 quamvis
850 4206 1115 4289 prolixe,
1150 4206 1491 4288 respondet
1524 4223 1539 4268 ε
1572 4205 1731 4280 Quia
1763 4206 1815 4268 si
1846 4208 1896 4270 D

328 4304 448 4366 sint
492 4305 559 4367 in
610 4311 897 4368 monstro
945 4304 1317 4387 huiusmodi
1374 4305 1603 4368 animae
1652 4305 1813 4380 duae,

328 4410 470 4465 sunt
506 4403 733 4485 utique
770 4403 1063 4467 homines
1104 4404 1251 4478 du0,
1285 4410 1350 4466 et
1387 4402 1515 4466 duo
1557 4403 1819 4467 nomina

328 4501 709 4564 conveniunt
753 4501 869 4575 οἰδ,
921 4508 1195 4583 suntque
1252 4501 1443 4565 ambo
1489 4501 1816 4583 sigillatim

328 4597 699 4681 baptizandi.
725 4600 823 4662 An
851 4616 1005 4662 vero
1033 4599 1162 4663 sint
1190 4599 1257 4662 in
1286 4617 1363 4664 eo
1391 4600 1621 4663 animae
1649 4600 1811 4675 duae,

328 4697 820 4779 perquirendum
860 4704 957 4759 est
993 4715 1107 4779 per
1144 4697 1288 4773 hoc,
1329 4717 1411 4759 an
1458 4696 1527 4760 in
1569 4715 1647 4760 eo
1687 4697 1817 4760 sint

326 4795 445 4857 duo
490 4795 683 4859 corda
729 4794 1103 4869 materialia,
1148 4803 1214 4858 et
1258 4795 1312 4858 si
1363 4797 1479 4870 sic,
1524 4803 1676 4858 sunt
1723 4795 1812 4858 ibi

326 4893 547 4958 animae
576 4894 737 4958 duae.
771 4893 867 4956 An
893 4911 1045 4957 vero
1073 4893 1203 4956 sint
1228 4895 1357 4956 duo
1385 4895 1596 4969 corda,
1630 4912 1813 4977 opor-

324 4997 410 5054 tet
434 4991 831 5074 perpendere
861 5011 939 5055 ex
970 4991 1297 5066 lateribuS,
1320 4993 1640 5074 quomodo
1668 5010 1814 5056 con—

324 5098 571 5154 currant
616 5091 682 5154 in
726 5090 938 5153 medio
978 5091 1253 5173 pectoris
1297 5097 1489 5173 atque
1524 5090 1587 5154 in
1628 5093 1813 5174 spina

324 5187 505 5252 dorsi.
556 5188 801 5271 Nempe
850 5189 903 5252 si
955 5188 1047 5250 ibi
1094 5197 1398 5272 appareat
1442 5189 1809 5271 prominen-

321 5285 401 5348 tia
446 5287 649 5369 major
696 5289 763 5350 in
814 5303 1081 5370 corpore
1131 5305 1279 5364 uno,
1322 5295 1385 5350 et
1429 5288 1705 5351 maxime
1754 5290 1807 5352 si

1930 3147 2133 3190 unum
2185 3128 2369 3203 latus,
2414 3127 2502 3190 ita
2541 3129 2710 3211 quod
2760 3127 3012 3191 nullum
3062 3125 3424 3191 membrum

1928 3233 2039 3288 aut
2068 3244 2399 3308 organum,
2431 3232 2544 3289 aut
2575 3235 2820 3308 partem
2861 3224 3156 3301 membri,
3189 3224 3427 3289 habent

1930 3342 2291 3388 commune.
2344 3326 2448 3388 Sic
2495 3326 2670 3388 enim
2717 3326 2859 3390 duae
2905 3326 3127 3390 formae
3174 3332 3238 3388 et
3285 3326 3426 3390 duae

1929 3424 2160 3487 animae
2190 3423 2528 3487 rationales
2559 3424 2849 3487 eamdem
2881 3423 3267 3506 perficerent
3297 3443 3427 3487 ma-

1928 3522 2156 3586 teriam
2201 3540 2216 3584 :
2258 3523 2429 3605 quod
2473 3523 2735 3586 omnino
2780 3530 2879 3584 est
2920 3522 3318 3605 impossibile
3360 3523 3428 3585 in

1930 3627 2172 3682 natura.
2208 3620 2330 3683 Sed
2362 3619 2512 3681 huic
2541 3619 2804 3682 omnino
2839 3619 3258 3682 contrariatur
3292 3639 3430 3684 sen-

1930 3737 2060 3792 suS‚
2093 3718 2200 3781 cui
2229 3719 2462 3780 durum
2496 3723 2592 3780 est
2623 3716 3056 3780 contradicere
3094 3717 3160 3781 in
3199 3735 3266 3779 re
3296 3725 3426 3780 tam

1929 3817 2193 3900 patenti,
2226 3823 2344 3879 etc.
2379 3816 2553 3878 Hanc
2587 3813 3040 3878 difficultatem
3069 3815 3296 3878 Doctor
3334 3832 3431 3879 so-

1930 3914 2138 3978 lennis
2174 3915 2420 3978 curiose
2459 3913 2886 3996 prosequitur,
2920 3913 3090 3995 quod
3131 3912 3424 3975 brevitati

1928 4014 2188 4077 studens
2229 4013 2537 4076 transilio.

1928 4266 2029 4325 De
2091 4262 2527 4325 charactere
2593 4261 3051 4336 baptismali,
3115 4265 3202 4324 cte
3261 4262 3427 4334 ejus

2014 4371 2476 4443 necessitate,
2550 4370 2901 4444 essentia,
2978 4370 3420 4444 definitione,

2014 4477 2370 4550 subjecta,
2433 4479 2814 4550 divisione,
2877 4475 3135 4549 effectu
3192 4478 3263 4539 et
3320 4480 3428 4540 tn·

2012 4585 2488 4659 delebilitate,
2521 4589 2919 4648 secundum
2953 4585 3429 4649 Guillelmum

2014 4697 2348 4769 aliosque
2385 4691 2743 4754 doctores.

2006 4895 2094 4958 De
2134 4895 2496 4958 charactere
2539 4892 2964 4975 quorumdam
3004 4900 3425 4954 sacramento-

1926 5013 2069 5056 rum
2112 4993 2496 5074 evangelicae
2539 4991 2697 5073 legis
2746 4989 3068 5072 praecipua
3112 4995 3210 5052 est
3249 4988 3422 5051 diffi-

1923 5093 2149 5167 cultas,
2181 5092 2335 5176 quid
2365 5092 2470 5166 sit,
2502 5098 2566 5154 et
2594 5110 2709 5153 cur
2737 5095 3022 5171 oporteat
3050 5107 3199 5150 eum
3231 5107 3370 5152 esse
3403 5109 3418 5154 ε

1924 5191 2277 5274 praesertim
2341 5190 2493 5272 quia
2551 5187 2797 5270 antiqui
2863 5187 3064 5249 sancti
3120 5186 3419 5250 Doctores

1922 5308 2150 5372 parum
2191 5296 2301 5352 aut
2340 5287 2504 5350 nihil
2547 5286 2695 5349 inde
2737 5285 2930 5349 locuti
2973 5284 3288 5348 videntur.
