4267 6250
1221 509 2684 570 mmnGABlTAffmmml‚m

3381 487 3510 557 4oe

400 690 531 747 tem
568 682 773 765 hujus
812 684 1061 768 peccati
1098 684 1393 748 sacerdos
1428 691 1749 766 agnoscat,
1780 682 1910 746 suf·
1934 682 1987 747 A
2096 682 2216 757 Qui
2243 683 2454 747 adhuc
2481 682 2653 747 circa
2673 684 2810 748 baec
2833 690 3046 748 movet
3069 680 3318 767 aliquas
3345 703 3514 765 quin-

402 781 545 845 ficit
592 782 769 864 quod
818 782 1138 846 confitens
1184 783 1309 846 boc
1356 789 1693 865 peccatum
1740 782 1911 845 dicat

404 880 471 942 in
503 880 816 960 generali,
846 882 1020 964 quod
1052 881 1209 943 dum
1246 880 1373 943 alia
1410 880 1612 943 multa
1647 886 1911 962 peccata

404 976 861 1051 confitebatur,
892 978 1089 1060 hujus
1132 978 1379 1060 peccati
1424 978 1549 1040 fuit
1588 976 1845 1040 oblitus.

482 1076 725 1139 Verum
766 1084 923 1141 tunc
966 1077 1199 1139 iterum
1248 1076 1578 1158 quaeritur,
1622 1076 1777 1158 quid
1826 1074 1909 1139 sit

402 1175 743 1255 agendum,
806 1175 1067 1257 quando
1130 1174 1425 1237 sacerdos
1492 1173 1907 1236 confitentem

402 1288 533 1335 non
563 1278 779 1353 potest
806 1271 888 1333 de
915 1270 1219 1334 omnibus
1258 1270 1369 1333 sed
1408 1270 1489 1332 de
1521 1270 1909 1352 quibusdam

400 1370 687 1451 peccatis
746 1368 1103 1432 absolvere.
1165 1369 1245 1431 Et
1308 1369 1677 1442 dicendum,
1736 1367 1906 1450 quod

398 1469 705 1551 quamvis
732 1467 1031 1531 sacerdos
1058 1485 1189 1531 non
1219 1467 1427 1529 valeat
1456 1466 1639 1529 illum
1670 1466 1749 1528 de
1776 1484 1908 1529 om-

398 1566 597 1628 nibus
636 1565 997 1639 absolvere,
1040 1565 1359 1628 confitens
1400 1572 1613 1627 tamen
1657 1572 1909 1626 tenetur

398 1664 461 1727 ei
528 1664 751 1727 omnia
816 1662 1137 1737 confiteri,
1208 1670 1523 1745 quatenus
1588 1661 1911 1728 confessor

384 1762 827 1844 ,quantitatem
858 1760 1057 1825 totius
1092 1760 1300 1842 culpae
1330 1768 1687 1844 cognoscat,
1718 1768 1909 1841 atque

2016 781 2256 844 stiones
2284 782 2365 844 de
2389 781 2734 845 effectibus
2763 780 3206 855 confessionis,
3227 801 3370 864 quae
3397 780 3515 844 dif-

2018 878 2372 942 ficultatem
2413 898 2538 944 non
2577 880 2838 953 babent,
2868 887 3060 963 atque
3087 898 3168 943 ex
3197 879 3514 961 praeindu-

2018 977 2139 1040 ctis
2167 978 2329 1040 solvi
2361 978 2634 1041 faciliter
2665 986 2929 1060 queunt.
2960 978 3118 1041 Nam
3147 978 3398 1059 quaerit,
3427 996 3508 1039 an

2016 1074 2336 1139 confessio
2363 1076 2593 1139 liberet
2619 1096 2658 1138 a
2687 1084 2888 1139 morte
2925 1076 3212 1158 peccati3
3239 1094 3324 1137 an
3353 1074 3510 1138 libe-

2016 1181 2115 1235 ret
2161 1174 2377 1255 aliquo
2425 1174 2614 1237 modo
2655 1193 2694 1236 a
2737 1192 2961 1256 poena3
3005 1180 3224 1236 utrum
3267 1172 3512 1256 aperiat

2017 1271 2426 1354 paradisum3
2473 1292 2554 1334 an
2603 1272 2844 1334 tribuat
2899 1290 3080 1353 spem
3125 1270 3370 1334 salutis.
3415 1272 3510 1333 Ad

2016 1388 2160 1452 quae
2201 1370 2420 1431 omnia
2461 1377 2634 1453 patet
2667 1390 2748 1433 ex
2785 1369 2977 1433 dictis
3011 1368 3262 1432 solutio.
3297 1367 3512 1432 Sacra·
3539 1388 3804 1444 cneum.

2018 1475 2234 1529 menta
2259 1468 2434 1530 enim
2465 1468 2849 1550 evangelicas
2889 1468 3044 1549 legis
3081 1466 3414 1529 continent
3447 1472 3512 1529 et
3537 1454 3642 1508 ⁸³·

2016 1564 2358 1627 conferunt
2413 1565 2704 1647 gratiam,
2769 1574 3046 1647 suntque
3107 1563 3512 1627 medicinalia
3535 1574 3804 1693 qeins.

2016 1680 2188 1737 vasa,
2221 1663 2684 1726 medicinarum
2727 1663 3155 1745 spiritualium
3200 1661 3510 1726 contenti-

2015 1779 2115 1822 va.
2165 1761 2240 1823 Et
2279 1761 2448 1824 sicut
2488 1762 2850 1844 Baptismus
2895 1761 3134 1823 directe
3179 1760 3510 1824 ordinatur
3538 1768 3806 1827 oppane·-

396 1859 482 1922 de
520 1859 629 1923 his
671 1879 710 1921 a
749 1858 989 1941 quibus
1027 1856 1361 1921 absolvere
1398 1858 1643 1940 nequit,
1686 1859 1765 1920 ad
1804 1876 1905 1919 su·
1942 1861 1991 1925 B
2020 1866 2240 1921 contra
2279 1859 2608 1941 originale,
2653 1860 2748 1922 sic
2787 1858 3162 1923 Poenitentia
3203 1877 3318 1921 seu
3365 1875 3512 1921 con-

398 1958 725 2041 periorem
769 1958 1069 2019 remittat.

480 2056 783 2137 Amplius
822 2054 1152 2137 quaeritur‚
1185 2072 1267 2116 an
1306 2053 1453 2136 quis
1484 2053 1685 2136 possit
1714 2052 1913 2116 confi-

394 2155 521 2217 teri
568 2172 689 2237 per
730 2154 931 2217 alium
970 2172 1085 2216 seu
1130 2171 1247 2236 per
1284 2152 1615 2234 scriptum.
1648 2152 1912 2215 Videtur

398 2254 577 2335 quod
616 2252 735 2327 sic,
768 2252 922 2334 quia
960 2259 1027 2315 et
1065 2252 1153 2314 ita
1190 2258 1401 2333 potest
1436 2250 1745 2313 sacerdoti
1776 2268 1911 2313 om-

398 2352 513 2414 nia
554 2370 673 2413 sua
716 2350 1045 2413 insinuare
1090 2357 1367 2431 peccata.
1412 2350 1547 2411 lmo
1586 2350 1907 2411 interdum

396 2456 659 2530 oportet
696 2467 817 2531 per
854 2448 1271 2530 interpretem
1308 2446 1625 2509 confiteri.
1660 2446 1739 2508 Et
1776 2464 1911 2507 rur-

400 2566 536 2617 sus,
570 2553 838 2628 propter
872 2543 1231 2607 absentiam
1276 2543 1623 2607 sacerdotis
1662 2543 1915 2605 videtur

400 2644 576 2707 istud
608 2642 999 2725 quandoque
1032 2660 1313 2705 necesse.
1348 2641 1909 2723 Respondendum,

400 2742 577 2824 quod
624 2740 948 2803 confessio
994 2745 1093 2803 est
1136 2748 1319 2803 actus
1360 2739 1616 2803 virtutis
1661 2746 1726 2801 et
1768 2758 1914 2821 pars

92 2854 371 2909 ιγψι-ισ.
400 2838 815 2912 sacramenti,
848 2845 921 2901 ut
958 2838 1203 2900 dictum
1242 2844 1341 2899 est
1368 2855 1555 2918 saepe.
1592 2836 1669 2898 Et
1696 2855 1915 2919 quam-

402 2937 505 3000 vis
556 2937 639 3000 ad
692 2954 835 2998 eam
894 2943 967 2997 ut
1019 2944 1119 2997 est
1170 2943 1353 2998 actus
1400 2934 1679 3009 virtutis,
1730 2935 1913 2998 suffi-

402 3042 583 3099 ceret
616 3034 1185 3116 qualitercumque
1213 3032 1423 3108 fieret,
1454 3035 1750 3117 quamvis
1788 3052 1914 3096 ma·
1942 3034 1987 3097 C

400 3135 507 3216 jor
556 3131 915 3196 difficultas
968 3139 1139 3195 esset
1186 3133 1251 3194 in
1300 3151 1429 3196 uno
1474 3133 1664 3196 modo
1720 3152 1911 3215 quam

401 3233 577 3310 alio;
620 3238 903 3294 attamen
944 3238 1016 3292 ut
1053 3238 1151 3293 est
1189 3250 1337 3313 pars
1374 3232 1777 3305 sacramenti,
1810 3231 1915 3293 ha-

402 3331 519 3395 bet
573 3338 793 3393 actum
857 3330 1377 3404 determinatum,
1438 3331 1607 3392 sicut
1666 3339 1733 3392 et
1788 3329 1913 3393 alia

402 3436 809 3494 sacramenta
866 3427 1104 3490 habent
1167 3427 1654 3490 determinatam
1715 3435 1911 3491 mate·

404 3529 591 3592 riam.
640 3527 717 3589 Et
758 3526 927 3589 sicut
966 3525 1033 3588 in
1075 3525 1420 3607 BaptismO,
1460 3526 1539 3588 ad
1578 3526 1912 3607 designan-

403 3628 561 3691 dum
605 3625 978 3688 interiorem
1016 3621 1433 3697 ablutionem,
1463 3625 1811 3686 assumitur
1840 3625 1913 3687 il·

402 3725 519 3788 lud
566 3723 963 3788 elementum
1015 3721 1203 3803 cujus
1250 3728 1349 3784 est
1396 3721 1713 3785 maximus
1760 3742 1913 3785 usus

406 3823 475 3886 in
502 3822 872 3900 abluend03
916 3821 1003 3883 ita
1040 3821 1110 3883 in
1148 3828 1297 3883 actu
1338 3821 1802 3894 sacramentali,
1834 3822 1911 3884 ad

408 3919 979 3992 manifestandum,
1039 3919 1329 3983 ordinate
1394 3919 1745 3981 assumitur
1806 3919 1913 3982 ille

404 4029 589 4084 actus
638 4035 770 4100 quo
819 4017 1097 4081 maxime
1150 4017 1607 4081 consuevimus
1654 4018 1915 4080 manife-

404 4128 601 4192 stare,
636 4124 857 4199 utpote
890 4118 1223 4200 proprium
1253 4117 1549 4180 verbum.
1583 4116 1709 4179 Alii
1738 4117 1911 4180 enim

2020 1956 2214 2020 fessio
2263 1966 2481 2021 contra
2521 1958 2788 2020 actuale.
2829 1957 2926 2020 Ab
2965 1958 3256 2038 ingressu
3295 1967 3508 2020 autem

2020 2055 2298 2137 paradisi
2343 2055 2622 2118 coelestis
2665 2056 2756 2117 nil
2802 2054 3072 2137 impedit
3117 2054 3244 2117 nisi
3292 2072 3513 2136 pecca·

2022 2160 2160 2214 tum
2211 2171 2226 2215 :
2277 2154 2518 2216 idcirco
2565 2152 2686 2216 hoc
2733 2161 3204 2216 sacramentum
3251 2169 3328 2216 eo
3375 2152 3514 2235 ipso

2022 2270 2152 2335 quo
2177 2252 2388 2315 aufert
2415 2260 2772 2335 peccatum,
2801 2252 3010 2333 aperit
3032 2252 3296 2334 januam
3335 2251 3512 2332 regni

2022 2369 2138 2432 per
2175 2351 2436 2414 modum
2477 2350 2816 2414 meritoriae
2849 2368 3075 2413 causae.
3118 2350 3224 2414 Sic
3259 2367 3516 2431 quoque

2020 2450 2190 2531 parit
2213 2467 2290 2511 ac
2321 2447 2540 2510 influit
2567 2466 2748 2529 spem
2777 2448 3024 2523 salutis,
3057 2467 3096 2510 a
3121 2466 3249 2530 qua
3279 2448 3370 2509 nil
3403 2448 3518 2519 im·

2022 2546 2200 2629 pedit
2243 2546 2368 2608 nisi
2419 2546 2742 2628 iniquitas.
2793 2546 2960 2608 Parit
3008 2562 3266 2628 quoque
3313 2544 3515 2608 confi-

2020 2645 2300 2707 dentiam
2327 2662 2400 2706 ac
2425 2644 2856 2707 testimonium
2881 2644 3288 2707 conscientia)
3311 2642 3510 2707 bonta.

2099 2743 2423 2804 Postremo
2461 2742 2566 2805 hic
2599 2741 2908 2824 quaeritur
2933 2742 3014 2804 de
3043 2741 3516 2805 conditionibus

2022 2860 2134 2905 seu
2179 2838 2676 2922 proprietatibus
2715 2839 3158 2913 confessionis,
3202 2859 3346 2922 quae
3385 2847 3518 2902 tan-

2020 2946 2260 3019 guntur
2299 2938 2400 3001 his
2443 2938 2736 3001 versibus
2769 2956 2784 2999 ε

2020 3118 2106 3170 Sit
2141 3117 2398 3184 simplex,
2420 3117 2650 3170 humilis
2678 3118 2984 3180 confessi0,
3007 3133 3169 3184 pura,
3189 3117 3386 3180 fidelis,

2021 3202 2206 3264 Atque
2228 3200 2510 3264 frequens,
2525 3201 2688 3260 nuda,
2700 3201 2960 3260 discreta,
2976 3200 3169 3259 libenS,
3181 3201 3516 3259 verecunda,

2021 3280 2262 3343 Integra,
2285 3285 2522 3340 secreta,
2547 3280 2927 3341 lacrimabilis,
2951 3280 3284 3340 accelerata,

2022 3361 2206 3412 Fortis
2236 3365 2292 3410 et
2317 3375 2620 3421 accusans,
2652 3365 2709 3412 et
2738 3361 2812 3412 sit
2838 3375 3036 3427 parere
3065 3365 3280 3427 parata.

2021 3523 2239 3605 Itaque
2282 3522 2508 3584 harum
2552 3522 2992 3586 conditionum
3035 3525 3326 3606 quaedam
3369 3532 3520 3588 sunt

2019 3622 2099 3684 de
2159 3620 2531 3684 necessitate
2588 3621 3030 3697 confessionis,
3089 3622 3380 3704 quasdam
3437 3623 3518 3686 de

2022 3719 2187 3783 bene
2243 3737 2384 3781 esse
2443 3719 2666 3802 ipsius.
2719 3719 2806 3782 Ea
2859 3721 3122 3783 demum
3171 3740 3314 3803 quae
3369 3729 3520 3784 sunt

2021 3818 2101 3880 de
2130 3817 2507 3880 necessitate
2537 3817 2976 3892 confessionis,
3007 3826 3118 3881 aut
3147 3827 3520 3902 competunt

2022 3917 2083 3978 ei
2128 3916 2194 3978 in
2238 3922 2550 3998 quantum
2588 3924 2688 3978 est
2730 3924 2910 3978 actus
2954 3917 3233 3992 virtutis,
3277 3926 3387 3980 aut
3423 3938 3518 3981 se-

2024 4013 2308 4076 cundum
2339 4015 2510 4096 quod
2547 4022 2647 4077 est
2683 4032 2828 4096 pars
2864 4016 3264 4078 sacramenti.
3297 4016 3361 4080 Si
3391 4017 3518 4098 pri-

2024 4128 2131 4173 mo
2171 4111 2379 4184 modo,
2419 4120 2530 4174 aut
2576 4113 2821 4174 ratione
2858 4112 3113 4176 virtutis
3155 4113 3220 4176 in
3261 4131 3515 4195 genere,

405 4218 583 4282 modi
626 4223 780 4279 sunt
816 4216 1062 4278 inducti
1102 4217 1169 4278 in
1210 4214 1731 4298 supplementum
1760 4215 1913 4297 ipsi·
1943 4212 1993 4275 D
2022 4216 2134 4271 aut
2163 4209 2406 4272 ratione
2436 4210 2734 4292 specialis
2763 4209 3018 4273 virtutis
3057 4211 3246 4293 cujus
3284 4221 3382 4275 est
3417 4231 3519 4276 ac-

404 4336 503 4379 us.
536 4316 737 4380 Porro
776 4315 843 4378 in
884 4332 960 4378 eo
996 4314 1107 4396 qui
1150 4332 1339 4376 usum
1378 4313 1611 4396 linguae
1648 4331 1777 4376 non
1809 4313 1913 4376 ha-

406 4413 539 4489 bet,
593 4420 753 4495 puta
791 4413 857 4475 in
924 4420 1122 4486 muto,
1172 4412 1275 4474 vel
1329 4412 1443 4494 qui
1500 4418 1597 4474 est
1650 4411 1913 4474 alterius

407 4512 669 4594 linguae,
718 4509 969 4573 sufficit
1012 4510 1182 4592 quod
1227 4529 1343 4592 per
1384 4517 1613 4572 nutum
1662 4516 1771 4572 aut
1819 4510 1911 4573 in·

405 4616 757 4693 terpretem
798 4605 1185 4670 confiteatur
1216 4626 1231 4670 :
1272 4609 1576 4690 quoniam
1618 4625 1743 4670 non
1782 4609 1913 4670 exi-

405 4708 585 4790 gitur
622 4705 707 4769 ab
744 4705 1009 4768 homine
1052 4705 1198 4788 plus
1238 4725 1432 4789 quam
1462 4705 1681 4787 possit.
1714 4706 1785 4767 In
1813 4705 1918 4768 ab·

407 4805 619 4870 sentia
677 4822 935 4886 quoque
1000 4805 1245 4887 proprii
1306 4803 1651 4866 sacerdotis
1708 4811 1917 4886 potest

406 4905 607 4968 etiam
640 4903 803 4968 laico
833 4902 979 4966 fieri
1012 4902 1329 4965 confessio
1361 4919 1377 4964 τ
1410 4902 1552 4965 ideo
1582 4918 1709 4965 non
1738 4918 1919 4984 opor-

408 5013 501 5069 tet
529 5004 705 5086 quod
734 5002 853 5065 fiat
882 5020 999 5084 per
1034 5001 1370 5083 scriptum,
1403 4999 1555 5084 quia
1592 5000 1739 5084 plus
1779 5020 1917 5084 per·

409 5103 575 5165 tinet
620 5101 703 5164 ad
751 5099 1200 5163 necessitatem
1260 5098 1681 5162 confessionis
1735 5107 1916 5163 actus

412 5201 545 5275 ille,
596 5218 794 5282 quam
854 5199 909 5262 is
964 5197 1068 5260 cui
1129 5196 1207 5259 rit
1257 5195 1593 5260 confessio.
1645 5233 1728 5244 —-
1773 5199 1915 5262 Haec

410 5297 705 5362 Thomas.

2022 4315 2147 4370 tus.
2203 4308 2293 4370 Ex
2349 4309 2592 4372 ratione
2646 4317 2863 4373 autem
2919 4318 3099 4373 actus
3148 4311 3406 4375 virtutis
3453 4313 3520 4374 in

2022 4425 2255 4488 genere
2286 4414 2435 4469 sunt
2463 4415 2735 4489 quatuor
2763 4409 3178 4483 conditiones»,
3202 4417 3274 4472 ut
3299 4428 3524 4473 secun-

2022 4506 2105 4567 do
2142 4505 2510 4567 Ethicorum
2553 4505 2840 4569 habetur.
2874 4507 3080 4570 Prima
3117 4517 3234 4582 est,
3270 4517 3340 4571 ut
3375 4509 3521 4591 quis

2022 4603 2106 4665 sit
2144 4603 2353 4666 sciens
2388 4621 2402 4665 τ
2436 4611 2500 4666 et
2541 4611 2852 4686 quantum
2892 4605 2972 4667 ad
3015 4606 3158 4680 hoc,
3204 4607 3520 4671 confessio

2022 4701 2258 4764 dicitur
2285 4719 2425 4764 esse
2453 4703 2760 4771 discreta,
2791 4703 3144 4765 secundum
3176 4705 3344 4785 quod
3375 4724 3523 4787 pru-

2022 4799 2240 4863 dentia
2287 4799 2638 4881 requiritur
2675 4800 2739 4860 in
2785 4807 2931 4862 actu
2975 4801 3186 4864 omnis
3229 4801 3517 4883 virtutis3

2024 4907 2085 4962 et
2116 4897 2416 4961 discretio
2457 4899 2575 4960 ista
2614 4897 2904 4960 consistit
2940 4898 3007 4960 in
3042 4899 3184 4974 hoc,
3217 4908 3288 4962 ut
3325 4902 3522 4983 majo-

2024 5017 2095 5060 ra
2132 5003 2390 5078 peccata
2439 5014 2587 5057 cum
2628 4995 2852 5077 majori
2893 4998 3172 5078 pondere
3219 4999 3522 5064 confitea-

2024 5104 2146 5158 tur.
2196 5095 2488 5158 Secunda
2535 5094 2816 5157 conditio
2863 5095 3120 5159 virtutis
3169 5105 3285 5172 est,
3335 5105 3406 5160 ut
3438 5099 3522 5161 sit

2024 5193 2291 5274 eligens,
2324 5193 2628 5275 quoniam
2665 5198 2844 5255 actus
2886 5193 3196 5257 virtutum
3237 5195 3522 5259 volunta-

2026 5293 2105 5356 rii
2139 5311 2279 5356 esse
2307 5291 2542 5356 debent
2575 5309 2590 5356 ε
2625 5299 2690 5356 et
2725 5301 3036 5374 quantum
3073 5294 3152 5357 ad
3191 5294 3332 5370 hoc,
3363 5295 3520 5359 dici-
