4267 6250
855 467 937 531 62
1546 489 1608 536 m
1649 489 1872 535 mamm
1913 489 1974 534 xv
2015 487 2501 534 an'rENTIARuu.
2542 505 2623 516 —
2664 487 2816 534 msr.
2862 489 2923 551 ¹3
2965 488 3191 544 Quas-1¹.
3232 489 3271 534 v

855 655 1124 718 virtutes
1173 664 1236 719 et
1285 658 1449 719 dona
1490 656 1567 717 ad
1614 654 2080 737 perficiendum
2132 661 2351 736 poten·
2381 653 2433 716 A
2463 655 2607 717 dam
2650 654 3107 736 perfectionem
3146 653 3563 717 determinate
3605 653 3961 716 ordinatam

853 753 973 816 tias
1019 755 1269 827 animae,
1309 755 1474 817 sicut
1522 754 1738 816 fluunt
1786 754 2084 835 potentiae
2131 751 2211 815 ab
2261 770 2353 814 es-

851 853 1073 915 sentia.
1110 853 1600 934 Distinguuntur
1641 858 1855 914 autem
1905 851 2040 914 istae
2082 850 2351 913 virtutes

850 951 1203 1013 secundum
1245 959 1422 1014 actus
1462 951 1745 1014 diversos
1784 949 1864 1013 ad
1902 967 2061 1032 quos
2102 955 2353 1030 oportet

850 1048 1164 1129 potentias
1195 1049 1424 1111 animae
1455 1046 1705 1129 perfici.
1741 1046 2049 1109 Similiter
2077 1065 2114 1108 a
2150 1045 2351 1126 gratia

851 1165 991 1227 quae
1030 1154 1128 1209 est
1157 1146 1223 1208 in
1263 1146 1541 1209 essentia
1579 1145 1830 1218 animae,
1865 1142 2076 1206 effluit
2105 1142 2347 1224 aliquid

848 1244 926 1306 ad
975 1244 1399 1326 reparandum
1459 1242 1747 1306 defectus
1796 1242 1907 1324 qui
1961 1259 2040 1305 ex
2090 1247 2349 1324 peccato

851 1342 1230 1404 inciderunt.
1286 1342 1362 1403 Et
1418 1341 1539 1403 hoc
1597 1339 2069 1403 diversificatur
2125 1356 2350 1400 secun-

850 1442 1003 1504 dum
1035 1442 1467 1504 diversitatem
1498 1440 1886 1503 defectuum.
1911 1439 2032 1502 Sed
2064 1439 2216 1522 quia
2244 1439 2350 1500 de-

850 1540 1056 1602 fectus
1099 1540 1469 1621 hujusmodi
1513 1558 1640 1602 non
1684 1545 1835 1601 sunt
1877 1538 1963 1600 ita
2009 1538 2145 1601 noti
2185 1538 2352 1600 sicut

848 1646 1026 1701 actus
1058 1640 1135 1701 ad
1166 1656 1326 1720 quos
1354 1638 1622 1701 virtutes
1663 1635 2033 1718 perficiunt,
2069 1636 2211 1698 ideo
2244 1635 2349 1698 hic

847 1736 1118 1800 effectus
1150 1737 1228 1799 ad
1260 1736 1682 1818 reparandum
1713 1733 2059 1809 defectum,
2085 1751 2212 1796 non
2244 1734 2349 1796 ha-

2460 753 2537 814 ad
2580 753 2870 835 proprios
2908 761 3087 816 actus
3132 752 3596 835 potentiarum3
3628 752 3720 814 sic
3758 752 3962 832 gratia

2460 852 2933 914 sacramentalis
2990 851 3165 914 addit
3220 870 3414 933 super
3463 850 3730 931 gratiam
3790 867 3963 913 com-

2461 948 2743 1011 muniter
2770 949 3028 1023 dictam,
3063 956 3125 1010 et
3153 968 3348 1032 supra
3374 949 3642 1011 virtutes
3676 955 3741 1010 et
3769 948 3957 1022 dona,

2458 1048 2777 1129 quoddam
2808 1048 3095 1110 divinum
3124 1047 3433 1110 auxilium
3463 1048 3541 1109 ad
3573 1065 3963 1128 consequen·

2458 1146 2613 1208 dum
2662 1146 3039 1209 sacramenti
3096 1145 3377 1208 fructum
3424 1152 3488 1208 et
3541 1144 3760 1207 finem.
3812 1145 3961 1207 ldeo

2458 1244 2659 1324 gratia
2686 1244 3161 1307 sacramentalis
3191 1263 3594 1326 nequaquam
3626 1242 3962 1326 superflua

2460 1349 2572 1404 est.
2607 1343 2907 1417 Quamvis
2946 1342 3119 1404 enim
3158 1343 3360 1424 gratia
3396 1342 3707 1404 virtutum
3749 1349 3813 1404 et
3852 1341 3961 1404 do-

2458 1457 2687 1502 norum
2735 1439 3136 1503 sufficienter
3180 1439 3437 1522 perficit
3475 1441 3817 1502 essentiam
3870 1447 3960 1501 at-

2458 1555 2584 1618 que
2613 1539 2928 1620 potentias
2956 1539 3187 1602 animae
3218 1545 3523 1620 quantum
3556 1538 3634 1600 ad
3662 1538 3963 1600 ordinati-

2458 1654 2644 1699 onem
2678 1643 2936 1699 actuum
2968 1636 3366 1718 generalem3
3397 1644 3610 1698 tamen
3640 1643 3957 1719 quantum

2458 1735 2536 1796 ad
2582 1736 2887 1817 quosdam
2929 1735 3236 1818 speciales
3274 1734 3545 1797 effectus
3590 1735 3699 1816 qui
3745 1735 3957 1816 requi-

847 1834 954 1897 bet
983 1834 1256 1917 speciale
1288 1852 1540 1909 nomen,
1555 1832 2094 1916 quemadmodum
2124 1832 2344 1907 virtus,
2383 1834 2430 1897 B
2462 1841 2687 1896 runtur
2718 1835 2783 1896 in
2813 1835 2944 1897 vita
2972 1833 3337 1909 christiana,
3354 1833 3829 1896 sacramentalis
3860 1853 3957 1895 re-

847 1933 956 1996 sed
1007 1934 1239 1995 retinet
1286 1950 1519 1996 nomen
1568 1952 1698 1995 suae
1740 1951 1967 2006 causae,
2005 1937 2069 1993 ct
2114 1930 2349 1992 dicitur

844 2033 1046 2112 gratia
1093 2030 1590 2105 sacramentalis,
1623 2030 1700 2091 ad
1748 2049 1941 2112 quam
1991 2047 2347 2092 sacramen-

847 2136 910 2192 ta
957 2130 1330 2192 ordinantur
1377 2128 1616 2191 directe
1661 2145 1676 2189 z
1725 2148 1867 2210 quae
1920 2128 2181 2211 quidem
2233 2146 2347 2189 ne·

848 2229 988 2309 quit
1016 2247 1156 2290 esse
1185 2227 1323 2289 sinc
1352 2226 1553 2308 gratia
1582 2226 1962 2308 respiciente
2002 2226 2346 2288 essentiam

849 2325 1100 2398 animae,
1152 2325 1318 2387 sicut
1366 2343 1484 2386 nec
1532 2325 1820 2386 virtutes.
1867 2325 2161 2386 Attamen
2209 2342 2348 2404 gra-

847 2425 937 2486 tia
980 2443 1122 2505 quae
1161 2431 1258 2486 est
1296 2423 1362 2484 in
1407 2423 1684 2486 essentia
1724 2422 1973 2496 animae,
2007 2440 2133 2485 non
2180 2422 2348 2484 valet

848 2541 988 2584 esse
1018 2523 1156 2584 sine
1188 2520 1534 2584 virtutibus
1569 2539 1582 2582 ε
1619 2521 1857 2583 idcirco
1891 2521 2160 2584 virtutes
2199 2539 2347 2583 con·

847 2619 1186 2682 nexionem
1235 2618 1474 2681 habent
1523 2619 1585 2679 in
1639 2637 1730 2680 ea.
1785 2617 1904 2680 Sed
1950 2625 2160 2701 potest
2206 2637 2347 2680 esse

847 2719 984 2780 sine
1031 2717 1232 2798 gratia
1281 2715 1721 2779 sacramentali
1759 2733 1772 2778 ε
1809 2716 1950 2779 ideo
1992 2717 2208 2797 gratiae
2252 2736 2346 2779 sa-

846 2817 1262 2878 cramentales
1295 2814 1756 2878 connexionem
1789 2832 1914 2877 non
1946 2814 2203 2876 habent.
2224 2814 2349 2877 Sic-

847 2932 972 2996 que
1002 2920 1194 2996 patet,
1221 2913 1390 2994 quod
1421 2912 1622 2993 gratia
1649 2931 1843 2995 quam
1875 2919 2345 2974 sacramentum

2458 1933 2737 2014 quiritur
2783 1932 3000 2014 gratia.
3054 1932 3362 2014 Denique,
3415 1951 3529 2014 per
3576 1932 3844 1994 virtutes
3892 1939 3961 1993 et

2458 2030 2623 2091 dona
2652 2030 3079 2092 excluduntur
3108 2030 3508 2093 sufficienter
3536 2029 3692 2093 vitia
3719 2037 3786 2092 et
3813 2048 3959 2112 pec-

2458 2135 2597 2190 cata
2640 2137 2949 2210 quantum
2989 2130 3068 2192 ad
3114 2147 3391 2212 praesens
3435 2136 3501 2191 et
3541 2129 3855 2202 futurum,
3889 2128 3958 2190 in

2457 2235 2768 2309 quantum
2800 2247 2913 2310 per
2942 2229 3211 2290 virtutes
3242 2235 3305 2290 et
3341 2228 3507 2291 dona
3536 2228 3728 2290 homo
3760 2234 3958 2289 retra-

2458 2326 2632 2388 hitur
2659 2346 2697 2388 a
2727 2334 3021 2408 peccat03
3056 2334 3365 2409 quantum
3396 2344 3549 2390 vero
3578 2326 3656 2388 ad
3696 2333 3959 2409 peccata

2458 2425 2795 2507 praeterita,
2828 2444 2969 2507 quae
3018 2431 3349 2487 transeunt
3394 2433 3539 2487 actu
3584 2433 3647 2486 et
3695 2432 3959 2487 manent

2458 2530 2657 2598 reatu,
2688 2523 3027 2586 adhibetur
3070 2523 3315 2586 homini
3356 2523 3718 2606 specialiter
3754 2541 3960 2586 reme-

2456 2621 2635 2683 dium
2685 2641 2801 2704 per
2849 2629 3259 2684 sacramenta.
3296 2621 3509 2685 Gratia
3556 2640 3809 2704 quoque
3859 2641 3957 2684 sa-

2458 2720 2861 2782 cramentalis
2918 2721 2995 2782 ad
3052 2721 3317 2802 gratiam
3377 2720 3804 2782 communiter
3861 2721 3957 2783 di-

2457 2825 2623 2879 ctam
2664 2837 2731 2879 se
2776 2817 2965 2881 habet
3006 2826 3076 2880 ut
3119 2819 3364 2901 species
3409 2819 3485 2881 ad
3524 2837 3725 2900 genus
3761 2837 3775 2881 :
3812 2819 3958 2883 ideo

2456 2917 2657 2996 gratia
2702 2917 3129 2979 communiter
3177 2917 3342 2979 dicta
3388 2925 3453 2979 et
3496 2918 3699 2998 gratia
3748 2937 3957 2980 sacra-

845 3013 1084 3074 directe
1131 3010 1434 3085 continet,
1483 3009 1704 3073 differt
1746 3030 1783 3073 a
1819 3011 2019 3092 gratia
2064 3029 2207 3092 quae
2250 3018 2347 3072 est
2383 3013 2427 3076 C
2460 2999 2752 3077 mentalis
2819 3033 2945 3077 non
3014 3016 3317 3077 dicuntur
3380 3016 3727 3099 aequivoce,
3789 3017 3961 3078 sicut

847 3111 912 3173 in
956 3109 1302 3174 virtutibus
1347 3117 1411 3173 et
1459 3109 1526 3171 in
1575 3108 1783 3183 doniS,
1819 3109 2110 3191 quamvis
2150 3109 2343 3171 etiam
2456 3132 2585 3176 non
2624 3113 2948 3196 aequivoce
2986 3113 3221 3176 dicitur
3251 3113 3488 3177 animal
3527 3114 3962 3177 communiter

847 3210 1022 3272 illam
1072 3208 1337 3290 gratiam
1383 3226 1497 3290 per
1541 3208 1879 3289 quamdam
1932 3208 2349 3270 continuatio-
2456 3210 2723 3285 dictum‚
2765 3218 2827 3273 et
2867 3229 2982 3294 pro
3019 3211 3279 3273 homine
3319 3218 3667 3294 sumptum.
3702 3248 3783 3257 —
3811 3212 3959 3275 Haec

847 3328 994 3371 nem
1042 3308 1424 3370 contineant.
1460 3308 1677 3388 ltaque
1720 3306 1922 3387 gratia
1963 3313 2214 3387 gratum
2260 3306 2349 3369 fa·
2458 3309 2522 3370 in
2552 3310 2833 3371 Summa.
2867 3311 2935 3372 In
2977 3309 3213 3391 quibus
3243 3310 3413 3391 quod
3452 3310 3562 3383 ait,
3594 3310 3863 3373 virtutes
3892 3318 3960 3372 et

846 3408 1044 3483 cienS,
1099 3414 1288 3488 prout
1333 3412 1430 3469 est
1476 3405 1542 3467 in
1592 3405 1867 3467 essentia
1913 3405 2165 3478 animae,
2221 3425 2347 3468 una
2456 3407 2621 3469 dona
2649 3426 2945 3470 emanare
2974 3426 3051 3470 ex
3080 3407 3299 3489 gratia,
3336 3407 3823 3489 intelligendum
3859 3416 3961 3470 est

844 3512 975 3583 θεὶς
1008 3505 1118 3567 sed
1159 3503 1511 3566 secundum
1555 3502 1723 3585 quod
1764 3502 1912 3565 fluit
1939 3503 2018 3565 ad
2058 3501 2346 3565 defectus
2452 3505 2636 3586 juxta
2674 3524 2934 3567 sensum
2979 3523 3107 3588 quo
3155 3506 3381 3568 asserit
3426 3505 3843 3587 AugustinuS‚
3874 3525 3959 3570 ex

841 3603 1270 3687 potentiarum
1300 3602 1612 3664 tollendos
1653 3608 1718 3663 et
1753 3601 1828 3663 ad
1874 3600 2191 3683 potentias
2218 3601 2349 3663 ani-

842 3722 962 3767 mae
993 3701 1438 3785 perficiendaS,
1457 3699 1939 3782 multiplicatur.
1959 3699 2172 3763 Gratia
2202 3718 2351 3783 quo-

840 3822 966 3885 que
1033 3802 1345 3865 virtutum
1413 3800 1759 3883 opponitur
1829 3806 2092 3881 peccato
2160 3806 2349 3881 prout

840 3910 1176 3984 peccatum
1223 3899 1758 3963 inordinationem
1807 3897 2092 3960 continet
2130 3905 2347 3978 actus3

839 4000 1039 4080 gratia
1067 4015 1220 4061 vero
1257 3996 1736 4060 sacramentalis
1781 4003 2042 4077 peccato
2083 3996 2351 4078 opponi-

841 4106 947 4161 tur
984 4096 1338 4160 secundum
1378 4096 1548 4177 quod
1579 4095 1873 4157 vulnerat
1913 4094 2200 4156 naturale
2244 4093 2352 4157 bo-

2456 3603 2589 3665 fide
2628 3604 2971 3686 procedere
3012 3622 3216 3686 spem,
3248 3610 3439 3685 atque
3476 3622 3553 3665 ex
3586 3622 3699 3686 spe
3729 3605 3957 3667 carita-

2456 3709 2587 3765 tem
2623 3720 2637 3763 :
2669 3702 2839 3784 quod
2878 3702 3363 3782 intelligendum
3399 3710 3497 3764 est
3531 3710 3843 3783 quantum
3875 3704 3957 3765 ad

2457 3809 2635 3863 actus
2682 3801 3013 3863 virtutum.
3066 3800 3202 3863 Non
3254 3801 3427 3863 enim
3478 3800 3733 3864 habitus
3788 3821 3960 3865 unus

2458 3907 2755 3963 causatur
2781 3918 2858 3962 ex
2889 3917 3038 3973 uno,
3073 3899 3184 3961 sed
3214 3898 3408 3961 simul
3437 3899 3714 3981 desuper
3744 3899 3963 3963 infun-

2458 4000 2716 4062 duntur.

2538 4098 2727 4161 Porro
2754 4097 2972 4160 Petrus
3005 4096 3069 4158 in
3101 4096 3201 4159 his
3230 4097 3414 4160 aliter
3444 4097 3759 4161 sentiens:
3780 4098 3963 4162 Sicut

847 4216 1003 4260 num
1035 4194 1482 4278 potentiarum.
1505 4193 1648 4255 Haec
1679 4192 1948 4254 Thomas
1981 4192 2045 4253 in
2078 4192 2343 4275 Scripto.
2379 4198 2428 4259 D
2461 4217 2587 4261 una
2621 4196 2766 4277 (ait)
2802 4202 2899 4258 est
2935 4196 3169 4270 anima,
3202 4214 3237 4256 a
3274 4214 3402 4277 qua
3436 4195 3652 4258 fluunt
3688 4197 3963 4261 diversae

937 4295 1169 4357 Eadem
1201 4291 1425 4355 scribit
1453 4292 1518 4353 in
1549 4290 1738 4353 tertia
1769 4299 1965 4373 parte,
1994 4292 2349 4373 quaestione

623 4418 706 4459 ιι-ι.
728 4415 769 4457 2.
852 4393 1245 4475 sexagesima
1271 4390 1570 4464 secunda,
1598 4397 1663 4452 et
1689 4389 1863 4451 addit
1898 4406 1913 4451 t
1947 4390 2351 4453 Sacramenta

850 4494 1227 4558 ordinantur
1263 4491 1340 4552 ad
1382 4489 1688 4572 quosdam
1729 4488 2037 4570 speciales
2077 4488 2349 4553 effectus

851 4590 1242 4656 necessarios
1271 4588 1335 4651 in
1365 4588 1496 4650 vita
1523 4586 1881 4661 christiana,
1898 4594 1965 4649 ut
1995 4588 2349 4671 Baptismus

851 4693 930 4755 ad
969 4688 1369 4773 spiritualem
1410 4686 1975 4767 regenerationem,
2009 4706 2125 4769 per
2156 4706 2348 4769 quam

852 4792 1043 4853 homo
1110 4786 1382 4850 moritur
1447 4784 1645 4857 vitiis,
1713 4783 1918 4866 fitque
1987 4785 2348 4848 membrum

851 4888 1081 4954 Christi
1118 4904 1132 4949 ε
1168 4884 1279 4967 qui
1323 4883 1596 4946 effectus
1640 4890 1736 4944 est
1783 4882 2024 4965 aliquid
2073 4885 2349 4966 speciale

850 4996 1081 5072 praeter
1125 4992 1305 5047 actus
1356 4980 1781 5064 potentiarum
1830 4982 2092 5063 animae3
2143 4991 2206 5045 et
2254 5003 2352 5047 ca-

850 5088 998 5150 dem
1039 5083 1199 5146 ratio
1235 5088 1334 5144 est
1373 5080 1438 5142 in
1477 5078 1620 5142 aliis
1663 5081 2091 5143 sacramentis
2126 5082 2352 5155 Quem-

850 5183 1198 5248 admodum
1253 5197 1405 5261 ergo
1451 5178 1718 5241 virtutes
1777 5186 1841 5241 et
1891 5180 2054 5242 dona
2109 5181 2354 5243 addunt

853 5300 1048 5367 super
1075 5279 1344 5363 gratiam
1378 5277 1805 5340 communiter
1834 5277 2091 5353 dictam,
2126 5298 2349 5363 quam-

2462 4294 2759 4378 potentiae
2796 4312 2868 4356 ac
2916 4299 3125 4356 motus
3169 4293 3441 4373 diversi3
3475 4294 3561 4356 ita
3603 4295 3961 4358 essentiali-

2460 4403 2557 4457 ter
2603 4413 2729 4456 una
2778 4400 2875 4455 est
2914 4392 3113 4473 gratia
3154 4399 3404 4473 gratum
3450 4390 3715 4465 facienS,
3746 4412 3784 4455 a
3830 4411 3965 4474 qua

2458 4494 2674 4556 fluunt
2710 4492 2945 4554 diversi
2983 4490 3239 4553 habitus
3269 4491 3580 4553 virtutum
3617 4491 3965 4555 habilitan-

2458 4599 2554 4655 tes
2601 4590 2915 4675 potentias
2965 4590 3133 4672 ipsas
3180 4590 3257 4652 ad
3306 4589 3569 4664 bonum,
3606 4596 3670 4652 et
3717 4590 3961 4653 diversi

2459 4690 2731 4753 effectus
2776 4696 3069 4751 sanantes
3114 4688 3283 4770 ipsas
3320 4688 3489 4751 vires
3532 4707 3569 4750 a
3608 4688 3795 4752 malo.
3830 4689 3963 4752 Pri-

2460 4807 2605 4851 mus
2661 4787 2933 4850 effectus
2993 4787 3267 4869 pertinet
3322 4786 3396 4849 ad
3444 4787 3711 4868 gratiam
3760 4788 3964 4852 virtu-

2457 4895 2614 4960 tum,
2634 4886 2953 4949 secundus
2982 4886 3061 4947 ad
3090 4885 3357 4966 gratiam
3388 4896 3958 4950 sacramentorum.

2460 4987 2735 5067 Utraque
2766 5001 2914 5065 ergo
2954 4984 3177 5047 eadem
3207 4992 3305 5047 est
3340 4986 3616 5048 essentia
3653 4993 3716 5047 et
3744 4986 3965 5068 subje-

2460 5091 2583 5157 cto,
2616 5082 2925 5146 differens
2957 5083 3196 5146 ratione
3226 5090 3291 5145 et
3318 5091 3655 5147 connotato
3692 5083 3958 5148 effectu.

2460 5184 2675 5266 ltaque
2704 5182 2921 5246 adulto
2956 5182 3089 5263 jam
3114 5181 3467 5263 justificato
3506 5202 3633 5246 non
3673 5185 3863 5248 datur
3892 5188 3963 5249 in

2460 5287 2855 5343 sacramento
2902 5297 3066 5343 nova
3121 5282 3321 5362 gratia
3369 5288 3680 5363 quantum
3732 5284 3813 5346 ad
3862 5303 3961 5347 es-
