4267 6250
814 512 1019 559 urnuu
1056 512 1143 559 AD
1180 510 1529 557 amisum:
1568 510 1997 566 anemium-un
2036 509 2212 556 rioms
2252 510 2328 557 m·
2367 506 2647 569 omorio,
2688 509 2815 557 mc.
3253 490 3371 557 159

304 680 481 743 tendit
526 681 825 765 recipere,
880 690 1103 766 utpote
1156 691 1651 756 sacramentum,
1704 689 1770 744 et
1796 680 1843 745 Α
1875 689 2013 745 tum
2052 700 2065 745 :
2100 701 2294 765 quem
2337 682 2660 747 defectum
2705 682 2770 745 in
2819 682 3036 765 pueris
3085 681 3372 747 Christus

304 797 403 861 per
443 777 597 841 illud
650 780 1081 845 characterem
1135 782 1200 844 in
1254 782 1603 865 Baptismo,
1654 781 1765 844 sed
1876 781 2153 863 supplet,
2215 782 2280 843 in
2339 781 2571 845 adultis
2629 781 2793 845 fides
2849 788 3041 864 atque
3095 780 3368 844 devotio.

306 896 413 939 non
442 897 569 940 rem
598 880 997 954 sacramenti,
1030 881 1335 963 quoniam
1374 880 1624 944 obicem
1662 898 1769 963 po-
1875 879 2049 954 Quod
2090 879 2158 941 in
2198 880 2609 942 sacramentis
2645 879 2770 942 dici
2812 886 3026 962 posset
3063 884 3373 962 quantum

305 976 401 1037 nit.
430 977 668 1041 —Haec
713 978 985 1043 Thomas
1024 980 1089 1042 in
1134 979 1401 1063 Scripto.
1436 980 1553 1053 Qui
1598 980 1770 1041 insu·
1876 978 1953 1039 ad
2000 978 2299 1040 ultimum
2343 976 2672 1053 effectum,
2705 978 2816 1061 qui
2858 986 2957 1041 est
2996 976 3376 1058 justificatio

308 1094 406 1157 per
430 1077 643 1157 quaerit
678 1076 808 1152 hic,
844 1086 1059 1141 utrum
1100 1078 1370 1141 intentio
1407 1096 1521 1141 seu
1550 1077 1769 1141 volun·
1876 1095 1915 1137 a
1952 1076 2268 1158 peccatis;
2301 1076 2410 1139 sed
2450 1084 2758 1158 quantum
2797 1078 2875 1140 ad
2913 1075 3222 1139 effectum
3263 1076 3375 1157 qui

310 1181 389 1235 tas
414 1175 759 1257 requiratur
788 1176 855 1239 in
888 1175 1203 1259 baptizato
1235 1194 1250 1239 :
1284 1178 1362 1240 ad
1392 1176 1564 1259 quod
1600 1182 1771 1258 patet
1877 1181 1974 1237 est
2003 1193 2103 1237 res
2133 1184 2198 1237 et
2227 1182 2718 1247 sacramentum,
2738 1182 2892 1257 puta
2921 1175 3370 1248 characterem,

108 1292 291 1345 &aaa
313 1273 607 1354 responsio
652 1293 731 1337 ex
781 1275 973 1337 dictis
1030 1274 1324 1357 superius
1370 1275 1451 1337 de
1508 1273 1659 1337 ficte
1708 1280 1772 1336 et
1878 1290 2003 1335 non
2054 1272 2308 1335 videtur
2357 1273 2525 1353 quod
2581 1291 2696 1354 per
2744 1272 3146 1336 devotionem
3199 1290 3375 1335 acce-

311 1388 417 1433 non
456 1370 597 1434 ficte
632 1372 1105 1435 accedentibus,
1137 1408 1219 1419 --
1246 1374 1514 1456 Insuper
1544 1372 1773 1455 quaerit
1880 1369 2086 1433 dentis
2116 1372 2318 1453 possit
2346 1371 2654 1453 suppleri,
2688 1372 2836 1453 quia
2867 1372 3194 1434 character
3223 1390 3380 1433 nun-

312 1468 419 1542 hic,
447 1478 651 1533 utrum
690 1472 758 1533 in
802 1472 1119 1554 baptizato
1160 1472 1436 1553 exigitur
1473 1470 1657 1545 fides,
1690 1489 1770 1533 an
1880 1487 2073 1550 quam
2120 1468 2516 1551 imprimitur
2561 1470 2686 1531 nisi
2731 1488 2845 1552 per
2883 1478 3372 1533 sacramentum.

312 1567 475 1628 etiam
513 1568 577 1631 in
618 1567 1001 1651 baptizante,
1034 1576 1099 1632 et
1134 1576 1349 1632 utrum
1392 1568 1772 1651 recipientes
1879 1568 2039 1629 Hinc
2094 1567 2208 1630 alii
2267 1568 2497 1630 melius
2553 1568 2797 1643 dicunt,
2859 1569 3027 1652 quod
3087 1569 3381 1632 minister

310 1664 379 1725 ab
402 1665 721 1741 haereticiS,
756 1675 1228 1750 consequantur
1257 1687 1393 1731 rem
1422 1686 1775 1731 sacramen·
1880 1666 2260 1730 sacramenti
2309 1666 2438 1748 agit
2484 1666 2550 1729 in
2600 1686 2870 1749 persona
2922 1668 3116 1731 totius
3166 1668 3379 1731 Eccle-

184 1794 213 1829 ι,
246 1763 350 1825 ..ti
382 1764 491 1826 :ad
528 1783 667 1847 quae
704 1766 923 1829 omnia
962 1773 1135 1848 patet
1170 1785 1249 1829 ex
1288 1765 1475 1829 dictis
1515 1783 1772 1848 respon·
1882 1764 2013 1838 siae,
2056 1764 2244 1845 cujus
2293 1765 2585 1827 minister
2632 1772 2744 1827 est.
2786 1766 2854 1827 In
2904 1765 3118 1829 verbis
3165 1774 3379 1829 autem

164 5129 262 5174 uta.

314 1861 819 1927 siolmmoderata
848 1864 1107 1927 demum
1142 1864 1589 1946 multiplicatio
1614 1883 1777 1946 quae-
1806 1862 1855 1925 B
1883 1881 2025 1944 quae
2068 1862 2502 1945 proferuntur,
2534 1864 2914 1946 exprimitur
2958 1864 3228 1928 intentio
3269 1865 3381 1927 Ec-

314 1959 583 2036 suenum,
614 1970 677 2025 et
712 1962 1015 2045 frequens
1046 1964 1339 2045 repetitio
1375 1964 1772 2038 eorumdem,
1884 1962 2114 2037 clesiae,
2165 1982 2306 2045 quae
2365 1961 2613 2025 sufficit
2667 1969 2978 2045 quantum
3036 1964 3113 2027 ad
3173 1963 3380 2046 perfe-

314 2060 541 2122 taedium
582 2062 765 2144 parit.
1884 2061 2160 2123 ctionem
2211 2062 2613 2137 sacramenti,
2663 2062 2787 2124 nisi
2837 2063 3226 2126 eontrarium
3274 2083 3380 2127 ex·

390 2158 675 2221 Praeterea
730 2160 807 2222 ad
864 2168 1313 2241 argumentum
1376 2157 1770 2243 praetactum,
1884 2160 2201 2241 primatur
2245 2160 2525 2222 exterius
2583 2179 2663 2223 ex
2719 2168 2894 2243 parte
2955 2161 3230 2225 ministri
3279 2162 3380 2224 vel

314 2256 457 2336 quod
492 2256 713 2321 fideles
752 2267 965 2321 essent
1005 2259 1231 2322 incerti
1269 2279 1349 2321 an
1384 2278 1531 2323 vere
1574 2259 1776 2322 consi·
1883 2258 2313 2340 suscipientis.
2359 2294 2440 2304 —
2487 2259 2720 2322 Verum
2771 2259 2871 2321 his
2928 2260 3141 2323 denuo
3185 2260 3381 2342 objici

314 2362 521 2417 sterent
568 2355 887 2438 baptizati,
921 2357 977 2419 si
1027 2358 1459 2439 requireretur
1506 2358 1775 2421 intentio
1885 2364 2111 2439 potest,
2146 2358 2298 2439 quia
2328 2358 2596 2421 intentio
2625 2359 2938 2421 actualem
2969 2359 3380 2423 attentionem

312 2450 679 2534 baptizantiS,
713 2456 1055 2537 respondet
1096 2456 1157 2519 S.
1190 2456 1463 2519 Thomas
1505 2456 1571 2519 in
1612 2456 1776 2520 Scri·
1886 2455 2156 2537 requirit
2191 2474 2204 2519 :
2243 2475 2394 2537 ergo
2429 2458 2586 2519 dum
2627 2456 2918 2520 minister
2955 2466 3124 2522 esset
3159 2458 3384 2521 distra-

314 2557 405 2631 pto
438 2552 595 2615 sicut
626 2552 758 2633 jam
800 2572 881 2617 ex
918 2554 1357 2618 Bonaventura
1396 2572 1775 2637 responsum
1886 2562 2049 2629 ctuS,
2074 2572 2201 2618 non
2233 2555 2482 2618 adesset
2512 2555 2796 2619 intentio.
2817 2555 3384 2640 Dicendum,quod

313 2658 393 2711 est
436 2668 451 2713 :
497 2651 758 2726 Quidam
804 2654 1161 2736 (inquiens)
1206 2654 1449 2729 dicunt,
1500 2656 1670 2737 quod
1720 2654 1773 2717 si
1889 2651 1996 2715 ille
2026 2653 2136 2735 qui
2168 2652 2341 2716 aliud
2374 2654 2626 2735 cogitat,
2660 2654 2954 2735 quamvis
2993 2672 3120 2717 non
3155 2654 3386 2717 habeat

314 2748 453 2811 desit
489 2751 777 2815 mentalis
815 2753 1087 2815 intentio
1126 2752 1191 2815 in
1230 2752 1613 2836 baptizante,
1647 2772 1775 2817 non
1885 2752 2200 2815 actualem
2239 2753 2654 2816 attentionem
2699 2760 2764 2815 et
2806 2752 3246 2827 intentionem,
3281 2754 3387 2817 ha-

315 2848 532 2912 confert
584 2859 1053 2915 sacramentum
1102 2852 1431 2935 Baptismi.
1482 2855 1775 2916 Attamen
1885 2849 1995 2912 bet
2036 2850 2453 2913 intentionem
2506 2850 2918 2927 habitualem,
2950 2870 3092 2933 quae
3141 2850 3388 2915 sufficit

314 2946 371 3008 in
395 2949 595 3012 adulto
622 2951 881 3033 supplet
918 2950 1083 3014 fides
1112 2959 1303 3034 atque
1339 2952 1594 3015 devotio
1621 2950 1777 3014 effe·
1886 2950 1964 3012 ad
2012 2949 2392 3011 sacramenti
2444 2948 2923 3030 perfectionem.
2957 2951 3163 3024 Quum
3211 2950 3385 3013 enim

316 3054 467 3109 ctum
508 3048 835 3132 Baptismi‚
868 3057 1181 3133 quatenus
1232 3050 1590 3134 perieulum
1642 3050 1779 3113 nul·
1814 3049 1858 3112 C
1888 3048 2182 3110 sacerdos
2212 3047 2458 3109 accedit
2493 3048 2571 3110 ad
2611 3046 3080 3131 baptizandum,
3115 3048 3388 3111 intendit

317 3144 430 3209 lum
458 3147 537 3210 sit
562 3148 897 3232 baptizato,
930 3150 1043 3233 qui
1081 3150 1460 3233 baptizantis
1492 3150 1784 3214 intentio-
1888 3146 2097 3208 faeere
2143 3146 2313 3209 eirca
2360 3146 2810 3228 baptizandum
2859 3147 3028 3229 quod
3071 3147 3246 3221 facit,
3272 3147 3386 3210 Ec-

318 3263 445 3308 nem
472 3246 727 3328 ignorat.
763 3248 831 3311 Si
866 3257 1081 3312 autem
1122 3249 1207 3312 sit
1235 3249 1467 3324 infanS‚
1499 3249 1781 3312 creditur
1890 3244 2085 3307 clesia
2126 3263 2142 3306 :
2186 3245 2482 3326 quamvis
2524 3263 2674 3326 ergo
2719 3245 2784 3307 in
2833 3252 2975 3308 actu
3025 3245 3388 3328 baptizandi

318 3343 426 3424 pie,
470 3346 633 3428 quod
678 3347 847 3410 Deus
904 3347 1163 3429 supplet
1217 3347 1564 3421 defectum,
1616 3348 1781 3410 salu·
1891 3343 2299 3416 distrahatur,
2349 3351 2565 3406 tamen
2614 3362 2692 3406 ex
2739 3342 2976 3406 virtute
3026 3344 3248 3426 primae
3293 3344 3389 3406 in-

318 3450 545 3526 temque
591 3445 819 3508 tribuit
866 3445 1133 3528 parvulo
1171 3463 1185 3508 :
1222 3448 1391 3529 quod
1443 3455 1508 3509 et
1553 3447 1605 3508 si
1654 3465 1781 3510 non
1892 3441 2196 3504 tentionis
2236 3440 2572 3523 perficitur
2605 3450 3092 3505 sacramentum.
3126 3444 3392 3506 Verum-

320 3539 533 3618 fecerit,
566 3562 691 3608 non
742 3544 898 3607 facit
944 3543 1203 3626 injuste,
1243 3546 1780 3628 quemadmodum
1892 3547 2105 3602 tamen
2136 3539 2418 3603 studiose
2449 3539 2641 3603 debet
2669 3541 2906 3615 conari,
2941 3549 3012 3603 ut
3041 3548 3194 3603 tunc
3221 3548 3394 3605 aetu-

318 3657 420 3702 nec
454 3642 517 3705 in
555 3642 661 3706 illo
698 3642 813 3725 qui
856 3651 1253 3707 sacramento
1291 3661 1417 3706 non
1462 3643 1779 3707 subditur.
1892 3639 2077 3702 aliter
2119 3637 2202 3701 sit
2243 3645 2540 3700 attentus.
2587 3639 2730 3702 Haee
2773 3639 2840 3700 in
2883 3640 3165 3703 Summa.

317 3739 423 3800 Alii
458 3741 692 3816 dicunt,
724 3743 896 3825 quod
937 3741 1003 3804 in
1042 3741 1367 3825 Baptismo
1402 3761 1476 3807 ac
1513 3743 1659 3805 aliis
1688 3761 1784 3805 sa·
1993 3737 2388 3801 Concordant
2440 3737 2680 3811 Petrus,
2735 3737 3104 3812 RicharduS,
3155 3739 3394 3821 aliique

319 3841 629 3904 cramentis
676 3859 821 3923 quae
870 3841 937 3904 in
984 3840 1192 3904 forma
1238 3861 1354 3904 sua
1402 3841 1640 3904 habent
1684 3860 1785 3904 ae·
1895 3835 2346 3909 communiter,
2406 3835 2760 3897 secundum
2817 3853 2976 3916 quos
3034 3836 3100 3898 in
3159 3837 3394 3900 adultis

316 3944 435 4002 tum
486 3941 857 4016 exercitum,
908 3959 1035 4004 non
1084 3942 1434 4024 requiritur
1490 3941 1786 4004 mentalis
1894 3932 2346 3998 accedentibus
2384 3932 2463 3995 ad
2503 3933 2898 4014 Baptismum
2939 3934 3288 4017 requiritur
3317 3935 3392 3999 fi-

318 4035 575 4115 intentio,
608 4039 719 4102 sed
765 4039 1014 4103 suffieit
1050 4040 1421 4104 intentionis
1460 4041 1787 4123 expressio
1893 4033 2004 4096 des
2035 4032 2313 4115 propria,
2333 4031 2558 4094 saltem
2590 4030 2905 4106 informis,
2925 4032 3005 4094 ad
3036 4033 3392 4116 percipien-

318 4154 415 4216 per
437 4137 624 4201 verba
661 4157 698 4200 a
736 4138 986 4202 Christo
1024 4157 1137 4201 seu
1174 4137 1255 4200 ab
1297 4138 1578 4202 Ecclesia
1608 4139 1785 4202 insti·
1896 4133 2046 4195 dum
2084 4132 2384 4193 ultimum
2425 4130 2732 4212 Baptismi
2776 4129 3106 4205 effectum,
3141 4133 3252 4214 qui
3296 4140 3394 4196 est

318 4241 447 4297 tuta.
477 4237 720 4300 Idcirco
756 4237 811 4299 si
852 4236 1059 4299 forma
1096 4237 1438 4300 verborum
1474 4245 1782 4313 servatur,
1817 4237 1865 4299 D
1897 4250 1997 4293 res
2025 4237 2274 4292 tantum
2305 4237 2368 4291 et
2394 4228 2616 4310 gratia,
2651 4248 2792 4310 quae
2831 4229 2990 4292 nulli
3032 4229 3393 4295 infunditur

318 4351 417 4395 nec
460 4335 809 4418 quidquam
855 4334 1135 4398 exterius
1194 4336 1430 4398 dicitur
1475 4337 1645 4419 quod
1694 4336 1788 4398 in·
1896 4330 2113 4393 adulto
2157 4328 2396 4391 carenti
2441 4327 2812 4391 intentione.

320 4432 638 4496 tentionem
688 4433 981 4514 designet
1038 4433 1440 4508 contrariam,
1492 4452 1641 4497 vere
1692 4442 1789 4496 est
1976 4428 2056 4491 At
2092 4445 2246 4491 vero
2282 4428 2504 4490 Scotus
2538 4443 2552 4488 :
2585 4427 2878 4500 Intenti0,
2913 4427 3142 4510 inquit,
3177 4449 3394 4494 neces·

318 4526 699 4611 baptizatum.
722 4530 861 4594 Non
892 4531 1063 4594 enim
1098 4531 1237 4594 sine
1266 4549 1458 4594 causa
1486 4531 1553 4594 in
1583 4550 1787 4594 sacra·
1896 4529 2064 4592 sario
2108 4526 2456 4609 requiritur
2495 4527 2574 4590 ad
2617 4534 2830 4589 actum
2876 4526 3206 4610 Baptismi‚
3239 4549 3394 4613 quo-

318 4631 525 4693 mentis
553 4629 973 4705 necessitatiS,
1006 4637 1159 4711 puta
1185 4630 1509 4713 Baptismo
1546 4639 1613 4694 et
1648 4631 1788 4713 qui·
1898 4628 2072 4691 niam
2100 4626 2286 4689 aliter
2315 4644 2442 4689 non
2471 4633 2640 4688 esset
2676 4626 3018 4702 humanuS,
3049 4634 3112 4689 et
3149 4627 3397 4692 sufficit

318 4725 561 4791 busdam
588 4728 757 4802 aliis,
787 4735 969 4790 actus
997 4727 1140 4809 ejus
1167 4729 1279 4810 qui
1318 4737 1787 4792 sacramentum
1897 4726 2067 4809 quod
2109 4725 2397 4788 intendat
2435 4723 2644 4786 facere
2689 4725 2858 4807 quod
2895 4724 3050 4788 facit
3087 4726 3392 4804 Ecclesia,

316 4827 848 4902 administrattam
877 4826 1149 4890 sollicite
1180 4827 1557 4909 exprimitur
1584 4828 1661 4891 ad
1692 4846 1792 4890 ex·
1899 4824 2194 4909 quamvis
2244 4822 2460 4885 credat
2506 4823 2626 4886 hoc
2677 4823 2840 4885 nihil
2886 4823 3115 4886 valere.
3155 4825 3232 4887 Et
3278 4826 3396 4890 hoc

320 4925 704 5005 plicationem
747 4925 1139 4989 intentionis
1183 4925 1327 4988 Haec
1369 4927 1435 4988 in
1478 4926 1745 5008 Scripto.
1899 4923 2117 4989 statuit
2163 4922 2448 4986 Christus
2491 4929 2752 5004 propter
2793 4923 3237 4986 necessitatem
3283 4925 3396 4987 Ba·

388 5024 565 5088 Porro
594 5025 661 5086 in
700 5024 889 5086 tertia
928 5031 1126 5107 parte,
1159 5025 1507 5106 quaestione
1538 5043 1789 5107 sexage-
1899 5021 2146 5106 ptismi,
2179 5041 2262 5083 ne
2304 5019 2650 5083 infidelitas
2700 5019 2977 5082 ministri
3021 5029 3246 5084 noceat
3293 5022 3398 5086 ba-

324 5121 467 5186 sima
508 5131 749 5207 quarta,
792 5131 1060 5186 testatur
1110 5140 1125 5186 ε
1176 5124 1311 5188 Una
1350 5123 1571 5206 opinio
1611 5123 1788 5199 dicit,
1902 5121 2173 5204 ptizatiS.

326 5224 473 5302 quod
498 5224 842 5307 requiritur
872 5221 1167 5286 mentalis
1206 5222 1477 5286 intentio
1507 5223 1573 5284 in
1604 5222 1793 5284 mini·
1996 5219 2073 5283 Et
2130 5220 2184 5283 si
2241 5217 2602 5299 objiciatur,
2663 5217 2834 5299 quod
2897 5217 3394 5284 instrumentum

326 5327 451 5394 stro,
466 5341 603 5405 qnae
630 5323 685 5385 si
715 5322 895 5397 desit,
920 5339 1048 5385 non
1080 5319 1416 5404 perficitur
1442 5338 1796 5384 sacramen·
1933 5336 2060 5382 non
2104 5317 2300 5381 habet
2349 5316 2788 5391 intentionem,
2836 5323 2908 5379 ut
2953 5337 3152 5401 quum
3199 5317 3394 5385 homo
