4267 6250
1369 387 1465 451 ‘N

721 513 810 558 ΑΝ
851 513 924 558 sA
932 511 1258 560 cnam-ra
1297 511 1551 558 vni-nais
1593 509 1973 558 marmari
2013 510 2292 558 rmum
2332 511 2571 559 anum
2612 511 2989 560 com-sunu
3328 495 3410 560 65

299 679 434 754 buS,
479 689 552 744 ut
602 681 770 744 dicit·
805 682 987 764 Hugo
1034 683 1114 746 de
1157 681 1216 744 S.
1260 681 1532 746 Victore.
1576 683 1800 745 Nostra
1827 680 1880 744 A
1911 690 2120 756 netur,
2140 683 2309 764 quod
2341 701 2494 746 usus
2526 700 2746 746 eorum
2776 681 3140 746 meritorius
3171 681 3409 757 fuit,ex

299 797 440 841 vero
469 787 870 842 sacramenta
900 780 1140 844 directe
1167 788 1232 842 et
1261 780 1630 844 immediate
1659 799 1798 842 san-

298 875 603 950 ctificant,
637 877 792 960 quia
818 878 897 940 ad
929 877 1052 942 boc
1090 878 1329 941 directe
1363 886 1513 940 sunt
1545 877 1796 940 institu-

299 983 372 1036 ta.
404 1010 484 1020 —
513 975 640 1038 Sed
679 976 816 1038 haec
857 975 1079 1058 opinio
1116 994 1242 1040 non
1277 976 1530 1038 videtur
1567 993 1794 1038 conve-

297 1071 430 1135 nire
457 1073 650 1135 dictis
679 1073 1079 1147 Sanctorum,
1106 1074 1460 1136 dicentium
1493 1074 1662 1155 quod
1693 1073 1793 1136 lex

299 1179 422 1233 erat
466 1172 724 1234 occasio
770 1172 1016 1246 mortiS‚
1068 1173 1370 1254 quoniam
1421 1171 1795 1235 ostendebat

301 1277 650 1351 peccatum,
699 1277 764 1331 et
804 1271 1070 1350 gratiam
1121 1289 1246 1332 non
1297 1269 1568 1332 contulit
1615 1270 1793 1350 adju-

299 1367 534 1430 tricem.
571 1367 751 1430 Unde
782 1366 1149 1442 dicandum,
1183 1368 1352 1449 quod
1391 1385 1518 1430 non
1562 1367 1792 1430 sancti-

298 1464 593 1540 ficabant,
653 1466 782 1528 nisi
846 1465 1422 1529 sanctificationem
1481 1466 1793 1528 sumendo

299 1581 406 1644 pro
433 1563 910 1646 mancipatione
939 1564 1018 1626 ad
1047 1563 1304 1646 aliquod
1335 1582 1611 1637 sacrum,
1647 1582 1790 1645 pro-

299 1669 365 1724 ut
389 1671 599 1726 vestes
637 1663 946 1726 dicuntur
973 1679 1207 1741 sacrae3
1239 1679 1368 1726 non
1398 1669 1612 1725 autem
1651 1681 1791 1724 san-

297 1759 664 1823 ctificabant
691 1767 884 1843 prout
913 1759 1338 1824 sanctificatio
1371 1760 1648 1822 sumitur
1678 1776 1793 1843 pro

1911 781 2172 843 caritate
2216 781 2561 843 exhibitus.
2594 780 2809 864 Aliqui
2852 788 3064 845 tamen
3104 789 3411 843 excusant

1909 879 2277 960 Magistrum
2316 879 2622 953 dicente3‚
2656 880 2826 961 quod
2865 879 3181 943 intellexit
3202 896 3411 962 opera

1907 985 2167 1058 operata
2195 995 2321 1039 non
2360 977 2717 1058 justificare
2749 978 2815 1039 in
2852 995 3257 1061 quacumque
3298 976 3412 1039 fie-

1911 1081 2052 1136 rent
2079 1075 2362 1149 caritate‚
2396 1074 2689 1156 quamvis
2720 1075 3005 1158 operatio
3042 1094 3121 1138 ex
3149 1075 3409 1138 caritate

1908 1171 2072 1235 facta
2103 1173 2427 1236 meritoria
2455 1181 2641 1235 esset.
2675 1174 2893 1256 Itaque
2921 1181 3315 1236 sacramenta
3344 1179 3409 1235 et

1907 1270 2227 1333 sacrificia
2268 1288 2394 1334 non
2444 1279 2625 1334 erant
2672 1289 2787 1353 per
2832 1290 2901 1334 se
2950 1271 3077 1335 Deo
3122 1279 3404 1354 accepta,

1909 1368 2211 1450 quoniam
2270 1369 2534 1450 gratiam
2584 1387 2699 1451 per
2746 1388 2939 1451 quam
2987 1369 3228 1451 aliquid
3278 1369 3407 1434 Deo

1906 1475 2239 1548 acceptum
2292 1474 2408 1542 est,
2461 1485 2589 1531 non
2649 1467 3080 1542 continebant,
3132 1467 3244 1530 sed
3292 1486 3409 1550 per

1905 1566 2203 1628 accidens
2243 1573 2425 1628 erant
2462 1565 2591 1628 Deo
2628 1573 2889 1648 accepta
2926 1566 3028 1629 vel
3068 1584 3195 1629 non
3232 1585 3409 1630 acce-

1907 1671 2015 1747 pta
2046 1681 2060 1725 :
2093 1673 2357 1747 accepta
2390 1664 2653 1747 quidem
2695 1673 2955 1747 propter
2998 1664 3409 1745 significatio-

1905 1781 2076 1836 nem,
2111 1769 2177 1826 et
2220 1761 2439 1838 fidem,
2483 1763 2909 1837 devotionem,
2950 1763 3402 1839 obedientiam,

296 1859 744 1923 emundatione
773 1865 886 1921 aut
915 1858 1404 1922 confirmatione
1449 1859 1786 1941 spirituali.
1819 1858 1866 1921 B
1905 1861 2233 1923 caritatem
2277 1860 2689 1924 offerentium
2728 1879 2841 1940 ea3
2883 1861 3232 1944 inaccepta,
3267 1881 3409 1945 pro-

298 1956 368 2018 Εἰ
419 1959 470 2020 si
531 1957 903 2040 objiciatur,
960 1958 1132 2039 quod
1189 1958 1255 2020 in
1311 1956 1534 2020 officio
1589 1957 1794 2022 Missae

299 2056 528 2138 petitur
573 2065 645 2118 ut
693 2055 1090 2119 sacrificium
1122 2056 1420 2120 Ecclesiae
1455 2064 1790 2139 acceptum

295 2154 373 2216 sit
417 2155 544 2216 Deo
602 2153 774 2217 sicut
827 2154 1150 2217 sacrificia
1206 2160 1459 2236 patrum
1519 2154 1673 2217 olim
1725 2155 1791 2216 in

299 2251 426 2332 lege
461 2251 740 2315 naturali
777 2260 889 2314 aut
917 2253 1186 2334 scripta3
1219 2252 1586 2326 dicendum,
1621 2251 1788 2334 quod

298 2349 679 2433 comparatio
727 2350 838 2412 illa
887 2368 1016 2413 non
1062 2350 1439 2431 intelligitur
1480 2357 1792 2432 quantum

295 2450 366 2511 ad
413 2467 578 2531 opus
625 2455 984 2531 operatum,
1036 2448 1340 2530 quoniam
1397 2447 1791 2511 sacrificium

299 2547 586 2611 Ecclesiae
645 2565 762 2630 per
828 2565 896 2610 se
962 2555 1296 2629 acceptum
1365 2555 1462 2610 est
1518 2548 1668 2621 Deo,
1730 2555 1794 2610 et

299 2647 490 2709 multo
529 2646 676 2728 plus
717 2664 910 2727 quam
949 2645 1096 2722 illa3
1135 2645 1247 2708 sed
1291 2645 1530 2728 petitur
1569 2653 1640 2706 ut
1685 2645 1792 2708 de·

297 2745 458 2807 vetio
512 2743 931 2807 offerentium
991 2743 1159 2805 istud
1212 2744 1604 2825 complaceat
1661 2745 1791 2806 Deo

297 2844 455 2905 sicut
503 2842 766 2905 illorum
820 2841 1092 2904 devotio.
1147 2841 1478 2904 Sacrificia
1533 2859 1789 2924 quoque

299 2941 448 3022 legis
475 2939 923 3004 diminuebant
955 2946 1221 3014 reatum,
1257 2940 1322 3003 in
1354 2947 1666 3022 quantum
1699 2939 1790 3002 fu·

1904 1965 2048 2041 pter
2104 1958 2517 2021 offerentium
2586 1959 2915 2033 demerita,
2982 1967 3046 2021 et
3100 1961 3404 2042 quoniam

1903 2057 2125 2119 eadem
2160 2056 2344 2118 idolis
2375 2055 2852 2136 offerebantur3
2885 2064 2949 2119 et
2987 2058 3052 2120 in
3094 2065 3405 2139 quantum

1905 2155 2231 2218 meritoria
2270 2163 2471 2228 erant,
2517 2155 2709 2218 etiam
2756 2156 2929 2218 intus
2972 2156 3345 2239 purgabant.

1983 2254 2076 2316 Ad
2114 2253 2378 2317 tertium
2424 2253 2619 2334 igitur
2662 2253 3200 2335 respondendum,
3233 2257 3405 2337 quod

1903 2352 2136 2414 veteris
2180 2351 2337 2432 legis
2378 2351 2649 2414 intentio
2688 2351 2810 2412 fuit
2848 2351 3141 2414 homines
3177 2353 3254 2415 ad
3292 2353 3404 2416 Dei

1904 2449 2201 2512 timorem
2263 2449 2814 2531 reverentiamque
2874 2449 3197 2524 inducere,
3248 2458 3314 2512 et
3368 2471 3406 2514 a

1903 2547 2266 2610 carnalibus
2298 2546 2607 2628 paulatim
2636 2546 2713 2607 ad
2746 2547 3101 2629 spiritualia
3130 2548 3399 2612 elevare.

1901 2647 2145 2708 Idcirco
2194 2644 2471 2707 instituit
2513 2644 2713 2706 multa
2760 2644 3220 2726 impedimenta
3268 2647 3406 2729 qui-

1901 2743 2022 2806 bus
2068 2743 2361 2806 homines
2398 2742 2479 2805 ab
2519 2741 2777 2804 illorum
2818 2761 2938 2804 usu
2982 2753 3407 2808 sacramento-

1901 2861 2045 2904 rum
2085 2840 2458 2922 frequenter
2496 2839 2984 2922 impedirentur,
3018 2848 3089 2902 ut
3124 2841 3217 2904 sic
3257 2843 3403 2925 plus

1905 2940 1970 3002 in
2019 2939 2377 3002 reverentia
2422 2937 2811 3000 haberentur
2846 2939 3025 3020 (nam
3072 2957 3263 3003 omne
3312 2959 3405 3003 ra·

297 3048 473 3102 erunt
497 3056 768 3101 onerosa
799 3055 814 3100 ε
849 3037 993 3100 ideo
1032 3045 1324 3121 poterant
1363 3036 1786 3102 satisfactoria
1817 3041 1859 3106 C
1903 3056 2046 3100 rum
2085 3037 2368 3117 carum);
2400 3036 2492 3098 sic
2530 3054 2785 3118 quoque
2821 3056 2858 3099 a
2898 3037 3257 3101 carnalibus
3296 3039 3405 3103 ob-

297 3156 446 3213 esse,
487 3137 956 3220 praesupposim
997 3137 1198 3217 gratia
1244 3155 1321 3199 ex
1369 3136 1502 3199 fide
1550 3137 1786 3200 media-

297 3238 458 3299 toris.
490 3272 573 3282 —
604 3236 822 3318 ltaque
861 3236 1081 3318 opinio
1122 3235 1230 3297 illa
1255 3235 1386 3315 jam
1429 3235 1788 3318 improbata

299 3354 410 3397 non
453 3333 726 3407 sufficit,
758 3334 912 3415 quia
945 3333 1129 3414 juxta
1169 3333 1340 3396 dicta
1381 3334 1782 3407 Sanctorum,

295 3442 678 3497 sacramenta
710 3433 866 3514 legis
903 3434 1170 3514 gratiam
1211 3451 1338 3496 non
1381 3434 1781 3515 praestabant.

295 3531 408 3595 Nec
437 3531 664 3593 differt
696 3537 1006 3613 quantum
1034 3531 1114 3594 ad
1153 3530 1297 3604 hoc,
1330 3530 1784 3613 qualitercum-

295 3650 406 3712 que
443 3630 548 3693 vel
589 3630 834 3693 directe
863 3629 966 3693 vel
998 3630 1306 3693 indirecte
1335 3629 1605 3710 gratiam
1638 3648 1785 3693 con-

295 3730 600 3793 tulissent.
671 3729 934 3802 RursuS‚
1001 3728 1354 3792 secundum
1423 3729 1544 3790 hoc
1609 3729 1786 3791 nulla

293 3836 392 3890 aut
428 3828 616 3891 valde
663 3827 912 3890 modica
959 3834 1129 3889 esset
1171 3826 1649 3910 praeeminentia
1689 3847 1785 3890 sa-

296 3932 758 3989 cramentorum
814 3924 1196 4005 evangelicae
1245 3924 1400 4006 legis
1449 3924 1526 3986 ad
1581 3944 1784 3987 sacra-

295 4034 497 4088 menta
545 4023 658 4087 illa
712 4022 991 4104 antiqua.
1045 4022 1206 4085 Hinc
1252 4022 1360 4085 alii
1415 4022 1642 4085 melius
1691 4023 1784 4086 di-

296 4132 461 4197 cunt,
512 4123 685 4205 quod
733 4139 897 4205 opus
943 4127 1278 4203 operatum
1339 4120 1405 4183 in
1463 4121 1556 4183 eis
1605 4122 1783 4186 nullo

1902 3137 2239 3199 servantiis
2271 3136 2577 3218 paulatim
2612 3136 3100 3211 dissuescerent,
3123 3140 3404 3219 quando-

1899 3254 2024 3319 que
2063 3234 2341 3298 totaliter
2377 3233 2783 3298 abstrahendi
2825 3236 2905 3298 ab
2948 3236 3075 3298 illis
3112 3244 3400 3320 tempore

1897 3334 2132 3413 gratiae.
2187 3333 2459 3414 Haecque
2516 3332 2976 3415 impedimenta
3024 3335 3401 3400 dicebantur

1899 3430 2323 3494 immunditiae
2371 3430 2602 3504 carniS‚
2654 3431 2889 3513 quibus
2938 3432 3130 3495 homo
3178 3451 3399 3517 corpo-

1897 3527 2114 3591 raliter
2160 3527 2238 3589 ad
2288 3535 2505 3591 sancta
2553 3528 2664 3591 illa
2708 3530 3010 3592 accedere
3060 3530 3396 3595 inidoneus

1896 3626 2319 3705 reddebatur3
2350 3632 2541 3707 atque
2569 3625 2650 3688 ab
2682 3626 3110 3690 immunditiis
3146 3628 3273 3691 illis
3303 3650 3395 3693 sa-

1895 3732 2219 3787 cramenta
2262 3723 2419 3805 legis
2457 3723 2831 3806 purgabant.
2865 3760 2945 3769 -—
2974 3727 3261 3809 Denique
3300 3748 3393 3791 sa·

1895 3823 2181 3885 cerdotes
2212 3822 2385 3903 legia,
2399 3821 2584 3884 etiam
2614 3828 2756 3904 post
2782 3840 3105 3885 sacrorum
3134 3825 3393 3889 admini·
3414 3856 3685 3908 Nmmss,

1894 3920 2287 3995 strationem,
2307 3918 2766 4001 reputabantur
2798 3920 3133 3996 immundi,
3148 3923 3387 4005 triplici

1895 4018 2154 4081 ratione.
2191 4017 2422 4091 Primo,
2457 4024 2528 4078 ut
2568 4026 2781 4080 essent
2826 4018 2948 4080 sub
2996 4036 3189 4083 onere
3231 4020 3389 4102 legis

1894 4118 2062 4180 sicut
2089 4124 2155 4179 et
2181 4116 2311 4179 alii.
2347 4116 2658 4191 Secunde,
2689 4116 2770 4179 ad
2798 4117 3141 4181 tollendam
3174 4138 3391 4202 super·

44 4250 46 4255 ·
107 4232 276 4291 ciana
301 4221 477 4284 modo
520 4219 792 4302 gratiam
849 4216 1239 4293 conferebat,
1289 4217 1782 4282 circumcisione
1811 4222 1862 4286 D
1893 4216 2066 4281 biam
2124 4223 2190 4279 et
2245 4233 2473 4277 vanam
2531 4215 2797 4295 gloriam
2855 4217 3254 4281 sacerdotum
3312 4219 3391 4283 de

87 4298 183 4349 nfra.

301 4326 568 4402 excepta.

371 4418 654 4499 Insuper,
701 4415 778 4477 ad
827 4413 1183 4477 secundum
1233 4416 1575 4496 respondet
1625 4434 1639 4479 ε
1691 4415 1780 4480 De

301 4532 408 4577 usu
449 4520 992 4577 sacramentorum
1030 4512 1142 4594 qui
1181 4529 1344 4594 opus
1382 4529 1652 4595 operans
1692 4514 1783 4576 di-

304 4612 472 4687 citur,
503 4620 602 4675 est
647 4611 885 4694 duplex
932 4608 1172 4693 opinio.
1217 4610 1372 4685 Una,
1407 4612 1575 4692 quod
1626 4630 1779 4675 usus

307 4710 398 4773 ille
437 4730 561 4774 non
606 4717 743 4773 erat
787 4708 1173 4783 meritorius,
1206 4708 1400 4771 etiam
1445 4710 1498 4771 si
1539 4709 1606 4772 in
1647 4709 1781 4773 fide

306 4816 360 4870 et
386 4810 634 4873 caritate
673 4807 906 4887 fiebat3
943 4813 1007 4869 et
1039 4806 1160 4869 hoc
1198 4806 1452 4869 videtur
1487 4808 1782 4889 Magister

307 4908 364 4969 in
399 4908 598 4972 littera
629 4906 862 4970 dicere.
898 4904 1074 4979 Quod
1113 4905 1368 4969 videtur
1405 4904 1779 4980 absurdum,

309 5013 368 5066 ut
424 5008 583 5089 quod
649 5004 898 5067 labores
963 5010 1330 5067 sanctorum
1393 5012 1647 5087 patrum
1714 5004 1780 5067 in

309 5102 650 5184 hujusmodi
709 5101 1123 5165 sacramentis
1172 5102 1301 5165 Deo
1348 5102 1592 5186 accepti
1653 5120 1781 5166 non

308 5200 540 5278 fuerint,
573 5210 638 5266 et
677 5200 846 5283 quod
889 5217 1053 5282 opus
1089 5200 1346 5263 virtutis
1391 5207 1607 5283 posset
1649 5220 1780 5265 me-

309 5300 576 5364 ritorium
619 5317 749 5363 non
799 5316 960 5361 esse.
1009 5296 1447 5361 communiter
1494 5317 1645 5380 ergo
1693 5307 1781 5362 te-

525 5434 591 5486 T.
625 5432 710 5483 24.

1891 4315 2013 4379 hoc
2059 4314 2230 4397 quod
2280 4312 2437 4376 alios
2488 4312 2991 4377 sanctificabant.
3036 4315 3267 4391 Tertio,
3310 4318 3390 4381 ad

1891 4412 2354 4494 designandum
2410 4411 2580 4493 quod
2636 4412 2927 4474 sacerdos
2974 4413 3124 4476 novi
3182 4414 3391 4479 Testa·

1891 4511 2092 4574 menti
2154 4528 2409 4592 semper
2476 4509 2664 4572 debet
2726 4528 2795 4572 se
2856 4510 3227 4575 inidoneum
3289 4534 3389 4577 re·

1891 4618 2116 4692 putare
2144 4608 2222 4670 ad
2254 4608 2729 4682 celebrandum,
2756 4616 3015 4691 propter
3044 4612 3389 4676 maximam

1890 4706 2263 4789 dignitatem
2314 4705 2617 4769 sacrificii
2666 4708 3047 4788 evangelicae
3098 4709 3274 4791 legis.
3310 4744 3390 4757 --

1890 4806 2079 4869 Porro
2108 4804 2427 4868 sacrificia
2458 4803 2612 4885 legis
2644 4804 2964 4867 interdum
2998 4808 3389 4873 mundabant

1889 4924 1926 4967 a
1956 4905 2154 4986 lepra,
2187 4904 2253 4968 id
2292 4910 2410 4979 est,
2444 4904 2819 4966 mundatum
2858 4903 3137 4986 aliquem
3179 4916 3387 4971 osten-

1891 5002 2147 5078 debant,
2182 5002 2337 5065 dum
2377 5004 2557 5084 signa
2595 5003 2787 5084 leprae
2826 5003 2891 5064 in
2932 5003 3043 5067 illo
3080 5023 3387 5089 apparere

1892 5101 2243 5165 cessabant.
2276 5138 2357 5149 -
2384 5102 2529 5165 Haec
2571 5102 2839 5165 Thomas
2882 5102 2949 5163 in
2993 5103 3259 5187 Script0.

1972 5201 2279 5265 Praeterea
2308 5203 2373 5263 in
2405 5200 2593 5263 tertia
2620 5207 2817 5282 parte,
2837 5201 3185 5282 quaestione
3214 5223 3386 5269 sexa-

1892 5299 2134 5379 gesima
2162 5298 2442 5362 secunda
2476 5315 2490 5359 :
2525 5298 2662 5360 Dici
2698 5299 2963 5381 (inquit)
2990 5318 3117 5363 non
3152 5310 3381 5384 potest,
3466 5320 3606 5365 aaa.

3102 5436 3132 5485 5
