4267 6250
46 945 47 970 ᾼ
44 822 57 894 ⁴⁴*-

1404 503 1486 550 DE
1525 501 1924 550 nummu·
1963 501 2327 550 BAPTISHALI

3298 483 3413 548 177

305 682 450 737 stus
507 674 572 736 in
632 679 946 756 quantum
1003 673 1317 756 sapientia
1371 674 1605 738 docens
1662 671 1816 735 fidei
1846 671 1899 737 A
1927 690 2070 754 quae
2111 671 2305 735 infert
2340 671 2702 755 passionem
2740 671 2957 734 sensui
2994 671 3282 734 interiori
3314 669 3419 734 vel

303 771 634 845 veritates,
660 770 979 853 imprimit
1010 771 1440 834 characterem
1472 769 1818 853 baptisma-

1926 770 2301 833 intellectui.
2336 771 2541 844 Quum
2580 769 2755 833 enim
2790 769 3001 832 omnis
3039 769 3272 832 veritas
3314 768 3423 832 ob·

305 867 439 930 lem
451 885 469 946 ;
491 873 556 928 et
579 867 648 929 in
678 876 990 950 quantum
1021 867 1222 930 virtus
1251 867 1500 930 fortiter
1529 885 1816 949 pugnans
1923 867 2169 948 jectum
2210 868 2293 930 sit
2336 867 2721 943 intellectuS,
2753 884 2943 930 omne
2986 885 3209 930 verum
3256 873 3424 930 esset

307 983 427 1048 pro
472 963 630 1028 fidei
679 964 1076 1041 defensione,
1131 965 1447 1048 imprimit
1493 966 1816 1028 characte-

309 1082 446 1126 rem
506 1062 1072 1144 Confirmationis;
1131 1071 1322 1146 atque
1379 1063 1446 1126 in
1506 1071 1816 1146 quantum

311 1181 606 1224 summus
655 1161 952 1224 sacerdos
999 1161 1361 1236 instituenS,
1402 1161 1713 1225 exhibens
1755 1169 1820 1224 et

313 1261 656 1324 ostendens
684 1259 1080 1323 sacrificium
1112 1277 1292 1324 novae
1331 1259 1488 1340 legis
1526 1278 1600 1321 ac
1637 1257 1814 1334 fidei,

317 1359 631 1442 imprimit
689 1358 1122 1421 characterem
1179 1356 1450 1420 Ordinis.
1511 1356 1655 1420 Haec
1713 1357 1817 1420 Al-

318 1457 554 1520 bertus,

391 1557 700 1619 Praeterea
728 1555 924 1617 etiam
952 1555 1394 1620 Bonaventura
1428 1554 1508 1618 de
1538 1555 1656 1617 hac
1688 1573 1818 1616 ma-

319 1655 472 1718 teria
513 1652 744 1717 scribit
781 1653 1042 1728 diffuse,
1087 1653 1419 1716 sciscitans
1462 1654 1695 1736 primo,
1736 1671 1818 1715 an

321 1753 644 1816 character
682 1753 768 1815 sit
801 1751 1078 1814 habitus.
1122 1752 1200 1814 Et
1238 1751 1580 1834 respondet
1620 1771 1636 1815 ε
1678 1749 1819 1825 Qui-

1927 965 1994 1026 in
2041 965 2230 1028 tertia
2277 965 2493 1046 specie
2540 964 2882 1048 qualitatis,
2930 1001 3011 1011 —
3056 965 3179 1028 Alii
3228 964 3423 1047 igitur

1927 1062 2171 1138 dicunt,
2212 1063 2382 1144 quod
2421 1063 2745 1126 character
2781 1063 2942 1126 dicit
2978 1055 3423 1145 configuratio-

1927 1179 2098 1234 nem,
2152 1168 2218 1222 et
2264 1168 2360 1223 est
2415 1161 2482 1223 in
2540 1170 2765 1242 quarta
2812 1161 3025 1243 specie
3072 1161 3419 1244 qualitatis,

1926 1278 2068 1340 quae
2117 1265 2216 1321 est
2257 1257 2463 1322 forma
2508 1267 2573 1321 et
2619 1260 2790 1322 circa
2836 1260 3077 1342 aliquid
3128 1267 3423 1323 constans

1925 1356 2154 1438 figura.
2191 1356 2269 1419 Et
2296 1358 2351 1420 si
2382 1357 2746 1439 objiciatur,
2779 1358 2951 1441 quod
2979 1357 3189 1439 figura
3220 1365 3317 1420 est
3354 1358 3421 1420 in

1928 1454 2301 1537 quantitate,
2334 1475 2475 1538 quae
2521 1456 2585 1518 in
2629 1456 2843 1518 anima
2884 1457 3098 1520 locum
3142 1474 3269 1520 non
3313 1456 3421 1520 ha-

1926 1554 2075 1635 bet3
2111 1555 2518 1638 respondent,
2552 1557 2721 1638 quod
2764 1556 3000 1638 duplex
3043 1563 3139 1618 est
3176 1556 3425 1638 quanti-

1926 1654 2304 1727 taS‚scilicet
2332 1655 2681 1737 spiritualis
2710 1661 2775 1717 et
2802 1654 3423 1737 corporalis.Quibus

1926 1751 2253 1833 objicitur,
2304 1753 2474 1834 quod
2530 1753 2738 1834 figura
2796 1761 2986 1835 prout
3032 1761 3129 1816 est
3175 1755 3423 1836 species

322 1853 458 1914 dam
512 1851 836 1924 dixerunt,
887 1851 1056 1932 quod
1113 1849 1632 1913 characterizatio
1689 1867 1818 1912 non
1853 1847 1900 1910 B
1931 1857 2154 1932 quarta
2185 1851 2531 1932 qualitatiS,
2564 1857 2661 1913 est
2698 1850 2938 1913 clausio
2976 1852 3420 1926 terminorum,

324 1952 400 2012 sit
441 1950 570 2012 nisi
615 1947 1036 2029 consignatio,
1082 1954 1147 2011 et
1188 1949 1516 2012 character
1559 1966 1688 2011 non
1738 1947 1821 2010 sit

325 2047 442 2110 nisi
497 2047 759 2128 signum
819 2047 990 2129 quod
1047 2047 1209 2108 nihil
1268 2047 1436 2110 reale
1488 2047 1664 2109 addit
1721 2067 1821 2108 su·

325 2165 432 2228 pra
459 2147 666 2209 nudas
696 2146 1034 2229 potentiaS,
1067 2153 1133 2208 et
1160 2145 1332 2228 quod
1359 2146 1444 2208 sit
1479 2144 1568 2207 ibi
1601 2163 1822 2207 secun-

326 2245 470 2306 dum
503 2244 974 2308 institutionem
1013 2251 1077 2306 et
1115 2251 1328 2306 actum
1365 2243 1818 2324 consignantiS,

325 2343 496 2406 nulla
529 2343 694 2406 facta
735 2343 1086 2405 mutatione
1117 2342 1182 2405 in
1213 2343 1448 2417 anima,
1482 2341 1650 2404 sicut
1679 2358 1824 2404 con-

327 2441 588 2504 secratio
626 2449 725 2504 est
763 2441 832 2503 in
873 2441 1180 2504 materiali
1221 2440 1510 2504 ecclesia.
1546 2440 1667 2502 Sed
1701 2439 1824 2502 hoc

327 2547 486 2603 stare
533 2557 665 2603 non
715 2539 904 2614 valet,
945 2540 1098 2621 quia
1145 2540 1473 2601 character
1516 2538 1674 2600 dicit
1709 2538 1823 2600 ali·

329 2659 516 2722 quam
563 2638 1092 2702 assimilationem
1138 2646 1203 2700 et
1249 2637 1823 2719 configurationem

231 2773 254 2802 x
295 2791 306 2814 ,
330 2739 402 2800 ad
433 2737 779 2812 Christum,
797 2738 962 2799 sicut
988 2737 1314 2799 character
1340 2735 1560 2800 bestiae
1587 2737 1666 2798 ad
1696 2736 1827 2799 dia-

329 2835 546 2899 bolum
595 2835 665 2898 in
717 2834 1119 2918 Apocalypsi.
1170 2834 1564 2898 Assimilatio
1610 2841 1824 2896 autem

329 2932 632 2996 fundatur
669 2950 865 3016 super
902 2933 1294 3015 qualitatem.
1329 2931 1406 2994 Et
1445 2931 1570 2994 nisi
1610 2932 1826 2994 chara·

1931 1949 2033 2011 cui
2062 1967 2193 2012 non
2230 1956 2329 2012 est
2365 1949 2595 2012 similis
2631 1949 3005 2012 assimilatio
3033 1949 3422 2032 spiritualis;

1929 2067 2048 2110 nec
2076 2046 2288 2129 figura
2315 2056 2412 2110 est
2440 2049 2506 2111 in
2536 2047 2979 2130 spiritualibus
3008 2049 3133 2111 nisi
3160 2048 3425 2110 transla-

1933 2147 2078 2209 tive.
2113 2181 2194 2192 —-
2233 2138 2378 2210 l'deo
2413 2146 2637 2208 dicunt
2673 2146 2804 2221 alii,
2846 2147 3015 2229 quod
3055 2163 3184 2210 non
3224 2154 3321 2210 est
3359 2147 3425 2208 in

1932 2245 2147 2326 aliqua
2177 2244 2391 2328 specie
2420 2245 2743 2327 qualitatis
2781 2265 2819 2307 a
2855 2245 3237 2329 Philosopho
3274 2245 3428 2309 assi—

1931 2352 2140 2425 gnata,
2182 2362 2381 2426 quum
2432 2343 2569 2425 ipse
2614 2361 2741 2406 non
2785 2351 2979 2426 ponat
3016 2345 3141 2407 nisi
3183 2345 3429 2427 species

1933 2442 2257 2524 qualitatis
2315 2442 2560 2504 innatas
2616 2442 2717 2505 vel
2775 2443 3137 2526 acquisitas.
3192 2444 3427 2506 Verum

1933 2540 2103 2602 istud
2152 2547 2249 2605 est
2292 2559 2575 2622 quaerere
2619 2539 2859 2621 fugam,
2912 2560 3113 2623 quum
3158 2541 3428 2604 virtutes

1933 2639 2305 2721 theologicae
2342 2641 2414 2702 et‘
2442 2639 2583 2703 aliae
2622 2639 2887 2701 virtutes
2925 2638 3152 2704 infusae
3190 2640 3257 2702 in
3299 2640 3427 2722 pri-

1936 2756 2040 2800 ma
2068 2738 2283 2820 specie
2312 2737 2633 2820 qualitatis
2664 2745 2998 2820 ponantur.
3032 2774 3112 2785 —-
3140 2738 3301 2801 Hinc
3336 2739 3430 2801 di·-

1935 2836 2233 2910 cendum,
2284 2835 2453 2918 quod
2512 2835 2837 2898 character
2882 2854 3007 2899 non
3066 2843 3163 2899 est
3219 2836 3431 2919 passio

1936 2951 2055 2996 nec
2100 2934 2403 3016 potentia,
2440 2933 2549 2996 sed
2592 2933 2867 2996 habitus.
2916 2934 3180 2997 Habitus
3217 2942 3431 2998 autem

331 3039 462 3110 cter
501 3032 610 3094 ille
647 3033 730 3094 sit
765 3030 1007 3113 aliquid
1049 3031 1240 3106 reale,
1283 3049 1410 3094 non
1452 3030 1574 3093 erit
1613 3031 1828 3094 anima
1862 3032 1906 3095 C
1937 3031 2281 3114 dupliciter
2328 3031 2621 3094 sumitur.
2668 3032 2879 3094 Primo
2926 3032 3204 3115 proprie,
3245 3040 3435 3115 prout

333 3151 446 3214 per
474 3132 688 3215 ipsum
721 3131 975 3193 realiter
1004 3130 1236 3193 similis
1269 3130 1539 3205 Christo,
1571 3148 1690 3193 nec
1723 3131 1830 3193 ha-

332 3229 508 3293 beret
549 3230 875 3293 character
912 3227 1185 3291 effectus
1227 3246 1340 3291 seu
1379 3235 1557 3291 actus
1602 3228 1825 3301 reales,

42 3308 44 3317 ¹
97 3350 308 3407 cmm:
333 3328 514 3410 cujus
545 3328 910 3411 oppositum
941 3346 1020 3390 ex
1049 3325 1264 3390 verbis
1302 3325 1505 3389 divini
1543 3324 1828 3408 Dionysii

90 3418 174 3455 ets.

334 3436 398 3490 et
425 3426 795 3491 Damasceni
833 3424 1160 3509 probatur,
1190 3443 1266 3487 ac
1303 3424 1526 3508 patuit.
1559 3460 1642 3470 -
1669 3424 1829 3487 Hinc

331 3526 443 3589 alii
487 3526 730 3599 dicunt,
774 3524 946 3606 quod
995 3524 1296 3606 importet
1344 3522 1718 3586 relationem
1767 3529 1832 3585 et

335 3624 702 3707 qualitatem
751 3622 1008 3697 realem,
1050 3639 1244 3704 super
1290 3639 1483 3704 quam
1527 3621 1830 3683 fundatur

331 3723 446 3786 illa
473 3722 692 3786 relatio
724 3739 738 3783 :
773 3740 916 3804 quae
947 3720 1217 3803 qualitas
1251 3728 1349 3782 est
1385 3718 1721 3803 dispositio
1749 3719 1828 3782 ad

332 3821 775 3903 recipiendum
845 3819 1062 3881 lumen
1129 3818 1534 3901 caloremque
1588 3817 1826 3899 gratiae,

329 3920 499 3983 sicut
527 3918 780 3982 siccitas
809 3917 964 3999 ligni
995 3916 1330 3999 dispositio
1357 3924 1455 3980 est
1481 3917 1560 3979 ad
1589 3915 1832 3979 inflam-

329 4020 698 4094 mationem,
732 4025 923 4100 atque
958 4016 1276 4099 pervictas
1305 4015 1454 4079 vitri
1484 4015 1561 4078 ad
1593 4015 1823 4077 lucem.

327 4116 480 4179 Ideo
537 4121 888 4198 posuerunt
942 4113 1374 4177 characterem
1431 4112 1497 4175 in
1551 4113 1830 4176 secunda

1937 3131 2352 3212 distinguitur
2418 3138 2638 3194 contra
2702 3130 3209 3214 dispositionem,
3271 3133 3437 3195 sicut

1938 3227 2297 3311 perfectum
2346 3236 2566 3293 contra
2621 3228 3092 3312 imperfectum.
3145 3230 3437 3294 Secundo

1940 3327 2388 3401 communiter,
2433 3333 2623 3409 prout
2661 3326 3147 3409 comprehendit
3192 3336 3436 3390 utrum-

1940 3444 2087 3507 que,
2121 3442 2379 3487 omnem
2408 3425 2709 3487 videlicet
2745 3425 3117 3507 qualitatem
3152 3425 3433 3489 animam

1939 3521 2407 3604 disponentem,
2440 3522 2575 3585 sive
2604 3522 2794 3584 facile
2826 3522 2961 3585 sive
2999 3522 3271 3585 difficile
3304 3541 3434 3586 mo—

1939 3621 2161 3695 bilem,
2214 3620 2348 3683 sive
2394 3619 2741 3703 perfectam
2786 3620 2921 3684 sive
2966 3620 3430 3703 imperfectam.

1939 3720 2173 3802 Sicque
2228 3719 2539 3801 accipitur
2595 3738 2796 3801 quum
2862 3718 2952 3781 ait
3014 3719 3433 3803 Philosophus

1940 3819 2062 3881 tria
2101 3837 2243 3881 esse
2282 3817 2349 3880 in
2388 3817 2620 3892 anima,
2663 3817 3036 3899 potentiam,
3071 3818 3435 3899 passionem

1940 3923 2004 3980 et
2031 3916 2342 3979 habitum.
2378 3916 2608 3997 Sicque
2637 3915 2963 3979 character
3000 3922 3098 3978 est
3134 3915 3430 3998 habitus;

1937 4022 2153 4077 tamen
2204 4033 2403 4097 quum
2451 4014 2616 4076 ultra
2663 4014 2957 4096 disponat
3011 4014 3090 4076 ad
3138 4015 3429 4095 gratiam,

1939 4120 2036 4177 est
2080 4113 2548 4195 quodammodo
2600 4112 2951 4195 dispositi0,
2998 4130 3123 4175 non
3178 4112 3435 4178 habitus

329 4215 550 4298 specie
584 4212 926 4297 qualitatis.
970 4211 1147 4285 Quod
1185 4218 1351 4275 stare
1393 4210 1638 4293 nequit,
1679 4211 1830 4293 quia
1859 4217 1910 4281 D
1939 4212 2179 4287 stricte,
2220 4229 2421 4293 quum
2460 4230 2579 4275 nec
2616 4210 2910 4294 perficiat
2948 4211 3258 4275 ultimate.
3302 4214 3437 4277 Est-

327 4312 612 4376 secunda
641 4310 888 4394 species
929 4306 1174 4372 illa’est
1209 4309 1518 4372 naturalis
1549 4309 1831 4391 potentia

327 4412 436 4475 vel
469 4409 870 4493 impotentia3
897 4407 1222 4471 character
1249 4424 1400 4469 vero
1429 4413 1526 4469 est
1554 4406 1826 4483 habitus,

329 4519 406 4574 ut
451 4511 716 4573 dicetur.
766 4543 848 4554 —
896 4506 1024 4570 Alii
1081 4524 1233 4588 ergo
1287 4506 1608 4581 dixerunt,
1659 4507 1829 4589 quod

329 4611 658 4673 character
683 4625 814 4672 non
843 4613 940 4670 est
969 4606 1178 4670 solum
1215 4606 1294 4668 ad
1333 4605 1825 4687 disponendum,

325 4709 448 4772 sed
489 4709 676 4771 etiam
713 4708 794 4771 ad
831 4704 1396 4788 distinguendum3
1429 4712 1652 4787 estque
1683 4725 1830 4788 qua-

329 4808 488 4871 litas
513 4808 786 4871 animam
826 4806 1089 4869 fidelem
1128 4806 1434 4869 decorans
1473 4812 1538 4867 et
1574 4822 1828 4881 ornanS,

327 4926 456 4994 per
496 4909 658 4989 quod
695 4906 778 4969 ab
816 4905 1068 4969 infideli
1105 4906 1538 4986 distinguitur,
1573 4912 1834 4988 propter

277 5058 296 5068 -
328 5007 515 5091 quod
566 5006 758 5069 infert
809 5005 1042 5069 animm
1100 5002 1480 5067 muliebrem
1523 5004 1549 5031 *
1599 5006 1834 5087 passio-

327 5125 496 5169 nem
527 5122 542 5167 :
571 5106 807 5168 idcirco
844 5111 944 5167 est
977 5102 1300 5187 passibilis
1340 5103 1632 5185 qualitaS,
1666 5110 1730 5165 et
1766 5104 1832 5165 in

327 5205 534 5271 tertia
581 5204 794 5288 specie
851 5203 1192 5289 qualitatis
1253 5202 1430 5276 Quod
1483 5210 1648 5266 stare
1706 5220 1834 5266 non

327 5305 536 5381 valet,
564 5304 712 5388 quia
745 5322 873 5369 non
911 5301 1151 5368 dicitur
1185 5301 1508 5385 passibilis
1539 5302 1832 5385 qualitaS,

589 5436 654 5487 T.
686 5436 766 5487 24.

1940 4330 2066 4395 que
2104 4311 2322 4375 lumen
2366 4310 2697 4393 spirituale
2744 4310 3191 4395 semiplenum,
3232 4319 3297 4376 et
3335 4332 3436 4377 ca-

1941 4412 2035 4474 lor
2072 4411 2268 4492 gratis
2311 4411 2493 4474 datus
2536 4426 2551 4473 ε
2594 4416 2658 4473 et
2696 4409 2783 4473 ita
2822 4414 3081 4492 ponitur
3122 4414 3189 4476 in
3227 4412 3433 4496 prima

1941 4511 2156 4595 specie
2197 4509 2539 4591 qualitatis,
3138 4578 3143 4583 ⁸

2028 4609 2319 4673 Secundo
2367 4609 2595 4692 quaerit
2638 4610 3100 4688 Bonaventura,
3150 4614 3228 4676 ad
3277 4614 3433 4695 quid

1941 4708 2116 4771 utilis
2168 4717 2278 4772 aut
2333 4708 2731 4772 necessarius
2788 4709 2872 4771 sit
2927 4710 3271 4773 character.
3322 4712 3435 4775 Re-

1941 4810 2211 4889 spondet
2244 4824 2258 4869 :
2294 4808 2628 4871 Character
2664 4814 2762 4870 est
2798 4807 3199 4889 signaculum
3234 4828 3434 4873 sacra-

1940 4907 2217 4970 mentale
2261 4926 2299 4969 a
2344 4907 2473 4969 Deo
2522 4906 2925 4988 impressum.
2979 4907 3055 4969 Et
3102 4926 3303 4990 quum
3352 4909 3436 4971 sit

1941 5007 2341 5089 signaculum
2400 5006 2875 5080 sacramentale,
2925 5006 3249 5088 significat
3297 5026 3436 5089 gra-

1943 5106 2117 5179 tiam,
2150 5112 2215 5167 et
2243 5110 2555 5187 praeparat
2581 5103 2660 5165 ad
2691 5103 3002 5179 eamdem,
3034 5110 3097 5167 et
3126 5124 3273 5168 cum
3302 5123 3437 5187 gra·

1941 5203 2030 5265 tia
2072 5202 2413 5285 quamdam
2456 5201 2945 5265 similitudinem
2986 5202 3179 5267 habet
3226 5222 3239 5266 :
3290 5205 3433 5269 ideo

1944 5300 2301 5383 configurat
2348 5307 2539 5383 atque
2592 5300 2903 5364 assimilat
2950 5309 3232 5367 mentem
3278 5304 3429 5382 Deo,

3114 5439 3177 5489 12
