4267 6250
1116 500 1319 548 uranu
1360 499 1454 547 srr
1494 498 1905 547 mmmmm
1946 497 2154 546 rom
2192 497 2476 545 amiam
3228 472 3346 539 107

282 676 365 733 est
398 671 471 733 de
514 669 737 735 formae
782 670 1183 744 necessitate,
1226 669 1529 752 quoniam
1568 676 1747 733 actus
1775 669 1826 731 A
1858 686 2006 731 nem
2046 667 2413 730 referuntur
2445 685 2458 729 :
2501 666 2658 729 alias
2705 683 2833 729 non
2871 671 3038 729 esset
3074 662 3350 744 alicujus

281 768 349 829 ad
390 768 837 851 suscipientem
894 768 1291 831 terminatur.
1344 768 1492 831 ldeo
1548 765 1747 831 Graeci

282 866 565 929 differunt
606 867 673 930 in
712 866 921 929 forma
956 885 994 929 a
1032 866 1216 931 nobis
1256 866 1320 929 in
1364 865 1589 928 tribus.
1626 863 1749 926 Pri·

286 982 393 1037 mo,
422 965 565 1047 quia
594 983 933 1047 personam
964 964 1241 1028 ministri
1273 965 1337 1027 in
1376 965 1583 1028 forma
1620 980 1749 1027 non

282 1063 659 1145 exprimunt3
708 1072 776 1126 et
820 1064 941 1127 hoc
988 1064 1087 1145 (ut
1134 1063 1383 1143 dicunt)
1424 1062 1503 1125 ad
1550 1078 1752 1125 remo-

283 1162 533 1224 vendum
589 1180 873 1226 errorem
939 1163 1051 1245 qui
1120 1162 1245 1225 fuit
1300 1162 1367 1223 in
1424 1160 1751 1244 primitiva

286 1260 557 1335 Ecclesia,
597 1279 823 1325 eorum
872 1261 985 1344 qui
1032 1260 1392 1324 efficaciam
1441 1259 1749 1343 Baptismi

284 1358 597 1441 baptizanti
629 1360 1087 1435 attribuebant,
1120 1368 1191 1422 ut
1225 1366 1397 1441 patet
1434 1359 1501 1421 in
1545 1358 1751 1441 prima

80 1468 261 1518 lemma.
282 1458 347 1519 ad
375 1457 741 1522 Corinthios.
774 1459 1089 1533 Secundo,
1114 1458 1181 1520 in
1210 1458 1331 1521 hoc
1360 1458 1531 1539 quod
1561 1456 1752 1538 signi·

284 1552 458 1617 ficant
493 1562 705 1619 actum
750 1556 873 1619 sub
916 1557 1062 1630 alia,
1094 1556 1215 1619 boc
1256 1564 1351 1619 est
1390 1554 1512 1618 sub
1541 1554 1749 1629 tertia,

285 1671 546 1733 persona,
596 1660 663 1717 ct
716 1653 841 1717 sub
894 1654 1021 1717 alio
1077 1653 1289 1729 modo,
1341 1660 1559 1735 utpote
1608 1652 1754 1715 sub-

280 1750 541 1830 junctivo
598 1752 696 1815 vel
755 1753 1057 1834 optativo,
1114 1753 1195 1815 ad
1250 1751 1749 1833 significandum

1857 767 2138 841 virtutiS,
2181 766 2306 829 nisi
2351 774 2599 828 tantum
2643 765 2708 827 in
2754 784 2881 827 una
2923 764 3161 845 lingua,
3197 779 3350 845 quo-

1860 864 2033 927 niam
2064 882 2254 928 voces
2285 882 2413 927 non
2451 873 2600 927 sunt
2639 864 2876 928 eaedem
2907 862 3078 945 apud
3107 878 3350 925 omnes.

1859 964 2121 1037 Rursus,
2154 972 2418 1046 apparet
2455 964 2625 1045 quod
2665 961 2951 1025 sufficiat
2979 961 3214 1034 dicere,
3243 960 3358 1022 Ba-

1862 1063 2031 1145 ptizo
2072 1071 2135 1125 te
2187 1063 2252 1126 in
2298 1062 2558 1125 nomine
2601 1060 2971 1123 Trinitatis:
3005 1058 3356 1142 praesertim

1860 1182 2062 1245 quum
2102 1163 2169 1225 in
2211 1162 2470 1225 nomine
2502 1160 2826 1223 Trinitatis
2863 1159 3148 1242 apertius
3179 1157 3361 1219 intel-

1862 1261 2142 1344 ligantur
2199 1269 2327 1324 tres
2386 1278 2672 1343 personae
2729 1277 2922 1341 quarn
2962 1258 3050 1320 .in
3099 1255 3360 1319 nomine

1863 1359 2114 1423 Christi.
2150 1396 2228 1405 —
2261 1360 2339 1422 Et
2369 1358 2882 1441 respondendum
2911 1357 2989 1419 ad
3022 1354 3162 1429 ista,
3187 1353 3358 1437 quod

1862 1478 2029 1521 unus
2056 1466 2236 1520 actus
2276 1457 2388 1539 qui
2428 1474 2558 1519 uno
2593 1464 2817 1538 agente
2853 1453 3096 1536 expleri
3127 1458 3356 1534 potest,

1862 1575 1989 1620 non
2040 1556 2446 1640 progreditur
2488 1575 2527 1618 a
2566 1554 2861 1638 pluribus
2898 1551 3234 1635 agentibus
3279 1550 3359 1613 si-

1864 1656 2001 1719 mul
2036 1673 2050 1717 :
2086 1656 2229 1718 ideo
2267 1676 2434 1717 unus
2474 1654 2822 1737 baptizanS,
2854 1670 3053 1735 quum
3091 1651 3227 1732 ipsc
3259 1668 3356 1713 so-

1867 1754 1965 1817 lus
2006 1754 2328 1837 baptizare
2366 1754 2588 1836 possit,
2621 1752 2810 1815 debet
2848 1749 3213 1832 significare
3257 1767 3358 1811 ac-

283 1850 431 1930 quod
484 1859 661 1914 actus
723 1851 989 1915 interior
1044 1858 1448 1934 exspectatur
1504 1870 1539 1913 a
1598 1851 1745 1914 Deo.
1787 1855 1836 1917 B
1865 1860 2003 1915 tum
2048 1873 2262 1928 suum,
2295 1871 2422 1916 non
2463 1860 2534 1915 ut
2571 1870 2608 1913 a
2656 1850 2950 1933 pluribus
2991 1855 3353 1921 exeuntem,

284 1948 488 2025 Tertio,
518 1950 668 2033 quia
707 1967 1045 2033 personam
1084 1949 1465 2033 baptizatam
1504 1957 1755 2032 ponunt

286 2047 341 2109 in
382 2048 787 2122 nominativo,
838 2056 1030 2131 atque
1088 2048 1155 2111 in
1214 2048 1400 2111 tertia
1458 2066 1750 2130 persona,

286 2145 415 2227 quia
458 2145 775 2210 interdum
827 2165 955 2210 non
1003 2146 1195 2210 habet
1243 2167 1430 2210 usum
1490 2147 1753 2210 rationis

284 2252 343 2305 ut
382 2245 454 2307 ad
500 2265 639 2309 eam
692 2246 895 2329 possit
940 2245 1128 2328 dirigi
1178 2263 1407 2309 sermo.
1460 2247 1556 2309 An
1602 2264 1755 2309 vero

288 2352 508 2406 mutent
532 2344 771 2427 aliquid
806 2344 977 2427 quod
1007 2346 1089 2407 sit
1125 2345 1205 2407 de
1242 2345 1599 2407 substantia
1628 2344 1755 2408 for-

288 2460 409 2516 mae,
447 2450 517 2505 ut
550 2442 641 2505 sic
684 2450 975 2526 oporteat
1015 2443 1425 2526 rebaptizari3
1458 2444 1754 2526 quamvis

284 2540 517 2621 quidam
564 2542 681 2606 hoc
728 2543 965 2616 dicant,
998 2560 1125 2605 non
1165 2551 1379 2605 tamen
1418 2550 1515 2605 est
1552 2541 1755 2605 deter-

288 2640 591 2714 minatum,
612 2641 723 2704 sed
752 2641 1027 2704 dubium
1058 2641 1229 2723 apud
1260 2642 1594 2723 quosdam,
1616 2641 1751 2723 qui-

286 2735 389 2799 bus
414 2738 659 2800 videtur
683 2740 857 2821 quod
886 2739 1174 2803 sufficiat
1200 2748 1412 2802 actum
1442 2739 1750 2821 Baptismi

284 2835 621 2916 significare
647 2839 725 2901 ad
756 2837 1139 2901 sacramenti
1172 2838 1654 2920 perfectionem,
1688 2848 1751 2901 et

286 2935 433 3013 quod
496 2935 1104 3017 consignificationis
1166 2936 1610 3000 determinatio
1666 2938 1751 3000 sit

1864 1953 1975 2016 sed
2010 1958 2079 2015 ut
2106 1971 2144 2013 a
2173 1971 2241 2015 se
2271 1952 2406 2015 solo
2431 1970 2448 2031 ;
2481 1951 2622 2014 ideo
2652 1950 2778 2013 dici
2813 1967 2942 2013 non
2972 1956 3199 2031 potest,
3230 1947 3356 2009 Nos

1863 2052 2280 2134 baptizamus.
2342 2051 2578 2113 Tamen
2639 2048 2992 2112 secundum
3048 2046 3358 2129 quosdam

1864 2150 1991 2213 dici
2027 2157 2256 2232 potest,
2291 2150 2420 2231 Ego
2459 2148 2710 2231 baptizo
2749 2165 2884 2220 vos,
2921 2146 2975 2209 si
3014 2143 3358 2209 necessitas

1862 2250 2061 2329 adsit3
2094 2268 2214 2312 nec
2243 2257 2341 2311 est
2375 2248 2591 2331 aliqua
2623 2247 2888 2310 mutatio
2917 2245 3136 2309 formae
3164 2263 3361 2327 quan-

1865 2357 2003 2412 tum
2040 2349 2120 2411 ad
2160 2347 2719 2429 significationem,
2761 2347 2914 2428 quia
2958 2344 3201 2427 plurale
3231 2361 3359 2406 non

1865 2454 1961 2511 θεῖ
2011 2446 2138 2508 nisi
2190 2445 2510 2527 singulare
2567 2444 2980 2525 geminatum.
3035 2442 3242 2504 Potest
3295 2448 3361 2503 et

1864 2544 1987 2607 alia
2018 2542 2180 2606 ratio
2207 2541 2538 2625 assignari,
2561 2542 2715 2624 quia
2740 2540 2998 2623 Baptizo
3026 2557 3159 2613 voS,
3187 2525 3354 2601 idem

1863 2651 1960 2706 est
1986 2643 2154 2725 quod
2181 2640 2439 2724 Baptizo
2469 2648 2532 2703 te
2561 2648 2624 2703 et
2655 2648 2716 2703 te
2735 2657 2750 2702 :
2771 2639 2911 2703 ideo
2939 2657 3053 2721 per
3082 2638 3203 2702 boc
3232 2656 3357 2701 non

1862 2750 1960 2805 est
2006 2739 2275 2803 mutatio
2321 2739 2536 2822 aliqua
2584 2746 2892 2821 quantum
2943 2737 3022 2800 ad
3069 2755 3352 2810 sensum,

1860 2840 1971 2902 sed
2022 2839 2230 2901 solum
2273 2846 2582 2920 quantum
2633 2838 2711 2900 ad
2749 2854 2991 2899 vocem.
3037 2835 3180 2909 Sed,
3229 2835 3355 2898 Nos

1859 2936 2280 3019 baptizamuS,
2301 2936 2471 2999 idem
2501 2944 2597 2998 est
2625 2935 2793 3018 quod
2825 2951 2943 3016 ego
2969 2942 3033 2997 et
3063 2934 3202 3011 illc3
3225 2951 3352 2996 non

286 3049 351 3092 ex
398 3032 780 3098 institutione
830 3035 1147 3099 Ecclesiae.
1181 3036 1416 3099 Verum
1454 3036 1577 3099 hoc
1616 3055 1749 3099 cer·
1785 3038 1830 3101 C
1858 3044 2071 3099 autem
2112 3052 2230 3117 ego
2269 3041 2332 3097 et
2369 3052 2487 3116 ego
2530 3051 2543 3095 :
2592 3034 2733 3097 ideo
2782 3050 2906 3096 non
2957 3032 3221 3096 omnino
3258 3039 3355 3094 est

286 3137 404 3194 tum
431 3141 541 3208 est,
571 3135 739 3216 quod
780 3134 985 3198 forma
1022 3154 1149 3217 qua
1178 3135 1423 3198 utimur
1451 3154 1588 3210 noS,
1623 3155 1750 3199 me-

288 3228 390 3292 lior
427 3231 553 3294 sit:
594 3240 733 3295 turn
782 3234 935 3315 quia
982 3233 1346 3317 perfectior,
1390 3241 1461 3298 ut
1507 3243 1750 3299 constat

286 3345 352 3390 ex
395 3329 606 3409 dictis3
646 3338 787 3393 tum
826 3332 977 3413 quia
1015 3333 1163 3415 plus
1205 3340 1511 3397 consonat
1548 3335 1749 3397 Evan-

286 3426 415 3504 gelii
458 3428 665 3491 verbis
716 3428 783 3490 in
830 3429 1067 3511 quibus
1126 3430 1401 3494 ministri
1450 3431 1751 3494 dicuntur

290 3521 681 3607 baptizantes;
710 3533 849 3589 tum
882 3535 1142 3610 propter
1168 3528 1607 3592 auctoritatem
1639 3527 1753 3592 Ro-

290 3639 465 3686 manae
508 3624 829 3700 Ecclesia,
878 3645 1021 3708 quae
1078 3626 1347 3690 formam
1404 3627 1569 3690 banc
1626 3637 1750 3691 tra-

290 3719 431 3781 didit
462 3741 567 3784 seu
608 3723 1059 3804 promulgavit,
1092 3744 1235 3807 quae
1272 3725 1556 3789 Ecclesia
1588 3746 1751 3788 nun-

290 3837 457 3898 quam
492 3839 527 3883 a
562 3839 711 3883 vera
748 3821 881 3885 fide
920 3822 1153 3904 legitur
1181 3824 1555 3897 declinasse,
1587 3825 1752 3887 hanc

63 3897 65 3960 ἶ
108 3915 359 3976 ‘mi-euab
397 3917 701 3999 Apostolis
746 3918 1019 3982 formam
1070 3940 1401 3984 reservans
1422 3925 1465 3984 *.
1508 3923 1751 3988 Idcirco

290 4015 583 4092 nonlicet,
618 4016 858 4080 Latinis
888 4019 1231 4101 principue,
1259 4021 1325 4082 in
1357 4019 1562 4084 forma
1589 4021 1752 4085 Grae-

289 4129 479 4177 corum
528 4115 847 4198 baptizare
888 4132 903 4178 τ
950 4116 1121 4198 quod
1168 4117 1219 4180 si
1267 4129 1746 4200 praesumerent‚

1862 3135 2050 3198 idem.
2097 3135 2362 3217 Propter
2400 3134 2570 3217 quod
2609 3133 2722 3217 qui
2762 3133 2940 3208 dicit,
2980 3131 3105 3195 Nos
3153 3130 3355 3214 bapti-

1859 3253 2098 3308 zamuS,
2116 3233 2280 3296 nihil
2315 3233 2496 3312 facit3
2519 3232 2630 3315 qui
2658 3238 2872 3294 autem
2903 3230 3079 3304 dicit,
3097 3229 3354 3312 Baptizo

1859 3351 1995 3409 νοε,
2014 3333 2066 3395 si
2101 3333 2318 3415 plures
2349 3332 2544 3395 simul
2575 3331 2944 3413 baptizaret,
2963 3329 3354 3413 baptizatum

1860 3440 1988 3511 est3
2020 3439 2298 3495 attamen
2337 3438 2580 3514 peccat,
2613 3430 2739 3493 nisi
2773 3449 2849 3492 ex
2885 3447 3116 3511 magna
3143 3445 3356 3491 neces-

1862 3529 2045 3592 sitate
2086 3529 2152 3591 id
2195 3529 2402 3592 faciat.
2446 3529 2622 3604 Quod
2669 3535 2884 3591 autem
2924 3526 3207 3609 Apostoli
3247 3525 3354 3587 ba-

1863 3629 2265 3711 ptizaverunt
2294 3628 2358 3690 in
2389 3629 2650 3691 nomine
2680 3626 3026 3701 Christi,ex
3054 3625 3355 3689 familiari

1862 3725 1986 3789 fuit
2024 3725 2294 3789 consilio
2333 3726 2606 3808 Spiritus
2636 3726 2871 3799 Sancti,
2901 3744 3021 3788 nec
3047 3724 3233 3787 aliter
3261 3723 3354 3786 eis

1862 3824 1983 3887 hoc
2024 3823 2328 3887 licuisset.
2368 3823 2446 3885 Et
2483 3822 2535 3884 si
2577 3823 2767 3886 modo
2803 3823 2950 3905 quis
2993 3821 3204 3884 taliter
3247 3821 3354 3883 ba-

1860 3922 2146 4006 ptizaret,
2180 3940 2308 3985 non
2348 3928 2516 3984 esset
2553 3920 2936 4003 Baptismus,
2971 3927 3042 3983 ut
3073 3937 3356 3983 commu-

1859 4021 2028 4084 niter
2056 4021 2314 4095 dicitur,
2348 4019 2642 4102 quamvis
2675 4019 2932 4102 quidam
2963 4019 3176 4082 dicant
3205 4036 3354 4081 con·

1860 4120 2152 4186 trarium.
2211 4120 2540 4193 Praeterea,
2591 4119 2658 4181 in
2716 4119 2974 4182 nomine
3032 4116 3355 4180 Trinitatis

288 4213 605 4277 secundum
647 4216 959 4298 quosdam
998 4233 1125 4278 non
1156 4225 1323 4280 esset
1364 4218 1745 4300 BaptismuS,
1778 4222 1827 4284 D
1858 4238 1986 4283 non
2018 4218 2468 4300 exprimuntur
2497 4219 2654 4301 ipsae
2693 4236 2999 4300 personae,
3033 4217 3145 4280 sed
3183 4216 3356 4280 solus

288 4313 608 4375 secundum
654 4312 815 4376 alios
870 4331 1021 4376 vere
1078 4323 1265 4389 esset,
1316 4316 1427 4378 sed
1474 4317 1750 4398 graviter

291 4421 610 4488 peccarent.

356 4507 410 4570 Si
451 4517 663 4573 autem
710 4511 1075 4592 objiciatur,
1118 4513 1287 4596 quod
1326 4520 1505 4578 actus
1543 4515 1751 4598 Bapti-

290 4605 390 4667 smi
416 4605 553 4670 fieri
582 4616 792 4690 potest
830 4610 911 4672 ab
950 4629 1079 4674 uno
1117 4619 1181 4674 et
1217 4631 1255 4676 a
1283 4612 1554 4688 duobus,
1588 4620 1653 4676 et
1682 4614 1747 4677 in

292 4721 461 4768 unum
490 4715 552 4769 et
580 4708 646 4770 in
676 4709 839 4772 duos
873 4727 887 4770 ε
922 4728 1073 4791 ergo
1105 4709 1253 4773 fieri
1292 4720 1498 4792 potest
1528 4712 1749 4777 formae

294 4805 545 4880 mutatio,
582 4815 657 4869 ut
692 4807 962 4883 dicatur,
1002 4809 1125 4872 Nos
1173 4809 1569 4891 baptizamus
1613 4829 1743 4874 vos.

292 4899 423 4964 ltem
452 4905 701 4970 videtur
736 4909 907 4989 quod
948 4909 1146 4990 possit
1182 4909 1275 4971 sic
1310 4908 1459 4983 dici,
1491 4909 1749 4991 Baptizo

294 5003 347 5058 tc
376 4999 435 5063 in
468 5005 721 5067 nomine
756 5005 1061 5085 genitoris
1098 5013 1162 5067 et
1198 5006 1391 5088 geniti
1433 5013 1499 5070 et
1532 5025 1749 5089 proce·

296 5093 474 5160 dentis
506 5099 585 5161 ab
624 5110 916 5182 utroque,
947 5120 1147 5183 quum
1188 5103 1355 5166 idem
1386 5105 1469 5167 sit
1500 5123 1743 5168 sensus.

296 5191 403 5254 Nec
437 5196 627 5260 virtus
664 5200 1142 5262 sacramentalis
1181 5202 1471 5263 consistit
1508 5203 1573 5265 in
1616 5222 1749 5265 ver-

298 5287 402 5364 biS,
436 5293 547 5358 nisi
593 5298 948 5360 secundum
995 5299 1165 5380 quod
1212 5299 1289 5362 ad
1338 5299 1748 5380 significatio-

1860 4337 2165 4381 numerus
2209 4335 2626 4399 personarum
2676 4333 2690 4378 ε
2744 4316 2886 4379 idco
2931 4333 3062 4379 non
3109 4314 3359 4378 sufficit

1858 4417 2092 4491 dicere,
2118 4416 2184 4478 in
2215 4415 2476 4478 nomine
2507 4415 2868 4490 Trinitatis;
2901 4433 3018 4477 nec
3048 4420 3216 4477 esset
3244 4414 3356 4477 Ba-

1859 4515 2152 4598 ptismus.
2172 4515 2300 4578 Nec
2329 4514 2524 4576 etiam
2555 4514 2608 4576 si
2640 4513 2981 4587 diceretur,
2998 4513 3068 4575 ln
3097 4513 3376 4577 nomine,

1858 4615 2164 4696 genitoris
2212 4622 2276 4677 et
2324 4613 2544 4695 geniti,
2596 4620 2716 4675 etc.
2771 4611 3030 4675 Genitor
3079 4630 3356 4692 namque

1860 4731 1986 4776 non
2037 4712 2364 4795 significat
2410 4729 2748 4793 personam
2797 4711 2994 4773 Patris
3041 4718 3112 4772 ut
3158 4709 3356 4792 hypo-

1860 4812 2079 4874 stasim
2127 4810 2609 4884 subsistentem,
2661 4818 2732 4872 ut
2779 4809 2902 4872 hoc
2951 4827 3206 4882 nomen,
3248 4809 3356 4871 Pa-

1861 4917 1977 4982 ter,
2011 4910 2120 4970 sed
2168 4927 2282 4990 per
2326 4908 2584 4971 modum
2627 4917 2807 4970 actus
2845 4925 2859 4970 ε
2907 4907 3047 4970 ideo
3089 4925 3215 4969 non
3259 4914 3356 4968 est

1858 5007 2079 5070 eadem
2130 5006 2538 5088 significatio,
2579 5007 2632 5070 si
2676 5007 2946 5080 dicatur,
2988 5006 3054 5068 in
3093 5005 3356 5068 nomine

1859 5106 2079 5179 Patris,
2102 5113 2187 5179 et,
2218 5108 2283 5168 in
2315 5106 2574 5169 nomine
2602 5105 2928 5187 genitoris.
2955 5105 3033 5168 Et
3063 5104 3230 5167 idem
3261 5104 3354 5166 di-

1858 5206 2135 5267 cendum
2180 5205 2260 5267 de
2300 5204 2461 5268 aliis.
2505 5206 2805 5278 Quamvis
2847 5212 3062 5266 autem
3105 5221 3231 5264 non
3271 5203 3356 5264 sit

1860 5303 2082 5366 eadem
2111 5321 2236 5366 vox
2275 5303 2340 5365 in
2381 5303 2596 5368 Graeco
2634 5311 2698 5365 et
2735 5303 2975 5379 Latino,
3009 5309 3220 5364 tamen
3259 5309 3358 5364 est
