4267 6250
819 476 940 541 456

1437 496 1502 542 IN
1542 495 1765 543 1.me
1807 495 1869 542 [v
1907 492 2393 543 summunt.
2433 510 2515 522 —
2555 492 2710 539 ntsr.
2751 491 2919 555 xvn3
2964 491 3188 548 QUAEST.
3232 490 3295 537 1v

821 664 1116 746 gustinus
1183 666 1304 730 hoc
1369 665 1546 740 dicit,
1612 684 1822 748 neque
1890 663 2317 727 communiter
2344 663 2397 727 A
2424 661 2525 725 his
2562 680 2783 725 rursus
2821 660 3145 744 objicitur,
3176 662 3349 744 quod
3389 660 3457 724 in
3494 659 3711 723 anima
3746 677 3927 741 sepa-

823 764 1096 845 dicitur;
1145 766 1257 827 sed
1306 765 1384 827 de
1429 763 1893 845 justificatione
1943 762 2128 845 impii
2177 780 2317 844 spe-

822 862 1069 927 cialiter
1110 863 1268 926 dicit
1307 863 1431 926 boc
1471 863 1885 944 AugustinuS,
1925 860 2318 944 specialique

821 960 1064 1025 ratione
1117 981 1131 1025 ε
1184 962 1486 1044 quoniam
1546 962 1612 1023 in
1670 961 1876 1043 ipsam
1924 960 2318 1023 voluntatem

822 1060 1062 1123 directe
1108 1060 1605 1143 immediateque
1648 1078 1854 1141 agere,
1887 1066 1952 1122 et
1993 1058 2196 1140 ipsam
2240 1058 2319 1119 ad

710 1207 713 1209 >
823 1156 1080 1222 libitum
1127 1158 1491 1233 immutare,
1533 1165 1723 1240 atque
1771 1158 1849 1219 de
1900 1156 2066 1219 malo
2115 1155 2321 1238 culpae

822 1254 889 1318 in
921 1255 1162 1319 honum
1198 1256 1416 1338 gratiae
1445 1275 1519 1319 ac
1549 1255 1800 1319 virtutis
1831 1253 2195 1328 transferre,
2228 1252 2322 1316 vi-

824 1354 1009 1416 detur
1039 1354 1193 1436 quid
1230 1355 1436 1436 majus
1465 1374 1658 1437 quam
1691 1354 1829 1437 ipsa
1856 1353 2108 1416 creatio.
2146 1352 2321 1415 Unde

824 1460 890 1514 et
931 1451 1230 1533 Origenes
1279 1471 1353 1515 ac
1399 1453 1822 1536 Hieronymus
1869 1456 2317 1533 protestantur,

825 1549 994 1632 quod
1034 1549 1263 1631 ejectio
1304 1550 1414 1613 illa
1452 1570 1579 1634 qua
1616 1550 1903 1614 Christus
1946 1548 2321 1631 potestative

527 1664 796 1715 uncam.
824 1647 1014 1729 eJecit
1063 1649 1410 1713 vendentes
1465 1656 1531 1712 et
1581 1656 1868 1711 ementes
1927 1648 2006 1711 de
2054 1646 2317 1729 templo,

531 1731 598 1773 ¹2.

543 1790 709 1835 Ιοωιη.
723 1803 782 1834 ιι.

528 2026 596 2075 ¹⁹,
619 2026 688 2068 2⁰.

821 1746 948 1809 fuit
994 1746 1201 1828 majus
1248 1746 1632 1809 miraculum
1681 1766 1872 1830 quam
1922 1744 2323 1809 resuscitatio

2425 768 2561 823 rata
2598 768 2811 824 manet
2848 761 3157 823 naturalis
3198 760 3527 823 inclinatio
3564 765 3628 821 et
3660 757 3929 820 unibili—

2425 865 2520 921 tas
2576 859 2866 941 quaedam
2924 860 3003 922 ad
3060 878 3313 943 corpus.
3366 859 3609 941 Corpus
3666 873 3924 939 quoque

2427 958 2825 1039 cooperando
2872 966 2936 1021 et
2982 956 3516 1021 communicando
3571 955 3803 1018 animae
3855 954 3923 1016 in

2426 1054 2612 1119 honis
2658 1064 2767 1118 aut
2810 1056 3017 1131 malis,
3060 1056 3291 1119 meruit
3333 1055 3563 1118 animae
3610 1050 3923 1134 conglori-

2429 1152 2610 1217 ficari
2650 1162 2760 1218 aut
2789 1155 3222 1229 condemnari,
3255 1174 3329 1217 ac
3370 1172 3483 1236 per
3522 1170 3921 1234 consequens

2428 1254 2690 1316 reuniri.
2734 1254 2965 1337 Sicque
3006 1254 3357 1318 secundum
3408 1252 3699 1315 ordinem
3738 1250 3926 1332 justi-

2428 1352 2531 1415 tiae
2571 1372 2644 1416 ac
2683 1353 3098 1435 providentiae
3126 1352 3261 1425 Dei,
3296 1359 3513 1414 manet
3550 1352 3615 1413 in
3658 1367 3925 1433 corpore

2428 1452 2582 1514 ordo
2628 1451 2889 1533 quidam
2938 1452 3017 1515 ad
3064 1452 3438 1513 reunionem
3490 1469 3637 1512 cum
3686 1449 3923 1512 anima.

2509 1550 2698 1614 Porro
2738 1550 3088 1614 Richardus
3132 1549 3445 1623 concedit,
3477 1549 3645 1631 quod
3687 1547 3927 1629 justifi-

2430 1649 2593 1712 catio
2633 1648 2818 1731 impii
2860 1649 2941 1712 sit
2985 1648 3507 1731 supernaturalis,
3539 1666 3667 1711 non
3708 1654 3927 1710 tamen

2432 1746 2828 1810 miraculosa.
2880 1748 3114 1810 Verum
3162 1747 3243 1809 de
3292 1766 3413 1810 usu
3468 1745 3749 1809 nominis
3796 1764 3929 1809 non

822 1844 1059 1921 Lazari,
1092 1854 1157 1909 et
1185 1845 1434 1908 satiatio
1471 1844 2072 1928 quinque‘millium
2114 1844 2319 1906 bomi-
2356 1845 2403 1907 B
2433 1853 2529 1907 est
2558 1845 3082 1909 immoderantius
3117 1846 3653 1919 contendendum,
3676 1845 3933 1927 cognita

526 1960 794 2013 umam,
823 1964 978 2006 num
1010 1964 1088 2007 ex
1117 1944 1402 2028 quinque
1442 1944 1717 2027 panibus
1748 1951 1812 2007 et
1841 1943 2126 2026 piscibus
2171 1943 2323 2005 duo-

824 2042 945 2105 bus
981 2060 994 2105 :
1029 2043 1332 2126 quoniam
1371 2042 1766 2105 admirabilis
1797 2042 2080 2125 operatio
2110 2041 2221 2104 illa
2254 2041 2319 2103 in

821 2141 1090 2213 animas»,
1143 2147 1334 2222 atque
1391 2148 1484 2203 tot
1540 2140 1875 2203 hominum
1937 2139 2191 2221 ingenia
2244 2158 2320 2202 ac

821 2239 1181 2303 voluntates
1231 2255 1638 2321 compescere
1693 2257 1767 2301 ac
1825 2237 2038 2302 subito
2087 2238 2319 2300 immu-

818 2344 976 2412 tare,
1019 2337 1228 2418 majus
1275 2337 1400 2400 fuit
1442 2356 1634 2420 quam
1682 2338 1749 2399 in
1798 2336 2173 2419 corporibus
2220 2356 2321 2399 su—

820 2437 1291 2520 pernaturalem
1324 2435 1886 2499 revivificationem
1914 2455 1988 2498 ac
2017 2436 2321 2517 multipli-

819 2536 1135 2598 cationem
1183 2554 1504 2619 peragere.
1548 2536 1676 2599 Nec
1723 2536 1822 2598 his
1869 2535 2108 2610 obviat,
2146 2535 2317 2618 quod

819 2633 1320 2717 supernaturalis
1369 2635 1504 2698 haec
1550 2632 1931 2714 justificatio
1977 2633 2165 2715 impii
2213 2652 2319 2697 ne·

817 2732 960 2814 quit
1003 2732 1188 2796 aliter
1234 2731 1380 2795 fieri
1430 2732 1554 2795 nisi
1597 2751 1634 2794 a
1677 2733 1854 2795 Deo:
1889 2732 2040 2815 quia
2083 2750 2202 2794 nec
2248 2732 2318 2795 il-

819 2830 1157 2894 luminatio
1196 2830 1345 2894 caeci
1389 2830 1520 2893 nati
1551 2830 1696 2893 fieri
1733 2829 1904 2893 valet
1940 2830 2063 2893 nisi
2101 2829 2316 2893 Omni-

817 2930 1098 3011 potentis
1156 2929 1431 3007 virtute3
1489 2928 1694 2991 nihilo
1754 2928 1968 2990 minus
2027 2928 2166 3010 ipsa
2221 2936 2318 2991 est

821 3026 1222 3089 miraculosa.

898 3127 1074 3189 Istud
1104 3143 1361 3208 quoque
1390 3125 1712 3208 probatur.
1737 3125 1968 3200 Prim0,
1990 3125 2195 3207 major
2222 3133 2318 3188 est

821 3223 1148 3287 suscitatio
1184 3243 1222 3286 a
1261 3231 1465 3287 morte
1505 3223 1824 3306 spirituali
1863 3244 2056 3307 quam
2095 3243 2315 3306 corpo-

819 3322 974 3402 rali3
1025 3323 1135 3385 sed
1193 3322 1591 3386 resuscitatio
1647 3341 1684 3384 a
1742 3330 1944 3385 morte
2003 3323 2315 3405 corporali

821 3422 1200 3485 miraculosa
1247 3429 1543 3485 censetur
1588 3439 1602 3483 ε
1649 3439 1800 3503 ergo
1848 3421 1992 3504 plus
2039 3421 2168 3484 illa.
2213 3422 2317 3485 Se-

817 3520 1049 3596 cunde,
1085 3519 1464 3583 resurrectio
1503 3537 1844 3602 corporum
1887 3520 2009 3582 erit
2045 3521 2318 3583 miracu-

819 3619 952 3682 losa
985 3639 999 3683 ε
1033 3637 1182 3699 ergo
1213 3619 1424 3701 potius
1455 3618 1839 3682 resurrectio
1867 3638 1979 3681 seu
2006 3619 2317 3699 justifica-

818 3716 908 3780 tio
947 3717 1306 3779 animarum
1347 3735 1460 3798 per
1499 3717 1788 3797 gratiam,
1821 3735 1896 3778 ac
1934 3716 2317 3797 glorificatio

817 3815 1186 3878 earumdem
1219 3833 1332 3897 per
1366 3814 1730 3877 beatificam
1761 3815 1994 3878 divinae
2024 3814 2315 3878 essentiae

819 3913 1154 3977 visionem.
1207 3914 1436 3987 Terti0,
1488 3913 1556 3976 in
1611 3911 2071 3993 justificatione
2131 3913 2314 3994 impii

821 4011 1027 4093 major
1055 4018 1151 4074 est
1181 4011 1540 4074 resistentia
1569 4030 1761 4093 quam
1795 4010 1859 4073 in
1897 4011 2117 4073 mundi
2149 4029 2317 4073 crea-

819 4110 993 4172 tione
1036 4128 1050 4173 :
1095 4109 1246 4191 quia
1295 4108 1567 4170 liberum
1613 4108 1948 4171 arbitrium
1999 4108 2172 4171 vitiis
2219 4129 2314 4171 as-

2433 1944 2523 2007 rei
2560 1944 2843 2008 veritate.
2880 1944 2956 2007 Et
2996 1952 3209 2007 tamen
3248 1943 3625 2027 praeparatio
3663 1963 3791 2026 qua
3820 1961 3932 2006 vo·

2432 2042 2642 2105 luntas
2686 2062 2753 2105 se
2794 2051 3125 2126 praeparat,
3158 2049 3256 2105 est
3294 2062 3462 2125 saepe
3504 2041 3777 2105 effectus
3818 2042 3930 2105 ad-

2431 2140 2743 2205 mirabilis
2784 2140 3199 2224 providentiae
3226 2160 3301 2203 ac
3332 2140 3834 2222 omnipotentiae,
3864 2148 3933 2203 et

2430 2240 2635 2322 ipsam
2661 2239 3187 2321 justificationem
3216 2239 3423 2303 reddit
3452 2238 3927 2302 mirabiliorem.

2432 2339 2683 2402 Fatetur
2712 2358 2989 2422 quoque,
3024 2340 3193 2421 quod
3220 2337 3597 2420 justificatio
3627 2337 3815 2420 impii
3844 2338 3934 2400 sit

2430 2436 2845 2511 instantanea,
2896 2444 2962 2500 et
3006 2437 3181 2499 addit
3228 2437 3397 2519 quod
3446 2435 3654 2499 omnis
3715 2444 3931 2499 motus

2429 2554 2541 2597 seu
2600 2542 2778 2598 actus
2836 2534 3067 2599 animm
3112 2534 3439 2599 rationalis
3495 2534 3563 2596 in
3610 2542 3931 2616 quantum

2430 2632 2777 2707 rationalis,
2820 2641 2916 2696 est
2958 2634 3025 2695 in
3076 2632 3334 2697 instanti
3383 2641 3448 2697 et
3486 2641 3655 2696 totus
3702 2632 3929 2709 simul,

2429 2750 2629 2813 quum
2661 2732 2744 2794 sit
2771 2731 3121 2814 spiritualis
3150 2740 3215 2795 et
3244 2732 3536 2815 simplex.
3568 2766 3651 2777 —-
3680 2732 3929 2795 Postre-

2430 2847 2535 2892 mo
2593 2830 2953 2909 [consentit]
3013 2830 3208 2893 etiam
3263 2830 3797 2894 Antisiodorensis
3858 2831 3929 2892 in

2426 2928 2691 2991 Summa
2726 2947 2860 3003 sua,
2896 2928 3059 2991 libro
3102 2937 3345 3011 quarto.

2858 3246 3326 3320 QUAESTIO
3392 3246 3497 3311 IV

2549 3518 2985 3601 Onsequenter
3018 3518 3326 3602 quaeritur
3360 3520 3473 3586 De
3512 3522 3927 3589 contritio·

2566 3632 2686 3696 ne,
2709 3617 2903 3698 quid
2930 3618 3061 3700 sit,
3079 3620 3164 3685 et
3188 3618 3575 3700 quomodo
3604 3618 3930 3688 differat

2423 3716 2522 3782 ab
2564 3719 2979 3784 attritione
3028 3720 3112 3784 et
3156 3719 3802 3801 compunctione;
3840 3723 3931 3786 et

2424 3817 2697 3882 utrum
2728 3816 2823 3881 de
2855 3817 3071 3882 omni
3108 3817 3428 3896 peccato
3456 3831 3779 3884 necesse
3806 3821 3925 3885 sit

2424 3915 2767 3995 conteri3
2806 3915 2888 3980 et
2926 3914 3021 3981 de
3057 3915 3679 3996 proprietatibus
3706 3931 3925 3985 verae

2422 4013 2951 4094 contritionis,
3000 4027 3100 4079 an
3150 4013 3465 4081 scilicet
3509 4015 3623 4081 sit
3669 4018 3926 4082 maxi-

2422 4125 2605 4176 mus
2652 4111 2915 4194 dolui-3
2953 4114 3038 4178 et
3083 4112 3176 4179 de
3225 4113 3720 4194 assiduitate,
3764 4113 3923 4181 fre-

821 4206 1178 4271 suefactum
1217 4206 1560 4268 inclinatur
1591 4206 1670 4269 ad
1713 4207 1974 4281 malum,
2009 4215 2072 4269 et
2099 4208 2315 4288 gratiae
2344 4206 2396 4270 D
2424 4211 2749 4288 quentia
2786 4224 2878 4276 ao
2915 4211 3450 4278 continuitate
3484 4211 3777 4294 ipsium
3816 4228 3925 4281 an

819 4325 893 4368 ac
925 4306 1108 4369 bonis
1148 4304 1556 4368 instinctibus
1589 4303 1958 4387 frequenter
1997 4307 2309 4369 renititur.

820 4405 1083 4486 Propter
1111 4403 1282 4485 quod
1321 4411 1458 4465 orat
1487 4403 1771 4466 Ecclesia
1803 4421 1817 4465 ε
1851 4405 2105 4468 Nostras
2143 4406 2221 4467 ad
2254 4414 2315 4468 te

820 4503 1013 4566 etiam
1062 4500 1333 4564 rebelles
1377 4500 1689 4583 compelle
1738 4502 2052 4585 propitius
2097 4504 2317 4566 volun-

819 4609 996 4664 tates.
1039 4636 1120 4646 -
1155 4600 1392 4663 Verum
1439 4600 1516 4662 ad
1566 4600 1701 4664 haec
1751 4601 2009 4684 quidam
2056 4620 2313 4685 respon-

817 4702 991 4774 dent,
1035 4699 1320 4763 dicentes
1363 4698 1441 4762 ad
1486 4699 1792 4782 primum,
1834 4702 2005 4783 quod
2048 4719 2174 4764 non
2218 4709 2315 4764 est

817 4798 1028 4862 simile
1071 4817 1086 4863 :
1133 4798 1286 4881 quia
1333 4799 1400 4860 in
1447 4816 1712 4881 corpore
1762 4799 1996 4862 mortui
2042 4818 2169 4863 non
2220 4807 2316 4863 est

815 4899 948 4981 jam
991 4898 1146 4961 ordo
1188 4897 1496 4960 naturalis
1537 4899 1614 4960 ad
1653 4898 1850 4961 vitam
1893 4899 2309 4980 corporalem,

817 4998 986 5061 sicut
1033 4995 1099 5059 in
1147 5004 1482 5079 peccatore
1523 4997 1601 5059 ad
1646 4997 1840 5060 vitam
1888 4997 2307 5080 spiritualem.

820 5097 900 5160 Et
925 5097 1004 5159 ad
1043 5096 1422 5171 secundum,
1454 5097 1625 5179 quod
1665 5096 1732 5158 in
1761 5097 2136 5179 corporibus
2176 5116 2312 5160 sus—

819 5195 1090 5258 citandis
1147 5195 1214 5256 in
1263 5195 1396 5258 fine
1445 5194 1620 5257 nulla
1679 5196 2052 5277 praeparatio
2104 5196 2313 5259 activa

821 5293 1154 5376 praecedet,
1197 5293 1362 5354 sicut
1407 5293 1470 5354 in
1519 5292 1732 5354 anima
1774 5293 2144 5373 peccatoris.
2188 5293 2310 5356 Sed

2423 4307 2666 4373 etiam
2696 4310 3060 4376 conscius
3085 4308 3242 4374 sibi
3272 4309 3370 4375 de
3399 4311 3725 4378 mortali
3754 4325 3926 4392 peo-

2422 4409 2623 4488 cat0,
2653 4409 3025 4474 teneatur
3065 4422 3249 4474 mox
3290 4411 3619 4477 conteri.

2504 4604 2591 4666 De
2621 4603 2720 4666 his
2750 4603 2974 4667 scribit
3000 4605 3530 4670 Antisiodorensis
3560 4607 3627 4670 in
3658 4609 3925 4674 Summa

2421 4722 2556 4777 sua,
2608 4703 2774 4766 libro
2818 4711 3045 4785 quarto
3096 4721 3112 4766 ε
3162 4704 3493 4780 ContritiO,
3546 4707 3775 4790 inquit,
3822 4718 3925 4772 est

2419 4802 2600 4866 dolor
2645 4803 2723 4864 de
2772 4803 3067 4884 peccatis
3120 4805 3299 4868 Circa
3354 4807 3525 4888 quod
3586 4809 3919 4889 quaeritur,

2420 4919 2616 4982 quare
2655 4900 2759 4963 hic
2798 4901 2978 4964 dolor
3018 4920 3144 4964 non
3190 4903 3271 4965 sit
3309 4923 3511 4967 unum
3552 4905 3631 4967 de
3670 4915 3921 4988 septem

2421 5000 2605 5063 donis
2636 4999 2907 5081 Spiritus
2937 5001 3171 5074 Sancti,
3190 5021 3388 5084 quum
3421 5011 3635 5067 tamen
3665 5005 3743 5066 de
3776 5024 3923 5087 pcc-

2421 5099 2579 5160 catis
2617 5097 2831 5162 dolere
2872 5098 2955 5162 sit
2993 5099 3231 5162 donum
3266 5100 3377 5163 Dei
3415 5108 3482 5164 et
3514 5103 3920 5168 meritorium

2418 5197 2643 5277 valde3
2684 5197 3035 5279 praesertim
3086 5217 3287 5279 quum
3334 5206 3399 5260 et
3446 5199 3722 5282 Spiritus
3764 5203 3921 5266 San-

2422 5303 2561 5358 ctus
2600 5296 2847 5358 dicatur
2886 5295 3201 5376 columba,
3244 5315 3353 5360 seu
3392 5317 3507 5380 per
3546 5299 3917 5364 columbam
