4267 6250
602 3435 757 3479 Galat.
779 3451 817 3480 ιιι

571 3500 639 3541 27.

875 452 995 518 122
1420 472 1487 521 m
1524 473 1749 521 uniunt
1788 474 1851 522 ιν
1892 473 2377 522 summanum
2415 492 2496 505 -
2536 474 2691 523 mar.
2735 474 2797 521 tv
2839 474 3090 538 sunm
3131 474 3357 532 QuAEsr.
3401 475 3424 523 ι

874 668 1008 716 non
1035 651 1320 733 additur,
1350 667 1483 715 non
1513 652 1613 715 est
1643 667 1723 715 ex
1758 667 1987 715 eorum
2020 650 2235 731 culpa,
2268 650 2424 733 quia
2459 644 2802 732 justificati
2839 652 2997 715 sunt
3023 668 3062 715 a
3101 652 3390 733 peccato.
3415 650 3700 726 Quidam
3741 654 3986 734 putant

872 769 1151 851 gratiam
1199 771 1575 850 operantem
1624 769 1690 833 et
1738 769 2202 848 cooperantem
2249 766 2502 831 cunctis
2550 767 2845 849 parvulis
2879 767 2948 831 in
2993 768 3335 850 Baptismo
3385 769 3526 831 dari
3570 768 3639 832 in
3677 786 3981 849 munere,

874 904 1007 949 non
1056 887 1126 948 in
1176 903 1325 964 usu,
1370 886 1444 949 ut
1493 902 1697 966 quum
1749 884 1833 947 ad
1879 884 2200 965 maj0rem
2239 884 2537 947 venerint
2583 885 2869 965 aetatem,
2910 902 2992 948 ex
3037 902 3308 950 munere
3357 886 3716 949 sortiantur
3749 904 3982 967 usum,

872 1003 1001 1066 nisi
1039 1020 1157 1084 per
1201 1002 1483 1066 liberum
1533 1001 1879 1064 arbitrium
1930 1018 2128 1064 usum
2180 1000 2478 1064 muneris
2528 1001 2949 1082 exstinguant
2993 1002 3322 1083 peccando
3363 1022 3380 1064 ε
3422 1004 3486 1067 et
3535 1002 3629 1065 ita
3663 1021 3746 1067 ex
3784 1003 3986 1084 culpa

874 1136 1100 1183 eorum
1153 1120 1275 1198 est,
1320 1135 1453 1181 non
1501 1136 1585 1181 ex
1628 1118 1887 1181 defectu
1930 1117 2183 1199 gratiae,
2223 1117 2403 1198 quod
2448 1116 2606 1180 mali
2655 1118 2844 1197 fiunt,
2887 1118 3003 1201 qui
3051 1136 3134 1183 ex
3182 1118 3306 1183 Dei
3355 1136 3628 1183 munere
3685 1119 3986 1183 valentes

872 1234 1111 1299 habere
1138 1253 1335 1299 usum
1376 1234 1650 1315 bonum,
1682 1252 1799 1316 per
1834 1233 2114 1298 liberum
2157 1234 2501 1299 arbitrium
2542 1236 2920 1315 renuerunt,
2961 1236 3026 1299 et
3061 1253 3257 1300 usum
3297 1252 3576 1317 pravum
3615 1235 3978 1318 elegerunt.

2395 1543 2448 1607 A
2554 1544 2819 1609 Videtur
2867 1545 3038 1629 quod
3096 1561 3244 1609 non.
3295 1544 3526 1620 Primo,
3579 1545 3729 1629 quia
3784 1546 3982 1609 multi

1449 1623 1789 1688 SUMMA
2476 1644 2768 1708 conversi
2807 1643 2885 1706 ad
2915 1643 3136 1717 fidem,
3171 1662 3320 1706 cum
3351 1642 3592 1726 ingenti
3631 1644 3879 1708 fervore
3909 1652 3982 1707 et

1123 1788 1725 1845 DISTINCTIONIS
1778 1789 2117 1855 QUARTAE
2476 1742 2812 1806 devotione
2873 1743 2950 1805 ad
3009 1742 3406 1826 Baptismum
3462 1744 3794 1819 accedunt,
3855 1763 3980 1807 nec

2475 1841 2692 1923 gratiae
2749 1840 3000 1905 obicem
3053 1848 3321 1925 ponunt,
3372 1860 3498 1905 non
3557 1850 3769 1905 tamen
3819 1844 3980 1905 reci-

2479 1939 2664 2023 piunt
2693 1959 2828 2003 rem
2869 1940 3270 2015 sacramenti,
3306 1940 3372 2004 id
3409 1948 3506 2004 est
3543 1942 3808 2023 gratiam
3839 1960 3980 2023 gra—

964 2042 1075 2106 AM
1123 2060 1316 2125 supra
1365 2040 1656 2102 tractavit
1700 2040 1993 2123 Magister
2040 2041 2119 2103 de
2168 2059 2369 2103 sacra·
2476 2046 2616 2101 tum
2663 2038 3027 2113 facientem,
3069 2039 3220 2122 quia
3260 2039 3394 2120 jam
3437 2040 3674 2103 habent
3719 2059 3862 2103 eam
3909 2048 3980 2102 et

994 2148 1210 2204 mento
1263 2138 1571 2221 Baptismi
1634 2140 1985 2202 secundum
2044 2158 2133 2213 se,
2195 2158 2368 2201 nunc
2477 2138 2745 2201 virtutes
2776 2137 2834 2200 ei
2865 2138 3593 2213 annexas—Secundo,
3615 2138 3815 2219 gratia
3843 2158 3976 2203 non

870 2246 1095 2303 tractat
1132 2238 1211 2301 de
1249 2256 1327 2301 eo
1366 2257 1480 2321 per
1510 2245 1869 2319 respectum
1899 2239 1978 2301 ad
2014 2238 2368 2321 suscipien-
2478 2236 2839 2299 infunditur
2876 2236 2998 2299 nisi
3041 2237 3318 2319 peccatis
3357 2237 3678 2319 expulsis3
3709 2257 3834 2300 una
3863 2257 3978 2299 au-

870 2348 987 2413 teS,
1022 2344 1085 2401 et
1114 2336 1321 2419 quoad
1352 2334 1493 2416 ejus
1524 2334 1814 2398 effectus
1844 2335 1920 2397 Et
1950 2335 2158 2419 primo
2189 2336 2370 2418 ponit
2476 2341 2608 2396 tem
2640 2342 2703 2397 et
2732 2334 2952 2397 eadem
2990 2334 3188 2416 gratia
3228 2352 3353 2398 non
3390 2335 3642 2398 videtur
3669 2334 3976 2398 vitiorum

869 2435 1249 2499 divisionem
1281 2433 1719 2497 trimembrem
1747 2433 2231 2518 suscipientium
2260 2435 2372 2497 Ba·
2476 2434 2768 2495 omnium
2809 2433 3159 2515 expulsiva.

869 2534 1175 2617 ptismum
1208 2552 1320 2595 seu
1348 2532 1475 2595 alia
1502 2539 1915 2607 sacramenta,
1934 2532 2155 2595 dicens
2185 2550 2370 2614 quos-

868 2633 1013 2694 dam
1055 2632 1338 2714 recipere
1381 2639 1848 2694 sacramentum
1891 2638 1956 2694 et
1994 2650 2127 2694 rem
2168 2650 2370 2693 sacra·
2559 2629 2739 2691 Circa
2787 2630 2920 2692 haec
2969 2629 3192 2691 scribit
3241 2629 3682 2693 Bonaventura
3733 2648 3748 2692 z
3799 2631 3986 2694 Sicut

869 2731 1091 2805 menti,
1127 2739 1197 2793 ut
1223 2730 1335 2813 qui
1366 2737 1539 2793 recta
1577 2730 1929 2793 intentione
1966 2729 2365 2813 Baptismum
2401 2729 2448 2792 B
2481 2728 2764 2809 magistri
2797 2728 3196 2791 concorditer
3226 2728 3550 2803 dicunt,in
3583 2738 3986 2795 sacramento

865 2830 1120 2894 aliudve
1158 2836 1624 2892 sacramentum
1664 2828 2023 2912 accipiunt3
2055 2828 2365 2911 quosdam
2477 2827 2806 2910 Baptismi,
2841 2828 2893 2893 si
2935 2828 3075 2910 ejus
3113 2827 3408 2891 efficacia
3434 2848 3508 2891 ac
3549 2830 3796 2893 medela
3836 2849 3983 2912 per-

866 2948 1017 2993 vero
1044 2929 1336 3010 accipere
1366 2936 1835 2990 sacramentum
1866 2934 2225 3003 tantum‚ut
2255 2926 2364 3009 qui
2478 2928 2642 2990 fecte
2673 2926 3124 3010 suscipiantur,
3157 2928 3366 2991 omnis
3400 2928 3590 3013 culpa
3619 2928 3888 3005 deletur,
3911 2939 3982 2992 et

869 3028 933 3091 in
996 3026 1241 3089 mortali
1302 3033 1562 3110 peccato
1621 3026 2127 3105 communicant;
2178 3043 2365 3109 quos·
2477 3026 2833 3089 restituitur
2893 3025 3084 3089 homo
3142 3025 3206 3088 in
3267 3026 3696 3089 innocentiam
3755 3028 3978 3111 pristi-

866 3127 1011 3189 dam
1057 3144 1191 3188 rem
1236 3131 1507 3200 tantum,
1540 3132 1610 3186 ut
1653 3125 1763 3207 qui
1812 3125 2229 3207 spiritualiter
2273 3144 2367 3189 so·
2475 3145 2645 3200 nam,
2694 3134 3004 3208 quantum
3052 3127 3128 3188 ad
3179 3126 3480 3189 animam.
3530 3127 3725 3208 Cujus
3775 3129 3867 3191 rei
3916 3129 3973 3192 si

868 3225 1001 3286 lum
1062 3223 1581 3286 communionem
1633 3223 2011 3305 suscipiunt.
2066 3224 2139 3286 Et
2197 3225 2366 3287 circa
2477 3245 2665 3288 causa
2703 3233 3042 3307 quaeratur,
3085 3225 3450 3301 dicendum,
3483 3227 3655 3309 quod
3695 3227 3978 3290 liberali-

867 3325 1002 3387 haec
1060 3322 1321 3405 exponit
1378 3322 1535 3384 illud
1586 3322 1868 3405 Apostoli
1920 3323 1998 3385 ad
2048 3323 2294 3386 Galatas
2347 3341 2361 3387 :
2472 3333 2567 3386 tas
2613 3323 2724 3386 Dei
2767 3330 2865 3386 est
2909 3342 3099 3386 causa
3146 3343 3288 3405 quae
3329 3331 3570 3387 tantam
3613 3325 3976 3388 efficaciam

824 3423 1184 3504 ,Quotquot
1229 3421 1292 3482 in
1338 3421 1588 3484 Christo
1636 3421 1931 3503 baptizati
1982 3422 2156 3496 estis,
2190 3423 2365 3485 Chri-
2475 3423 2626 3485 huic
2671 3422 2941 3486 contulit
2984 3430 3397 3485 sacramento.
3433 3422 3510 3484 Et
3549 3424 3606 3485 si
3649 3423 3846 3506 hujus
3885 3426 3982 3488 rei

866 3529 1036 3583 stum
1080 3519 1397 3582 induistis.
1432 3519 1673 3582 Deinde
1712 3521 2119 3602 prosequitur
2149 3520 2226 3583 de
2266 3521 2366 3583 his
2475 3519 2633 3582 ratio
2679 3519 3058 3601 inquiratur,
3093 3527 3300 3602 potest
3343 3520 3575 3602 triplex
3615 3524 3985 3604 congruitas

867 3618 977 3701 qui
1019 3638 1154 3681 rem
1195 3619 1572 3682 sacramenti
1613 3619 1751 3682 sine
1794 3627 2190 3682 sacramento
2230 3638 2367 3701 per·
2473 3617 2802 3698 assignari.
2835 3617 3042 3680 Prima
3085 3626 3179 3680 est
3223 3637 3299 3681 ex
3345 3626 3522 3702 parte
3567 3620 3709 3700 ejus
3759 3631 3988 3686 contra

867 3717 1471 3801 cipiuntzquocirca
1499 3716 1781 3780 excludit
1809 3735 2109 3780 errorem.
2136 3717 2366 3780 Conse·
2478 3717 2645 3797 quod
2695 3717 3022 3779 ordinatur
3068 3715 3452 3798 BaptismuS,
3499 3719 3667 3799 quod
3721 3722 3984 3803 proprie

866 3823 1135 3899 quenter
1195 3816 1481 3898 inquirit,
1532 3815 1689 3898 quid
1744 3816 1945 3898 prosit
2000 3815 2366 3898 Baptismus
2476 3821 2572 3877 est
2610 3814 2917 3896 originale
2958 3822 3314 3896 peccatum,
3346 3816 3517 3898 quod
3561 3816 3726 3880 inter
3764 3820 3984 3883 omnia

864 3915 964 3977 his
1007 3915 1119 3998 qui
1169 3922 1315 3977 ante
1363 3915 1598 3977 realem
1645 3933 1821 3977 suam
1870 3914 2363 3997 baptizationem
2399 3911 2443 3976 C
2476 3920 2734 3995 peccata
2765 3913 3015 3995 pejores
3056 3913 3363 3995 relinquit
3401 3913 3466 3975 in
3507 3915 3722 3977 anima
3757 3935 3984 3999 seque-

864 4013 1067 4076 sortiti
1117 4019 1268 4074 sunt
1311 4012 1531 4086 fidem,
1565 4013 1895 4075 caritatem
1943 4019 2008 4074 et
2052 4013 2362 4094 gratiam3
2477 4012 2590 4086 las,
2636 4018 2699 4073 et
2743 4011 2928 4092 cujus
2973 4012 3296 4093 corruptio
3338 4020 3436 4074 est
3481 4013 3864 4077 universalis
3915 4023 3982 4080 et

862 4119 928 4174 et
976 4111 1151 4184 item,
1194 4111 1379 4192 cujus
1428 4111 1519 4173 rei
1570 4111 1653 4173 sit
1702 4119 2170 4174 sacramentum
2219 4111 2364 4174 talis
2475 4129 2706 4192 magna
2744 4127 2758 4172 :
2804 4109 2948 4172 ideo
2993 4110 3382 4192 congruebat
3428 4119 3499 4173 ut
3539 4111 3706 4174 Deus
3755 4123 3982 4177 contra

864 4210 1243 4293 BaptismuS.
1279 4209 1602 4272 Postremo
1632 4209 2010 4284 sciscitatur,
2043 4229 2121 4272 an
2158 4210 2363 4273 infan-
2474 4207 2631 4271 illud
2660 4209 3018 4272 institueret
3046 4209 3385 4291 praecipuae
3409 4208 3716 4274 efficaciae
3745 4230 3820 4274 ac
3851 4214 3980 4276 vir-

864 4307 1015 4369 tulis
1055 4309 1285 4371 dentur
1316 4308 1380 4370 in
1418 4307 1744 4390 Baptismo
1782 4308 1947 4371 dona
1973 4309 2191 4390 gratiae
2229 4328 2363 4391 gra·
2473 4308 2625 4369 tutis
2671 4306 3050 4382 remedium,
3084 4314 3397 4390 quatenus
3435 4309 3602 4371 sicut
3645 4309 3708 4371 in
3757 4328 3978 4374 corru-

865 4415 999 4468 tum
1043 4406 1356 4470 facientis
1992 4477 1997 4482 ⁸
2471 4405 2688 4488 ptione
2731 4404 2936 4468 morbi
2966 4405 3296 4488 originalis
3332 4407 3601 4488 peccati,
3632 4409 3978 4474 vehemen-

2468 4511 2566 4568 ter
2596 4503 3104 4587 mirabiliterque
3143 4505 3500 4568 ostenditur
3539 4505 3707 4587 rigor
3735 4507 3976 4574 divinae

2463 4603 2750 4684 justitiae‚
2785 4602 2878 4666 sic
2927 4602 2992 4664 in
3036 4602 3325 4684 ejusdem
3373 4604 3656 4668 remedio
3702 4606 3978 4672 dulcedo

1172 4724 1305 4799 QU
1321 4725 1405 4788 AE
1421 4723 1651 4789 STIO
1717 4723 1975 4789 PRIM
1990 4725 2049 4788 Α
2469 4701 2723 4785 pietatis
2753 4700 2986 4765 divinae
3017 4700 3380 4764 sublimiter
3407 4703 3790 4780 declaretur,
3822 4726 3982 4788 qua-

2466 4807 2655 4862 tenus
2694 4799 2930 4862 virtute
2969 4798 3162 4880 hujus
3208 4799 3474 4863 remedii
3519 4800 3808 4865 deleatur
3843 4822 3974 4867 non

2467 4897 2674 4960 solum
2725 4897 3032 4979 originale
3081 4905 3438 4980 peccatum,
3485 4900 3596 4963 sed
3645 4907 3711 4963 et
3755 4902 3978 4966 omnia

1011 4999 1073 5061 lc
1102 4997 1411 5081 quaeritur
1450 4997 1679 5080 prime,
1714 4997 2010 5064 ‘Utrum
2044 5012 2203 5063 non
2234 5014 2357 5079 po·
2466 5004 2727 5079 peccata
2755 4996 2814 5059 ei
2845 5015 3092 5059 annexa
3121 5004 3185 5059 et
3216 4998 3426 5080 ipsum
3461 5007 3697 5061 secuta.
3733 5000 3974 5064 Secun-

1029 5099 1311 5164 nentes
1341 5095 2192 5176 obicem,re01plant1n
2222 5097 2358 5162 Ba·
2389 5095 2438 5158 D
2465 5096 2547 5158 da
2595 5094 2955 5176 congruitas
3000 5102 3098 5156 est
3140 5113 3217 5157 ex
3268 5103 3445 5177 parte
3489 5096 3630 5178 ejus
3674 5098 3753 5160 ad
3797 5101 3970 5181 quod

858 5197 1153 5276 ptismo
1183 5196 1771 5262 sacramentum
1802 5195 1885 5260 et
1912 5208 2082 5260 rem
2110 5207 2356 5260 sacra·
2463 5193 2813 5267 ordinatur,
2865 5192 3166 5274 quoniam
3227 5193 3556 5256 ordinatur
3601 5194 3968 5279 Baptismus

858 5294 1133 5361 menti.
2460 5292 2541 5354 ad
2581 5291 2999 5374 spiritualiter
3029 5293 3552 5372 regenerandum,
3585 5301 3659 5356 ut
3692 5295 3962 5360 transfe-
