4267 6250
965 487 1193 544 ouzsr.
1236 488 1258 534 1
1301 487 1316 532 ε
1357 489 1560 537 mun
1599 487 2008 538 communio
2050 491 2145 538 srr
2184 489 2655 552 samum,
2696 493 2823 542 mc.
3329 478 3449 545 183

1873 658 1925 722 A
1951 658 2354 742 principibus
2380 679 2393 722 :
2417 662 2496 724 ad
2527 664 2695 745 quod
2726 663 3245 747 significandum,
3267 669 3453 732 datur

651 782 1130 856 QUAESTIO
1201 783 1532 848 PRIMA
1953 757 2015 818 in
2063 757 2292 833 fronte,
2326 779 2409 822 ne
2446 761 2898 826 erubescamus
2946 781 3179 828 nomen
3219 766 3453 830 Christi

1951 855 2247 920 confiteri
2289 875 2501 920 coram
2542 859 2935 934 hominihus,
2970 863 3122 943 quia
3162 881 3291 926 non
3322 864 3454 928 suf-

1948 951 2092 1015 ficit
2119 955 2311 1017 corde
2340 959 2779 1022 tantummodo
2819 960 3099 1034 credere,
3134 962 3244 1025 sed
3275 978 3455 1044 opor-

487 1055 550 1116 Ic
591 1056 902 1139 quaeritur
944 1056 1178 1139 primo,
1209 1055 1502 1124 'Utrum
1541 1057 1837 1126 Confir—
1948 1057 2040 1114 tet
2087 1054 2469 1136 quandoque
2522 1055 2713 1118 etiam
2762 1075 2871 1121 ore
2926 1058 3241 1122 confiteri.
3292 1061 3453 1126 Hinc

510 1156 766 1220 matio
811 1156 922 1220 sit
967 1157 1578 1238 sacramentum,
1611 1159 1693 1222 et
1739 1155 1838 1222 ab
1949 1150 2214 1212 materia
2242 1151 2436 1232 hujus
2467 1156 2843 1218 sacramenti
2873 1164 2971 1218 est
2998 1157 3287 1221 chrisma.
3300 1160 3455 1224 Nam

349 1252 708 1319 omnibus
733 1254 1354 1334 suscipiendum,
1373 1269 1465 1320 ao
1493 1255 1667 1336 ipso
1694 1253 1837 1320 Ba·
1947 1254 2013 1310 et
2041 1249 2291 1331 pugiles
2332 1249 2749 1332 inunguntur,
2784 1262 3044 1336 propter
3072 1257 3241 1338 quod
3281 1258 3453 1321 diffi-

348 1349 638 1432 ptismo
677 1351 1132 1418 sublimius,
1949 1346 2138 1409 cilius
2167 1346 2247 1409 ah
2286 1348 2665 1412 adversariis
2702 1352 3061 1432 capiuntur.
3097 1354 3449 1419 Conficitur

419 1449 680 1512 Videtur
707 1448 880 1530 quod
911 1466 1039 1510 non
1069 1448 1154 1510 sit
1182 1455 1667 1511 sacramentum.
1688 1450 1838 1513 Con·
1949 1445 2190 1527 quippe
2222 1445 2499 1509 chrisma
2530 1466 2607 1510 ex
2637 1449 2779 1512 oleo
2807 1456 2871 1512 et
2900 1449 3201 1514 balsamo.
3222 1452 3445 1517 Oleum

346 1545 614 1610 firmatio
644 1547 819 1610 enim
849 1547 930 1609 ab
961 1554 1108 1609 actu
1137 1545 1563 1610 confirmandi
1601 1565 1836 1610 nomen
1946 1551 2159 1606 autem
2204 1543 2527 1625 significat
2567 1547 2840 1610 nitorem
2883 1551 3288 1615 conscientiae
3334 1552 3445 1616 bo-

350 1645 619 1719 sortitur,
655 1646 768 1708 sed
817 1645 1322 1728 unumquodque
1368 1653 1836 1708 sacramentum
1947 1659 2044 1703 nae
2101 1648 2167 1704 et
2211 1643 2610 1725 spiritualem
2669 1645 2973 1721 laetitiam,
3025 1667 3140 1730 per
3188 1669 3329 1731 quae
3377 1651 3441 1712 in

48 1805 50 1810 ,
349 1743 700 1814 confirmat,
733 1742 1002 1823 gratiam
1045 1742 1386 1824 largiendo.
1424 1742 1635 1806 Gratia
1663 1763 1836 1806 nam·
1947 1739 2386 1820 spiritualibus
2417 1743 2654 1823 praeliis
2682 1744 3442 1824 praevaletur.Balsamum

140 1848 322 1898 nesam,
349 1859 461 1922 que
515 1839 884 1914 confirmat,
937 1840 1190 1903 dicente
1240 1841 1542 1922 Apostolo
1595 1859 1610 1902 :
1663 1841 1832 1923 Opti·
1874 1834 1921 1896 B
1949 1844 2161 1900 autem
2212 1838 2535 1919 significat
2581 1840 2763 1904 bonae
2810 1843 2955 1906 vitae
3001 1844 3283 1920 odorem,
3330 1865 3447 1929 per

349 1958 509 2000 mum
555 1947 654 2001 est
696 1937 897 2019 gratia
940 1937 1208 2000 stabiliri
1249 1957 1376 2000 cor.
1409 1975 1490 1984 —
1519 1939 1832 2014 Secundo,
1947 1954 2140 2017 quem
2186 1936 2665 2000 interficiuntur
2702 1948 3052 2023 serpentes,
3086 1941 3151 2005 id
3194 1951 3291 2006 est
3328 1944 3447 2008 dae-

346 2038 483 2119 quia
507 2054 640 2100 non
669 2035 926 2098 videtur
955 2036 1316 2098 institutum
1346 2055 1383 2099 a
1413 2036 1684 2111 Christo,
1718 2056 1836 2100 nec
1947 2051 2193 2110 moneS‚
2227 2035 2336 2117 qui
2368 2035 2671 2118 fugantur
2700 2038 2892 2101 odore
2924 2040 3118 2114 cedri,
3142 2059 3269 2124 quo
3299 2043 3447 2106 odo-

347 2134 814 2216 praefiguratum
859 2134 926 2197 in
968 2135 1170 2198 veteri
1211 2136 1633 2199 Testamento.
1945 2150 2014 2194 re
2064 2133 2445 2196 occiduntur
2493 2143 2839 2216 serpentes.
2870 2172 2952 2182 -
2989 2137 3133 2201 Haec
3178 2138 3450 2204 Antisio-

413 2234 674 2296 Videtur
714 2249 972 2316 quoque
1015 2234 1183 2315 quod
1222 2235 1299 2296 ad
1345 2252 1567 2298 omnes
1609 2233 1834 2298 fideles
1945 2232 2233 2294 dorensis
2278 2233 2344 2294 in
2388 2233 2673 2306 Summa,
2717 2233 2882 2297 libro
2929 2244 3175 2318 quart0,
3208 2238 3321 2301 ubi
3369 2239 3448 2302 de

345 2350 458 2395 non
500 2338 770 2414 spectet,
803 2332 892 2394 ita
939 2333 1110 2415 quod
1159 2350 1287 2396 non
1336 2340 1435 2396 est
1480 2351 1836 2396 sacramen·
1946 2329 2046 2392 his
2077 2329 2263 2411 plura
2292 2331 2661 2406 conscribit,
2695 2352 2838 2415 quae
2868 2333 3035 2397 infra
3072 2353 3151 2397 ex
3180 2336 3449 2400 doctori·

345 2439 468 2493 tum
517 2429 780 2505 salutiS,·
814 2429 968 2512 quia
1019 2430 1159 2493 sine
1216 2448 1292 2494 eo
1349 2430 1676 2494 salvantur
1730 2431 1834 2493 ba·
1943 2427 2064 2490 bus
2108 2428 2252 2490 aliis
2296 2429 2549 2512 plenius
2596 2430 2999 2495 inducentur.

343 2528 544 2611 ptizati
595 2528 922 2600 infantuli,
957 2528 1088 2593 imo
1133 2537 1198 2591 et
1247 2528 1432 2590 multi
1484 2529 1704 2591 adulti.
1751 2563 1834 2574 —
2023 2525 2213 2589 Porro
2251 2526 2631 2591 Guillelmus
2673 2528 2739 2591 in
2780 2547 2897 2592 suo
2937 2530 3389 2594 sacramentali
3424 2550 3439 2594 ε

343 2628 584 2702 Rursus,
629 2626 792 2690 fides
837 2633 900 2690 et
941 2627 1188 2702 caritaS,
1235 2646 1309 2690 ac
1350 2626 1551 2708 gratia
1590 2635 1832 2707 gratum
1943 2623 2371 2688 Sanctificatis
2403 2625 2468 2688 in
2504 2626 2827 2708 Baptismo
2857 2633 2921 2690 et
2957 2629 3033 2691 ad
3065 2637 3347 2692 sanctam
3379 2638 3443 2694 et

341 2725 590 2799 facienS,
623 2725 967 2788 sufficiunt
993 2726 1073 2788 ad
1111 2725 1404 2800 salutem,
1438 2743 1580 2807 quae
1615 2726 1832 2789 omnia
1941 2721 2334 2804 spiritualem
2365 2723 2661 2786 militiam
2689 2725 3289 2808 adscriptiS,restant
3316 2745 3445 2794 cer-

345 2823 402 2886 in
441 2825 824 2906 Baptismate
867 2823 1314 2887 infunduntur.
1939 2821 2180 2883 tamina
2206 2839 2281 2883 ac
2320 2820 2490 2884 bella
2525 2823 2836 2884 acerrima
2875 2831 3094 2886 contra
3121 2824 3441 2889 daemones

413 2923 675 3004 Insuper
712 2922 1078 3004 Baptismus
1123 2928 1218 2984 est
1261 2922 1613 3004 spiritualis
1658 2941 1830 3004 rege·
1939 2926 2004 2982 et
2046 2927 2322 3000 peccata.
2357 2919 2517 2981 Hinc
2557 2927 2701 3001 post
2738 2928 3033 3002 suscepta
3070 2930 3444 2986 ornamenta

335 3015 592 3094 ‘neratio,
625 3027 690 3082 et
719 3020 809 3083 ita
835 3021 1168 3083 ordinatur
1194 3020 1271 3082 ad
1303 3019 1636 3102 spirituale
1667 3039 1826 3095 esse,
1866 3013 1911 3077 C
1940 3015 2253 3079 virtutum
2282 3024 2347 3079 et
2374 3025 2583 3080 vestes
2621 3017 3075 3082 charismatum
3122 3019 3187 3082 in
3218 3020 3443 3103 primae

343 3126 400 3181 et
439 3117 681 3181 confert
723 3137 863 3182 esse
904 3138 978 3181 ac
1021 3117 1240 3181 vivere
1289 3117 1638 3200 spirituale.
1675 3117 1830 3183 Con·
1941 3113 2487 3190 sanctificationiS,
2514 3115 2576 3177 id
2608 3123 2705 3179 est
2732 3116 3062 3199 Baptismi,
3086 3137 3441 3182 sacramen-

339 3216 608 3280 firmatio
633 3224 842 3279 autem
869 3217 1194 3280 ordinatur
1220 3218 1297 3279 ad
1330 3216 1643 3299 quoddam
1671 3234 1832 3279 com·
1939 3221 2022 3287 to,
2037 3213 2183 3295 quis
2213 3212 2461 3275 dubitet
2490 3213 2915 3279 militantibus
2945 3223 3135 3298 atque
3165 3235 3444 3299 pugnan-

343 3314 728 3397 plementum
760 3314 935 3376 illius
973 3332 1131 3377 esse.
1167 3315 1330 3395 Ergo
1371 3314 1537 3375 sicut
1564 3332 1703 3377 esse
1733 3321 1831 3376 est
1940 3311 2114 3374 tibus
2175 3311 2529 3373 necessaria
2586 3331 2725 3376 esse
2783 3313 2979 3377 robur
3030 3321 3096 3377 et
3152 3314 3443 3378 refectio·

344 3413 586 3495 dignius
613 3432 730 3475 sua
769 3412 1154 3494 completiva
1190 3419 1255 3475 et
1282 3412 1657 3474 accidentali
1688 3431 1827 3495 per·
1941 3413 2124 3472 nem?
2146 3409 2367 3483 Robur,
2384 3428 2504 3493 quo
2532 3410 2743 3475 hostes
2772 3412 3047 3476 viriliter
3075 3413 3436 3497 praefocent,

343 3510 630 3585 lectione,
664 3511 752 3573 ita
779 3510 1144 3593 Baptismus
1183 3517 1281 3573 est
1307 3509 1558 3589 dignior
1587 3509 1831 3573 Confir-
1939 3516 2004 3571 et
2032 3527 2141 3571 eos
2170 3509 2446 3589 graviter
2467 3509 2839 3593 fortiterque
2868 3510 3195 3593 referiant3
3212 3513 3441 3577 deinde

345 3610 629 3671 matione.
1939 3606 2123 3669 cibus
2154 3614 2219 3670 et
2248 3606 2531 3683 refectio,
2565 3627 2694 3692 quo
2723 3627 2850 3673 non
2881 3611 3089 3673 solum
3120 3629 3247 3675 non
3282 3612 3439 3675 defi-

1941 3706 2114 3767 ciant
2161 3705 2313 3779 vita,
2354 3706 2466 3769 sed
2516 3706 2580 3769 in
2630 3708 2949 3790 spirituali
2999 3727 3255 3792 quoque
3297 3710 3439 3793 pin-

414 3804 592 3869 Circa
627 3805 761 3869 haec
799 3803 1025 3867 scribit
1049 3803 1588 3883 Antisiodorensis
1623 3820 1638 3866 ε
1671 3803 1830 3867 Con·
1939 3804 2215 3885 guedine
2254 3823 2326 3866 ac
2371 3804 2653 3867 interiori
2695 3813 3035 3886 augmento
3072 3806 3433 3889 proficiant.

339 3902 612 3966 firmatio
667 3910 766 3965 est
823 3910 1289 3965 sacramentum
1352 3901 1829 3985 proficientium
1941 3902 2176 3984 Sicque
2207 3910 2350 3984 post
2382 3903 2778 3985 Baptismum
2817 3912 3173 3985 sequuntur
3210 3924 3284 3967 ac
3324 3926 3439 3970 ne-

337 4012 524 4084 atque
569 4002 990 4085 pugnantium
1039 4010 1258 4065 contra
1309 4002 1646 4075 mundum,
1699 4020 1831 4063 car·
1941 4000 2213 4063 cessaria
2273 4001 2587 4062 exsistunt
2643 4001 2769 4064 duo
2830 4001 2962 4065 haec
3020 4012 3435 4080 sacramenta,
3478 4022 3509 4039 ··

339 4120 480 4163 nem
534 4109 594 4163 et
635 4101 974 4164 daemoneS.
1009 4100 1190 4164 Circa
1237 4099 1578 4163 essentiam
1628 4118 1830 4161 sacra·
1943 4097 2358 4162 Confirmatio
2406 4106 2470 4161 et
2516 4098 2929 4161 Eucharistia.
2967 4100 3142 4173 Quod
3192 4101 3248 4164 si
3293 4103 3439 4183 quis

342 4200 539 4261 menti
583 4199 763 4261 istius
812 4198 1100 4279 quinque
1149 4198 1509 4277 exiguntur.
1549 4197 1830 4260 Primum
1862 4196 1913 4259 D
1941 4196 2195 4269 dixerit,
2229 4195 2380 4277 quia
2410 4196 2476 4258 in
2511 4195 2835 4277 Baptismo
2864 4204 3197 4279 praestatur
3222 4201 3439 4281 gratiae

339 4304 428 4359 est
473 4297 680 4359 forma
723 4296 1088 4359 verborum.
1132 4295 1520 4369 Secundum,
1565 4294 1833 4357 intentio
1941 4294 2159 4367 robur,
2192 4294 2671 4376 spiritualisque
2708 4294 3034 4369 fortitudo,
3068 4296 3337 4361 virtutes
3374 4307 3440 4362 et

341 4393 794 4457 confirmantis.
828 4393 1137 4468 Tertium,
1171 4392 1445 4474 dignitas
1487 4392 1831 4455 conficien-
1941 4393 2105 4455 dona
2125 4410 2140 4453 :
2160 4392 2347 4473 quale
2378 4410 2527 4473 ergo
2557 4391 2751 4455 robur
2781 4393 2965 4456 datur
2994 4393 3059 4457 in
3091 4396 3439 4459 Confirma-

338 4493 436 4565 tis,
475 4510 668 4573 quem
716 4499 968 4574 oportet
1013 4510 1153 4554 esse
1201 4490 1597 4572 episcopum.
1640 4490 1831 4563 Quar-
1940 4490 2134 4553 tionis
2164 4498 2697 4563 sacramentQaut
2724 4491 2802 4554 ad
2827 4492 2984 4574 quid
3008 4494 3435 4557 necessarium

339 4597 494 4666 tum,
553 4591 828 4663 materia,
877 4596 1096 4671 utpote
1145 4587 1444 4651 chrisma.
1499 4586 1826 4661 Quintum,
1939 4595 2036 4650 est
2092 4587 2460 4668 hujusmodi
2519 4594 3035 4653 sacramentum?
3084 4592 3439 4675 Responde-

341 4689 515 4751 locus
559 4690 622 4752 in
676 4705 805 4771 quo
853 4686 1132 4750 chrisma
1185 4685 1532 4760 confertur,
1585 4685 1832 4749 scilicet
1941 4706 2105 4759 mus,
2140 4687 2308 4767 quod
2339 4686 2464 4748 alia
2496 4693 2593 4749 est
2630 4686 2935 4751 fortitudo
2975 4689 3435 4765 membrorum,

343 4786 528 4851 frons.
564 4788 788 4851 Forma
823 4786 958 4849 haec
997 4792 1095 4847 est
1127 4802 1140 4846 :
1175 4784 1504 4847 confirmo
1547 4792 1608 4847 te
1648 4785 1830 4865 signo
1938 4784 2060 4846 alia
2092 4800 2435 4847 nervorum
2467 4791 2531 4846 et
2569 4784 2755 4858 cutiS,
2787 4785 2912 4847 alia
2943 4804 3197 4870 quoque
3237 4807 3439 4851 armo-

344 4886 566 4961 crucis,
614 4885 919 4966 consigno
964 4891 1030 4947 te
1081 4883 1423 4946 chrismate
1471 4884 1715 4958 salutis,
1763 4883 1831 4945 in
1937 4902 2102 4945 rum.
2128 4882 2463 4963 Quumque
2493 4882 2707 4944 omnia
2736 4900 2912 4944 arma
2940 4884 3250 4947 virtutum
3281 4905 3438 4967 quas

343 4984 591 5047 nomine
632 4984 831 5047 Patris
870 4990 935 5045 et
977 4981 1119 5045 Filii
1163 4989 1228 5044 et
1270 4982 1545 5063 Spiritus
1592 4981 1824 5045 Sancti.
1939 4980 2272 5064 plenitudo
2301 4978 2826 5041 sanctificationis
2857 4999 2967 5043 seu
3006 4980 3312 5062 Baptismi
3344 5003 3439 5047 re-

347 5082 532 5144 Datur
565 5090 776 5145 autem
817 5086 1286 5143 sacramentum
1331 5079 1452 5141 hoc
1495 5080 1573 5142 ad
1611 5078 1826 5152 robur,
1939 5079 2160 5161 quirit,
2204 5078 2543 5159 quisquam
2587 5077 2925 5159 acceperit,
2968 5078 3175 5141 adhuc
3225 5090 3439 5144 manet

349 5188 414 5242 ut
460 5180 662 5243 idonei
713 5179 916 5243 simus
965 5175 1382 5260 spiritualiter
1427 5177 1723 5258 praeliari,
1769 5183 1833 5239 et
1942 5178 2006 5239 in
2037 5195 2114 5239 eo
2144 5176 2579 5240 membrorum
2609 5174 2927 5251 debilitas,
2956 5184 3214 5258 propter
3242 5198 3435 5261 quam

351 5295 573 5343 nomen
619 5276 851 5343 Christi
911 5282 1162 5358 portare
1209 5292 1420 5337 coram
1469 5275 1726 5356 regibus
1769 5283 1832 5338 et
1941 5294 2116 5337 arma
2146 5275 2203 5336 ei
2237 5275 2554 5337 interdum
2589 5280 2739 5336 sunt
2766 5274 2941 5337 oneri
2978 5291 2993 5336 ε
3027 5278 3435 5356 quemadmo-
