4267 6250
843 503 921 568 14
1600 525 1878 572 apl-roms
1917 525 2387 574 msrmcnoumt
2428 527 2587 575 mam
2627 529 2691 575 ιν
2730 529 3195 577 ssu-rammam:

839 697 959 752 tem
1000 694 1283 768 Propheta
1329 693 1473 753 dicit
1509 697 1713 752 contra
1757 697 2088 754 sacerdotes
2132 697 2341 762 malos,
2370 694 2424 760 A

838 783 1128 842 vivificare
1165 784 1386 841 scilicet
1423 799 1520 841 eos
1559 784 1659 857 qui
1701 801 1814 841 non
1845 785 2063 851 vivunt,
2095 789 2225 850 etc„
2258 786 2344 842 in·-

838 872 1122 946 telligitur
1149 875 1220 929 de
1260 872 1518 945 praecisis
1555 873 1628 929 ab
1657 872 1927 930 Ecclesia.
1960 875 2125 940 Quod
2164 874 2343 932 etiam

842 962 1124 1018 Dominus
1162 979 1264 1034 per
1299 961 1638 1018 Malachiam
1681 962 1840 1028 dicit,
1880 963 2221 1021 Maledicam
2253 964 2346 1020 be-

839 1050 1268 1109 nedictionibus
1312 1051 1536 1116 vestriS,
1587 1053 1781 1124 quoad
1837 1052 2099 1125 ipsorum
2156 1069 2343 1109 sacer·

840 1141 1042 1196 dotum
1101 1141 1592 1206 maledictionem,
1642 1157 1744 1198 seu
1786 1144 1983 1214 quoad
2041 1159 2141 1200 eos
2196 1159 2342 1216 quos

839 1229 1135 1287 adulando
1169 1233 1474 1295 seducunt,
1507 1230 1752 1304 intelligi
1784 1232 1995 1289 debere
2033 1232 2176 1289 dicit
2206 1233 2342 1288 Gre-

841 1319 1055 1392 gorius,
1097 1321 1376 1377 Sacerdos
1421 1320 1601 1394 igitur
1625 1320 1773 1376 alios
1801 1321 2022 1379 solvere
2049 1321 2246 1379 volens
2285 1324 2341 1379 et

838 1407 1039 1483 ligare,
1060 1409 1257 1483 justus
1285 1426 1408 1466 esse
1443 1411 1612 1467 debet
1640 1409 1700 1465 in
1727 1410 1862 1478 vita,
1884 1414 1942 1468 et
1968 1411 2253 1468 discretus
2276 1411 2337 1468 in

839 1497 1098 1554 scicntia.

839 1613 1089 1665 Sacriflci
1120 1614 1317 1667 iisdem
1349 1628 1546 1666 omnes
1577 1614 1860 1667 donantur
1886 1614 2158 1678 clavibus,
2191 1615 2295 1667 etsi

902 1686 1037 1737 Sola
1063 1687 1316 1752 ipsarum
1351 1701 1519 1739 usum
1550 1687 1720 1740 dictio
1745 1687 1892 1752 iuris
1922 1687 2106 1740 babet.

1288 1921 1714 1985 DISTINCTIO
1757 1922 1882 1984 XX.

1139 2084 1482 2147 Sciendum
1526 2092 1622 2146 est
1663 2083 1880 2158 etiam,
1920 2091 2038 2146 etc.

964 2309 1390 2366 OENITENTIAE
1435 2314 1666 2382 tempus
1713 2310 1950 2383 quidem
2001 2310 2342 2366 conceditur

990 2399 1276 2471 peccatori
1323 2415 1508 2472 usque
1547 2402 1621 2457 ad
1659 2402 1988 2457 extremum
2039 2400 2339 2472 praesentis

836 2489 970 2545 vitae
1013 2489 1370 2556 terminum3
1417 2491 1520 2546 sed
1575 2492 1661 2546 est
1706 2489 2098 2562 periculosum
2155 2505 2338 2563 usque

840 2580 987 2635 adeo
1033 2579 1300 2635 eamdem
1352 2578 1602 2642 differre,
1644 2597 1747 2651 pro
1793 2596 1860 2636 eo
1907 2581 2063 2652 quod
2110 2595 2228 2634 non
2267 2596 2337 2636 ex

837 2669 1048 2725 timore
1085 2668 1296 2734 servili,
1329 2670 1430 2725 sed
1466 2685 1665 2725 amore
1699 2668 1821 2726 lieri
1859 2669 2030 2726 debet
2058 2669 2185 2742 ipsa
2222 2685 2338 2742 poe·

839 2757 1100 2815 nitentia.
1134 2759 1278 2815 Hinc
1307 2761 1365 2815 et
1392 2758 1750 2830 Augustinus
1788 2775 1978 2815 seram
2016 2759 2072 2815 in
2104 2761 2337 2816 tantum

838 2847 1184 2904 difficultare
1210 2845 1441 2904 videtur
1469 2847 1887 2919 poenitentiam.
1907 2848 2149 2905 Difficile
2178 2847 2335 2905 enim

838 2939 924 2993 est
955 2935 1012 2992 in
1043 2936 1251 2993 ultimo
1280 2938 1432 2992 statu
1459 2954 1590 2994 vere
1620 2937 1897 3009 poenitere
1927 2943 2162 3010 propter
2192 2937 2339 2995 mul·

2884 708 3312 772 DISTINCTIO
3359 709 3511 772 XXI.

2781 852 2952 916 Solet
2993 853 3185 917 etiam
3230 853 3454 936 quaeri,
3496 861 3614 916 etc.

2586 1055 2848 1112 UAEDAM
2894 1060 3147 1130 peccata,
3188 1056 3441 1114 venialia
3486 1057 3725 1119 scilicet.
3770 1057 3949 1113 etiam

2612 1149 2738 1217 post
2769 1146 2921 1203 hanc
2948 1146 3127 1203 vitam
3160 1147 3511 1219 quibusdam
3548 1146 3947 1211 remittuntur,

2451 1234 2542 1291 his
2570 1234 2792 1291 scilicet
2819 1235 2917 1308 qui
2960 1235 3017 1290 in
3060 1236 3171 1292 hac
3198 1235 3317 1291 vita
3350 1238 3415 1292 ut
3440 1235 3549 1291 sibi
3588 1234 3953 1292 remitteren-

2450 1328 2563 1389 tur,
2594 1328 2939 1382 meruerunt
2978 1343 2991 1381 ε
3032 1324 3091 1380 in
3137 1324 3324 1398 gratia
3360 1323 3630 1382 videlicet
3667 1326 3951 1382 deceden-

2449 1417 2555 1479 tes,
2574 1417 2632 1471 et
2660 1413 2719 1470 in
2750 1413 2859 1470 hac
2879 1414 2996 1469 vita
3023 1413 3270 1488 lignum,
3292 1413 3509 1472 soenum
3540 1417 3641 1470 aut
3668 1413 3945 1486 stipulam

2448 1519 2623 1576 super
2649 1501 3031 1559 fundamento
3062 1502 3193 1559 ndei
3209 1503 3558 1575 (secundum
3586 1502 3951 1576 Apostolum)

2450 1591 2833 1658 aedificantes;
2875 1591 3001 1648 haec
3037 1590 3382 1665 temporalia
3422 1591 3551 1664 plus
3582 1591 3761 1665 Justo,
3802 1591 3950 1647 citra

2446 1685 2645 1738 tamen
2690 1680 3049 1738 aversionem
3097 1697 3131 1737 a
3171 1681 3304 1744 Deo,
3337 1681 3661 1755 diligentes.
3694 1681 3843 1737 Nam
3886 1679 3947 1736 bi

2448 1771 2546 1844 qui
2577 1787 2789 1829 aurum
2818 1773 2877 1828 et
2902 1773 3211 1844 argentum
3253 1774 3356 1828 aut
3384 1771 3607 1844 lapides
3646 1771 3945 1844 pretiosos,

2371 1858 2418 1921 B
2448 1860 2669 1918 scilicet
2695 1860 2995 1917 caritatem
3028 1860 3125 1917 Dei
3156 1864 3214 1917 et
3242 1860 3496 1933 proximi
3524 1877 3592 1917 ac
3626 1859 3721 1932 pia
3749 1876 3944 1932 opera,

2450 1950 2757 2015 aediflcant,
2788 1951 2963 2008 etiam
3006 1951 3079 2007 ab
3108 1951 3218 2007 hoc
3255 1951 3389 2025 igne
3428 1953 3601 2008 erunt
3628 1951 3945 2016 immunes,

2448 2038 2826 2113 intelligendo
2876 2042 2948 2096 de
2995 2039 3262 2112 perfectis
3310 2041 3369 2096 in
3417 2041 3575 2097 dicta
3617 2039 3944 2098 dilectione.

2448 2129 2557 2196 Qui
2600 2129 2841 2202 quidem
2882 2129 3036 2202 ignis
3071 2129 3178 2186 etsi
3217 2129 3590 2187 transitorius
3630 2129 3722 2192 sit,
3756 2129 3951 2203 gravis

2446 2221 2643 2275 tamen
2683 2222 2771 2276 est
2804 2218 3147 2292 plurimum.
3180 2221 3243 2276 ln
3285 2218 3553 2292 praesenti
3593 2218 3752 2276 enim
3786 2218 3949 2276 exhi·

2447 2309 2617 2365 betur
2646 2308 3062 2373 misericordia,
3078 2309 3135 2364 in
3167 2308 3363 2366 futuro
3381 2325 3517 2366 vero
3536 2308 3767 2382 justitia
3790 2326 3951 2366 exer-

2447 2397 2687 2454 cebitur.
2731 2399 2949 2455 Debent
2989 2401 3185 2456 autem
3234 2399 3293 2454 in
3342 2397 3703 2456 confessione
3744 2398 3951 2456 omnia

2447 2486 2636 2560 detegi
2665 2490 2723 2544 et
2749 2487 2982 2562 singula
3011 2486 3286 2545 mortalia
3314 2504 3564 2561 quorum
3605 2487 3817 2561 aliquis
3848 2489 3951 2544 ha·

2447 2577 2544 2633 bet
2563 2576 3107 2650 memoriam,prius
3134 2577 3354 2634 scilicet
3375 2576 3637 2650 legitime
3666 2594 3783 2634 non
3814 2593 3950 2635 con·

2447 2664 2767 2734 fessorum;
2809 2666 2924 2724 alia
2964 2670 3160 2724 autem
3209 2667 3268 2722 in
3314 2667 3569 2741 generali
3611 2667 3824 2724 sufficit
3866 2668 3951 2723 di·

2446 2771 2593 2823 cere,
2623 2757 2776 2814 sicut
2802 2760 2857 2815 et
2886 2757 3012 2830 ipsa
3036 2757 3303 2822 venialia,
3327 2772 3459 2830 quae
3486 2761 3543 2815 et
3568 2761 3815 2830 utraque
3844 2775 3950 2830 per

2446 2846 2869 2904 confessionem
2918 2848 3247 2921 generalem
3296 2847 3693 2905 remittuntur.
3732 2849 3950 2905 Caven-

2447 2938 2587 2993 dum
2632 2939 2721 2992 est
2756 2937 2931 2993 etiam
2976 2936 3293 2998 confitenti.
3326 2938 3483 3009 quod
3524 2937 3676 2995 sicut
3714 2937 3947 2994 nullum

837 3029 898 3082 ta
945 3025 1365 3097 impedimenta
1412 3029 1553 3083 tunc
1607 3029 1990 3092 occurrentia,
2042 3029 2334 3085 mundum
2374 3024 2417 3087 C
2448 3025 2693 3081 mortale
2730 3025 2903 3082 debet
2938 3024 3189 3081 scienter
3222 3024 3479 3090 reticere,
3511 3025 3593 3082 sic
3630 3041 3738 3082 nec
3774 3027 3952 3082 confi-

837 3114 1074 3177 scilicet.
1113 3114 1260 3173 [ilios
1303 3119 1360 3174 et
1399 3134 1662 3183 uxorem,
1703 3120 1761 3174 et
1799 3118 2004 3174 mortis
2053 3117 2334 3183 dolorem,

837 3208 895 3261 et
933 3205 1169 3262 similia.
1201 3206 1476 3263 Possibile
1509 3209 1706 3263 tamen
1748 3212 1850 3271 est,
1882 3212 1940 3265 et
1965 3211 2107 3267 tunc
2148 3208 2339 3264 homi-

839 3311 975 3351 nem
1021 3295 1302 3353 veraciter
1347 3296 1654 3368 poeniterc;
1715 3298 1818 3353 sed
1873 3298 2090 3370 absque
2138 3297 2338 3354 condi·

839 3400 954 3458 gna
979 3383 1368 3441 satisfactione
1394 3385 1532 3442 hinc
1560 3386 1879 3450 discedens,
1895 3386 2334 3443 acerbissimam

837 3472 1160 3546 purgatorii
1207 3490 1440 3546 poenam
1483 3492 1542 3531 se
1591 3491 1921 3546 passurum,
1965 3479 2189 3532 certum
2236 3475 2337 3531 ha-

839 3561 987 3625 beat,
1020 3562 1131 3617 nisi
1171 3563 1242 3618 ob
1280 3563 1777 3620 vehementiorem
1819 3564 2231 3620 contritionem
2276 3564 2337 3619 in

839 3651 948 3707 hac
987 3652 1106 3707 vita
1149 3668 1217 3708 ea
1261 3652 1610 3711 remittatur.
1659 3653 1936 3727 Denique,
1986 3657 2043 3711 et
2088 3652 2191 3709 alii
2238 3652 2337 3726 qui

840 3740 1018 3796 etiam
1077 3743 1306 3798 mature
1353 3742 1714 3815 poenitentes,
1763 3741 2221 3799 satisfactionem
2277 3742 2337 3799 in

839 3829 948 3886 hac
982 3830 1102 3887 vita
1148 3847 1265 3887 non
1313 3831 1685 3905 expleverint,
1723 3832 1781 3888 in
1831 3833 2169 3907 purgatorio
2213 3848 2343 3905 per-

839 3919 1078 3977 solvent.
1144 3921 1308 3977 Unde
1375 3938 1477 3994 per
1543 3922 1942 3995 eleemosynas
2005 3924 2063 3979 et
2122 3922 2341 3979 amico-

837 4026 972 4065 rum
1011 4010 1321 4076 orationes,
1354 4010 1707 4082 poenitentiae
1743 4027 1947 4067 eorum
1989 4012 2220 4083 pondus
2256 4014 2343 4067 est

837 4098 1236 4155 relevandum.
1295 4098 1490 4172 Neque
1557 4098 1943 4156 morientibus
2000 4099 2343 4172 poenitentia

838 4187 1194 4260 imponenda
1237 4191 1340 4253 est,
1389 4189 1491 4244 sed
1540 4188 1959 4245 innotescenda
2011 4190 2337 4255 dumtaxat,
2369 4190 2421 4252 D

838 4294 1017 4349 quam
1048 4280 1346 4351 peragant,
1377 4276 1425 4332 si
1465 4277 1887 4334 convalescant.
1929 4278 2125 4351 Neque
2165 4277 2339 4335 alicui

839 4364 1114 4422 morienti
1178 4364 1711 4423 reconciliationem
1776 4365 1991 4437 petenti
2051 4382 2121 4422 ea
2173 4367 2343 4423 dene-

841 4457 1034 4529 ganda
1073 4458 1159 4511 est
1199 4472 1212 4511 ε
1258 4472 1436 4528 quam
1485 4456 1662 4512 etiam
1707 4454 1755 4511 si
1802 4458 1942 4512 tunc
1982 4459 2174 4527 petere
2222 4472 2339 4513 non

841 4544 1038 4620 possit,
1071 4548 1126 4601 et
1167 4544 1329 4617 prius
1379 4560 1510 4601 eam
1563 4544 1886 4617 appetierit,
1931 4545 2161 4602 sufficit.
2198 4546 2342 4603 Hinc

839 4638 896 4691 et
950 4652 984 4691 a
1041 4634 1272 4708 publico
1327 4634 1574 4691 crimine
1631 4636 1900 4691 sacerdos
1961 4634 2213 4708 simplex
2280 4636 2337 4691 in

839 4742 978 4783 casu
1023 4724 1246 4791 mortis,
1296 4724 1564 4797 episcopo
1611 4726 1865 4790 absente,
1906 4725 2202 4783 absolvere
2241 4743 2341 4798 po-

839 4818 950 4871 test
998 4831 1012 4871 :
1062 4817 1218 4887 quod
1272 4817 1470 4871 tamen
1527 4815 1690 4879 alias,
1739 4832 1807 4872 eo
1865 4815 2214 4879 inconsulto,
2262 4815 2341 4872 fa-

837 4920 967 4961 cere
995 4920 1112 4961 non
1143 4905 1329 4969 debet,
1360 4904 1512 4961 sicut
1544 4921 1650 4961 nec
1685 4904 1940 4977 virgines
1979 4920 2336 4961 consecrare.

837 4994 1114 5067 Denique,
1166 4993 1214 5049 si
1263 4993 1520 5051 moriens
1577 4995 1938 5051 sacerdotem
1998 4996 2173 5065 petat,
2232 5010 2339 5051 nec

839 5084 1050 5141 habere
1110 5085 1308 5156 possit,
1366 5083 1581 5140 oblatio
1638 5084 1822 5156 ipsius
1873 5099 1989 5139 non
2039 5083 2201 5139 venit
2250 5100 2338 5141 re-

839 5177 1119 5247 spuenda.

838 5291 900 5343 In
929 5304 1088 5343 seros
1117 5290 1294 5343 dilata
1320 5288 1439 5341 dies
1468 5290 1776 5350 confessio,
1807 5288 2071 5354 prodest;

903 5362 1110 5417 Ultima
1137 5376 1265 5417 raro
1293 5364 1482 5413 tamen
1507 5360 1739 5425 corrigit
1765 5360 1908 5414 hora
1934 5360 2143 5413 scelus.

2446 3114 2553 3171 teri
2583 3115 2739 3188 quod
2778 3132 2895 3171 non
2926 3113 3075 3172 fecit.
3108 3115 3303 3188 Neque
3342 3114 3499 3171 enim
3539 3115 3946 3173 mentiendum

2446 3208 2533 3261 est
2571 3204 2629 3260 in
2673 3203 3033 3261 confessione
3073 3204 3351 3261 veritatis,
3393 3206 3673 3261 Sacerdos
3715 3222 3949 3278 quoque

2447 3293 2689 3350 omnino
2746 3297 2958 3358 caveat,
3009 3311 3079 3351 ne
3135 3294 3537 3351 confitentium
3594 3294 3715 3353 ullo
3768 3296 3946 3351 modo

2448 3387 2681 3456 peccata
2728 3384 2951 3456 prodat.
2991 3385 3106 3439 Nec
3150 3383 3368 3440 subditi
3415 3384 3716 3456 proprium
3762 3401 3951 3441 sacer·

2447 3472 2641 3528 dotem
2674 3472 3002 3528 confitendo
3034 3472 3335 3529 dimittant
3346 3490 3360 3537 ;
3381 3488 3485 3529 nec
3513 3475 3783 3530 sacerdos
3811 3472 3949 3531 alie-

2448 3576 2590 3617 num
2622 3562 2699 3616 ad
2727 3560 3149 3617 confessionem
3187 3560 3452 3633 accipiat.
3483 3562 3547 3617 ln
3578 3578 3715 3618 casu
3744 3564 3944 3619 tamen

2446 3649 2793 3721 ignorantioe
2834 3649 3053 3721 proprii
3094 3648 3428 3714 sacerdotis,
3460 3649 3644 3707 alium
3682 3652 3946 3723 quando·

2446 3757 2557 3812 que
2596 3740 2891 3813 requirere
2931 3740 3081 3797 licet.

2447 3854 2709 3906 Criminis
2739 3855 2999 3907 horrendi
3032 3855 3077 3906 si
3110 3870 3253 3921 quos
3283 3854 3487 3907 oblivio
3516 3856 3683 3921 cepit,

2511 3928 2845 3991 Purgantur,
2876 3928 3023 3978 tristi
3054 3927 3358 3979 dummodo
3390 3931 3574 3980 mente
3605 3927 3808 3980 dolent..

2874 4125 3298 4189 DISTINCTIO
3340 4126 3519 4189 XXII.

2542 4261 2879 4344 Quumque
2922 4261 3141 4325 multis
3186 4262 3692 4337 auctoritatibus,
3734 4270 3852 4326 etc.

2572 4458 2663 4514 ER
2701 4458 3019 4515 recidivum
3070 4458 3127 4514 in
3177 4461 3480 4531 peccatum
3530 4476 3633 4533 per
3668 4460 3950 4532 poeniten-

2596 4548 2741 4605 tiam
2783 4548 3113 4613 remissum,
3148 4553 3381 4622 peccata
3411 4548 3605 4621 priora
3643 4550 3835 4607 redire
3866 4550 3950 4607 di·

2449 4640 2677 4696 cuntur.
2710 4640 2875 4706 Quod
2915 4638 3153 4711 quidem
3197 4642 3490 4712 quomodo
3518 4639 3604 4697 vel
3644 4658 3950 4714 quousque

2448 4727 2566 4794 ssat,
2599 4732 2863 4785 auctores
2892 4729 3278 4786 diversimode
3306 4746 3409 4787 seu
3437 4731 3545 4786 sub
3575 4730 3793 4803 duplici
3824 4748 3952 4787 mo-

2450 4818 2524 4873 do
2566 4815 2901 4889 loquuntur.
2943 4817 3273 4875 dicentibus
3317 4818 3669 4890 quibusdam
3712 4835 3781 4875 ea
3822 4818 3953 4893 ipsa

2448 4904 2656 4970 redire,
2699 4922 2805 4963 nec
2846 4909 3045 4963 tamen
3092 4923 3160 4963 ea
3201 4924 3303 4979 per
3349 4906 3457 4963 boc
3499 4907 3586 4964 bis
3630 4906 3844 4979 puniri,
3889 4912 3953 4965 ut

2446 4998 2705 5067 apparet,
2739 5012 2921 5068 quum
2962 4998 3229 5068 peccator
3257 5012 3361 5068 pro
3390 4996 3473 5053 eis
3510 5012 3627 5053 non
3658 4996 3951 5072 condigne

2447 5083 2785 5156 poenituisse
2820 5084 3102 5151 videatur,
3135 5088 3193 5142 et
3230 5086 3493 5158 ingratus
3534 5102 3766 5158 quoque
3803 5087 3953 5143 exsi-

2446 5174 2546 5229 stit
2591 5173 2996 5241 recidivand03
3042 5175 3173 5231 aliis
3217 5192 3353 5232 vero
3398 5175 3744 5241 dicentibus,
3788 5179 3947 5249 quod

2445 5265 2689 5321 redeant
2714 5268 2999 5337 quantum
3032 5266 3107 5321 ad
3136 5280 3389 5338 poenam,
3420 5282 3525 5338 per
3558 5266 3805 5323 modum
3834 5266 3948 5323 cir·

2444 5354 2816 5411 cumstantioe
2854 5354 3226 5430 aggravantis
3262 5359 3499 5429 peccata
3538 5355 3751 5415 iterum
3790 5372 3948 5415 com-
