4267 6250
491 509 580 556 AN
619 509 1033 558 samma
1071 510 1235 560 NovA
1277 510 1617 560 nmmum·
1654 510 1699 557 Δ
1740 503 2071 558 vmmmus
2111 508 2231 556 PER
2268 507 2387 558 HOC
2428 508 2589 566 QUOD
2628 508 2907 556 CAUSANT
2946 506 3221 556 onam
3327 487 3407 554 57

311 689 662 745 naventura
706 683 774 746 in
817 683 952 747 fine
1003 683 1237 766 Scripti
1283 701 1478 766 super
1517 681 1798 746 tertium.
1833 679 1887 744 A
1915 688 2128 745 autem
2173 700 2289 765 per
2324 681 2619 746 accidens
2657 688 2774 758 est,
2806 681 2888 744 ab
2930 687 3063 744 arte
3102 677 3411 761 relinqui·

384 780 734 856 Postremo,
768 783 834 844 in
874 782 1280 866 Breviloquio
1316 782 1468 844 huic
1510 781 1806 845 secundae

309 879 598 962 opinioni
655 881 946 944 absolute
1007 881 1344 956 consentit,
1403 881 1806 962 retinensque

307 979 384 1042 de
414 979 562 1053 alia,
597 987 985 1062 protestatur
1016 997 1032 1043 τ
1066 981 1469 1044 Sacramenta
1504 979 1806 1042 dicuntur

307 1077 522 1158 gratiae
561 1097 718 1142 vasa
763 1086 830 1142 et
875 1098 1086 1152 causa,
1116 1097 1244 1142 non
1296 1079 1446 1161 quia
1489 1077 1691 1160 gratia
1739 1077 1804 1139 in

308 1175 398 1238 eis
440 1174 954 1240 substantialiter
991 1178 1412 1251 contineatur,
1443 1185 1554 1240 aut
1592 1195 1806 1238 causa-

309 1273 453 1336 liter
499 1274 850 1348 efficiatur,
895 1293 1096 1357 quum
1143 1295 1182 1338 a
1229 1275 1364 1338 solo
1405 1276 1534 1338 Deo
1578 1275 1808 1338 animae

313 1371 734 1452 infundatur3
781 1372 894 1436 sed
941 1373 1094 1454 quia
1140 1373 1208 1435 in
1257 1372 1388 1435 illis
1435 1380 1498 1435 ct
1539 1391 1655 1454 per
1701 1372 1808 1434 illa

311 1471 580 1551 gratiam
613 1471 962 1534 curationis
992 1491 1030 1533 a
1066 1489 1320 1534 summo
1357 1471 1607 1534 medico
1637 1471 1810 1535 Chri-

311 1575 406 1632 sto
433 1587 514 1632 ex
544 1569 770 1633 divino
798 1571 1052 1634 decreto
1079 1577 1328 1652 oportet
1358 1571 1633 1633 haurire.
1665 1569 1809 1634 Haec

312 1666 480 1730 idem
525 1667 642 1730 ibi.

387 1766 723 1843 Praeterea,
755 1767 836 1830 de
878 1767 980 1830 his
1025 1767 1084 1831 S.
1125 1767 1396 1831 Thomas
1441 1767 1627 1830 aliter
1674 1785 1811 1831 sen·

1916 789 2042 855 tur,
2073 800 2193 844 nec
2242 781 2308 845 in
2355 781 2733 846 definitione
2782 781 3110 864 reponitur
3142 779 3413 861 :sicque

1915 899 2056 944 esse
2086 899 2365 956 causam,
2398 899 2525 944 non
2554 887 2898 963 poneretur
2928 881 2994 944 in
3033 877 3413 942 sacramenti

1917 979 2317 1056 definitione,
2352 999 2469 1043 nec
2512 980 2724 1044 Sancti
2768 979 3042 1042 multum
3088 983 3415 1041 curassent

1919 1077 2092 1160 loqui
2140 1079 2219 1141 de
2262 1097 2353 1141 ea.
2388 1079 2514 1142 Nec
2557 1080 2751 1140 etiam
2798 1084 3190 1141 sacramenta
3232 1093 3413 1138 novae

1917 1176 2098 1258 legiS‚
2132 1196 2275 1258 quae
2314 1175 2628 1241 differunt
2656 1195 2692 1238 a
2730 1174 3141 1239 sacramentis
3178 1173 3413 1237 veteris

1916 1275 2076 1356 legis
2113 1276 2469 1338 secundum
2512 1275 2977 1338 ordinationem
3021 1273 3411 1356 praedictam,

1917 1372 2256 1438 differrent
2282 1373 2363 1437 ab
2394 1375 2487 1436 eis
2528 1373 2881 1436 secundum
2922 1373 3233 1435 rationem
3266 1389 3412 1432 cau-

1917 1491 2024 1546 sae,
2057 1472 2168 1534 sed
2208 1471 2415 1535 solum
2458 1479 2769 1555 quantum
2798 1470 2877 1534 ad
2920 1471 3179 1533 modum
3218 1468 3413 1550 signi-

1916 1569 2178 1644 ficandi,
2212 1570 2279 1632 in
2326 1577 2637 1651 quantum
2680 1570 2815 1632 haec
2862 1568 3231 1649 significant
3274 1585 3412 1648 gra·

1914 1669 2071 1732 tiam
2115 1677 2187 1732 ut
2228 1670 2440 1731 statim
2482 1669 2777 1743 dandam,
2822 1675 2887 1731 et
2927 1667 3035 1730 illa
3076 1684 3221 1729 non.

1997 1767 2157 1830 Hinc
2205 1767 2315 1831 alii
2361 1768 2606 1841 dicunt,
2656 1767 2826 1848 quod
2874 1784 2953 1828 ex
3000 1762 3411 1828 sacramentis

255 1893 260 1898 ·
313 1864 498 1938 tienS,
529 1865 624 1928 ait
663 1865 730 1928 in
772 1864 1068 1949 Scripto:
1103 1866 1336 1930 Omnes
1375 1873 1690 1946 coguntur
1720 1864 1810 1927 fa—
1840 1860 1888 1922 Β
1919 1865 2046 1929 duo
2087 1873 2567 1950 consequuntur
2604 1865 2671 1929 in
2708 1865 2923 1928 anima
2954 1883 2969 1927 :
3004 1882 3201 1927 unum
3241 1860 3413 1945 quod

313 1963 454 2036 teri,
497 1972 902 2027 sacramenta
945 1981 1126 2027 novae
1165 1964 1322 2046 legis
1369 1963 1585 2046 aliquo
1625 1964 1812 2027 modo

313 2080 536 2124 causas
577 2061 798 2142 gratiae
841 2080 1004 2137 esse,
1038 2070 1298 2146 propter
1338 2081 1670 2144 expressas
1709 2081 1816 2124 au-

315 2159 638 2222 ctoritates
679 2179 823 2242 quae
861 2160 1084 2224 dicunt
1121 2161 1262 2224 hoc.
1297 2161 1420 2224 Sed
1458 2161 1694 2223 diversi
1725 2160 1817 2223 di—

313 2259 676 2321 versimode
725 2277 832 2321 eas
873 2268 1219 2342 exponunt.
1265 2261 1530 2335 Quidam
1576 2260 1814 2324 etenim

315 2357 556 2430 dicunt,
587 2357 760 2439 quod
791 2376 918 2421 non
949 2365 1099 2420 sunt
1127 2377 1333 2423 causae
1361 2359 1542 2442 quasi
1573 2359 1816 2442 aliquid

318 2453 624 2518 facientes
656 2457 726 2518 in
754 2457 992 2531 anima,
1024 2457 1134 2520 sed
1174 2477 1380 2522 causae
1407 2458 1546 2520 sine
1580 2457 1816 2541 quibus

316 2569 436 2614 non
482 2570 498 2614 ε
544 2552 854 2634 quoniam
903 2553 1108 2616 virtus
1155 2553 1454 2628 increata,
1497 2573 1638 2635 quae
1684 2553 1818 2616 sola

317 2651 588 2713 effectus
627 2651 709 2712 ad
747 2652 1016 2732 gratiam
1058 2652 1450 2734 pertinentes
1495 2653 1560 2715 in
1603 2651 1818 2714 anima

317 2748 486 2820 facit,
538 2749 958 2811 sacramentis
1004 2750 1254 2812 adsistit
1311 2768 1426 2833 per
1473 2751 1816 2831 quamdam

319 2846 425 2908 Dei
453 2846 952 2921 ordinationem,
985 2855 1048 2909 et
1077 2846 1258 2930 quasi
1289 2865 1406 2930 per
1432 2848 1812 2930 pactionem.

319 2943 416 3006 Sic
455 2945 638 3008 enim
679 2944 1000 3008 ordinavit·
1035 2965 1110 3008 ac
1149 2947 1417 3029 pepigit,
1451 2955 1524 3008 ut
1564 2947 1678 3028 qui
1722 2965 1817 3009 sa-

1921 1973 2020 2028 est
2065 1973 2534 2028 sacramentum
2582 1972 2645 2027 et
2694 1983 2815 2038 reS‚
2866 1970 3021 2045 puta
3067 1962 3413 2036 character,

1921 2072 2029 2127 aut
2066 2065 2300 2146 aliquis
2338 2063 2569 2127 animae
2596 2070 2857 2126 ornatus
2896 2063 2961 2124 in
3001 2060 3418 2124 sacramentis

1923 2163 1990 2225 in
2020 2163 2251 2245 quibus
2280 2179 2407 2225 non
2450 2162 2833 2244 imprimitur
2862 2161 3217 2239 character3
3248 2157 3417 2221 aliud

1924 2261 2092 2344 quod
2138 2269 2236 2324 est
2273 2280 2373 2324 res
2411 2268 2681 2333 tantum,
2715 2259 3014 2324 videlicet
3058 2257 3276 2340 gratia.
3310 2257 3422 2320 Re-

1925 2367 2149 2442 spectu
2209 2377 2359 2441 ergo
2419 2359 2614 2441 primi
2672 2357 2967 2432 effectuS,
3028 2362 3422 2420 sacramenta

1925 2466 2075 2520 sunt
2120 2477 2327 2521 causae
2375 2457 2589 2539 aliquo
2640 2458 2827 2519 modo
2873 2454 3270 2534 efficientes3
3310 2453 3424 2516 sed

1923 2563 2221 2639 respectu
2252 2556 2538 2630 secundi,
2573 2562 2723 2618 sunt
2752 2573 2958 2617 causae
2987 2553 3421 2635 disponenteS,

1925 2656 2033 2718 tali
2067 2653 2484 2737 dispositione
2513 2673 2655 2736 quae
2685 2654 2769 2715 sit
2798 2652 3161 2726 necessitaS,
3186 2650 3313 2713 nisi
3343 2651 3428 2713 sit

1926 2753 2461 2836 impedimentum
2518 2771 2596 2814 ex
2656 2758 2833 2833 parte
2891 2748 3304 2832 recipientis;
3363 2755 3427 2810 et

1925 2852 2045 2915 hoc
2077 2852 2329 2914 videtur
2360 2851 2561 2933 magis
2592 2849 2980 2914 conveniens
3009 2849 3321 2930 theologis
3350 2867 3425 2911 ac

1924 2950 2110 3013 dictis
2142 2950 2535 3013 Sanctorum.
2558 2950 2861 3024 Quocirca
2890 2948 3239 3023 sciendum,
3255 2948 3427 3030 quod

319 3051 642 3106 eramenta
683 3043 1030 3126 accipiunt,
1063 3045 1256 3106 simul
1298 3052 1363 3108 et
1403 3045 1668 3128 gratiam
1715 3065 1817 3108 su·
1850 3048 1893 3113 C
1925 3068 2114 3111 causa
2144 3047 2435 3111 efficiens
2466 3047 2805 3131 dupliciter
2833 3047 3033 3109 dividi
3064 3052 3285 3129 potest.
3307 3045 3427 3107 Pri-

318 3150 486 3204 mant
513 3142 600 3204 ab
631 3142 790 3225 ipso,
805 3160 930 3205 non
961 3143 1138 3225 quasi
1169 3154 1551 3208 sacramenta
1581 3145 1817 3228 aliquid

321 3240 554 3303 faciant
603 3240 682 3302 ad
733 3240 852 3303 hoc
901 3241 1112 3323 ipsum
1157 3260 1170 3304 :
1213 3242 1381 3305 sicut
1427 3242 1536 3325 qui
1587 3244 1820 3327 accipit

322 3338 654 3400 denarium
695 3338 1076 3420 plumbeum
1114 3359 1152 3402 a
1191 3359 1359 3421 rege,
1393 3341 1558 3405 facta
1596 3341 1817 3424 hujus-

323 3436 486 3499 modi
535 3436 938 3500 ordinatione
991 3444 1063 3501 ut
1111 3439 1220 3520 qui
1273 3438 1568 3503 habuerit
1614 3460 1816 3503 unum

319 3535 392 3597 de
429 3534 561 3597 illis
605 3534 906 3609 denariis,
944 3536 1214 3619 accipiat
1251 3544 1508 3600 centum
1549 3538 1742 3600 libras
1781 3559 1818 3602 a

321 3651 494 3714 rege;
526 3633 642 3715 qui
675 3633 976 3696 denarius
1005 3652 1132 3697 non
1163 3637 1270 3698 dat
1297 3636 1438 3698 illas
1466 3635 1680 3710 libras,
1705 3638 1815 3701 sed

319 3750 442 3795 rex.
476 3733 822 3814 Quumque
852 3732 994 3795 talis
1024 3734 1232 3815 pactio
1263 3733 1428 3797 facta
1465 3752 1591 3797 non
1623 3735 1817 3797 fuerit

321 3829 381 3892 in
410 3830 830 3894 sacramentis
859 3832 1092 3895 veteris
1123 3831 1302 3913 legis,
1335 3832 1479 3896 ideo
1515 3832 1818 3896 dicuntur

318 3928 580 4009 gratiam
613 3946 742 3991 non
774 3929 1086 4005 conferre,
1109 3931 1218 3993 sed
1251 3931 1458 3994 solum
1489 3932 1814 4014 promisis—

321 4046 384 4089 se
427 4036 540 4089 aut
589 4027 1024 4109 praesignasse.
1067 4064 1149 4074 —
1187 4029 1420 4091 Verum
1470 4030 1638 4093 istud
1687 4048 1812 4093 non

323 4125 569 4187 videtur
597 4124 904 4188 sufficere
932 4127 1010 4188 ad
1051 4126 1424 4190 salvandum
1466 4128 1634 4190 dicta
1663 4128 1814 4191 Sau-

1926 3166 2054 3222 m0,
2087 3166 2167 3211 ex
2214 3156 2392 3231 parte
2442 3146 2734 3220 effectuS,
2767 3153 2920 3229 puta
2966 3146 3029 3207 in
3082 3145 3424 3227 disponen-

1925 3254 2073 3321 tem,
2089 3266 2231 3328 quae
2260 3252 2477 3309 causat
2506 3245 2991 3327 dispositionem
3020 3244 3098 3306 ad
3130 3242 3422 3305 ultimam

1929 3344 2239 3424 formam3
2271 3351 2335 3407 et
2384 3344 2447 3405 in
2497 3342 2964 3425 perficientem,
2997 3360 3140 3423 quae
3178 3340 3426 3403 inducit

1927 3443 2218 3507 ultimam
2266 3442 2744 3525 perfectionem.
2780 3440 3091 3513 Secundo,
3124 3459 3201 3503 ex
3245 3448 3423 3521 parte

1927 3541 2239 3616 causamn
2268 3560 2460 3621 agens
2494 3539 2848 3622 principale
2878 3546 2941 3602 et
2972 3539 3422 3602 instrumenta—

1928 3640 2004 3702 le.
2039 3638 2249 3721 Agens
2280 3638 2633 3720 principale
2663 3645 2759 3699 est
2797 3638 3083 3719 primum
3116 3654 3420 3717 movens;

1924 3755 2118 3818 agens
2150 3754 2302 3799 vero
2341 3736 2825 3798 instrumentale
2856 3743 2953 3797 est
2992 3753 3255 3800 movens
3290 3752 3422 3797 mo-

1924 3844 2084 3898 tum.
2131 3836 2561 3897 Instrumento
2606 3851 2861 3916 quoque
2908 3833 3209 3897 convenit
3258 3832 3423 3896 actio

1925 3934 2163 4016 duplex
2198 3951 2212 3995 ε
2246 3952 2374 3995 una
2404 3950 2594 4014 quam
2625 3951 2703 3993 ex
2732 3930 2991 4013 propria
3019 3930 3211 3993 habet
3240 3938 3421 3992 natu-

1923 4051 2032 4113 ra;
2063 4034 2189 4095 alia
2236 4050 2429 4114 quam
2470 4031 2663 4094 habet
2704 4031 2769 4093 in
2812 4037 3123 4113 quantum
3172 4038 3419 4093 motum

1924 4139 2022 4195 est
2049 4151 2084 4193 a
2124 4130 2335 4214 primo
2372 4138 2597 4212 agente
2631 4147 2645 4192 :
2679 4129 2843 4191 sicut
2883 4128 3055 4192 calor
3088 4128 3275 4210 ignis,
3309 4129 3421 4211 qui

321 4231 586 4297 ctorum,
619 4223 926 4305 quoniam
973 4243 1162 4287 causa
1209 4225 1348 4288 sine
1395 4244 1520 4307 qua
1567 4244 1718 4301 non,
1759 4228 1811 4289 si
1843 4228 1894 4290 D
1924 4238 2022 4292 est
2069 4230 2567 4291 instrumentum
2616 4226 2915 4309 potentiae
2961 4226 3305 4302 nutritivae,
3353 4234 3425 4288 ut

322 4320 578 4384 omnino
638 4321 728 4383 nil
788 4320 979 4385 faciat
1027 4322 1104 4385 ad
1163 4323 1597 4387 inducendum
1657 4324 1813 4388 effe-

323 4426 512 4493 ctum,
543 4419 648 4483 vel
697 4420 1096 4501 disponendo
1136 4421 1238 4483 vel
1291 4422 1702 4498 meliorandO,
1735 4424 1809 4487 ad

323 4516 626 4581 rationem
658 4518 962 4581 causandi
995 4519 1085 4582 nil
1127 4520 1318 4583 habet
1357 4521 1522 4583 ultra
1557 4540 1811 4585 causam

324 4634 432 4696 per
476 4616 774 4679 accidens
821 4616 1016 4697 (sicut
1061 4618 1280 4680 album
1327 4625 1425 4681 est
1473 4638 1664 4683 causa
1707 4621 1815 4685 do·

325 4714 554 4787 mus‚si
583 4714 934 4778 aedificator
963 4715 1050 4778 sit
1083 4715 1295 4795 albus)
1315 4734 1329 4778 ε
1349 4718 1568 4801 sicque
1607 4739 1813 4783 sacra—

325 4820 530 4875 menta
559 4820 776 4876 essent
803 4832 994 4876 causa
1021 4814 1546 4879 sanctificationis
1573 4838 1688 4901 per
1717 4838 1815 4882 ac-

325 4910 556 4974 cidens.
592 4911 704 4973 llla
749 4930 1028 4994 namque
1077 4913 1392 4979 ordinatio
1439 4934 1551 4979 seu
1601 4918 1813 4999 pactio

325 5008 482 5071 nihil
519 5009 626 5071 dat
661 5009 756 5071 eis
790 5010 870 5073 de
909 5009 1153 5073 ratione
1193 5029 1418 5087 causae,
1453 5014 1562 5076 sed
1603 5016 1810 5078 solum

326 5105 400 5168 de
445 5106 684 5169 ratione
731 5108 900 5189 signi
954 5125 968 5169 ε
1022 5109 1562 5191 quemadmodum
1621 5114 1811 5177 etiam

326 5203 612 5267 denarius
656 5204 1000 5287 plumbeus
1038 5206 1245 5269 solum
1286 5215 1383 5271 est
1420 5209 1674 5290 signum
1720 5212 1813 5274 in-

329 5300 536 5366 dicans
574 5302 722 5386 quis
771 5303 1002 5367 debeat
1051 5304 1242 5369 libras
1291 5307 1600 5390 accipere.
1634 5308 1811 5382 Quod

1925 4328 2205 4390 secundo
2234 4327 2312 4389 de
2341 4326 2570 4389 Anima
2608 4324 2864 4399 dicitur,
2898 4343 2975 4388 ex
3017 4332 3243 4387 natura
3281 4343 3425 4407 pro-

1923 4427 2063 4509 pria
2109 4424 2301 4487 habet
2359 4423 2705 4486 dissolvere
2764 4430 2955 4504 atque
3004 4440 3379 4487 consumere
3404 4442 3421 4503 ;

1923 4525 2031 4587 sed
2067 4524 2130 4585 in
2171 4530 2481 4605 quantum
2520 4530 2617 4585 est
2656 4522 3152 4585 instrumentum
3193 4522 3422 4586 animae

1921 4622 2307 4704 vegetativae‚
2326 4626 2585 4702 generat
2614 4638 2887 4683 carnem.
2910 4619 3031 4683 Sed
3061 4620 3419 4697 sciendum,

1922 4722 2091 4803 quod
2142 4720 2307 4783 actio
2359 4719 2764 4781 instrumenti
2816 4718 3136 4781 interdum
3181 4719 3419 4801 pertin—

1921 4820 2014 4902 git
2051 4837 2255 4901 usque
2283 4819 2361 4880 ad
2402 4816 2695 4879 ultimam
2735 4817 3193 4898 perfectionem
3225 4836 3417 4898 quam

1923 4917 2279 5001 principale
2309 4934 2502 4996 agens
2532 4916 2799 4989 inducit,
2831 4914 3175 4996 aliquando
3203 4923 3414 4978 autem

1923 5034 2087 5096 non3
2127 5034 2385 5097 semper
2432 5022 2645 5076 tamen
2697 5013 3002 5095 pertingit
3048 5013 3126 5076 ad
3172 5012 3416 5095 aliquid

1921 5116 2089 5198 ultra
2152 5115 2213 5177 id
2279 5113 2446 5195 quod
2511 5111 2637 5174 sibi
2703 5112 3001 5174 convenit
3062 5112 3415 5177 secundum

1921 5233 2102 5276 suam
2148 5220 2461 5284 naturam,
2494 5210 2631 5272 sive
2673 5205 2831 5272 illud
2878 5210 2961 5273 sit
3008 5208 3235 5273 ultima
3276 5229 3420 5293 per-

1922 5312 2131 5387 fectio,
2184 5311 2321 5374 sive
2367 5308 2700 5391 dispositio
2747 5309 2826 5372 ad
2875 5308 3165 5373 eamdem
3207 5326 3221 5371 :
3263 5308 3419 5373 alias
