4267 6250
103 4844 320 4899 [ΙΡΞΟΞΕ.

453 517 542 565 ΔΝ
581 519 790 566 ΕὈΒΙΑ
833 519 1345 568 (ΞΟΝδΕῦΒΑΤῙΟΝῙΒ
1385 517 1544 566 vum:
1584 518 1866 565 Pomm
1907 517 2042 564 HEC
2083 515 2231 563 ESSE
2272 517 2289 562 :
2330 516 2449 564 HOC
2490 516 2599 564 EST
2638 518 2790 565 amu
2831 517 3057 566 CORPUS
3096 517 3270 564 luttm
3348 497 3471 564 2¹5

359 689 444 752 ba
487 689 620 754 haec
663 691 954 774 protulit,
985 691 1293 774 Accipite,
1325 699 1444 754 etc.
1479 690 1590 753 Vel
1635 709 1858 752 secun·
1889 688 1942 750 A
1971 691 2507 772 cognoscendum,
2562 692 2731 774 quod
2790 689 3083 754 minister
3140 691 3205 754 in
3264 709 3466 754 sacra-

359 789 515 850 dum
564 789 900 871 quosdam,
951 789 1354 871 Evangelista
1404 805 1530 852 non
1585 787 1864 852 servavit

358 887 654 951 ordinem
711 889 1058 952 verborum
1116 906 1246 971 quo
1301 887 1544 971 prolata
1601 886 1863 949 fuerunt

358 1005 397 1049 a
441 987 731 1050 Domino.
775 988 944 1051 Ordo
985 988 1222 1052 etenim
1265 987 1390 1050 fuit
1429 986 1574 1049 talis
1617 1005 1631 1050 ε
1673 987 1862 1049 Acce-

359 1084 456 1167 pit
507 1105 740 1168 panem
783 1095 848 1148 et
892 1086 1220 1150 benedixit
1265 1085 1508 1160 dicens,
1550 1085 1854 1167 Accipite.

355 1184 642 1248 Primum
686 1192 902 1249 tamen
946 1193 1042 1248 est
1086 1185 1335 1249 melius.

439 1285 751 1366 Denique,
783 1303 984 1366 quum
1018 1283 1286 1347 aliorum
1317 1290 1859 1345 sacramentorum

357 1380 670 1465 perfectio
709 1382 776 1444 in
817 1401 938 1445 usu
980 1382 1286 1445 consistat
1321 1381 1621 1455 materiae,
1654 1387 1718 1444 et
1749 1381 1864 1443 hu-

353 1481 461 1562 jus
507 1481 570 1543 in
613 1482 898 1544 materiae
938 1480 1443 1558 consecratione3
1476 1479 1619 1542 ideo
1657 1479 1863 1542 forma

357 1580 424 1640 in
465 1578 608 1640 aliis
649 1578 1068 1640 sacramentis
1108 1585 1204 1641 est
1236 1577 1300 1640 in
1330 1577 1546 1640 verbis
1586 1596 1727 1659 quae
1767 1577 1858 1639 di·

357 1685 591 1739 cuntur
641 1676 710 1738 in
761 1696 882 1739 usu
926 1676 1328 1750 sacramenti,
1367 1676 1434 1738 in
1481 1676 1603 1738 hoc
1644 1683 1857 1738 autem

355 1783 756 1838 sacramento
787 1774 994 1838 forma
1023 1775 1398 1838 sacramenti
1427 1783 1524 1838 est
1555 1774 1620 1836 in
1645 1773 1859 1836 verbis

1971 789 2207 851 mentis
2253 789 2596 872 dupliciter
2636 799 2977 873 operatur:
3010 790 3241 873 primo,
3273 789 3468 854 verba

1971 888 2474 969 pronuntiand03
2506 888 2808 964 secunde,
2841 897 3053 952 actum
3085 888 3463 952 exteriorem

1969 985 2249 1067 aliquem
2296 988 2672 1064 exercendo,
2718 995 2787 1049 ut
2829 988 2895 1049 in
2938 988 3321 1070 Baptismate
3361 1005 3467 1070 pa-

1969 1090 2080 1145 tet.
2097 1083 2178 1147 Et
2206 1091 2549 1167 utrumque
2578 1087 2806 1148 horum
2836 1093 2935 1148 est
2963 1085 3465 1149 instrumentalis

1971 1199 2163 1244 causa
2200 1182 2345 1263 ejus
2383 1183 2551 1265 quod
2594 1183 2930 1265 perficitur
2972 1184 3209 1247 virtute
3250 1183 3467 1246 divina

1971 1299 2114 1362 quae
2144 1279 2297 1342 latet
2326 1281 2393 1344 in
2428 1282 2859 1345 sacramentis.
2897 1282 3097 1346 Causa
3128 1290 3341 1345 autem
3376 1301 3469 1345 sa-

1971 1377 2377 1442 cramentalis
2414 1378 2837 1462 significando
2870 1380 3094 1443 efficit.
3131 1380 3371 1443 Idcirco
3404 1379 3469 1442 in

1969 1478 2385 1540 sacramentis
2423 1477 2552 1540 illis
2593 1479 2659 1541 in
2695 1479 2931 1562 quibus
2972 1487 3243 1562 utroque
3282 1478 3471 1542 modo

1969 1583 2272 1658 operatur
2300 1576 2613 1652 minister,
2627 1585 2877 1661 oportet
2906 1586 2977 1640 ut
3005 1578 3200 1642 verba
3230 1577 3472 1661 prolata

1969 1674 2339 1755 significent
2380 1683 2593 1738 actum
2637 1677 3011 1750 exercitum,
3044 1685 3109 1739 et
3147 1684 3326 1740 actus
3364 1695 3470 1739 ex-

1969 1772 2167 1836 terior
2195 1773 2519 1855 significet
2542 1775 2899 1838 interiorem
2928 1775 3252 1850 effectum,
3267 1793 3474 1858 quem-

359 1893 502 1956 quae
548 1874 858 1936 dicuntur
915 1875 980 1935 in
1029 1873 1504 1936 consecratione
1554 1873 1851 1936 materiae.
1894 1867 1942 1932 B
1969 1871 2315 1934 admodum
2348 1872 2412 1934 in
2442 1871 2765 1953 Baptismo
2797 1872 3039 1937 ablutio
3068 1874 3345 1937 exterior
3374 1874 3468 1936 in-

355 2005 434 2018 -
473 1973 602 2034 Hoc
645 1972 842 2036 etiam
885 1972 1370 2045 advertendum,
1411 1971 1580 2054 quod
1626 1971 1690 2032 in
1737 1971 1858 2034 hoc

355 2077 778 2144 sacramento,
821 2069 992 2132 sicut
1035 2069 1098 2131 in
1146 2069 1313 2142 aliis,
1355 2068 1482 2132 duo
1529 2075 1700 2142 sunt,
1741 2069 1858 2131 sci-

357 2168 508 2232 licet
537 2168 936 2232 consecratio
967 2166 1268 2242 materiae,
1302 2173 1366 2230 et
1393 2185 1547 2229 usus
1579 2166 1860 2230 materiae

355 2275 742 2330 consecratae
796 2282 812 2327 t
862 2285 1006 2348 quae
1062 2266 1189 2328 duo
1238 2263 1689 2346 exprimuntur
1745 2282 1862 2346 per

353 2365 553 2428 verba
611 2364 870 2439 Christi,
931 2363 1044 2447 qui
1101 2363 1394 2438 dicendo,
1452 2362 1740 2445 Accipite
1797 2369 1862 2424 et

356 2464 761 2536 manducate,
797 2463 1102 2546 praecepit
1134 2481 1323 2524 usum
1365 2461 1740 2525 sacramenti
1783 2461 1861 2523 is—

353 2562 520 2641 tius;
569 2571 764 2645 atque
809 2561 1104 2636 dicendo,
1146 2561 1276 2624 Hoc
1317 2568 1416 2624 est
1455 2578 1688 2643 corpus
1735 2579 1861 2623 me-

353 2681 492 2736 um,
552 2661 817 2724 tradidit
874 2666 940 2722 et
995 2660 1242 2743 peregit
1301 2660 1580 2722 materiae
1640 2677 1858 2722 conse-

352 2761 725 2824 crationem.
769 2759 1106 2841 Quumque
1148 2757 1540 2822 consecratio
1581 2757 1860 2820 materiae

353 2859 689 2922 ordinetur
741 2856 822 2919 ad
882 2876 1072 2920 usum
1128 2855 1445 2930 fidelium,
1499 2855 1642 2919 ideo
1703 2875 1856 2918 usus

355 2957 768 3040 praemittitur
817 2956 882 3018 in
927 2953 1403 3019 consecratione
1452 2954 1854 3028 sacramenti,

1970 1969 2268 2032 teriorem
2327 1969 2722 2034 ablutionem
2780 1971 3087 2053 designat.
3140 1971 3259 2035 Ubi
3316 1989 3468 2054 ergo

1969 2067 2264 2130 minister
2302 2085 2431 2130 non
2469 2076 2769 2151 operatur
2802 2069 2925 2132 nisi
2956 2069 3153 2133 verba
3189 2087 3468 2153 pronun-

1967 2167 2205 2240 tiand0‚
2228 2175 2478 2249 oportet
2504 2168 2677 2250 quod
2706 2169 3047 2232 verborum
3078 2170 3467 2252 significatio

1971 2263 2338 2327 immediate
2369 2265 2681 2328 referatur
2714 2267 2793 2328 ad
2835 2267 2897 2329 id
2926 2269 3099 2350 quod
3138 2269 3228 2331 ibi
3258 2267 3465 2332 effici·

1967 2369 2090 2424 tur.
2125 2363 2195 2424 In
2240 2362 2360 2425 hoc
2402 2371 2615 2426 autem
2656 2373 3075 2441 sacramento,
3106 2368 3275 2450 quod
3318 2385 3465 2430 con-

1969 2462 2138 2524 sistit
2188 2462 2253 2526 in
2303 2463 2781 2527 consecratione
2831 2465 3129 2538 materiae,
3178 2465 3469 2529 minister

1968 2579 2097 2624 non
2162 2559 2351 2623 habet
2412 2569 2626 2624 actum
2691 2562 2817 2624 nisi
2881 2563 3465 2645 pronuntiationem

1967 2659 2333 2733 verborum,
2367 2659 2535 2722 sicut
2578 2678 2697 2722 nec
2742 2660 2807 2722 in
2852 2659 3066 2742 aliqua
3106 2661 3231 2724 alia
3274 2670 3467 2725 mate-

1968 2757 2078 2820 riae
2108 2755 2634 2819 sanctificatione.
2654 2757 2829 2820 Unde
2858 2765 3105 2840 oportet
3135 2760 3304 2842 quod
3332 2779 3469 2824 ver·

1968 2855 2049 2918 ba
2086 2855 2303 2918 formae
2342 2854 2713 2936 significent
2744 2856 2866 2919 hoc
2907 2857 3075 2938 quod
3118 2856 3183 2920 in
3224 2865 3467 2922 secreto

1969 2953 2120 3016 facit
2152 2955 2354 3016 virtus
2384 2953 2635 3033 divina3
2658 2963 2723 3017 et
2750 2955 2871 3018 hoc
2900 2961 3263 3038 est,corpus
3293 2956 3467 3020 Chri-

353 3055 652 3140 quamvis
683 3055 748 3117 in
780 3054 1190 3117 exsecutione
1219 3059 1538 3137 sequatur,
1553 3052 1855 3136 quoniam
1895 3049 1940 3115 C
1968 3052 2046 3114 sti
2090 3071 2231 3116 esse
2262 3053 2385 3114 sub
2426 3052 2554 3115 illis
2594 3052 2932 3136 speciebus
2966 3071 2980 3116 t
3017 3053 3159 3118 ideo
3196 3055 3331 3118 haec
3369 3062 3467 3119 est

351 3156 510 3220 finis
541 3163 640 3218 oet
671 3154 846 3237 prior
887 3154 952 3215 in
994 3152 1346 3215 intentione
1379 3160 1442 3215 et
1472 3151 1854 3233 cognitione,

351 3264 418 3318 et
469 3254 736 3317 ultimus
785 3252 850 3314 in
901 3252 1308 3314 exsecutione
1357 3258 1420 3313 et
1465 3250 1852 3331 operatione.

350 3356 674 3427 Attamen,
708 3351 859 3433 quia
891 3352 992 3431 (ut
1021 3350 1262 3413 dictum
1305 3350 1428 3430 est)
1467 3368 1620 3411 usus
1663 3356 1856 3410 mate-

351 3454 468 3517 riae
501 3453 568 3514 in
608 3452 730 3514 hoc
763 3456 1158 3513 sacramento
1192 3466 1318 3512 non
1349 3456 1446 3511 est
1474 3449 1553 3511 de
1584 3448 1859 3511 essentia

351 3550 761 3623 sacramenti,
793 3550 960 3611 sicut
998 3549 1064 3611 in
1105 3547 1286 3627 aliis;
1329 3547 1472 3610 ideo
1513 3546 1706 3610 verba
1749 3546 1858 3609 illa

354 3670 504 3732 quae
543 3656 836 3731 spectant
870 3647 947 3709 ad
992 3665 1181 3708 usum
1220 3645 1384 3727 ejuS,
1419 3663 1542 3707 non
1589 3652 1741 3706 sunt
1779 3644 1856 3707 de

351 3749 564 3811 forma
601 3746 828 3829 ipsius,
861 3746 974 3808 sed
1011 3745 1219 3807 solum
1261 3744 1370 3806 illa
1409 3762 1551 3825 quae
1588 3743 1665 3805 ad
1709 3759 1855 3805 con-

353 3846 778 3909 secrationem
813 3843 1156 3927 pertinent,
1181 3850 1422 3925 utpote,
1442 3843 1571 3905 Hoc
1599 3847 1696 3903 est
1725 3856 1857 3903 cor-

353 3965 480 4028 pus
537 3962 774 4007 meum.
825 3943 1302 4015 Verumtamen,
1353 3940 1646 4023 quamvis
1701 3958 1854 4001 usus

349 4041 737 4106 sacramenti
774 4040 968 4122 hujus
1006 4057 1133 4102 non
1168 4038 1252 4101 sit
1279 4040 1358 4101 de
1387 4038 1529 4120 ejus
1558 4038 1850 4111 essentia,

351 4142 634 4225 pertinet
665 4148 880 4202 tamen
918 4139 996 4200 ad
1032 4138 1422 4220 completum
1457 4155 1597 4199 esse
1633 4136 1850 4218 ipsiuS,

1965 3150 2173 3214 forma
2224 3151 2373 3214 huic
2424 3159 2820 3215 sacramento
2872 3154 3281 3227 convenienS,
3331 3155 3461 3217 Hoc

1965 3257 2063 3313 est
2109 3267 2341 3332 corpus
2399 3268 2634 3314 meum.
2686 3251 2902 3333 ltaque
2957 3251 3022 3314 in
3082 3252 3202 3315 hoc
3260 3271 3462 3315 sacra-

1968 3355 2185 3410 mento
2213 3366 2339 3410 non
2368 3348 2611 3428 geritur
2639 3348 2882 3431 aliquid
2904 3368 2943 3411 a
2970 3349 3263 3413 ministro
3292 3352 3461 3433 quod

1966 3445 2050 3508 sit
2077 3446 2156 3507 de
2188 3446 2464 3509 essentia
2493 3446 2653 3527 ejus.
2671 3446 3216 3521 Quemadmodum
3246 3456 3463 3512 autem

1967 3542 2030 3604 in
2072 3543 2377 3625 operibus
2416 3543 2569 3606 artis
2607 3551 2671 3607 et
2704 3552 2945 3607 naturae
2982 3544 3332 3627 requiritur
3370 3548 3463 3609 in-

1966 3649 2062 3704 ter
2092 3642 2331 3705 faciens
2361 3650 2425 3705 et
2454 3642 2693 3705 factum
2724 3642 3080 3707 similitudo
3108 3646 3461 3709 secundum

1965 3740 2237 3803 formam
2274 3739 2625 3802 naturalem
2658 3748 2769 3801 aut
2796 3741 3237 3823 artificialem3
3275 3744 3361 3806 ita
3396 3744 3463 3807 in

1965 3838 2175 3902 causis
2220 3838 2787 3901 sacramentalibus
2830 3840 3178 3921 requiritur
3213 3842 3463 3905 assimi-

1965 3938 2116 4000 latio
2156 3936 2257 4000 vel
2302 3936 2776 4019 repraesentatio
2814 3956 2929 4020 per
2968 3939 3227 4002 modum
3271 3940 3463 4021 signi-

1962 4035 2304 4098 ficationis,
2346 4034 2507 4097 Hinc
2550 4034 2746 4097 verba
2788 4036 2854 4098 in
2903 4035 3021 4099 hoc
3066 4046 3462 4102 sacramento

1963 4153 2089 4197 non
2150 4134 2383 4196 debent
2429 4130 2795 4213 significare
2852 4134 3052 4216 ipsam
3115 4135 3456 4200 factionem

351 4240 420 4300 in
465 4243 776 4319 quantum
821 4233 1126 4316 pertingit
1163 4232 1240 4296 ad
1281 4233 1400 4296 hoc
1437 4232 1515 4294 ad
1549 4232 1719 4315 quod
1760 4232 1852 4293 in·
1884 4234 1933 4296 D
1963 4232 2065 4295 vel
2108 4229 2879 4294 transsubstantiationem
2926 4240 2993 4295 ut
3038 4232 3103 4295 in
3143 4231 3313 4308 fieri,
3345 4236 3455 4298 sed

350 4336 652 4399 stitutum
697 4341 816 4407 est,
858 4340 930 4395 ut
972 4332 1218 4395 scilicet
1258 4351 1294 4394 a
1338 4331 1643 4395 fidelibus
1691 4330 1852 4393 acci-

351 4436 570 4518 piatur
601 4450 616 4495 :
652 4432 894 4495 idcirco
923 4430 1243 4494 interdum
1274 4430 1576 4493 dicuntur
1607 4448 1745 4492 esse
1774 4429 1854 4491 de

349 4533 562 4596 forma
605 4528 985 4593 sacramenti
1030 4528 1236 4601 istius,
1279 4546 1406 4591 non
1456 4528 1662 4590 solum
1712 4547 1854 4609 quae

349 4630 680 4713 pertinent
736 4628 816 4690 ad
876 4627 1442 4699 consecrationem,
1492 4626 1602 4689 sed
1659 4627 1854 4689 etiam

347 4728 462 4790 illa
509 4746 654 4808 quae
701 4724 1060 4807 respiciunt
1107 4743 1295 4787 usum
1347 4723 1568 4805 ipsius.
1623 4723 1854 4806 Sicque

349 4826 728 4890 Ambrosius
779 4824 959 4899 dicit,
1011 4825 1180 4906 quod
1230 4823 1514 4887 Christus
1567 4824 1854 4887 visibiles

347 4934 671 4990 creaturas
731 4924 1046 4987 convertit
1103 4923 1169 4985 in
1227 4940 1458 5005 corpus
1521 4942 1708 4985 suum
1762 4924 1853 4986 di·

347 5043 508 5088 cens
551 5042 567 5087 :
609 5022 896 5104 Accipite
942 5029 1007 5084 et
1047 5021 1384 5096 comedite,
1425 5028 1542 5083 etc.

429 5122 702 5202 Insuper
749 5120 818 5182 in
865 5120 1073 5183 forma
1121 5118 1613 5182 consecrationis
1671 5120 1854 5202 panis

347 5217 808 5281 difficultatem
867 5216 1022 5279 facit
1078 5224 1142 5279 et
1199 5216 1638 5298 quaestionem,
1699 5218 1854 5299 quid

349 5332 708 5401 pronomen
759 5315 950 5390 istud,
996 5315 1138 5389 boc,
1184 5314 1591 5377 demonstret.
1638 5314 1855 5397 Itaque

1965 4338 2035 4391 ut
2083 4330 2149 4391 in
2197 4329 2436 4391 factum
2487 4347 2626 4391 esse
2677 4346 2691 4390 :
2746 4329 2890 4393 ideo
2938 4330 3057 4393 ista
3112 4349 3239 4395 non
3288 4340 3457 4397 esset

1965 4428 2169 4490 forma
2216 4426 2409 4507 hujus
2456 4428 2835 4490 sacramenti
2879 4429 3287 4505 convenienS,
3328 4432 3457 4495 Hoc

1964 4526 2042 4588 fit
2071 4544 2302 4607 corpus
2343 4544 2581 4598 meum,
2615 4526 2767 4607 quia
2806 4546 2921 4608 per
2952 4528 3073 4591 hoc
3104 4548 3229 4593 non
3264 4531 3458 4612 signi-

1963 4625 2196 4688 ficatur
2223 4623 2465 4705 aliquid
2496 4642 2637 4687 esse
2667 4625 2767 4687 vel
2804 4644 2931 4689 non
2962 4646 3132 4708 esse3
3164 4630 3462 4693 similiter

1964 4742 2081 4785 nec
2114 4723 2270 4795 haec,
2303 4723 2431 4785 Hoc
2464 4730 2747 4784 mutetur
2776 4723 2875 4785 vel
2909 4725 3463 4790 transsubstantie-

1965 4830 2069 4883 tur
2113 4821 2179 4883 in
2225 4837 2456 4902 corpus
2503 4839 2739 4893 meum,
2780 4821 3082 4903 quoniam
3126 4823 3247 4886 hoc
3291 4826 3461 4906 quod

1963 4928 2061 4984 est
2089 4919 2531 5003 principaliter
2564 4919 2629 4981 in
2667 4920 2789 4981 hoc
2828 4930 3223 4985 sacramento
3258 4923 3461 4986 inten-

1964 5027 2125 5094 tum,
2172 5037 2301 5081 non
2353 5017 2754 5099 significatur
2794 5036 2933 5080 esse
2976 5019 3075 5082 vel
3124 5038 3251 5083 non
3296 5041 3454 5087 esse.

2045 5118 2371 5189 Praeterea,
2394 5116 2575 5197 juxta
2608 5134 2779 5177 nunc
2810 5122 2991 5191 tacta,
3010 5117 3206 5181 verba
3238 5118 3459 5185 formae

1965 5215 2343 5279 sacramenti
2379 5214 2563 5276 istius
2601 5213 2965 5294 significare
2996 5215 3231 5279 debent
3260 5225 3458 5281 trans-

1965 5312 2556 5376 substantiationem
2590 5318 2661 5373 ut
2689 5311 2753 5372 in
2785 5311 3023 5375 factum
3052 5332 3191 5378 esse
3220 5336 3233 5381 :
3268 5316 3455 5399 cujus
