4267 6250
1280 504 1457 553 mm
1496 505 1559 552 lv
1602 502 2085 551 smmum.
2126 520 2208 533 -·-·
2249 503 2403 550 msT.
2443 504 2552 550 xlx

3339 481 3462 549 519

354 678 531 753 dare,
564 677 824 761 quando
852 674 1290 759 postulaverit,
1312 676 1862 739 excommunicato
1890 675 1939 739 A
1968 676 2063 737 dit
2104 682 2282 739 extra
2327 674 2676 739 dioecesim.
2721 674 2798 737 Et
2843 682 2916 737 ut
2961 672 3189 756 probat
3224 674 3465 737 Duran-

356 778 501 860 ipsi.
568 776 773 840 Causa
833 781 1049 838 autem
1112 773 1707 837 excommunicandi
1766 781 1863 837 est

357 894 553 959 quam
586 894 739 938 vere
780 873 1159 957 promeruit,
1190 880 1301 935 aut
1328 873 1680 935 secundum
1711 872 1863 934 alle-

356 981 498 1055 gata
546 991 562 1035 z
612 991 756 1055 quae
804 971 865 1035 ei
908 971 1095 1033 datur
1142 970 1207 1033 in
1256 970 1533 1053 scriptiS,
1584 970 1637 1032 si
1699 968 1863 1031 infra

358 1071 780 1154 quadraginta
828 1069 1247 1152 postulaverit
1293 1069 1449 1131 dies.
1482 1104 1555 1113 —
1596 1069 1863 1131 Peccant

362 1188 619 1253 quoque
680 1168 1034 1231 mortaliter
1088 1167 1200 1250 qui
1254 1166 1437 1248 juxta
1492 1173 1861 1249 praetactum

360 1268 635 1331 abusum
667 1265 1223 1330 excommunicare
1253 1272 1658 1348 praesumunt‚
1672 1272 1737 1327 et
1764 1283 1865 1327 au-

364 1366 515 1428 dent
544 1363 1277 1429 excommunicationem
1314 1372 1445 1425 tam
1474 1363 1747 1427 faciliter
1771 1363 1866 1443 ja-

366 1464 566 1526 culari
586 1480 601 1525 :
622 1463 755 1525 imo
785 1469 850 1525 et
878 1462 1045 1525 ultra
1070 1462 1195 1526 hoc
1224 1462 1292 1525 in
1321 1480 1486 1525 nova
1512 1461 1868 1526 constituti-

364 1580 485 1625 one
513 1562 774 1625 additur
802 1579 1014 1644 poena,
1046 1566 1117 1623 ut
1144 1580 1260 1643 per
1288 1560 1702 1642 quadraginta
1728 1560 1866 1623 dies

362 1661 443 1723 ab
473 1660 765 1724 ecclesiae
804 1660 1094 1741 ingressu
1131 1658 1447 1721 abstineat
1486 1658 1597 1740 qui
1636 1658 1723 1722 ita
1760 1678 1865 1722 ex-

362 1758 821 1832 communicat,
848 1765 914 1820 et
940 1758 1530 1821 excommunicatus
1558 1776 1595 1819 a
1624 1757 1866 1839 superi-

1968 774 2111 848 duS,
2162 774 2214 837 si
2265 773 2602 855 loquamur
2646 773 2934 837 absolute
2979 771 3060 835 de
3107 790 3463 835 sacramen-

1968 880 2034 935 to
2090 871 2502 945 Poenitentiae,
2563 870 3149 934 circumscribendo
3205 888 3463 933 omnem

1969 969 2432 1032 ordinationem
2483 968 2802 1043 Ecclesiae,
2853 968 3127 1051 quilibet
3170 967 3464 1030 sacerdos

1971 1075 2186 1150 posset
2223 1066 2575 1149 quemlibet
2617 1074 3014 1150 peccatorem
3057 1068 3136 1129 de
3178 1064 3466 1149 quolibet

1972 1173 2234 1248 peccato
2263 1164 2609 1229 absolvere.
2645 1166 2840 1247 Cujus
2871 1167 3124 1247 signum
3153 1172 3266 1240 est,
3293 1164 3464 1246 quod

1974 1264 2037 1326 in
2086 1264 2356 1327 articulo
2400 1265 2625 1328 mortis
2668 1265 2789 1327 hoc
2828 1264 2923 1327 fit.
2959 1264 3037 1326 Et
3074 1264 3242 1346 quod
3285 1262 3466 1325 suffi-

1974 1370 2147 1426 ceret
2173 1370 2328 1426 tunc
2356 1362 2714 1427 voluntaria
2741 1362 3078 1445 subjectio,
3097 1361 3324 1444 probat
3352 1380 3468 1444 per

1973 1462 2115 1535 hoc,
2133 1461 2304 1543 quod
2333 1461 2498 1543 Papa
2524 1460 2606 1524 ab
2637 1460 2939 1523 inferiore
2967 1459 3340 1536 absolvitur,
3358 1459 3464 1522 cui

1972 1580 2041 1624 se
2082 1559 2346 1641 subjicit
2384 1567 2628 1641 sponte.

2040 1657 2518 1740 Argentinensis
2549 1658 2737 1720 etiam
2764 1663 3162 1740 protestatur,
3176 1656 3340 1739 quod
3367 1656 3464 1719 vis

1975 1757 2252 1819 clavium
2284 1763 2595 1838 quantum
2628 1755 2707 1818 ad
2737 1754 2947 1818 forum
2983 1754 3372 1837 poenitentiae
3403 1762 3467 1817 et

362 1875 471 1921 ore
501 1858 645 1921 sine
676 1856 1062 1920 difficultate
1090 1856 1474 1921 absolvatur.
1498 1855 1572 1918 Et
1604 1856 1867 1938 insuper
1900 1854 1947 1916 B
1976 1854 2418 1929 confessionis,
2451 1872 2578 1917 non
2617 1861 2823 1936 potest
2853 1854 3275 1917 essentialiter
3301 1852 3463 1928 tolli,

364 1958 501 2040 ipse
542 1954 1109 2019 excommunicans
1155 1956 1233 2018 ad
1283 1972 1505 2018 omnes
1552 1974 1865 2037 expensas

362 2075 523 2138 quas
572 2054 729 2117 fecit
766 2054 1360 2117 excommunicatus
1396 2053 1461 2115 in
1504 2071 1693 2115 causa
1733 2072 1863 2116 suae

362 2152 809 2225 absolutionis,
854 2158 1045 2233 atque
1089 2151 1171 2214 ad
1218 2150 1523 2213 interesse
1570 2150 1865 2213 condem-

364 2260 575 2315 netur.
620 2286 703 2295 —
731 2248 1011 2312 Feminis
1052 2256 1287 2323 autem,
1320 2248 1566 2311 scilicet
1596 2248 1867 2312 abbatis-

366 2350 476 2423 sis,
508 2356 573 2411 et
615 2347 959 2430 priorissiS,
992 2353 1139 2419 etc.,
1178 2345 1355 2408 nulla
1388 2345 1666 2409 clavium
1710 2366 1863 2429 prae-

367 2447 644 2510 latarum
674 2444 1063 2508 conceditur.
1091 2480 1173 2489 —
1199 2444 1342 2507 Haec
1370 2443 1687 2507 AlbertuS.
1715 2444 1864 2517 Quae

368 2546 615 2609 utinam
658 2549 1097 2606 servarentur!

446 2642 800 2707 Concordat
842 2640 1197 2713 Durandus‚
1227 2639 1467 2722 aliique
1509 2641 1862 2703 communi-

370 2750 483 2815 ter,
547 2740 903 2803 secundum
962 2756 1123 2821 quos
1182 2756 1300 2801 nec
1356 2738 1566 2801 claves
1623 2739 1863 2801 ordinis

370 2859 486 2903 nec
542 2844 825 2922 potestas
866 2836 1335 2918 jurisdictionis
1394 2838 1655 2900 sortitur
1706 2837 1863 2900 effe-

369 2946 545 3001 ctum
588 2936 717 2999 nisi
760 2936 827 2997 in
872 2934 1151 3008 subdito,
1193 2951 1321 2998 non
1366 2934 1432 2996 in
1480 2933 1573 2996 eis
1622 2935 1733 3017 qui
1775 2935 1862 2997 al-

1975 1972 2176 2037 quum
2225 1954 2310 2015 sit
2355 1953 2523 2015 idem
2574 1953 2742 2034 quod
2800 1951 3204 2015 sacerdotalis
3252 1952 3468 2014 chara-

1974 2059 2129 2126 cter,
2145 2050 2248 2113 vel
2278 2049 2784 2132 inseparabiliter
2814 2049 2873 2112 ei
2905 2049 3103 2123 unita,
3121 2050 3232 2112 sed
3261 2056 3470 2132 potest

1974 2170 2011 2213 a
2050 2149 2379 2232 superiore
2420 2148 2599 2229 ligari
2641 2156 2703 2211 et
2736 2147 3030 2230 impediri
3071 2146 3151 2211 ab
3190 2168 3330 2210 usu.
3363 2150 3470 2211 Po·

1974 2255 2167 2311 testas
2217 2265 2369 2311 vero
2422 2246 2889 2329 jurisdictionis
2944 2253 3152 2329 potest
3207 2246 3470 2310 omnino

1974 2347 2232 2410 auferri.
2267 2383 2348 2392 —
2386 2346 2462 2408 Et
2509 2346 2563 2409 si
2611 2344 2954 2427 objiciatur
3001 2346 3079 2408 de
3125 2346 3310 2427 Papa,
3356 2345 3469 2427 qui

1974 2444 2371 2527 superiorem
2421 2462 2548 2507 non
2594 2443 2785 2506 habet
2832 2443 2896 2506 in
2939 2451 3127 2517 terra,
3167 2461 3318 2525 ergo
3363 2460 3470 2526 po-

1974 2551 2167 2607 testas
2203 2542 2669 2624 jurisdictionis
2703 2559 2830 2605 non
2867 2548 3077 2624 potest
3102 2542 3161 2604 ei
3193 2540 3465 2618 auferri;

1977 2641 2338 2723 respondet,
2368 2639 2541 2723 quod
2585 2640 2828 2703 ratione
2869 2639 3111 2715 delicti,
3154 2639 3208 2701 si
3251 2638 3470 2703 effice-

1975 2748 2151 2803 retur
2179 2739 2538 2811 haereticus,
2561 2737 2900 2820 collegium
2931 2737 3350 2800 cardinalium
3380 2756 3471 2801 es·

1976 2845 2073 2901 set
2129 2838 2425 2921 superius
2485 2855 2582 2911 e0,
2644 2844 2710 2899 et
2765 2843 2979 2919 posset
3037 2855 3186 2899 eum
3247 2835 3470 2900 officio

1976 2934 2426 3017 beneficioque
2465 2934 2734 3017 privare.
2767 2968 2848 2978 —
2875 2932 3018 2996 Haec
3055 2932 3470 3013 Argentinen-

369 3036 567 3100 terius
630 3043 783 3097 sunt
840 3033 1135 3097 dioecesis
1198 3040 1308 3095 aut
1366 3032 1581 3107 alieni,
1646 3032 1767 3095 nisi
1827 3038 1939 3102 aC
1977 3036 2084 3097 siS.
2147 3034 2238 3095 Ex
2297 3051 2425 3116 quo
2481 3031 2904 3106 concluditur,
2955 3032 3122 3113 quod
3177 3030 3471 3112 generale

372 3135 701 3218 superiore
744 3135 865 3197 hoc
903 3133 1303 3196 concedatur.
1338 3131 1513 3195 Unde
1546 3139 1616 3193 ut
1645 3132 1866 3194 Scotus
1979 3133 2326 3196 concilium
2385 3132 2596 3214 potius
2654 3137 2871 3214 posset
2915 3131 3054 3193 hoc.
3106 3131 3342 3193 Verum
3392 3130 3470 3194 de

375 3241 659 3308 testatur,
720 3231 1292 3296 excommunicatio
1347 3248 1475 3294 non
1534 3249 1601 3293 se
1658 3237 1871 3293 exten·
1978 3231 2079 3294 his
2122 3230 2189 3293 in
2232 3229 2649 3313 sequentibus
2691 3229 2815 3292 erit
2855 3234 3176 3291 tractatus.

1292 3619 2205 3733 DISTINCTIO
2292 3620 2564 3730 XIX

1097 3931 1180 3996 A.
1228 3935 1524 4002 Quando
1572 3936 1683 3997 hoe
1726 3935 1971 3997 claves
2015 3933 2296 3996 dantur
2340 3933 2412 3995 et
2456 3933 2734 4008 quibus.

638 4267 939 4349 superest
974 4253 1390 4346 investigare,
1422 4264 1681 4345 quando
1720 4265 1863 4327 istae
1900 4262 2117 4327 claves
2154 4263 2390 4326 dentur
2425 4263 2490 4325 et
2524 4262 2787 4344 quibus.
2821 4264 3078 4328 Dantur
3114 4263 3217 4328 hae
3255 4265 3471 4329 claves
3497 4235 3762 4348 3:02⁸}ssss

637 4400 758 4465 per
792 4382 1234 4445 ministerium
1272 4380 1561 4463 episcopi
1600 4380 1797 4443 alicui
1828 4380 1892 4441 in
1924 4380 2338 4461 promotione
2367 4379 2709 4442 sacerdotii
2750 4399 2764 4440 ε
2797 4397 3004 4460 quum
3033 4381 3210 4445 enim
3241 4380 3473 4462 recipit
3503 4362 3567 4403 ¹⁴·

377 4503 673 4567 ordinem
712 4497 1205 4577 sacerdotalem,
1239 4495 1441 4560 simul
1468 4497 1533 4559 et
1562 4496 1681 4558 has
1719 4493 1933 4558 claves
1967 4494 2222 4574 recipit.
2255 4494 2384 4558 Sed
2421 4511 2552 4557 non
2579 4494 2860 4572 videtur,
2896 4496 3073 4577 quod
3111 4513 3341 4560 omnes
3370 4496 3472 4559 vel

375 4620 498 4684 soli
538 4615 911 4682 sacerdotes
956 4613 1077 4676 has
1115 4613 1331 4676 claves
1367 4611 1647 4675 habeant
1680 4631 1694 4671 :
1729 4611 1885 4691 quia
1919 4609 2218 4691 plerique
2258 4612 2407 4674 ante
2446 4627 2698 4674 sacram
2739 4611 3216 4676 ordinationem
3263 4613 3475 4676 scien-

374 4737 539 4799 tiam
586 4729 1000 4794 discernendi
1044 4728 1309 4806 habent,
1352 4727 1575 4810 plures
1624 4728 1776 4808 post
1822 4727 2380 4790 consecrationem
2426 4743 2503 4788 ea
2549 4726 2788 4788 carent.
2835 4725 3006 4790 Sane
3053 4727 3183 4789 dici
3230 4729 3469 4809 potest,

377 4851 555 4933 quod
612 4848 884 4911 alteram
942 4843 1227 4907 clavium
1272 4843 1572 4920 istarum,
1625 4843 1693 4905 id
1742 4843 1842 4905 est
1887 4841 2230 4905 scientiam
2287 4840 2720 4919 discernendi,
2770 4856 2902 4902 non
2957 4840 3198 4904 habent
3247 4859 3478 4905 omnes

377 4965 749 5030 sacerdotes
790 4981 805 5022 ε
846 4961 1022 5024 unde
1057 4958 1413 5022 dolendum
1453 4960 1552 5023 est
1588 4961 1783 5039 atque
1819 4958 2203 5040 lugendum.
2235 4956 2426 5019 Multi
2464 4957 2666 5036 enim,
2708 4955 2860 5018 licet
2894 4956 3252 5036 indiscreti,
3281 4959 3478 5040 atque

379 5079 672 5145 scientiae
711 5091 843 5158 qua
885 5075 1173 5138 eminere
1216 5073 1454 5136 debent
1489 5075 1805 5154 exsorteS,
1838 5073 2186 5137 sacerdotii
2227 5071 2502 5152 gradum
2542 5071 2826 5151 recipere
2871 5073 3304 5151 praesumunt,
3341 5074 3479 5136 vita

382 5199 445 5262 et
480 5193 759 5260 scientia
796 5208 874 5255 eo
911 5189 1165 5270 indigni
1200 5209 1214 5250 :
1248 5190 1363 5271 qui
1400 5206 1521 5253 nec
1556 5191 1707 5252 ante
1744 5189 2208 5267 sacerdotium,
2237 5204 2356 5249 nec
2393 5188 2567 5267 post,
2599 5186 2940 5250 scientiam
2971 5186 3214 5250 habent
3236 5187 3480 5251 discer-

384 5309 581 5373 nendi
630 5308 747 5389 qui
794 5306 1043 5388 ligandi
1096 5306 1231 5370 sint
1273 5305 1377 5370 vel
1429 5305 1749 5371 solvendi.
1802 5307 2089 5388 Ideoque
2134 5305 2318 5367 illam
2375 5304 2626 5369 clavem
2678 5304 2744 5366 in
2801 5305 3288 5368 consecratione
3345 5321 3478 5384 non

378 4149 1023 4451 POSTQUAM
1068 4149 1403 4212 ostensum
1450 4149 1570 4228 est,
1613 4165 1761 4230 quae
1806 4147 1940 4210 sint
1984 4145 2204 4210 claves
2251 4146 2648 4228 apostolicae,
2693 4147 2758 4210 et
2801 4147 2952 4229 quis
2996 4165 3223 4211 earum
3267 4166 3467 4230 usus;
3503 4171 3767 4228 augasm-
