4267 6250
803 493 924 560 314

1475 512 1540 559 m
1577 511 1800 559 tumult
1841 511 1904 558 lv
1943 510 2427 559 smmum.
2468 527 2550 542 -·-
2588 511 2743 558 mar.
2784 511 2915 575 1113
2956 510 3183 568 QUAEST.
3224 513 3247 558 1

804 685 1047 769 quippe
1087 685 1175 748 ibi
1216 703 1446 768 corpus
1493 683 1912 749 inanimatum
1957 684 2022 747 in
2067 703 2299 766 corpus
2330 685 2381 747 A
2408 684 2647 747 virtute
2676 683 2909 757 divina,
2924 684 3034 747 sed
3064 682 3259 748 etiam
3289 682 3684 746 naturali.De
3710 702 3925 766 quan-

801 785 1176 858 animatum,
1220 802 1346 847 non
1389 784 1737 866 gloriosum
1789 785 1853 846 in
1897 802 2129 866 corpus
2172 783 2301 865 glo-

802 883 1067 957 riosum,
1119 882 1404 946 naturale
1464 883 1529 944 in
1587 883 1902 957 divinum,
1952 890 2019 945 et
2064 899 2299 964 corpus

803 982 1012 1064 ipsum
1063 981 1397 1045 illocaliter
1437 989 1535 1044 est
1577 980 1854 1060 ibidem3
1895 981 1988 1044 sic
2031 988 2097 1044 et
2135 980 2299 1043 acci-

801 1081 1016 1144 dentia
1065 1082 1326 1144 modum
1375 1081 1730 1143 sortiuntur
1777 1078 2166 1142 substantiae.
2220 1115 2301 1124 —

801 1181 880 1243 Et
917 1179 1111 1260 hujus
1151 1179 1242 1242 rei
1284 1187 1556 1261 quatuor
1596 1179 1870 1241 rationes
1907 1197 1943 1240 a
1981 1177 2300 1259 magistris

801 1278 1157 1340 traduntur.
1209 1277 1439 1350 Prima,
1494 1285 1563 1338 ut
1618 1294 1746 1339 non
1806 1275 2151 1339 exsistente
2209 1275 2299 1338 ibi

800 1375 1152 1439 substantia
1198 1395 1340 1458 quae
1387 1375 1719 1459 proprium
1767 1374 1887 1438 fuit
1934 1375 2299 1456 subjectum

799 1474 1159 1557 specierum
1205 1474 1482 1548 illarum,
1523 1474 1603 1537 ad
1645 1474 2044 1555 spiritualem
2087 1492 2299 1536 escam

801 1593 982 1637 mens
1031 1573 1313 1656 rapiatur
1356 1573 1656 1648 bumana,
1702 1592 1778 1635 ex
1828 1571 2300 1655 significatione

797 1672 1228 1735 accidentium
1257 1671 1325 1734 in
1357 1671 1548 1734 rebus
1577 1670 2015 1754 corporalibus
2053 1670 2131 1734 ad
2171 1671 2299 1753 spi-

799 1770 1054 1833 ritualia
1094 1769 1490 1833 transvolans
1531 1789 1606 1832 ac
1648 1788 1723 1832 ea
1765 1769 2148 1852 intelligens.
2192 1769 2298 1832 Se-

2410 782 2589 845 titate
2622 790 2837 846 autem
2868 801 2995 845 non
3026 782 3302 857 videtur,
3324 783 3494 865 quod
3529 782 3737 846 valeat
3764 801 3925 846 esse

2410 881 2550 944 sine
2590 880 2881 962 subjecto
2920 882 3273 944 secundum
3312 889 3629 955 naturam,
3662 881 3773 944 sed
3812 899 3925 944 so-

2412 979 2546 1042 lum
2576 987 2887 1063 potestate
2916 981 3150 1042 divina.
3176 979 3476 1054 Quamvis
3506 980 3681 1043 enim
3712 999 3925 1062 quan-

2410 1078 2555 1141 titas
2596 1079 2683 1141 sit
2718 1087 2866 1142 ante
2904 1097 3137 1161 corpus
3182 1078 3491 1152 naturale,
3527 1096 3655 1141 non
3696 1085 3923 1142 tamen

2411 1185 2510 1240 est
2534 1185 2680 1241 ante
2709 1177 3137 1260 compositum
3170 1195 3249 1240 ex
3290 1177 3580 1259 partibus
3620 1176 3923 1239 substan-

2410 1275 2536 1350 tiae,
2570 1295 2711 1358 quae
2750 1282 2899 1338 sunt
2937 1275 3199 1338 materia
3226 1283 3291 1338 et
3318 1274 3542 1338 forma.
3576 1275 3793 1357 ltaque
3832 1293 3923 1338 ex

2411 1376 2511 1438 his
2557 1375 2809 1438 videtur
2850 1374 2983 1437 sola
3032 1374 3351 1457 quantitas
3401 1375 3468 1437 in
3516 1382 3925 1438 sacramento

2411 1494 2550 1538 esse
2596 1474 2736 1537 sine
2782 1473 3091 1554 subject0.
3125 1508 3210 1519 —
3244 1473 3389 1537 Haec
3436 1472 3755 1548 Albertus,
3796 1473 3923 1555 qui

2409 1573 2596 1656 plura
2642 1572 2869 1635 scribit
2908 1573 2987 1634 de
3029 1571 3151 1646 his,
3196 1591 3339 1654 quae
3382 1589 3555 1634 nunc
3603 1590 3682 1634 ex
3721 1571 3923 1634 dictis

2410 1671 2665 1735 Thomae
2707 1671 2941 1734 clarius
2985 1671 3405 1734 innotescent.

2490 1771 2707 1851 ltaque
2737 1769 3047 1833 Thomas:
3072 1769 3641 1844 Quemadmodum,
3674 1768 3915 1852 inquit,

800 1870 1010 1933 cunda
1049 1869 1207 1932 ratio
1245 1876 1362 1942 θεῖ,
1397 1876 1468 1932 ut
1492 1877 1698 1932 totum
1738 1869 1908 1951 quod
1941 1868 2136 1932 estin
2176 1868 2298 1931 isto
2334 1869 2381 1932 B
2411 1869 2621 1953 prima
2661 1869 3095 1952 propositione
3136 1868 3285 1931 libri
3324 1870 3403 1931 de
3432 1868 3653 1932 Causis
3688 1869 3923 1932 asseri-

799 1975 1217 2040 sacramento,
1250 1975 1628 2049 agnoscatur
1656 1965 1810 2031 fidei
1841 1987 1982 2031 esse
2011 1974 2075 2030 et
2104 1984 2300 2049 supra

803 2075 1113 2129 naturam.
1150 2066 1310 2128 Hinc
1351 2066 1532 2147 Hugo
1570 2064 1871 2128 disseruit
1910 2085 1926 2129 :
1970 2065 2197 2128 Divina
2236 2073 2302 2128 et

802 2166 1082 2229 increata
1111 2165 1433 2247 Sapientia
1462 2183 1718 2227 carnem
1750 2163 1978 2227 Christi
2012 2163 2133 2226 sub
2164 2182 2299 2227 cor-

803 2264 1040 2347 poralis
1088 2263 1286 2326 edulii
1338 2263 1554 2345 specie
1601 2261 1874 2324 velatam
1923 2282 1996 2325 ac
2044 2281 2299 2325 sumen-

801 2364 946 2426 dam
981 2361 1299 2445 proponit,
1316 2369 1385 2424 ut
1405 2379 1630 2424 sensus
1660 2360 1953 2424 foveatur
1980 2361 2046 2422 in
2079 2379 2223 2435 uno,
2238 2369 2301 2423 et

801 2462 965 2525 fides
1005 2462 1070 2524 in
1108 2461 1325 2524 altero.
1361 2460 1570 2524 Tertia
1608 2460 1768 2522 ratio
1797 2467 1895 2522 θεῖ
1920 2458 2301 2522 assuefactio

801 2560 1138 2624 hominum
1191 2560 1269 2622 ad
1319 2559 1708 2622 credendum
1767 2559 2297 2641 supernaturalia,

801 2679 1002 2744 quum
1045 2659 1302 2721 videant
1338 2657 1542 2722 oculis
1587 2657 1720 2720 suis
1763 2656 2117 2720 accidentia
2158 2676 2301 2739 quae

801 2757 1050 2821 nullum
1096 2756 1461 2838 subjectum
1505 2755 1820 2818 afficiunt.
1865 2756 2095 2830 Quarta
2143 2756 2302 2819 ratio

802 2865 900 2921 est
947 2855 1262 2920 ordinatio
1319 2854 1702 2936 completiva
1760 2872 1982 2917 eorum
2043 2873 2184 2936 quae
2234 2854 2299 2916 in

802 2956 922 3018 hoc
970 2960 1367 3017 sacramento
1425 2952 1784 3015 consistunt
1833 2971 1848 3015 :
1900 2951 2050 3034 quia
2098 2971 2299 3034 quum

2410 1975 2537 2042 tur,
2590 1967 2797 2050 prima
2854 1986 3046 2030 causa
3093 1975 3191 2030 est
3237 1966 3735 2030 vehementioris
3792 1968 3921 2030 im-

2410 2066 2759 2149 pressionis
2816 2083 3011 2147 super
3058 2070 3387 2127 causatum
3436 2083 3643 2128 causae
3690 2083 3927 2128 secun-

2410 2165 2527 2239 dae,
2545 2183 2738 2246 quam
2772 2164 2909 2246 ipsa
2939 2183 3129 2227 causa
3158 2163 3456 2226 secunda.
3476 2163 3739 2238 idcirce,
3755 2164 3921 2226 dum

2410 2282 2599 2326 causa
2638 2262 2917 2325 secunda
2957 2269 3241 2325 removet
3278 2281 3459 2324 suam
3503 2261 3919 2326 influentiam

2408 2382 2447 2424 a
2477 2369 2753 2435 causam,
2786 2361 2994 2424 adbuc
3030 2367 3238 2443 potest
3269 2379 3597 2424 remanere
3634 2360 3923 2424 influen-

2409 2461 2498 2523 tia
2528 2479 2732 2524 causae
2768 2459 2993 2542 primae
3029 2460 3093 2521 in
3128 2467 3386 2523 causato
3420 2477 3434 2521 :
3469 2459 3639 2523 sicut
3668 2468 3926 2524 remoto

2411 2558 2724 2634 rationali,
2758 2565 3043 2621 remanet
3072 2558 3317 2632 vivum,
3350 2576 3479 2640 quo
3519 2566 3781 2632 remoto,
3818 2578 3927 2622 re-

2414 2665 2627 2721 manet
2656 2675 2812 2720 esse.
2849 2656 3186 2738 Quumque
3222 2655 3651 2719 accidentium
3684 2663 3749 2718 et
3774 2673 3921 2719 om·

2412 2757 2592 2819 nium
2632 2755 3073 2819 exsistentium
3118 2772 3310 2817 causa
3351 2754 3559 2836 prima
3599 2754 3683 2817 sit
3720 2755 3921 2829 DeuS,

2412 2873 2602 2916 causa
2652 2839 2866 2916 autem
2926 2853 3205 2915 secunda
3253 2853 3338 2915 sit
3393 2852 3749 2916 substantia
3796 2871 3921 2916 seu

2412 2953 2798 3034 subjectum,
2850 2971 2928 3015 ex
2982 2953 3169 3033 cujus
3226 2951 3563 3034 principiis
3620 2951 3921 3014 acciden-

802 3052 1020 3116 omnia
1063 3050 1366 3113 inferiora
1406 3050 1600 3131 hujus
1643 3050 2023 3111 sacramenti
2065 3057 2300 3112 statum
2336 3053 2380 3116 C
2412 3051 2500 3114 tia
2540 3051 2854 3125 oriuntur,
2900 3057 3108 3133 potest
3151 3050 3319 3112 Deus
3360 3049 3717 3112 accidentia
3762 3067 3919 3112 con·

802 3152 1124 3235 accipiant
1159 3150 1472 3223 altiorem,
1505 3166 1903 3231 consequens
1946 3147 2068 3211 fuit
2102 3156 2173 3211 ut
2200 3169 2301 3212 ac-

805 3249 1144 3314 cidentalia
1191 3266 1447 3331 quoque
1503 3248 1684 3329 signa
1743 3248 2005 3309 modum
2051 3247 2300 3312 obtine-

803 3356 947 3412 rent
989 3347 1431 3411 sublimiorem
1481 3347 1547 3409 in
1596 3346 1716 3409 hoc
1759 3346 1928 3429 quod
1973 3354 2304 3409 remanent

805 3448 945 3512 sine
985 3445 1278 3527 subjecto
1315 3445 1381 3507 in
1421 3444 1800 3527 obsequium
1840 3444 2240 3507 sacramenti.

885 3548 978 3611 Ad
1023 3546 1275 3627 objecta
1323 3562 1474 3625 ergo
1521 3544 1888 3618 dicendum,
1930 3544 2100 3626 quod
2144 3542 2304 3605 acci-

804 3646 1019 3710 dentia
1076 3644 1184 3707 illa
1237 3642 1521 3726 duplicia
1574 3650 1742 3705 sunt.
1792 3642 1950 3706 Nam
2009 3642 2300 3725 quaedam

805 3753 955 3809 sunt
998 3742 1333 3826 qualitates
1382 3741 1741 3816 sensibileS,
1785 3760 1926 3824 quae
1971 3749 2121 3804 sunt
2162 3760 2303 3804 sen-

805 3862 994 3907 suum
1041 3841 1448 3925 propriorum
1495 3840 1765 3921 objecta.
1809 3840 2102 3914 Quaedam
2154 3858 2305 3903 vero

806 3950 957 4005 sunt
987 3940 1241 4022 objecta
1278 3939 1637 4002 communis
1677 3957 1922 4013 sensuS,
1959 3946 2029 4001 ut
2059 3938 2307 4021 quanti-

806 4048 902 4104 tas
935 4032 1014 4104 'et
1059 4040 1284 4121 figura.
1337 4038 1481 4101 Haec
1529 4046 1742 4100 autem
1799 4055 1927 4100 non
1975 4038 2305 4119 aequaliter

808 4139 1046 4202 habent
1089 4156 1158 4200 se
1199 4137 1276 4199 ad
1322 4136 1684 4217 subjectum
1723 4154 1738 4197 ε
1779 4136 1907 4198 imo
1948 4137 2302 4199 secundum

2412 3167 2664 3214 servare
2720 3148 2784 3210 in
2839 3168 3001 3224 esse,
3052 3157 3297 3212 remoto
3352 3148 3606 3211 influxu
3653 3156 3717 3211 et
3764 3166 3923 3211 con-

2411 3248 2769 3312 servatione
2823 3264 3029 3309 causae
3080 3246 3395 3311 secundae.
3444 3282 3529 3293 -—
3575 3247 3921 3329 Quumque

2412 3346 2738 3427 objicitur,
2790 3344 2961 3428 quod
3018 3344 3366 3407 accidentis
3414 3364 3554 3408 esse
3600 3352 3697 3407 est
3745 3344 3922 3407 ines-

2413 3462 2512 3525 se;
2543 3445 2910 3519 dicendum,
2943 3443 3115 3525 quod
3158 3442 3368 3505 inesse
3409 3461 3535 3506 non
3578 3442 3733 3505 dicit
3770 3462 3921 3507 esse

2411 3542 2761 3607 accidentis
2790 3541 3099 3617 absolute,
3133 3542 3242 3604 sed
3277 3541 3491 3623 potius
3526 3542 3785 3605 modum
3814 3561 3919 3605 es-

2414 3643 2593 3705 sendi
2626 3641 2737 3724 qui
2768 3640 3076 3722 competit
3105 3639 3163 3703 ei
3193 3659 3273 3703 ex
3300 3640 3523 3703 ordine
3552 3639 3630 3702 ad
3660 3658 3919 3703 causam

2414 3741 2769 3824 proximam
2804 3740 2901 3801 sui
2932 3758 3073 3802 esse
3108 3756 3122 3800 :
3157 3757 3349 3821 quem
3380 3738 3669 3802 ordinem
3706 3746 3921 3821 potest

2413 3840 2709 3903 accidens
2747 3838 3039 3901 amittere
3069 3838 3209 3900 sine
3240 3838 3339 3899 sui
3371 3836 3799 3919 corruptione,
3829 3838 3925 3899 di-

2414 3940 2564 4002 vina
2609 3938 2861 4002 virtute.
2914 3972 2995 3981 —
3044 3936 3121 3998 Et
3168 3936 3221 3999 si
3283 3955 3503 3999 rursus
3548 3935 3917 4017 objiciatur,

2414 4037 2583 4121 quod
2628 4055 2728 4098 res
2775 4054 2890 4117 per
2932 4053 2999 4097 se
3044 4033 3355 4098 exsistens
3398 4042 3496 4098 est
3537 4033 3919 4110 substantia,

2414 4136 2633 4217 sicque
2674 4133 2969 4197 accidens
3008 4132 3096 4195 ita
3134 4152 3249 4215 per
3286 4150 3356 4195 εθ
3392 4132 3725 4207 exsistenS,
3764 4133 3917 4197 sub-

808 4237 1099 4301 ordinem
1146 4243 1409 4310 naturae,
1450 4232 1769 4315 quantitas
1818 4234 2169 4315 proximior
2208 4241 2306 4298 est
2335 4238 2383 4300 D
2414 4234 2645 4297 stantia
2692 4240 2889 4312 esset3
2941 4232 3307 4307 dicendum,
3352 4231 3507 4315 quia
3545 4233 3647 4312 (ut
3694 4231 3925 4314 probat

807 4335 1097 4416 subjecto
1127 4352 1319 4416 quam
1350 4332 1636 4415 qualitas.
1653 4332 1730 4393 Et
1755 4332 1919 4394 inter
1948 4331 2300 4415 qualitateS,

809 4434 934 4497 illae
977 4451 1119 4515 quae
1160 4429 1412 4511 objecta
1454 4438 1605 4493 sunt
1645 4438 1870 4504 tactus,
1907 4450 2112 4495 causae
2157 4440 2307 4520 sunt

809 4532 1102 4604 aliarum,
1127 4537 1191 4594 et
1220 4528 1588 4591 immediate
1617 4528 2124 4610 complexionem
2156 4550 2308 4612 qua-

812 4631 1063 4693 litatum
1092 4636 1298 4692 tactus
1328 4634 1706 4709 sequuntur,
1729 4633 1800 4689 ut
1828 4627 2165 4709 qualitates
2195 4647 2306 4710 gu-

811 4737 968 4802 stuS,
1011 4728 1314 4811 quoniam
1361 4734 1584 4808 gustus
1634 4734 1733 4788 est
1773 4727 2031 4808 quidam
2078 4734 2301 4789 tactuS.

811 4830 1146 4910 Quumque
1191 4826 1434 4908 saporis
1477 4826 1656 4907 signa
1697 4825 1826 4888 sint
1865 4826 2111 4900 odoreS,
2154 4827 2309 4889 odor

813 4926 1163 5011 proximior
1190 4931 1289 4987 est
1317 4923 1608 5004 subjecto
1645 4943 1839 5005 quam
1879 4924 2069 4987 color.
2103 4925 2309 5007 Atque

813 5045 928 5109 per
961 5026 1132 5091 bunc
1164 5023 1426 5086 modum
1458 5022 1712 5085 videtur
1739 5022 2110 5096 dicendum,
2140 5023 2308 5105 quod

813 5126 1147 5188 continens
1196 5121 1474 5185 colorem
1521 5127 1618 5184 est
1664 5122 2006 5204 quantitas,
2058 5129 2122 5184 et
2170 5140 2313 5185 cau-

814 5244 960 5287 sans
1005 5224 1218 5305 ipsum
1259 5228 1357 5283 est
1397 5220 1754 5302 complexio
1800 5220 2178 5302 qualitatum
2221 5228 2312 5283 ta-

818 5329 958 5386 ctus
1001 5338 1015 5385 ε
1063 5320 1283 5403 sicque
1331 5326 1743 5382 conservatur
1787 5318 1882 5381 ibi
1928 5336 2056 5383 non
2103 5320 2310 5382 solum

2417 4334 2482 4396 in
2532 4352 2647 4395 sua
2686 4330 3113 4415 Metaphysica
3152 4330 3503 4411 Avicenna)
3538 4349 3653 4413 per
3700 4349 3768 4393 se
3808 4350 3921 4395 ex—

2416 4432 2640 4495 sistere
2682 4449 2809 4494 non
2860 4436 2957 4493 est
2997 4427 3293 4493 definitio
3332 4430 3725 4505 substantiae,
3766 4431 3921 4513 quia

2416 4550 2533 4614 per
2560 4530 2680 4593 boc
2710 4547 2837 4592 non
2868 4529 3237 4610 designatur
3264 4528 3584 4611 quidditas
3613 4528 3778 4609 ejus,
3804 4531 3919 4593 sed

2418 4648 2579 4702 esse,
2625 4628 2795 4710 quod
2838 4626 3058 4689 differt
3093 4646 3131 4689 a
3174 4646 3289 4689 sua
3330 4627 3703 4710 quidditate.
3752 4628 3922 4691 Defi-

2419 4728 2580 4789 nitio
2608 4734 2817 4788 autem
2852 4726 2953 4788 vel
2983 4725 3166 4808 quasi
3198 4724 3491 4789 definitio
3520 4725 3916 4802 substantiae,

2418 4833 2515 4888 est
2546 4844 2645 4888 res
2676 4823 2919 4886 habens
2956 4823 3379 4906 quidditatem
3418 4824 3525 4887 cui
3561 4824 3923 4906 acquiritur

2418 4923 2521 4986 vel
2557 4922 2827 4986 debetur
2854 4940 2994 4985 esse
3023 4939 3149 4984 non
3185 4922 3250 4983 in
3281 4922 3427 4985 alio.
3462 4921 3918 4998 Consimiliter,

2419 5041 2559 5085 esse
2602 5021 2667 5083 in
2710 5020 2857 5095 alio,
2896 5038 3024 5083 non
3072 5027 3171 5082 est
3210 5019 3507 5083 definitio
3545 5020 3919 5097 accidentis,
3952 5100 3969 5109 -

2421 5122 2531 5184 sed
2575 5139 2675 5183 res
2716 5120 2820 5182 cui
2864 5118 3133 5182 debetur
3174 5138 3285 5182 seu
3330 5120 3628 5183 convenit
3667 5138 3809 5183 esse
3854 5120 3921 5184 in

2422 5220 2579 5299 ali03
2629 5226 2693 5282 et
2740 5218 2861 5281 hoc
2918 5236 3037 5280 nec
3086 5224 3416 5300 separatur
3472 5236 3591 5281 nec
3638 5220 3923 5301 separari

2422 5324 2631 5402 potest
2672 5316 2752 5380 ab
2792 5316 3140 5379 accidente.
