4267 6250
619 4478 701 4520 trt.
723 4477 764 4519 6.

849 441 930 508 70
1513 462 1580 509 m
1619 462 1842 508 nummu
1882 461 1945 508 ιν
1985 459 2470 507 suumn-runnu.
2509 476 2590 487 —
2630 459 2783 505 msr.
2826 458 2889 522 ¹3
2931 458 3156 515 Quas-r.
3204 458 3290 504 vu

849 652 1127 717 poenam,
1167 653 1368 716 quum
1419 631 1803 695 inordinatio
1851 631 2058 713 culpae
2104 646 2345 692 recom-
2378 627 2425 690 A
2460 627 2726 691 cuilibet
2768 627 3305 711 concupiscentiae
3352 645 3425 690 ac
3470 623 3821 709 promereri
3864 622 3959 685 vi-

849 741 1153 815 pensetur
1209 741 1273 796 et
1317 733 1650 796 ordinetur
1706 749 1821 813 per
1878 729 2344 793 ordinationem

848 849 1070 913 poenae.
1125 832 1271 894 Ideo
1319 831 1372 892 si
1423 829 1762 911 imputatio
1809 828 1888 890 ad
1939 845 2194 909 poenam
2241 845 2347 888 au-

847 927 1070 1003 fertur,
1105 936 1356 1011 oportet
1383 928 1553 1010 quod
1586 926 1969 990 inordinatio
1999 925 2205 1007 culpae
2235 925 2349 986 tol-

849 1027 1014 1089 lat-ur
1066 1045 1081 1089 ε
1135 1027 1305 1109 quod
1353 1025 1499 1088 fieri
1549 1026 1688 1088 sine
1735 1024 1944 1106 gratia,
1980 1023 2222 1105 nequit.
2266 1058 2347 1068 —

845 1125 968 1188 Alii
1021 1143 1170 1207 ergo
1217 1126 1536 1198 dixerunt,
1591 1123 1761 1205 quod
1816 1121 2221 1185 circumcisio
2268 1139 2345 1183 ex

846 1240 962 1283 sua
1009 1221 1244 1284 virtute
1293 1221 1558 1284 abstulit
1606 1220 1883 1302 culpam,
1927 1226 1990 1280 et
2027 1218 2231 1300 gratia
2280 1217 2343 1278 in

847 1319 1335 1382 circumcisione
1367 1317 1835 1392 conferebatur,
1868 1334 1992 1380 non
2027 1335 2104 1378 ex
2135 1316 2197 1378 vi
2230 1315 2346 1377 cir-

848 1417 1393 1492 cumcisionis,sed
1418 1435 1496 1479 ex
1528 1415 1906 1479 liberalitate
1936 1415 2154 1478 divina
2182 1413 2349 1477 abla-

845 1522 912 1578 to
949 1515 1166 1597 gratiae
1209 1514 1684 1596 impedimento.
1729 1514 1850 1577 Sed
1897 1531 2015 1575 nec
2061 1512 2180 1575 hoc
2217 1512 2345 1574 dici

847 1620 1074 1696 potest.
1107 1613 1264 1676 Nam
1305 1612 1597 1694 quamvis
1637 1631 1714 1673 ex
1759 1618 1936 1694 parte
1977 1609 2345 1692 recipientis

847 1711 1026 1794 prius
1067 1711 1148 1774 sit
1177 1711 1469 1793 expulsio
1501 1709 1800 1774 contrarii
1832 1728 2024 1791 quam
2066 1708 2346 1771 introdu-

2456 735 2585 789 tam
2614 734 2934 790 aeternam.
2968 727 3114 790 Ideo
3146 727 3377 789 melius
3407 724 3752 787 dicendum
3784 721 3959 784 vide-

2456 833 2582 900 tur,
2614 826 2785 906 quod
2830 825 3238 889 circumcisio
3280 825 3447 887 sicut
3488 832 3551 886 et
3586 822 3710 885 alia
3750 840 3959 884 sacra-

2459 930 2673 986 menta
2719 923 2951 986 veteris
3012 923 3191 1004 legis,
3242 923 3449 986 solum
3506 929 3640 984 erat
3697 919 3955 1002 signum

2457 1021 2611 1084 fidei
2641 1021 3077 1102 justificantis.
3115 1021 3289 1085 Unde
3318 1020 3656 1103 Apostolus
3690 1018 3849 1080 dicit
3876 1018 3958 1080 ad

2457 1120 2791 1194 RomanOS,
2834 1122 3003 1203 quod
3049 1120 3365 1184 Abraham
3410 1119 3656 1201 accepit
3697 1117 3957 1198 signum
3988 1134 4173 1178 nome

2458 1217 2987 1293 circumcisioniS,
3029 1218 3429 1299 signaculum
3468 1215 3731 1298 justitiae
3772 1215 3954 1277 fidei.

2456 1317 2602 1378 Ideo
2646 1316 3053 1379 circumcisio
3098 1335 3222 1379 non
3266 1315 3491 1378 habuit
3534 1315 3599 1377 in
3644 1333 3713 1376 se
3751 1315 3958 1374 virtu-

2455 1421 2585 1477 tem
2636 1413 3003 1477 conferendi
3056 1415 3347 1496 gratiam,
3392 1432 3601 1495 neque
3649 1413 3957 1474 virtutem

2454 1511 2789 1576 auferendi
2846 1521 3217 1595 peccatum3
3268 1513 3379 1576 sed
3428 1513 3548 1574 hoc
3594 1509 3794 1573 fiebat
3843 1529 3963 1591 per

2458 1610 2655 1673 fidem
2692 1610 3006 1693 passionis
3037 1610 3291 1684 Christi,
3328 1629 3519 1693 quam
3550 1606 3962 1672 circumcisio

2458 1710 2831 1790 designavit.
2882 1710 3028 1773 Ideo
3088 1709 3152 1771 in
3213 1708 3700 1772 circumcisione
3757 1706 3962 1788 gratia

848 1810 974 1873 ctio
1013 1809 1255 1884 formae,
1291 1818 1503 1872 tamen
1543 1829 1621 1872 cx
1665 1816 1842 1891 parte
1879 1807 2122 1889 agentis
2167 1807 2343 1889 prius
2382 1808 2427 1870 B
2458 1807 3004 1883 conferebatur,in
3036 1815 3345 1890 quantum
3376 1815 3509 1870 erat
3538 1807 3792 1888 signum
3824 1823 3965 1886 pas-

846 1915 942 1971 est
990 1907 1378 1971 introductio
1425 1906 1668 1982 formai,
1709 1906 2012 1988 quoniam
2062 1923 2189 1967 non
2240 1923 2345 1966 ex-

845 2005 1032 2088 pellit
1061 2006 1447 2068 contrarium
1479 2005 1604 2067 nisi
1636 2005 1909 2067 formam
1942 2003 2345 2066 introducen-

847 2101 928 2163 do
963 2121 976 2164 :
1011 2101 1155 2163 ideo
1198 2100 1322 2162 nisi
1369 2099 1778 2162 circumcisio
1819 2098 2085 2179 gratiam
2131 2097 2346 2179 aliquo

849 2200 1037 2263 modo
1086 2198 1424 2275 conferret,
1467 2218 1871 2281 nequaquam
1921 2197 2171 2261 tolleret
2220 2197 2349 2259 cul-

846 2317 1014 2382 pam.
1038 2335 1119 2344 —
1145 2298 1306 2361 Hinc
1334 2298 1443 2360 alii
1474 2298 1717 2372 dicunt,
1740 2298 1908 2379 quod
1942 2296 2347 2359 circumcisio

848 2396 1119 2460 contulit
1143 2397 1412 2479 gratiam
1444 2404 1746 2478 quantum
1778 2396 1855 2458 ad
1888 2395 2233 2477 privativos
2265 2393 2350 2456 ef-

846 2494 1076 2569 fectuS,
1097 2496 1206 2578 qui
1238 2503 1390 2557 sunt
1417 2493 1668 2557 auferre
1699 2493 1976 2576 culpam,
2001 2511 2128 2556 non
2160 2512 2349 2574 quan-

845 2601 984 2657 tum
1024 2594 1100 2656 ad
1143 2592 1413 2656 effectus
1455 2593 1780 2675 positivos.
1816 2592 1990 2666 Quod
2032 2591 2192 2654 nihil
2226 2599 2343 2664 est,

846 2693 998 2774 quia
1027 2691 1300 2755 effectus
1337 2691 1649 2773 positivus
1679 2691 1946 2752 ultimus
1980 2689 2217 2772 gratiae,
2250 2698 2348 2752 est

844 2790 1110 2870 dignum
1159 2788 1368 2852 facere
1417 2788 1547 2851 vita
1593 2796 1825 2852 aeterna
1869 2806 1882 2850 ε
1928 2788 2096 2870 quod
2150 2787 2348 2849 fiebat

845 2906 962 2970 per
991 2886 1755 2960 circumcisionem,sicut
1783 2895 1846 2948 et
1877 2886 2066 2949 modo
2096 2905 2211 2967 per
2239 2886 2348 2948 Ba-

2457 1906 2655 1969 sionis
2696 1906 2925 1969 Christi
2971 1905 3219 1970 futurae.
3254 1906 3396 1970 Haec
3440 1907 3507 1967 in
3548 1906 3828 1968 Summa.

2535 2004 2777 2077 Quibus
2822 2005 3163 2067 concordat
3200 2005 3368 2087 quod
3408 2003 3633 2066 scribit
3672 2003 3736 2064 in
3776 2002 3961 2065 Sum-

4176 1137 4247 1182 ,th

2456 2123 2562 2166 ma
2609 2111 2829 2166 contra
2871 2105 3163 2185 gentileS,
3206 2103 3371 2166 libro
3417 2111 3663 2185 quarto,
3706 2101 3817 2164 ubi
3871 2101 3960 2164 lo·
4018 2123 4212 2175 camsi.

2456 2220 2654 2282 quens
2685 2201 2761 2264 de
2780 2202 3183 2264 distinctione
3211 2208 3747 2264 sacramentorum
3778 2217 3959 2262 novae

2455 2317 2529 2361 ac
2583 2299 2816 2362 veteris
2876 2301 3057 2382 legiS,
3107 2307 3374 2363 testatur
3430 2318 3445 2363 :
3500 2299 3795 2362 Visibilia
3852 2318 3957 2360 sa-

2458 2405 2781 2459 cramenta
2828 2417 2905 2460 ex
2964 2398 3258 2480 passione
3305 2397 3540 2462 Christi
3591 2396 3955 2460 efficaciam

2457 2494 2691 2558 habere
2757 2504 3026 2578 oportet,
3092 2506 3155 2558 et
3216 2496 3419 2578 ipsam
3484 2495 3961 2577 quodammodo

2459 2602 2930 2675 repraesentare.
2990 2595 3151 2657 Hinc
3206 2613 3465 2658 necesse
3520 2600 3618 2657 est
3674 2613 3749 2656 ea
3803 2593 3961 2654 talia

2457 2711 2619 2766 esse,
2654 2700 2726 2754 ut
2768 2701 3119 2775 congruant
3161 2693 3350 2756 saluti
3396 2692 3577 2756 factae
3623 2711 3736 2774 per
3778 2692 3958 2755 Chri-

2458 2797 2629 2852 stum
2664 2809 2677 2852 :
2714 2811 2855 2873 quae
2898 2791 3069 2854 salus
3110 2799 3257 2854 ante
3298 2791 3530 2854 Christi
3577 2790 3959 2853 incarnatio-

2460 2907 2605 2951 nem
2655 2887 2777 2950 fuit
2819 2889 3153 2972 promissa,
3186 2890 3469 2952 nondum
3514 2888 3815 2952 exhibita.
3852 2888 3963 2950 Sa-

845 2986 1176 3068 ptismum.
1211 3021 1292 3031 -—
1319 2985 1440 3048 Alii
1485 3003 1634 3066 ergo
1668 2985 2063 3066 probabilius
2099 2984 2341 3057 dicunt,
2377 2989 2422 3052 C
2460 2996 2783 3050 eramenta
2823 3005 2971 3070 ergo
3011 3008 3153 3070 quae
3183 2987 3411 3051 Christi
3450 2986 3956 3050 incarnationem

846 3083 1017 3165 quod
1066 3082 1361 3165 praestitit
1399 3083 1665 3165 gratiam
1711 3089 2022 3165 quantum
2065 3082 2145 3145 ad
2190 3081 2345 3145 effe-

847 3189 988 3245 ctus
1031 3181 1376 3264 privativos
1423 3182 1630 3264 culpae
1675 3189 1740 3244 et
1777 3188 2011 3255 reatuS,
2044 3187 2108 3244 et
2152 3200 2347 3263 quan·

845 3287 984 3342 tum
1048 3280 1126 3342 ad
1184 3280 1492 3361 quosdam
1558 3279 1864 3362 positivos
1923 3278 2215 3353 effectus,
2279 3287 2347 3340 ut

845 3378 1126 3441 animam
1169 3377 1462 3440 ordinare
1511 3384 1577 3441 et
1625 3377 1756 3440 vita
1812 3385 2045 3440 aeterna
2087 3378 2342 3458 dignam

847 3475 1111 3539 efficere
1129 3494 1148 3554 ;
1179 3493 1306 3539 non
1338 3482 1550 3538 tamen
1581 3476 1789 3559 quoad
1819 3494 2042 3539 omnes
2073 3474 2346 3539 effectus

846 3592 1006 3657 quos
1036 3574 1238 3655 gratia
1264 3573 1455 3637 habet
1485 3574 1904 3656 baptismalis,
1936 3574 2241 3657 quoniam
2274 3574 2344 3635 il-

846 3672 908 3735 la
935 3671 1182 3734 sufficit
1209 3672 1286 3734 ad
1321 3672 1908 3754 concupiscentiam
1939 3672 2220 3735 totaliter
2249 3692 2344 3735 re-

845 3770 1268 3854 primendam,
1293 3779 1484 3853 atque
1512 3771 1592 3832 ad
1631 3771 1953 3833 meritorie
1983 3771 2300 3852 agendum
2326 3789 2339 3833 :

841 3869 918 3932 ad
951 3870 1120 3951 quod
1158 3870 1358 3951 gratia
1397 3869 1462 3931 in
1507 3870 1998 3933 circumcisione
2036 3870 2178 3932 data
2218 3869 2345 3931 suf-

839 3967 1038 4031 ficere
1068 3986 1188 4030 non
1213 3966 1478 4030 valebat.
1497 3968 1571 4029 Et
1597 3968 1800 4048 quoad
1833 3968 1947 4029 hoc
1974 3968 2345 4030 verificatur

840 4066 1050 4147 glossa
1079 4066 1356 4128 inducta.
1385 4101 1466 4110 —
1493 4066 1638 4129 Haec
1670 4066 1941 4127 Thomas
1973 4066 2039 4127 in
2070 4066 2338 4148 Script0.

2457 3074 2521 3148 et
2552 3092 2822 3149 mortem
2860 3093 3342 3169 praecesserunt,
3376 3086 3654 3169 oportuit
3684 3085 3833 3149 talia
3863 3103 3960 3148 es-

2457 3204 2525 3247 se
2576 3193 2645 3246 ut
2690 3184 3130 3267 significarent
3176 3192 3241 3248 et
3292 3186 3808 3268 repromitterent
3864 3203 3963 3247 sa-

2458 3282 2675 3345 lutem.
2720 3283 3123 3347 Sacramenta
3162 3302 3314 3347 vero
3356 3304 3497 3366 quae
3541 3283 3771 3346 Christi
3821 3303 3962 3366 pas-

2455 3380 2701 3443 sionem
2752 3388 3129 3463 sequuntur,
3175 3381 3323 3444 talia
3374 3400 3513 3445 esse
3554 3400 3815 3445 necesse
3857 3392 3959 3445 est

2456 3488 2526 3541 ut
2575 3480 2945 3543 hominibus
2994 3480 3263 3543 salutem
3312 3480 3677 3555 exhibeant,
3717 3487 3782 3543 et
3824 3500 3955 3545 non

2455 3576 2660 3640 solum
2704 3577 3126 3658 significando
3164 3578 3617 3641 demonstrent.
3652 3578 3796 3641 Haec
3834 3578 3951 3641 ibi.

2536 3674 2777 3749 Quibus
2818 3694 2933 3758 pro
2974 3676 3250 3738 maxima
3289 3685 3464 3758 parte
3504 3684 3809 3740 consonat
3845 3677 3959 3740 Pe-

2456 3780 2609 3835 truS.
2646 3774 2939 3837 Attamen
2983 3774 3072 3836 ait
3114 3792 3128 3835 :
3174 3776 3307 3837 Una
3348 3774 3471 3837 fuit
3510 3774 3749 3858 opini0,
3783 3777 3957 3857 quod

2452 3871 2860 3935 circumcisio
2900 3872 3154 3954 culpam
3194 3872 3478 3946 tollebat,
3512 3882 3577 3935 et
3607 3873 3779 3956 quod
3813 3892 3956 3954 gra-

2452 3969 2544 4030 tia
2602 3966 3047 4031 conferebatur
3104 3969 3168 4031 in
3229 3989 3303 4031 ea
3358 3970 3492 4033 solo
3550 3970 3956 4052 beneplacito

2455 4066 2590 4139 Dei,
2622 4083 2747 4128 non
2789 4086 2903 4148 per
2930 4066 3062 4129 vim
3104 4068 3633 4132 circumcisionis.
3669 4069 3784 4133 Cui
3820 4071 3957 4151 opi-

923 4166 1374 4227 Verumtamen
1422 4164 1487 4225 in
1530 4164 1718 4225 tertia
1761 4172 1958 4245 parte,
1993 4165 2343 4245 quaestione
2373 4167 2422 4228 D
2454 4164 2631 4226 nioni
2691 4164 3017 4245 objicitur,
3069 4165 3221 4246 quia
3278 4184 3405 4228 non
3465 4165 3709 4229 tollitur
3760 4168 3957 4249 culpa

845 4262 1237 4343 sexagesima
1289 4261 1586 4334 secunda,
1639 4262 1895 4324 videtur
1944 4262 2024 4325 de
2073 4262 2175 4325 his
2236 4284 2343 4345 pa-

847 4380 1110 4443 rumper
1145 4360 1331 4422 aliter
1367 4360 1622 4422 sentire.
1659 4359 1987 4441 Siquidem
2026 4362 2343 4443 opinioni-

847 4458 968 4522 bus
1011 4458 1112 4521 his
1157 4457 1459 4532 recitatis,
1498 4457 1830 4539 subjungit
1872 4478 1885 4523 :
1929 4458 2053 4521 Alii
2097 4460 2338 4535 dicunt,

847 4558 1018 4640 quod
1066 4555 1474 4619 circumcisio
1520 4556 1790 4618 contulit
1834 4557 2097 4637 gratiam
2148 4558 2341 4621 etiam

846 4664 1156 4739 quantum
1198 4654 1276 4717 ad
1313 4655 1594 4737 aliquem
1625 4654 1932 4717 effectum
1968 4656 2338 4737 positivum,

845 4754 954 4838 qui
1000 4762 1098 4817 est
1137 4751 1348 4815 facere
1398 4752 1660 4833 dignum
1711 4752 1838 4815 vita
1886 4761 2161 4833 aeterna3
2214 4772 2339 4817 non

845 4859 1156 4935 quantum
1196 4850 1273 4913 ad
1316 4849 1797 4932 reprimendum
1841 4851 2343 4932 concupiscenti—

843 4970 948 5014 am
997 4949 1434 5031 impellentem
1477 4948 1554 5010 ad
1599 4949 2016 5031 peccandum.
2059 4950 2236 5022 Quod
2278 4959 2342 5013 et

845 5048 1004 5111 mihi
1043 5046 1386 5130 aliquando
1415 5046 1626 5109 visum
1661 5054 1792 5125 est3
1826 5047 1934 5109 sed
1970 5046 2339 5129 diligentius

844 5143 1270 5208 consideranti
1308 5150 1572 5224 apparet
1601 5144 1720 5206 hoc
1756 5160 1884 5205 non
1919 5162 2058 5206 esse
2089 5162 2336 5220 verum,

841 5242 1148 5326 quoniam
1201 5241 1465 5303 minima
1521 5241 1720 5323 gratia
1777 5248 1983 5324 potest
2044 5242 2337 5305 resistere

2455 4261 2578 4324 nisi
2612 4281 2726 4343 per
2753 4264 3019 4343 gratiam
3050 4281 3064 4324 ε
3094 4281 3244 4345 ergo
3273 4264 3443 4345 quod
3474 4264 3639 4327 tollit
3668 4266 3951 4347 culpam,

2454 4368 2701 4442 oportet
2731 4362 2899 4443 quod
2932 4361 3215 4423 conferat
3242 4362 3787 4443 gratiam.ldcirco
3820 4384 3959 4446 pro-

2453 4457 2733 4520 babilius
2776 4458 3031 4531 dicitur,
3066 4459 3233 4540 quod
3278 4459 3531 4540 culpam
3576 4460 3857 4537 tollebat,
3890 4471 3959 4525 et

2452 4556 2718 4637 gratiam
2751 4556 3138 4631 conferebat,
3172 4557 3237 4618 in
3269 4566 3577 4639 quantum
3609 4566 3705 4621 est
3733 4560 3955 4623 deleti-

2454 4673 2533 4717 va
2567 4655 2833 4735 peccati,
2867 4654 3075 4736 primo
3116 4662 3178 4717 et
3212 4674 3327 4737 per
3365 4673 3469 4736 se;
3504 4674 3617 4738 per
3652 4658 3951 4721 accidens

2454 4771 2606 4815 vero
2643 4752 2859 4827 etiam,
2896 4753 2960 4815 in
3000 4764 3307 4835 quantum
3350 4757 3673 4837 operativa
3708 4766 3806 4819 est
3837 4757 3950 4821 bo-

2454 4850 2539 4913 ni.
2590 4886 2673 4896 —
2724 4851 2865 4913 Haec
2925 4852 3159 4913 PetruS.
3213 4851 3361 4924 Quae
3419 4854 3607 4916 etiam
3668 4874 3745 4917 ex
3802 4856 3951 4919 aliis

2451 4948 2665 5011 verbis
2695 4949 2949 5013 Thomae
2988 4958 3365 5031 sequuntur,
3399 4954 3691 5034 quamvis
3731 4953 3795 5016 in
3830 4961 3955 5017 ter-

2450 5046 2540 5110 tia
2579 5056 2758 5129 parte
2800 5048 3088 5110 videatur
3131 5049 3365 5113 sentire
3406 5050 3793 5133 oppositum.

2529 5145 2767 5208 Asserit
2796 5164 3050 5228 quoque
3079 5146 3297 5209 Petrus
3331 5166 3344 5210 :
3381 5147 3795 5212 circumcisio
3824 5152 3959 5232 pri-

2452 5261 2556 5307 mo
2595 5252 2660 5307 et
2698 5245 3135 5328 principaliter
3166 5244 3427 5307 tollebat
3456 5246 3763 5328 originale
3803 5268 3958 5331 pec-
