4267 6250
849 497 972 562 356

1511 516 1576 563 m
1614 515 1837 564 mantnt
1877 517 1940 564 ιν
1980 497 2464 563 snum-'riarium
2508 502 2587 544 ..·.
2625 499 2779 561 nisr.
2820 514 2968 578 x1v3
3010 513 3235 570 Qusssr.
3278 515 3298 559 1

819 685 1046 750 ‘fessio
1095 685 1390 762 exterior,
1441 688 1509 750 in
1556 671 1864 771 quantum
1922 693 2020 751 est
2065 677 2341 771 puniens
2364 669 2425 750 ‘A
2451 684 2787 769 Dionysius
2820 685 2983 749 libro
3013 685 3091 754 de
3120 681 3564 748 Ecclesiastica
3590 677 3955 744 hierarchia

849 803 968 868 per
1014 784 1525 849 erubescentiam
1581 793 1648 849 et
1702 785 2226 860 satisfactionem,
2280 791 2345 846 et

772 911 782 921 ·
847 878 1216 957 satisfactiO,
1270 883 1336 945 in
1384 891 1696 966 quantum
1755 891 1851 946 est
1897 883 2173 966 puniens
2230 900 2346 965 per

847 981 1084 1044 realem
1114 980 1536 1046 afflictionem
1576 982 1954 1056 forinsecuS,
1987 988 2140 1044 sunt
2171 981 2341 1044 idem

847 1071 1338 1164 sacramentum,
1373 1079 1438 1142 id
1478 1088 1575 1142 est
1601 1099 1854 1142 sacrum
1893 1079 2149 1160 signum
2189 1079 2345 1141 inte-

825 1176 1032 1240 ‘rioris
1077 1177 1476 1241 contritionis
1525 1186 1588 1240 et
1631 1178 2026 1241 remissionis
2075 1177 2341 1260 peccati,

827 1275 998 1357 quia
1027 1277 1376 1339 secundum
1408 1276 1576 1339 idem
1609 1275 1973 1357 significant
2003 1275 2346 1358 illastquia

845 1373 957 1454 qui
997 1375 1184 1455 punit
1217 1392 1305 1448 se,
1340 1375 1807 1457 quodammodo
1847 1374 2118 1437 conterit
2154 1382 2344 1456 atque

843 1470 1157 1533 annihilat
1196 1490 1282 1534 se.
1317 1472 1462 1536 Haec
1503 1471 2060 1535 Antisiodorensis.

925 1569 1229 1632 Praeterea
1284 1570 1555 1633 Thomas
1617 1589 1632 1634 ε
1693 1571 2198 1644 Sacramentum,
2251 1570 2345 1632 in-

842 1667 1004 1749 quit,
1037 1667 1338 1750 importat
1375 1658 1774 1731 sanctitatem
1817 1668 2023 1731 active
2063 1686 2179 1751 per
2216 1685 2347 1730 mo-

831 1765 994 1828 ‘dum
1045 1765 1417 1828 hominibus
1463 1773 1938 1848 congruentem,
1984 1775 2055 1829 ut
2098 1766 2347 1829 scilicet

2451 783 2530 846 de
2560 784 2680 847 hoc
2710 790 3108 847 sacramento
3135 801 3262 846 non
3293 788 3536 845 tractat.
3571 779 3950 852 Dicendum,
4008 802 4122 858 cpi.
4142 801 4217 854 xv,

2452 883 2623 963 quod
2671 883 2941 946 intentio
2982 882 3125 964 ejus
3173 881 3241 944 in
3289 880 3454 952 libro
3496 878 3607 942 illo
3654 896 3783 942 non
3828 875 3957 939 fuit
3980 867 4163 920 ΝΜ·

2452 981 2699 1044 tradere
2742 988 3281 1045 sacramentorum
3328 977 3619 1042 notitiam
3654 997 3669 1041 ε
3703 977 3838 1040 imo
3878 975 3957 1037 de

2452 1078 2775 1161 aliquibus
2820 1079 2911 1142 ibi
2950 1087 3175 1142 tractat
3212 1098 3355 1161 quae
3396 1095 3524 1141 non
3564 1083 3712 1139 sunt
3749 1093 3960 1138 sacra-

2456 1185 2689 1252 menta,
2724 1186 2794 1241 ut
2830 1186 2980 1240 sunt
3027 1176 3458 1240 institutiones
3502 1193 3616 1238 seu
3660 1191 3961 1236 consum-

2433 1276 2768 1339 ·mationes
2815 1275 3179 1339 monasticae
3220 1282 3411 1358 atque
3452 1271 3809 1355 exsequiae3
3848 1271 3961 1333 sed

2430 1373 2728 1436 ‘intendit
2770 1373 2861 1436 ibi
2910 1374 3356 1448 determinare,
3400 1371 3569 1456 quod
3610 1369 3961 1433 exteriores

2456 1474 2617 1536 ritus
2661 1472 3031 1554 significant
3069 1479 3249 1536 actus
3292 1469 3676 1554 spirituales.
3720 1468 3961 1542 Quum-

2456 1589 2581 1654 que
2624 1570 2690 1632 in
2734 1570 3111 1635 Poenitentia
3152 1576 3217 1632 et
3257 1566 3653 1632 Matrimonio
3694 1583 3828 1630 non
3878 1565 3964 1628 sit

2456 1670 2615 1732 ritus
2660 1676 2870 1732 certus
2915 1668 3395 1744 determinatus,
3430 1686 3631 1750 quum
3675 1683 3805 1730 non
3849 1665 3961 1728 ha-

2454 1767 2602 1830 beat
2632 1767 2965 1829 materiam
3006 1765 3173 1828 sicut
3201 1766 3324 1828 alia
3362 1771 3779 1839 sacramenta,
3815 1763 3962 1826 ideo

827 1863 1226 1945 adjungatur
1263 1863 1648 1946 significatio
1687 1865 2210 1929 sanctificationis
2251 1865 2344 1927 in·
2381 1868 2428 1931 B
2458 1884 2585 1929 non
2628 1865 3009 1927 determinat
3046 1865 3126 1930 dc
3162 1864 3429 1927 eisdem.

731 2027 740 2034 ,
841 1961 1118 2024 visibilis
1157 1982 1274 2046 per
1301 1963 1583 2026 visibilia
1621 1964 1818 2045 signa.
1853 1964 2012 2026 Hinc
2050 1962 2343 2025 ubicum-

567 2774 589 2795 ·
621 2770 825 2816 exercita-

551 2836 694 2880 tiones

843 2078 968 2142 que
1009 2059 1088 2122 fit
1125 2060 1551 2124 sanctificatio
1589 2060 1950 2142 significata
1989 2081 2106 2144 per
2144 2061 2344 2124 sensi-

842 2157 1000 2220 bilia
1049 2158 1250 2240 signa‚
1294 2158 1384 2221 ibi
1432 2165 1530 2222 est
1577 2166 2042 2222 sacramentum
2087 2177 2102 2222 z
2144 2168 2209 2222 ct
2258 2161 2345 2222 ita

844 2264 941 2318 est
989 2256 1112 2318 hic.
1156 2256 1702 2330 Quemadmodum
1752 2265 1967 2320 autem
2016 2259 2082 2321 in
2126 2276 2345 2340 corpo—

846 2353 1088 2416 ralibus
1147 2355 1483 2418 medicinis
1533 2356 1820 2439 quaedam
1871 2356 2231 2419 consistunt
2276 2357 2343 2418 in

847 2452 983 2514 sola
1043 2452 1337 2534 passione
1397 2454 1499 2517 vel
1562 2454 1927 2537 receptione
1989 2454 2215 2529 curati,
2276 2462 2345 2516 ut

849 2550 1046 2614 sectio
1095 2550 1403 2627 vulneris,
1453 2551 1555 2615 vel
1603 2553 1920 2635 appositio
1971 2552 2301 2634 emplastri
2323 2570 2341 2633 ;

852 2649 1142 2731 quaedam
1197 2651 1264 2713 in
1322 2659 1467 2713 actu
1528 2651 1891 2727 laborantia,
1945 2660 2015 2714 ut
2067 2651 2343 2714 curatio-

853 2766 969 2810 nes
998 2747 1024 2770 *
1075 2765 1090 2810 :
1143 2748 1230 2811 ita
1281 2749 1349 2811 in
1405 2751 1818 2813 sacramentis
1867 2751 2157 2833 quaedam
2218 2768 2345 2813 non

857 2847 1192 2930 requirunt
1243 2856 1457 2911 actum
1507 2849 1648 2930 ejus
1716 2851 1826 2932 qui
1883 2848 2343 2925 sanctificatur,

851 2954 1165 3027 quantum
1212 2947 1291 3008 ad
1339 2946 1758 3010 substantiam
1806 2949 2209 3023 sacramenti,
2256 2949 2348 3011 ni—

2538 1963 2727 2026 Porro
2769 1961 2923 2024 dum
2966 1961 3295 2044 quaeritur,
3335 1980 3415 2023 an
3460 1959 3837 2043 poenitentia
3878 1957 3962 2021 sit

2457 2061 2661 2124 virtus
2698 2078 2716 2140 3
2780 2059 3147 2133 dicendum,
3212 2058 3381 2141 quod
3445 2059 3511 2120 in
3578 2056 3964 2141 poenitentia

2458 2160 2651 2223 homo
2698 2178 2767 2222 se
2814 2157 3005 2221 habet
3055 2164 3357 2239 tanquam
3408 2156 3726 2238 recipiens
3774 2163 3842 2218 et
3892 2164 3963 2217 ut

2457 2276 2668 2340 agens.
2714 2256 2963 2339 Recipit
3010 2274 3287 2338 namque
3334 2273 3371 2317 a
3416 2255 3546 2318 Deo
3586 2253 3845 2317 veniam
3898 2259 3965 2315 et

2456 2355 3078 2435 reconciliationem3
3112 2361 3177 2416 et
3210 2353 3564 2416 secundum
3605 2352 3727 2416 hoc
3768 2351 3968 2414 habet

2456 2454 2833 2538 poenitentia
2870 2453 3178 2517 rationem
3220 2453 3621 2515 sacramenti.
3656 2452 3747 2514 Ex
3780 2457 3965 2532 parte

2457 2572 2608 2617 vero
2636 2560 2830 2627 actus,
2846 2555 2995 2614 sunt
3022 2552 3101 2614 de
3131 2552 3272 2634 ipso
3300 2550 3567 2615 diversae
3596 2550 3960 2632 opiniones,

2457 2653 2611 2727 Una,
2662 2651 2833 2734 quod
2882 2650 3090 2714 solum
3144 2649 3229 2712 sit
3273 2658 3453 2712 actus
3499 2647 3777 2723 virtutiS,
3830 2665 3965 2710 non

2455 2752 2678 2815 virtus.
2720 2750 2898 2824 Quod
2940 2757 3104 2812 stare
3150 2766 3278 2812 non
3321 2748 3509 2822 valet,
3552 2747 3702 2830 quia
3754 2765 3965 2828 quum

2454 2855 2633 2911 actus
2673 2848 2929 2911 virtutis
2958 2864 3086 2911 non
3132 2847 3261 2908 sint
3298 2847 3365 2909 in
3406 2846 3785 2918 dormiente,
3817 2845 3966 2907 dor-

2456 2947 2662 3009 miens
2702 2964 2829 3010 non
2868 2953 3081 3029 posset
3110 2945 3237 3008 dici
3276 2943 3613 3028 poenitens.
3647 2942 3773 3006 Alii
3802 2960 3962 3024 ergo

851 3043 904 3104 si
956 3062 1071 3125 per
1117 3044 1434 3120 accidens,
1478 3053 1548 3106 ut
1591 3063 1926 3109 removens
1971 3046 2341 3129 prohibenS,
2381 3048 2426 3114 C
2456 3045 2774 3119 dixerunt,
2798 3044 2965 3127 quod
2996 3063 3075 3106 ex
3109 3045 3226 3107 hac
3258 3051 3435 3127 parte
3465 3041 3962 3126 poenitentia-sit

849 3150 921 3204 ut
950 3142 1014 3204 in
1045 3143 1370 3225 Baptismo
1399 3151 1462 3207 et
1492 3145 2022 3227 Confirmatione3
2055 3148 2343 3229 quaedam

847 3258 1000 3304 vero
1043 3242 1382 3325 requirunt
1417 3244 1841 3307 essentialiter
1878 3252 1942 3307 et
1980 3265 2096 3328 per
2134 3265 2203 3308 se
2243 3264 2344 3309 ac-

847 3346 985 3400 tum
1028 3339 1168 3419 ejus
1211 3340 1323 3422 qui
1368 3342 1637 3424 suscipit
1681 3350 2171 3417 sacramentum,
2214 3351 2347 3406 tan-

847 3456 1041 3518 quam
1086 3439 1165 3500 ad
1209 3440 1551 3502 essentiam
1600 3442 1978 3503 sacramenti
2025 3442 2346 3524 pertinen-

845 3542 998 3611 tem,
1041 3544 1112 3599 ut
1164 3537 1230 3599 in
1278 3538 1652 3602 Poenitentia
1699 3547 1763 3602 et
1809 3540 2225 3604 Matrimonio.
2274 3542 2344 3603 In

847 3633 976 3697 illis
1015 3635 1228 3719 itaque
1262 3638 1677 3700 sacramentis
1710 3657 1852 3720 quae
1882 3639 2020 3702 sine
2053 3648 2197 3701 actu
2240 3658 2347 3702 no-

845 3740 977 3796 stro
1007 3733 1431 3817 complentur,
1464 3742 1562 3799 est
1594 3736 1857 3799 materia
1886 3756 2027 3819 quae
2056 3738 2346 3819 designat

844 3838 909 3892 et
939 3838 1176 3907 causat,
1211 3833 1392 3916 quasi
1423 3834 1740 3897 medicina
1778 3836 2058 3898 exterius
2095 3836 2345 3919 apposi-

827 3942 927 3997 ta.
980 3934 1050 3995 In
1099 3933 1228 3996 illis
1276 3952 1428 3997 vero
1475 3934 1890 3997 sacramentis
1939 3954 2081 4016 quae
2128 3944 2342 3998 actum

842 4038 1132 4093 nostrum
1172 4031 1528 4113 requirunt,
1561 4049 1689 4095 non
1727 4039 1824 4094 est
1859 4032 2004 4094 talis
2046 4034 2310 4097 materia
2322 4051 2342 4113 ;

845 4128 957 4191 sed
998 4128 1120 4210 ipsi
1159 4135 1338 4191 actus
1379 4136 1758 4211 apparentes
1797 4129 1918 4193 hoc
1948 4137 2144 4212 agunt
2172 4133 2341 4214 quod

2454 3144 2658 3206 virtus
2698 3159 2714 3205 :
2757 3160 2882 3207 non
2928 3142 3206 3225 proprie,
3240 3142 3348 3205 sed
3386 3148 3647 3203 extense
3689 3141 3962 3223 loquen-

2454 3242 2557 3316 do,
2599 3250 2789 3324 prout
2830 3260 3018 3305 omne
3062 3240 3381 3303 laudabile
3418 3240 3623 3303 virtus
3665 3246 3959 3313 vocatur,

2458 3341 2750 3423 quamvis
2800 3342 2883 3403 sit
2931 3339 3158 3423 passio.
3212 3340 3335 3403 Sed
3392 3357 3512 3402 nec
3560 3338 3680 3402 hoc
3726 3356 3964 3401 verum

2454 3447 2573 3513 est,
2634 3439 2785 3521 quia
2844 3439 3198 3501 secundum
3258 3438 3712 3521 Philosophum
3778 3444 3965 3499 sexto

2456 3538 2849 3613 Ethicorum,
2890 3536 3247 3620 principale
3296 3536 3361 3599 in
3406 3536 3641 3599 virtute
3688 3542 3790 3599 est
3831 3536 3965 3598 ele-

2454 3637 2583 3700 ctio
2616 3655 2629 3699 :
2667 3636 2834 3699 unde
2863 3636 3072 3700 omnis
3101 3634 3355 3698 habitus
3390 3634 3500 3718 qui
3532 3634 3685 3697 facit
3715 3642 3960 3697 rectam

2454 3735 2854 3810 electionem,
2888 3735 3089 3798 virtus
3135 3734 3392 3817 proprie
3435 3732 3819 3817 appellatur.
3870 3734 3966 3796 Id-

2454 3836 2647 3911 circo,
2680 3853 2881 3917 quum
2918 3842 3097 3897 actus
3141 3832 3531 3915 poenitentiae
3571 3850 3697 3895 non
3740 3849 3965 3895 cause-

2455 3942 2559 3996 tur
2586 3940 2832 3996 tantum
2868 3952 2945 3996 ex
2984 3932 3300 4015 passione,
3334 3932 3445 3994 sed
3487 3930 3687 4013 magis
3720 3949 3801 3993 ex
3832 3930 3965 3994 ele-

2438 4032 2687 4107 ctione,
2730 4032 2921 4096 etiam
2970 4032 3023 4094 si
3074 4031 3253 4094 nulla
3298 4030 3381 4093 sit
3428 4029 3661 4113 passio,
3704 4036 3962 4093 constat

2453 4132 2623 4214 quod
2672 4131 2929 4214 proprie
2976 4130 3180 4194 virtus
3227 4129 3329 4191 sit.
3368 4164 3451 4175 —
3495 4129 3959 4192 Verumtamen

843 4226 912 4287 in
955 4226 1099 4288 aliis
1146 4226 1426 4288 materia.
1471 4226 1677 4301 Quum
1727 4236 1941 4290 autem
1991 4248 2342 4293 sacramen·
2373 4236 2424 4301 D
2454 4230 2829 4313 poenitentia
2876 4247 3003 4293 non
3054 4228 3411 4291 secundum
3462 4227 3631 4290 idem
3678 4235 3781 4291 est
3826 4228 3958 4289 vir-

842 4330 983 4386 tum
1012 4323 1249 4386 dicitur
1277 4343 1417 4387 esse
1448 4325 1774 4387 materiale
1803 4325 2219 4403 elementum,
2242 4348 2345 4391 su-

845 4422 1045 4484 mitur
1091 4422 1420 4485 materiale
1467 4423 1857 4486 elementum
1911 4425 2187 4488 multum
2236 4445 2342 4489 ex-

839 4526 1022 4582 tense
1053 4538 1167 4602 pro
1193 4520 1363 4583 omni
1397 4520 1856 4595 sensibili‚sive
1886 4522 1968 4584 sit
1997 4526 2341 4607 corporalis

841 4619 1128 4693 materia,
1160 4618 1297 4682 sive
1330 4619 1654 4683 sensibilis
1691 4629 1887 4684 actuS.
1923 4622 2049 4703 Ipsi
2086 4641 2341 4705 quoque

839 4718 1185 4781 exteriores
1231 4726 1409 4781 actus
1459 4717 1524 4780 in
1583 4719 1704 4782 hoc
1753 4728 2146 4783 sacramento
2192 4730 2343 4784 sunt

838 4816 978 4880 loco
1019 4816 1133 4892 rei,
1165 4824 1230 4880 et
1259 4817 1456 4880 verba
1490 4816 1908 4881 absolutionis
1948 4825 2098 4881 sunt
2135 4818 2342 4883 forma

837 4915 1032 4997 hujus
1080 4917 1481 4979 sacramenti.
1534 4916 1670 4980 Non
1719 4924 1932 4979 tamen
1991 4918 2341 4999 requiritur

838 5014 945 5076 hic
983 5014 1426 5078 determinatio
1464 5022 1639 5078 tanta
1680 5015 2023 5079 verborum
2068 5016 2236 5078 sicut
2273 5018 2338 5080 in

839 5112 1236 5176 Eucharistia
1266 5120 1332 5175 et
1357 5113 1702 5196 Baptismo,
1736 5114 2038 5196 quoniam
2079 5132 2209 5177 non
2241 5124 2339 5178 est

839 5211 944 5273 hic
975 5212 1240 5274 materia
1268 5211 1464 5276 verbo
1493 5212 1642 5277 vitae
1675 5211 2133 5276 sanctificanda
2170 5213 2339 5277 sicut

840 5310 907 5372 in
951 5310 1098 5372 illis.
1129 5347 1212 5357 —
1239 5310 1360 5375 Sed
1403 5311 1603 5395 quaeri
1651 5318 1879 5393 potest,
1920 5331 2036 5374 cur
2075 5308 2335 5379 divinus

2434 4336 2555 4391 ‘tus
2590 4336 2653 4391 et
2683 4334 3187 4406 sacramentum3
3228 4326 3339 4389 sed
3378 4326 3444 4389 in
3482 4333 3795 4408 quantum
3830 4344 3963 4408 poe-

2451 4427 2662 4490 nitens
2722 4445 2837 4509 per
2893 4425 3334 4508 poenitentiam
3395 4423 3625 4507 recipit
3678 4424 3957 4505 gratiam

2450 4525 2685 4587 vulnus
2733 4524 2979 4609 peccati
3029 4523 3127 4586 sui
3178 4530 3529 4598 curantem,
3572 4522 3961 4604 poenitentia

2452 4624 2591 4707 ipsa
2638 4631 2736 4687 est
2776 4630 3285 4703 sacramentum3
3327 4624 3393 4685 in
3441 4628 3755 4705 quantum
3798 4640 3963 4686 vero

2449 4724 2767 4806 poenitens
2811 4742 2927 4805 per
2966 4721 3253 4784 habitum
3296 4721 3583 4784 infusum
3622 4720 3962 4784 ordinatur

2449 4823 2527 4884 ad
2571 4829 2786 4884 actum
2831 4828 3101 4896 rectum,
3134 4820 3228 4883 sic
3274 4820 3650 4902 poenitentia
3688 4828 3787 4883 est
3826 4821 3959 4883 vir-

2448 4928 2570 4983 tus.
2603 4920 2732 4984 Nec
2764 4920 2902 5001 ipsa
2932 4918 3187 4982 realiter
3222 4918 3394 4981 idem
3422 4925 3520 4981 est
3548 4919 3716 5001 quod
3746 4920 3958 5000 gratia

2446 5018 2814 5100 gratificans
2846 5018 3103 5101 proprie
3132 5016 3323 5092 dicta,
3356 5017 3651 5098 quamvis
3680 5025 3965 5081 extenso

2447 5118 2707 5181 nomine
2742 5117 2943 5198 gratia
2982 5123 3393 5198 nuncupetur
3424 5135 3438 5179 ε
3474 5116 3625 5198 quia
3660 5134 3776 5179 suo
3800 5110 3953 5180 ‘mo-

2447 5217 2529 5280 do
2569 5216 2905 5297 justificat,
2940 5216 3107 5278 sicut
3146 5222 3211 5277 et
3250 5214 3471 5297 gratia.

2527 5316 2840 5389 Quaeritur
2866 5332 3144 5397 quoque,
3174 5334 3257 5377 an
3297 5314 3609 5397 poenitere
3646 5313 3731 5378 sit
3764 5321 3949 5379 actus
