4267 6250
21 2410 23 2413 ⁷
20 1382 34 2367 -'-———-———-—
20 445 42 1363 mm
21 82 36 432 ff*

1248 524 1427 573 mun
1465 525 1528 571 ιν
1568 522 2051 572 smum-maun.
2091 541 2174 553 —
2213 523 2368 571 msr.
2407 522 2540 571 xxn
3325 498 3447 565 577

344 697 641 777 pravitas
686 696 1015 779 haeretica,
1054 716 1171 764 seu
1228 699 1553 782 cupiditas
1606 700 1939 763 mundana
1992 699 2362 781 arripuerit,
2405 716 2564 762 mox
2613 696 2914 761 omnium
2963 695 3331 777 prosternet
3377 694 3449 757 in

342 811 481 877 ima
526 814 871 878 vitiorum.
910 814 1079 879 Item
1115 813 1531 896 Augustinus
1569 834 1585 877 ε
1624 813 1867 878 Redire
1918 813 2196 878 dimissa
2233 815 2519 896 peccata,
2552 810 2665 875 ubi
2713 811 2998 875 fraterna
3033 808 3270 873 caritas
3313 824 3448 871 non
3527 827 3635 885 Aug.
3660 829 3716 873 d·

342 931 465 1008 est,
496 930 913 1012 apertissime
948 929 1278 994 Dominus
1300 930 1370 992 in
1400 930 1756 1011 Evangelio
1793 929 2006 1009 docet,
2039 930 2107 993 in
2144 928 2261 993 illo
2295 945 2485 992 servo
2521 945 2560 991 a
2589 943 2720 1009 quo
2748 926 3102 990 dimissum
3137 923 3449 988 dominus
3471 889 3741 998 ξ”.μῄοζῗζ

339 1045 641 1109 debitum
680 1046 892 1127 petiit,
925 1063 1002 1110 eo
1040 1046 1222 1127 quod
1248 1046 1361 1110 ille
1398 1062 1713 1111 conservo
1754 1061 1876 1109 suo
1913 1044 2212 1109 debitum
2246 1044 2451 1108 nollet
2477 1043 2830 1107 dimittere.
2869 1076 2962 1089 --·
2996 1039 3124 1103 His
3160 1038 3448 1103 auctori·
3471 1015 3722 1068 ¹¹¹''¹’¹¹·²⁰·

338 1160 593 1225 tatibus
647 1161 1021 1226 innituntur
1064 1162 1179 1244 qui
1236 1162 1487 1241 dicunt,
1536 1162 1801 1243 peccata
1854 1160 2131 1225 dimissa
2183 1160 2241 1224 si
2294 1158 2714 1241 replicantur,
2771 1155 2984 1219 redire
3031 1151 3444 1237 simpliciter.

341 1276 603 1351 Quibus
638 1278 995 1359 opponitur
1034 1297 1049 1339 ε
1090 1278 1148 1341 si
1197 1278 1349 1359 quis
1399 1294 1519 1359 pro
1571 1278 1836 1359 peccato
1884 1276 1965 1340 de
2012 1293 2147 1359 quo
2183 1275 2492 1357 poenituit
2535 1276 2601 1338 et
2645 1270 3124 1355 indulgentiam
3169 1267 3444 1350 accepit,

340 1393 589 1456 iterum
642 1392 949 1474 punitur;
999 1410 1133 1457 non
1188 1393 1449 1457 videtur
1496 1393 1776 1474 justum.
1818 1392 1891 1457 Si
1939 1392 2215 1473 punitur
2267 1408 2386 1473 pro
2444 1407 2522 1455 eo
2588 1390 2766 1471 quod
2829 1385 3125 1469 peccavit
3184 1385 3250 1450 et
3313 1399 3449 1447 non

339 1509 740 1588 emendavit,
768 1508 1031 1589 justitia
1065 1511 1165 1573 est
1192 1510 1455 1591 aperta3
1484 1510 1542 1572 si
1580 1526 1735 1573 vero
1773 1508 2129 1589 requiritur
2165 1506 2341 1589 quod
2379 1505 2593 1571 fuerat
2621 1504 3086 1583 condonatum,
3127 1501 3233 1565 vel
3269 1500 3446 1581 inju-

337 1625 520 1689 stitia
572 1626 695 1705 est,
739 1625 844 1689 vel
882 1625 1145 1706 justitia
1195 1626 1469 1689 occulta.
1522 1625 1801 1689 Videtur
1840 1626 2039 1689 etiam
2088 1623 2270 1689 Deus
2322 1623 2426 1688 bis
2481 1623 2552 1687 in
2605 1622 2674 1685 id
2724 1622 2946 1703 ipsum
2998 1619 3318 1700 judicare,
3377 1619 3443 1680 et

336 1742 585 1823 duplex
624 1740 959 1806 tribulatio
1006 1757 1419 1823 consurgere,
1460 1741 1641 1823 quod
1690 1741 2028 1823 Scriptura
2071 1740 2286 1822 negat.
2327 1740 2457 1804 Sed
2501 1738 2585 1803 ad
2631 1738 2757 1802 hoc
2802 1736 3022 1819 potest
3064 1734 3220 1815 dici,
3260 1734 3440 1815 quod
3464 1757 3650 1803 Nam
3661 1760 3734 1811 1‚o.

336 1876 551 1940 neque
592 1856 839 1940 duplex
874 1857 1210 1921 tribulatio
1258 1858 1617 1939 consurgit,
1661 1875 1873 1940 neque
1894 1858 2151 1939 judicat
2183 1858 2366 1921 Deus
2417 1856 2522 1921 bis
2556 1857 2624 1919 in
2663 1855 2733 1919 id
2780 1855 3026 1939 ipsum.
3068 1852 3213 1916 Hoc
3259 1851 3440 1915 enim

339 1976 547 2053 fieret,
580 1975 641 2039 si
678 1975 829 2057 post
857 1975 1249 2057 condignam
1286 1974 1806 2041 satisfactionem
1844 1977 1910 2039 et
1944 1975 2376 2040 sufficientem
2413 1992 2676 2059 poenam
2716 1974 2958 2038 iterum
2986 1970 3284 2055 puniret3
3324 1968 3444 2033 sed

338 2110 475 2155 non
509 2092 833 2156 satisfecit
860 2091 1056 2173 digne
1083 2092 1148 2156 et
1174 2091 1572 2157 sufficienter
1607 2092 1723 2174 qui
1762 2108 1897 2157 non
1933 2092 2397 2174 perseveravit.
2437 2091 2683 2156 Debuit
2718 2090 2894 2154 enim
2927 2088 3155 2170 Jugem
3192 2085 3444 2169 peccati

342 2208 579 2272 habere
608 2208 1023 2287 memoriam,
1061 2225 1196 2271 non
1224 2208 1307 2271 ad
1343 2206 1741 2289 faciendum,
1774 2209 1891 2274 sed
1922 2208 2006 2272 ad
2036 2208 2432 2289 cavendum3
2460 2206 2689 2271 debuit
2721 2223 2856 2270 non
2885 2204 3185 2269 oblivisci
3214 2220 3445 2267 omnes
3494 2222 3576 2267 Ρ..
3595 2236 3664 2275 eu,
3683 2225 3726 2267 2.

340 2323 807 2389 retributiones
842 2322 989 2403 Dei,
1023 2341 1171 2405 quae
1208 2326 1308 2388 tot
1334 2326 1511 2405 sunt,
1552 2327 1716 2407 quot
1751 2325 1908 2389 sunt
1933 2325 2353 2406 peccatorum
2391 2323 2833 2387 remissiones,
2873 2320 3000 2385 Tot
3027 2337 3180 2401 ergo
3217 2318 3445 2383 debuit

342 2442 628 2523 cogitare
669 2439 843 2503 dona
890 2440 1039 2522 Dei,
1079 2442 1243 2521 quot
1278 2440 1455 2504 mala
1489 2458 1632 2521 sua,
1672 2458 1747 2504 ac
1794 2458 1914 2524 pro
1966 2440 2099 2503 illis
2145 2456 2355 2521 usque
2394 2440 2462 2502 in
2511 2440 2706 2505 finem
2764 2438 3007 2519 gratias
3061 2453 3272 2517 agere.
3315 2434 3446 2499 Sed

340 2559 495 2639 quia
530 2558 831 2639 ingratus
857 2558 941 2620 ad
966 2557 1294 2621 vomitum
1324 2557 1497 2621 sicut
1526 2558 1706 2621 canis
1740 2557 1955 2639 rediit,
1996 2556 2292 2620 anteacta
2317 2554 2490 2619 bona
2525 2548 2968 2633 mortificavit,
3001 2554 3066 2616 et
3099 2551 3444 2634 peccatum
3487 2570 3522 2614 u
3541 2569 3733 2623 Petu-1.

338 2675 693 2739 dimissum
729 2674 1083 2755 revocavit,
1124 2674 1201 2738 ut
1236 2674 1343 2738 cui
1379 2674 1730 2739 humiliato
1767 2676 1917 2739 ante
1963 2673 2146 2739 Deus
2181 2671 2524 2753 peccatum
2559 2670 2922 2751 dimiserat,
2963 2668 3176 2734 eidem
3215 2670 3445 2749 postea
3469 2634 3536 2676 ²²⁸

338 2790 505 2855 elato
553 2792 623 2855 et
668 2791 925 2871 ingrato
962 2790 1268 2872 imputet.

1436 3024 1515 3089 Β.
1563 3020 1910 3089 Aliorum
1954 3026 2350 3091 sententia.

470 3248 605 3315 Sed
640 3249 797 3330 quia
843 3247 1168 3312 absonum
1203 3247 1487 3328 videtur,
1526 3247 1603 3310 ut
1646 3246 1913 3328 peccata
1947 3245 2224 3309 dimissa
2258 3246 2501 3310 iterum
2547 3245 3001 3326 imputentur3
3045 3243 3259 3327 placet
3289 3242 3442 3326 qui·
3469 3269 3736 3328 nugo,s..„.

338 3362 993 3443 busdam,neminem
1022 3379 1141 3444 pro
1174 3362 1460 3444 peccatis
1487 3361 1692 3425 semel
1719 3359 2015 3424 dimissis
2043 3360 2286 3424 iterum
2309 3377 2350 3424 a
2368 3361 2511 3425 Deo
2541 3359 2784 3442 puniri.
2803 3359 2932 3424 Sed
2959 3359 3108 3424 ideo
3132 3359 3443 3423 dicuntur
3468 3333 3733 3449 2¹:⁶52ssss-

337 3479 615 3543 dimissa
652 3478 863 3542 redire
904 3479 971 3541 et
1007 3477 1343 3560 imputari,
1371 3477 1529 3558 quia
1562 3476 1829 3558 propter
1864 3475 2403 3558 ingratitudinem
2434 3475 2525 3538 ita
2562 3491 2713 3540 reus
2750 3475 2816 3539 et
2851 3474 3152 3556 peccator
3192 3475 3440 3538 consti-
3469 3459 3534 3500 ¹³·

336 3597 548 3661 tuitur
575 3597 651 3658 ut
688 3596 837 3658 ante
874 3593 1107 3658 fuerat.
1149 3593 1259 3658 Sic
1287 3593 1464 3658 enim
1493 3592 1672 3675 quod
1700 3592 2051 3656 dimissum
2081 3591 2295 3656 fuerat
2328 3592 2570 3655 dicitur
2605 3591 2806 3672 exigi,
2838 3590 2994 3672 quia
3028 3589 3440 3654 remissionis

333 3713 660 3796 perceptae
717 3711 1038 3792 ingratus,
1092 3710 1184 3773 ita
1238 3727 1390 3773 reus
1444 3709 1519 3774 fit
1573 3709 1649 3773 ut
1702 3708 1851 3772 ante
1906 3706 2140 3773 fuerat.
2195 3709 2472 3790 Utrique
2517 3707 2688 3790 parti
2743 3707 3128 3790 quaestionis
3179 3705 3438 3788 probati

337 3830 561 3894 favent
606 3829 930 3892 doctores.
982 3826 1269 3907 Ideoque
1318 3825 1515 3888 alicui
1562 3824 1734 3907 parti
1788 3841 1920 3888 non
1966 3823 2428 3906 praejudicanS,
2468 3807 2765 3888 studioso
2822 3822 3048 3886 lectori
3107 3821 3436 3903 judicium

336 3946 666 4028 relinquO,
706 3945 951 4010 addens
1001 3943 1169 4008 mihi
1224 3943 1445 4006 tutum
1495 3941 1635 4005 fore
1683 3958 1761 4005 ac
1804 3941 2003 4004 saluti
2053 3941 2523 4023 propinquum,
2562 3939 2688 4004 sub
2737 3955 2966 4004 mensa
3012 3937 3436 4002 dominorum
3463 3952 3728 4060 ganan.

339 4063 548 4128 micas
593 4063 805 4128 edere.
3522 4049 3534 4062 '

1126 4273 1198 4338 C.
1254 4279 1435 4345 Quid
1477 4275 1579 4339 sit
1620 4276 1737 4337 hic
1781 4273 2344 4337 sacramentum
2387 4273 2460 4335 et
2497 4286 2644 4335 res.

472 4494 639 4560 Post
667 4494 976 4577 praedicta
998 4496 1201 4560 restat
1236 4497 1649 4578 investigare,
1690 4494 1853 4578 quid
1889 4494 1959 4558 in
2001 4493 2258 4558 actione
2293 4493 2694 4576 poenitentiae
2731 4492 2820 4557 sit
2854 4495 3336 4558 sacramentum
3373 4495 3440 4558 et

338 4632 465 4679 res.
507 4612 1004 4678 Sacramentum
1036 4612 1212 4676 enim
1250 4612 1513 4694 signum
1550 4614 1650 4678 est
1684 4628 1886 4677 sacrae
1924 4611 2041 4675 rei.
2076 4609 2252 4684 Quid
2287 4626 2440 4691 ergo
2479 4609 2586 4673 hic
2613 4609 2876 4690 signum
2906 4611 3028 4691 est,
3059 4610 3127 4674 et
3159 4626 3309 4692 quae
3339 4611 3440 4673 est

338 4749 443 4795 res
482 4746 671 4794 sacra
706 4727 909 4811 hujus
945 4728 1119 4810 signi
1136 4727 1168 4790 ἱ)
1206 4727 1487 4802 Quidam
1524 4728 1751 4792 dicunt
1785 4727 2272 4793 sacramentum
2300 4725 2411 4789 hic
2447 4742 2612 4806 esse,
2644 4724 2821 4806 quod
2858 4725 3158 4790 exterius·
3175 4726 3434 4789 tantum

338 4848 611 4931 geritur,
652 4846 905 4911 scilicet
954 4846 1240 4911 exterior
1273 4845 1679 4928 poenitentia,
1709 4863 1857 4927 quae
1896 4848 1998 4910 est
2046 4845 2310 4926 signum
2354 4841 2684 4906 interioris
2727 4841 3154 4924 poenitentiae,
3185 4842 3437 4906 scilicet

340 4964 757 5030 contritionis
800 4963 1016 5028 cordis
1052 4963 1117 5026 et
1165 4962 1667 5026 humiliationis.
1709 4963 1901 5037 Quod
1951 4963 2010 5027 si
2053 4962 2175 5043 est,
2215 4978 2350 5024 non
2397 4975 2592 5024 omne
2635 4960 3118 5023 sacramentum
3160 4976 3439 5041 evange-

338 5082 545 5146 licum
577 5080 644 5143 id
682 5079 877 5144 efficit
912 5079 1093 5162 quod
1127 5078 1366 5162 figurat
1397 5098 1411 5140 :
1455 5079 1738 5143 exterior
1772 5079 1951 5144 enim
1977 5077 2366 5160 poenitentia
2393 5093 2526 5157 non
2555 5074 2749 5140 efficit
2784 5075 3186 5156 interiorem,
3215 5077 3437 5160 potius

339 5199 615 5262 interior
656 5213 853 5260 causa
888 5197 989 5261 est
1030 5194 1395 5262 exterioris,
1435 5194 1564 5260 Sed
1613 5194 1696 5258 ad
1742 5195 1868 5260 hoc
1917 5194 2230 5277 inquiunt
2273 5193 2396 5274 illi,
2438 5193 2563 5257 hoc
2612 5209 2754 5256 esse
2803 5191 3303 5274 intelligendum
3354 5191 3436 5255 de

342 5313 478 5378 illis
502 5313 931 5379 sacramentis
960 5330 1108 5396 quae
1136 5312 1207 5377 in
1242 5328 1415 5376 novo
1442 5309 1858 5377 Testamento
1893 5312 2200 5378 instituta
2227 5310 2422 5375 sunt:
2454 5309 2530 5373 ut
2565 5311 2664 5373 est
2691 5308 3174 5388 sacramentum
3209 5307 3437 5390 Bapti-

588 5449 657 5504 T.
690 5450 773 5502 24.
3063 5467 3068 5470 ·
3127 5447 3190 5498 3¹7
