4267 6250
78 2846 303 2903 &dl-502⁶·

1150 512 1241 558 At(
1277 510 1609 558 m
1646 510 1729 557 tx
1766 508 2066 558 minut
2104 508 2448 569 Gom,
2483 510 2612 559 ΕἸὉ.

3309 486 3434 556 489

330 688 469 745 tem
504 681 703 764 hujus
740 684 989 767 peccati
1028 648 1321 748 sacerdos
1356 688 1677 765 agnoscat,
1709 682 1839 746 suf-
1864 682 1917 747 A
2026 682 2146 757 Qui
2173 682 2381 747 adhuc
2409 682 2580 746 circa
2600 682 2737 748 haec
2761 690 2972 748 movet
2999 680 3244 765 aliquas
3273 678 3440 766 quae-

330 779 483 842 ficit
527 781 699 863 quod
748 781 1067 845 confitens
1114 781 1237 844 hoc
1284 789 1621 865 peccatum
1670 780 1841 843 dicat

332 877 401 940 in
436 878 745 959 generali,
776 881 949 961 quod
982 880 1139 942 dum
1174 878 1301 942 alia
1336 878 1540 943 multa
1577 886 1841 963 peccata

332 975 791 1051 confitebatur,
824 977 1019 1058 hujus
1062 977 1308 1059 peccati
1352 977 1477 1039 fuit
1516 975 1774 1040 oblitus.

412 1074 655 1137 Verum
697 1081 853 1139 tunc
898 1076 1127 1139 iterum
1176 1075 1507 1157 quaeritur,
1551 1076 1706 1158 quid
1755 1074 1839 1138 sit

331 1172 674 1253 agendum,
738 1174 997 1255 quando
1060 1173 1355 1236 sacerdos
1420 1172 1836 1235 confitentem

328 1287 465 1335 non
496 1276 707 1351 potest
736 1270 817 1332 de
844 1268 1147 1332 omnibus
1186 1270 1299 1333 sed
1337 1270 1417 1333 de
1450 1269 1837 1351 quibusdam

330 1368 617 1450 peccatis
678 1367 1031 1431 absolvere.
1094 1368 1175 1430 Et
1236 1368 1605 1441 dicendum,
1666 1367 1837 1449 quod

328 1468 635 1549 quamvis
664 1468 960 1530 sacerdos
988 1484 1117 1530 non
1146 1465 1355 1529 valeat
1384 1466 1567 1527 illum
1598 1466 1679 1528 de
1707 1482 1839 1529 om-

328 1564 529 1627 nibus
568 1564 926 1639 absolvere,
970 1564 1287 1628 confitens
1328 1573 1541 1627 tamen
1586 1570 1839 1626 tenetur

328 1664 391 1725 ei
459 1662 683 1726 omnia
746 1661 1067 1737 confiteri,
1138 1671 1451 1745 quatenus
1516 1661 1841 1726 confessor

316 1760 757 1843 quantitatem
789 1760 985 1823 totius
1023 1760 1229 1841 culpae
1258 1766 1617 1843 cognoscat,
1647 1768 1838 1841 atque

1946 780 2186 843 stiones
2213 781 2294 845 de
2319 779 2662 845 effectibus
2691 780 3133 855 confessionis,
3155 800 3298 863 quae
3326 780 3440 843 dif-

1948 877 2302 942 ficultatem
2341 896 2468 942 non
2507 878 2764 955 habent,
2796 886 2986 963 atque
3014 898 3094 942 ex
3124 878 3440 962 praeindu-

1948 977 2067 1040 ctis
2096 976 2260 1040 solvi
2291 976 2562 1041 faciliter
2593 986 2857 1060 queunt.
2887 978 3045 1041 Nam
3075 976 3323 1059 quaerit,
3355 996 3434 1039 an

1946 1074 2266 1139 confessio
2293 1076 2522 1139 liberet
2548 1096 2587 1139 a
2615 1084 2816 1139 morte
2853 1074 3138 1158 peccati3
3167 1095 3250 1137 an
3281 1074 3436 1139 libe-

1947 1180 2043 1236 ret
2089 1172 2307 1256 aliquo
2353 1174 2542 1237 modo
2583 1194 2622 1236 a
2665 1191 2888 1257 poena3
2931 1180 3148 1236 utrum
3196 1172 3439 1255 aperiat

1948 1271 2355 1353 paradisum3
2402 1291 2484 1335 an
2531 1273 2770 1335 tribuat
2827 1290 3008 1355 spem
3053 1271 3296 1334 salutis.
3342 1271 3436 1333 Ad

1946 1388 2089 1451 quae
2130 1369 2348 1432 omnia
2391 1378 2564 1452 patet
2595 1390 2674 1433 ex
2714 1370 2904 1433 dictis
2937 1370 3189 1433 solutio.
3224 1368 3440 1433 Sacra-

1948 1474 2164 1530 menta
2189 1468 2365 1529 enim
2395 1468 2776 1549 evangelicae
2815 1468 2972 1549 legis
3009 1468 3342 1531 continent
3373 1474 3439 1531 et

1946 1563 2288 1627 conferunt
2342 1564 2632 1647 gratiam,
2697 1573 2974 1648 suntque
3033 1564 3437 1627 medicinalia

1944 1680 2117 1737 vasa,
2151 1662 2614 1726 medicinarum
2653 1663 3084 1745 spiritualium
3128 1662 3436 1725 contenti-

1946 1778 2044 1822 va.
2094 1760 2170 1822 Et
2210 1760 2377 1823 sicut
2417 1762 2776 1844 Baptismus
2823 1761 3062 1823 directe
3106 1760 3438 1824 ordinatur

326 1858 411 1921 de
453 1859 561 1921 his
602 1877 641 1920 a
679 1856 918 1940 quibus
957 1856 1289 1921 absolvere
1327 1857 1571 1940 nequit,
1614 1858 1695 1920 ad
1734 1876 1835 1919 su·
1872 1861 1921 1925 B
1948 1867 2170 1921 contra
2209 1859 2537 1940 originale,
2583 1859 2676 1922 sic
2715 1859 3091 1923 Poenitentia
3132 1877 3246 1922 seu
3293 1876 3440 1923 con·

328 1957 657 2039 periorem
698 1957 999 2019 remittat.

410 2053 712 2137 Amplius
752 2054 1081 2137 quaeritur,
1112 2072 1195 2116 an
1235 2053 1381 2135 quis
1412 2053 1615 2136 possit
1642 2053 1843 2116 confi-

328 2154 451 2216 teri
498 2172 619 2236 per
660 2154 860 2216 alium
899 2172 1013 2215 seu
1058 2172 1175 2235 per
1212 2152 1543 2235 scriptum.
1576 2152 1843 2215 Videtur

330 2253 507 2335 quod
546 2252 665 2327 sic,
698 2252 851 2335 quia
891 2258 957 2314 et
994 2252 1083 2314 ita
1118 2258 1329 2334 potest
1364 2251 1674 2315 sacerdoti
1704 2269 1841 2314 om-

330 2352 441 2414 nia
482 2370 602 2413 sua
646 2350 975 2413 insinuare
1018 2358 1295 2432 peccata.
1340 2350 1475 2413 lmo
1514 2349 1837 2412 interdum

328 2455 587 2529 oportet
630 2466 745 2529 per
784 2448 1199 2529 interpretem
1238 2446 1551 2511 confiteri.
1590 2446 1667 2509 Et
1704 2465 1839 2508 rur-

330 2564 465 2617 sus,
502 2552 767 2627 propter
802 2544 1161 2607 absentiam
1204 2545 1551 2607 sacerdotis
1589 2544 1843 2607 videtur

330 2642 505 2705 istud
539 2642 927 2725 quandoque
962 2660 1241 2705 necesse.
1278 2642 1837 2724 Respondendum,

330 2741 507 2823 quod
553 2739 877 2803 confessio
924 2746 1023 2802 est
1064 2748 1247 2802 actus
1290 2740 1543 2802 virtutis
1588 2747 1653 2802 et
1694 2758 1841 2822 pars

330 2838 745 2911 sacramenti,
778 2844 851 2899 ut
886 2837 1133 2899 dictum
1172 2844 1269 2900 est
1296 2856 1483 2919 saepe.
1518 2837 1597 2899 Et
1624 2857 1843 2919 quam-

330 2936 433 2999 vis
486 2936 567 2998 ad
622 2954 765 2997 eam
822 2944 895 2998 ut
948 2944 1046 2997 est
1099 2944 1282 2998 actus
1328 2935 1607 3010 virtutis,
1658 2936 1841 2998 suffi-

332 3042 512 3098 ceret
544 3034 1102 3116 qualitercumque
1143 3032 1351 3108 fieret,
1383 3035 1679 3116 quamvis
1716 3053 1841 3096 ma·
1871 3034 1915 3097 C

327 3135 435 3216 jor
484 3132 843 3196 difficultas
897 3139 1065 3195 esset
1113 3133 1177 3195 in
1228 3152 1357 3196 uno
1402 3133 1591 3196 modo
1648 3153 1839 3217 quam

330 3230 507 3310 alio;
552 3239 831 3294 attamen
874 3237 944 3292 ut
980 3239 1080 3294 est
1118 3250 1263 3313 pars
1302 3232 1704 3306 sacramenti,
1736 3231 1843 3294 ha-

330 3331 449 3394 bet
504 3338 721 3393 actum
785 3330 1303 3405 determinatum,
1366 3331 1534 3394 sicut
1593 3338 1659 3394 et
1716 3331 1843 3394 alia

330 3436 737 3494 sacramenta
792 3428 1033 3491 habent
1095 3429 1583 3493 determinatam
1642 3438 1840 3492 mate-

332 3529 523 3590 riam.
570 3527 646 3589 Et
688 3527 855 3590 sicut
895 3526 959 3588 in
1002 3527 1347 3608 Baptismo,
1388 3529 1467 3590 ad
1506 3526 1842 3609 designan-

330 3627 491 3690 dum
536 3625 904 3688 interiorem
944 3624 1360 3698 ablutionem,
1390 3627 1738 3688 assumitur
1768 3627 1841 3689 il·

328 3725 448 3788 lud
499 3722 891 3786 elementum
942 3723 1129 3805 cujus
1178 3732 1277 3786 est
1324 3724 1639 3788 maximus
1689 3744 1841 3788 usus

330 3823 401 3886 in
432 3821 803 3900 abluend03
844 3822 932 3884 ita
968 3823 1037 3884 in
1075 3829 1223 3885 actu
1264 3823 1729 3897 sacramentali,
1761 3825 1839 3887 ad

331 3919 908 3994 manifestandum,
966 3921 1255 3984 ordinate
1321 3921 1673 3985 assumitur
1734 3922 1841 3985 ille

330 4027 519 4082 actus
570 4035 698 4101 quo
750 4017 1025 4081 maxime
1077 4019 1534 4082 consuevimus
1580 4021 1843 4084 manife-

330 4127 531 4191 stare,
568 4124 788 4198 utpote
819 4118 1149 4200 proprium
1182 4118 1476 4181 verbum.
1509 4119 1635 4182 Alii
1666 4121 1839 4183 enim

1948 1956 2146 2020 fessio
2192 1966 2410 2020 contra
2451 1957 2716 2021 actuale.
2757 1958 2854 2020 Ab
2895 1958 3184 2039 ingressu
3225 1965 3438 2021 autem

1951 2055 2229 2137 paradisi
2273 2055 2552 2118 coelestis
2593 2056 2686 2117 nil
2731 2054 3000 2138 impedit
3045 2055 3172 2117 nisi
3220 2073 3440 2137 pecca-

1952 2161 2089 2215 tum
2140 2172 2157 2215 :
2207 2154 2448 2217 idcirco
2493 2154 2615 2217 hoc
2661 2160 3132 2217 sacramentum
3179 2170 3256 2217 eo
3303 2152 3443 2235 ipso

1951 2271 2080 2335 quo
2106 2253 2314 2316 aufert
2344 2260 2701 2336 peccatum,
2731 2253 2937 2335 aperit
2961 2252 3224 2334 januam
3263 2250 3440 2333 regni

1951 2370 2067 2433 per
2104 2352 2364 2415 modum
2405 2351 2746 2414 meritoriae
2777 2364 3004 2413 causae.
3047 2351 3150 2414 Sic
3188 2368 3442 2432 quoque

1950 2450 2117 2531 parit
2144 2468 2218 2511 ac
2249 2447 2468 2512 influit
2497 2468 2678 2531 spem
2707 2449 2953 2525 salutis,
2986 2468 3023 2511 a
3050 2468 3178 2531 qua
3207 2449 3296 2511 nil
3333 2448 3444 2521 im-

1952 2546 2127 2630 pedit
2172 2546 2298 2609 nisi
2349 2547 2671 2629 iniquitas.
2723 2547 2888 2609 Parit
2937 2564 3195 2629 quoque
3241 2545 3442 2609 confi-

1949 2645 2230 2708 dentiam
2256 2664 2330 2707 ac
2353 2645 2784 2707 testimonium
2811 2645 3216 2709 conscientia)
3237 2644 3436 2709 bonae.

2030 2744 2352 2806 Postremo
2391 2743 2496 2805 hic
2529 2743 2836 2824 quaeritur
2863 2743 2943 2805 de
2972 2742 3442 2806 conditionibus

1951 2861 2063 2904 seu
2107 2841 2604 2924 proprietatibus
2645 2840 3086 2915 confessioniS,
3131 2860 3274 2923 quae
3311 2849 3445 2903 tan-

1949 2947 2188 3021 guntur
2229 2940 2330 3002 his
2371 2938 2665 3003 versibus
2698 2957 2712 3001 ε

1949 3118 2036 3172 Sit
2070 3118 2328 3184 simplex,
2349 3119 2578 3172 humilis
2607 3119 2913 3181 confesai0,
2937 3135 3098 3186 pura,
3117 3119 3314 3182 fidelis,

1950 3203 2134 3266 Atque
2157 3201 2438 3266 frequens,
2454 3203 2617 3262 nuda,
2629 3202 2888 3262 discreta,
2905 3202 3097 3261 libenS,
3109 3201 3444 3261 verecunda,

1950 3281 2192 3344 Integra,
2215 3287 2451 3342 secreta,
2475 3282 2856 3342 lacrimabilis,
2880 3282 3212 3342 accelerata,

1950 3363 2133 3415 Fortis
2165 3367 2221 3412 et
2247 3377 2549 3424 accusans,
2581 3367 2638 3414 et
2667 3363 2742 3414 sit
2767 3377 2964 3429 parere
2993 3367 3208 3428 parata.

1948 3525 2166 3607 ltaque
2211 3524 2436 3588 harum
2481 3525 2922 3588 conditionum
2963 3527 3254 3609 quaedam
3297 3534 3448 3590 sunt

1950 3625 2029 3686 de
2085 3622 2462 3686 necessitate
2518 3623 2957 3698 confessioniS,
3017 3625 3308 3707 quasdam
3365 3625 3446 3688 de

1950 3722 2113 3785 bene
2173 3740 2312 3784 esse
2371 3721 2594 3804 ipsius.
2649 3721 2736 3784 Ea
2789 3723 3050 3785 demum
3099 3743 3240 3806 quae
3296 3732 3446 3787 sunt

1950 3822 2029 3884 de
2060 3820 2435 3883 necessitate
2465 3819 2906 3895 confessionis,
2935 3829 3046 3883 aut
3075 3830 3446 3905 competunt

1952 3920 2011 3982 ei
2054 3920 2120 3982 in
2168 3927 2478 4002 quantum
2517 3927 2615 3982 est
2659 3927 2840 3982 aetus
2883 3919 3160 3994 virtutiS,
3204 3929 3316 3983 aut
3351 3941 3445 3984 se-

1952 4019 2235 4080 cundum
2267 4018 2438 4099 quod
2476 4025 2573 4080 est
2612 4036 2757 4099 pars
2793 4019 3191 4083 sacramenti.
3223 4019 3289 4083 Si
3320 4021 3445 4102 pri-

1952 4133 2059 4177 mo
2100 4114 2307 4186 mod0‚
2347 4122 2459 4176 aut
2505 4116 2748 4178 ratione
2788 4115 3042 4178 virtutis
3083 4117 3148 4178 in
3189 4135 3443 4197 genere,

330 4216 515 4280 modi
556 4223 711 4278 sunt
747 4215 989 4278 inducti
1031 4217 1094 4278 in
1137 4216 1657 4299 supplementum
1688 4218 1841 4301 ipsi·
1871 4216 1921 4279 D
1950 4219 2059 4275 aut
2089 4211 2332 4276 ratione
2363 4212 2662 4294 specialis
2691 4212 2948 4275 virtutis
2987 4213 3174 4296 cujus
3211 4222 3310 4278 est
3345 4233 3447 4279 ac·

330 4335 433 4378 us.
470 4313 667 4376 Porro
706 4313 773 4375 in
813 4331 891 4377 eo
924 4315 1035 4396 qui
1078 4334 1267 4378 usum
1304 4314 1539 4398 lingua)
1574 4334 1703 4379 non
1737 4317 1842 4379 ha-

331 4411 471 4486 bet,
524 4419 683 4494 puta
720 4412 787 4474 in
852 4421 1051 4487 muto,
1102 4413 1203 4477 vel
1256 4414 1369 4496 qui
1426 4421 1524 4476 est
1578 4415 1841 4478 alterius

332 4511 600 4592 linguan,
648 4509 898 4572 sufficit
941 4511 1110 4592 quod
1154 4531 1269 4593 per
1311 4519 1539 4574 nutum
1588 4521 1699 4575 aut
1748 4514 1840 4576 in-

333 4615 689 4691 terpretem
727 4606 1158 4671 confiteatur:
1200 4610 1501 4691 quoniam
1544 4628 1671 4673 non
1710 4611 1839 4672 exi-

328 4706 519 4789 gitur
553 4704 636 4768 ab
677 4706 938 4768 homine
978 4706 1125 4788 plus
1164 4725 1359 4789 quam
1389 4707 1608 4790 possit.
1642 4708 1711 4770 In
1740 4709 1845 4771 ab·

332 4803 549 4868 sentia
607 4821 865 4886 quoque
929 4803 1171 4887 proprii
1234 4805 1577 4869 sacerdotis
1636 4815 1843 4889 potest

333 4903 539 4967 etiam
571 4902 732 4966 laico
763 4901 907 4966 fieri
938 4902 1257 4966 confessio
1288 4921 1303 4966 ε
1336 4905 1479 4967 ideo
1510 4922 1636 4967 non
1666 4923 1846 4988 opor-

334 5011 435 5067 tet
462 5003 634 5084 quod
664 5001 783 5065 fiat
810 5021 927 5084 per
962 5002 1296 5085 scriptum,
1330 5003 1482 5086 quia
1520 5005 1667 5086 plus
1706 5023 1845 5086 per-

334 5101 507 5163 tinet
552 5101 631 5162 ad
680 5099 1127 5164 necessitatem
1186 5099 1608 5164 confessionis
1662 5109 1843 5165 actus

336 5198 477 5274 ille,
527 5217 723 5280 quam
782 5197 837 5262 is
892 5198 995 5261 cui
1057 5199 1135 5261 fit
1184 5198 1519 5264 confessio.
1572 5236 1655 5246 —
1699 5201 1843 5266 Haec

334 5297 635 5362 Thomas.

1951 4319 2073 4374 tus.
2128 4312 2220 4374 Ex
2276 4312 2522 4374 ratione
2575 4320 2788 4375 autem
2847 4319 3028 4375 actus
3077 4313 3333 4377 virtutis
3381 4315 3448 4376 in

1948 4427 2182 4490 genere
2211 4417 2364 4473 sunt
2389 4417 2664 4493 quatuor
2691 4411 3106 4485 conditioneS,
3131 4419 3202 4473 ut
3228 4430 3451 4474 secun-

1950 4509 2031 4570 do
2068 4508 2438 4572 Ethicorum
2481 4509 2767 4572 habetur.
2802 4510 3010 4573 Prima
3046 4519 3163 4586 est,
3197 4518 3268 4572 ut
3305 4511 3449 4594 quis

1950 4607 2033 4669 sit
2070 4606 2280 4669 sciens
2316 4625 2330 4669 ε
2365 4615 2430 4670 et
2469 4616 2778 4690 quantum
2821 4610 2902 4671 ad
2943 4610 3086 4684 hoc,
3133 4609 3448 4674 confessio

1949 4705 2186 4767 dieitur
2211 4723 2352 4768 esse
2381 4707 2688 4775 discreta,
2719 4707 3074 4769 secundum
3103 4709 3274 4790 quod
3305 4727 3450 4791 pru-

1950 4803 2167 4866 dentia
2215 4801 2564 4884 requiritur
2601 4803 2666 4864 in
2713 4811 2860 4865 actu
2903 4805 3114 4867 omnis
3157 4805 3445 4885 virtutis3

1950 4911 2012 4966 et
2042 4900 2345 4964 discretio
2385 4901 2504 4962 ista
2541 4901 2832 4963 consistit
2869 4901 2934 4963 in
2969 4902 3111 4975 hoc,
3143 4911 3216 4964 ut
3253 4905 3450 4986 majo-

1950 5021 2021 5064 ra
2057 5007 2319 5082 peccata
2365 5017 2514 5061 cum
2556 4998 2780 5080 majori
2820 4999 3100 5081 pondere
3147 5001 3450 5066 confitea-

1950 5108 2072 5162 tur.
2122 5098 2415 5161 Secunda
2462 5097 2742 5160 conditio
2789 5098 3047 5162 virtutis
3095 5108 3212 5175 est,
3261 5108 3332 5163 ut
3366 5102 3450 5164 sit

1950 5197 2218 5279 eligenS,
2251 5195 2556 5278 quoniam
2593 5204 2770 5258 actus
2813 5197 3122 5261 virtutum
3165 5199 3450 5264 volunta-

1952 5297 2031 5361 rii
2064 5314 2204 5359 esse
2233 5295 2468 5360 debent
2503 5313 2518 5358 :
2551 5303 2616 5358 et
2653 5304 2960 5378 quantum
2997 5298 3080 5361 ad
3119 5299 3261 5376 hoc,
3291 5299 3447 5364 dici-

3467 1388 3729 1446 cndiatmv,

3464 1466 3508 1509 q.
3527 1454 3570 1495 6.

3495 1577 3568 1633 Cf.
3583 1576 3687 1621 dist.
3699 1589 3729 1627 ι,

3463 1653 3508 1695 q.
3537 1643 3579 1683 t.

3465 1770 3731 1829 cfipmscu
