4267 6250
816 495 937 559 560

1466 514 1531 560 IN
1572 514 1795 561 Lunum
1836 513 1898 560 lv
1940 511 2425 560 SENTENTIARUR.
2467 528 2548 540 --
2586 512 2739 558 ms'r.
2781 512 2906 576 1113
2949 512 3174 569 QUAEST.
3217 514 3280 559 lv

820 682 989 745 cium
1036 683 1158 746 viri
1200 682 1376 759 boni,
1427 683 1515 745 ita
1561 683 1732 766 quod
1781 683 1900 746 soli
1948 682 2043 745 illi
2093 681 2314 764 plenas
2345 680 2636 761 Agentia
2675 682 3086 765 indulgentiae
3124 701 3356 746 nomen
3396 681 3738 757 amitteret,
3771 680 3924 765 quia

820 778 1245 862 indulgentias
1288 788 1768 863 consequuntur
1797 780 1907 862 qui
1946 787 2121 842 tanta
2159 778 2312 853 fide,

818 878 1154 942 devotione
1194 887 1258 942 et
1295 879 1507 962 operis
1550 878 1943 941 exhibitione
1984 878 2063 940 ad
2111 876 2319 939 indul-

818 977 1063 1057 gentias
1112 977 1563 1061 promerendas
1612 994 1681 1039 se
1731 976 2057 1049 exhibent,
2094 974 2317 1057 quanti

820 1076 1009 1156 pretii
1058 1096 1170 1139 seu
1210 1076 1445 1139 valoris
1487 1083 1637 1138 sunt
1676 1074 2087 1156 indulgentiae
2124 1074 2315 1156 ipsae3

763 1189 765 1192 ·
820 1172 963 1235 aliis
1012 1192 1163 1237 vero
1211 1183 1480 1258 prosunt
1528 1174 1728 1255 magis
1775 1173 1880 1237 vel
1940 1173 2176 1246 minuS,
2227 1189 2320 1233 se-

821 1272 1103 1334 cundum
1153 1273 1321 1355 quod
1382 1272 1528 1354 plus
1575 1272 1677 1335 vel
1737 1272 1951 1334 minus
2007 1271 2320 1333 accedunt

819 1370 897 1432 ad
946 1369 1098 1449 hoc;
1140 1371 1308 1453 quod
1361 1372 1513 1433 item
1562 1370 1844 1433 Ecclesia
1888 1368 2163 1452 quadam
2215 1368 2319 1451 pia

821 1467 1043 1531 fraude
1103 1469 1406 1551 praedieat
1460 1469 1601 1531 illas
1661 1468 1806 1551 plus
1854 1467 2065 1530 valere
2124 1485 2316 1550 quam

821 1566 1073 1628 valeant
1114 1566 1357 1640 multis,
1393 1574 1463 1627 ut
1501 1566 1595 1628 sic
1636 1566 1777 1628 illos
1815 1565 2056 1628 alliciat
2089 1564 2167 1627 ad
2207 1564 2320 1625 ali-

822 1664 976 1746 quid
1024 1665 1103 1727 de
1152 1664 1567 1745 indulgentiis
1625 1663 2144 1747 promerendum.
2198 1662 2320 1725 Sed

820 1762 941 1825 hoc
983 1762 1281 1825 ultimum
1320 1762 1613 1837 verbum,
1646 1769 1801 1845 puta
1836 1762 2184 1824 Ecclesiam
2227 1761 2318 1822 uti

2427 780 2864 863 perciperetur
2922 800 2998 844 ex
3056 780 3273 844 debito
3329 798 3512 863 puro,
3563 788 3629 842 et
3682 798 3922 862 nequa-

2427 897 2618 960 quam
2662 897 2740 942 ex
2784 880 3006 960 gratia,
3045 880 3225 961 juxta
3273 879 3432 941 illud
3473 877 3758 961 Apostoli
3790 896 3804 941 :
3843 876 3920 939 Ei
3955 896 4240 947 flammas.

2426 983 2639 1038 autem
2669 978 2782 1059 qui
2811 985 3122 1060 operatur,
3136 995 3382 1040 merces
3411 994 3539 1039 non
3569 977 3926 1059 imputatur

2429 1075 2782 1137 secundum
2841 1076 3128 1157 gratiam,
3179 1076 3289 1139 sed
3348 1075 3703 1139 secundum
3751 1074 3930 1137 debi-

2429 1180 2609 1251 tum;
2659 1174 2719 1236 ei
2767 1192 2919 1237 vero
2965 1175 3076 1257 qui
3131 1192 3260 1237 non
3307 1181 3628 1257 operatur,
3681 1191 3930 1236 merces

2431 1278 2760 1353 reputatur
2825 1272 3180 1335 secundum
3248 1271 3649 1355 propositum
3711 1271 3933 1352 gratiae

2432 1369 2562 1432 Dei.
2595 1369 2838 1433 Nomen
2884 1389 3160 1453 namque
3205 1370 3616 1451 indulgentiae
3661 1370 3934 1452 gratiam

2433 1468 2741 1550 implicat,
2764 1477 2826 1531 et
2856 1488 2934 1531 ex
2964 1468 3086 1532 hoc
3113 1469 3320 1532 solum
3353 1468 3747 1549 indulgentia
3777 1488 3938 1531 nun·

2430 1573 2722 1648 cupatur,
2756 1567 2925 1647 quod
2958 1566 3036 1629 de
3066 1566 3268 1648 gratia
3299 1566 3503 1628 datur.
3538 1566 3642 1629 Sic
3673 1583 3934 1647 quoque

2431 1664 2674 1746 praelati
2704 1665 2975 1727 diversis
3017 1665 3306 1748 personis
3349 1682 3474 1727 non
3511 1671 3771 1747 possent
3797 1682 3936 1727 eas-

2431 1762 2574 1824 dem
2607 1762 3024 1844 indulgentias
3054 1762 3263 1825 l'acere
3295 1780 3410 1845 per
3437 1762 3769 1846 inaequalia
3789 1780 3938 1845 ope-

820 1878 1219 1944 quocumque
1252 1861 1597 1935 mendacio,
1612 1860 2042 1943 perniciosum
2073 1867 2170 1921 est
2193 1859 2319 1921 val·
2354 1862 2402 1925 B
2433 1878 2501 1922 ra
2527 1868 2718 1942 atque
2747 1860 3033 1924 subsidia
3065 1878 3078 1923 :
3113 1862 3282 1943 quod
3313 1860 3546 1924 falsum
3577 1868 3695 1935 est,
3727 1878 3934 1942 quum

821 1958 921 2033 de,
954 1959 1121 2021 sicut
1160 1960 1592 2042 perniciosum
1632 1966 1800 2022 esset
1829 1960 1949 2021 hoc
1987 1958 2198 2020 dicere
2238 1957 2316 2019 de

821 2076 999 2119 sacra
1041 2058 1386 2141 Scriptura.
1420 2058 1556 2121 Non
1598 2058 1771 2121 enim
1824 2058 2033 2120 minor
2074 2065 2171 2119 est
2211 2076 2318 2119 au-

822 2156 1078 2218 ctoritas
1110 2156 1410 2221 Ecclesiae
1446 2157 1511 2219 in
1550 2156 1897 2238 agibilibus
1930 2175 2121 2239 quam
2156 2155 2318 2219 Scri-

821 2261 1026 2336 pturae
1078 2255 1141 2316 in
1181 2255 1616 2318 credibilibus.
1649 2256 1796 2318 ideo
1838 2255 2182 2317 dicendum
2224 2262 2321 2318 est

820 2352 899 2415 de
945 2352 1319 2416 auctoritate
1361 2353 1683 2430 Ecclesiae,
1717 2354 1887 2436 quod
1925 2352 2318 2434 Augustinus

820 2450 908 2513 ait
937 2452 1014 2514 de
1050 2453 1420 2515 auctoritate
1450 2452 1793 2535 Scripturae
1832 2452 1897 2515 in
1932 2451 2203 2534 epistola
2240 2452 2317 2514 ad

821 2550 1277 2633 Hieronymum
1326 2551 1534 2634 prima
1584 2571 1598 2615 :
1650 2550 1946 2614 Admisso
1995 2550 2194 2613 semel
2253 2550 2318 2612 in

819 2655 1009 2711 tantae
1048 2650 1439 2713 auctoritatis
1484 2649 1735 2731 fastigio
1772 2649 1989 2732 aliquo
2025 2648 2321 2712 officioso

824 2747 1176 2821 mendaci0,
1200 2747 1377 2809 nulla
1407 2748 1663 2810 illorum
1696 2747 2005 2810 librorum
2036 2747 2320 2810 manebit

823 2845 1135 2927 particula
1184 2866 1325 2929 quae
1372 2864 1499 2910 non
1554 2845 1946 2929 ubicumque
1995 2845 2320 2908 videbitur

819 2943 921 3005 vel
970 2944 1048 3006 ad
1098 2962 1307 3007 mores
1354 2944 1668 3020 difficilis,
1710 2945 1813 3007 vel
1856 2945 1934 3007 ad
1982 2943 2180 3007 fidem
2227 2945 2319 3007 in-

821 3041 1167 3104 credibilis.

900 3141 1209 3223 Denique,
1252 3142 1547 3224 quamvis
1589 3141 1999 3224 indulgentiae
2040 3159 2168 3204 non
2211 3161 2314 3205 va-

823 3239 1027 3301 lerent
1082 3239 1206 3302 nisi
1265 3238 1482 3303 habito
1529 3248 1821 3323 respectu
1881 3241 1959 3302 ad
2013 3240 2315 3303 meritum

819 3355 893 3399 ac
934 3337 1339 3401 devotionem
1379 3357 1688 3421 personae,
1732 3357 1842 3402 seu
1886 3339 2069 3421 juxta
2116 3358 2315 3421 quan-

818 3436 1065 3498 titatem
1124 3435 1397 3500 subsidii
1454 3445 1519 3500 et
1571 3437 1924 3501 devotionis
1982 3436 2311 3511 affectum,

820 3541 1010 3616 prout
1068 3534 1169 3596 vir
1224 3534 1431 3597 bonus
1492 3536 1847 3598 secundum
1909 3542 2147 3598 rectam
2211 3553 2314 3597 re-

818 3631 1033 3712 gulam
1079 3631 1342 3712 justitiae
1376 3631 1665 3714 judicare
1714 3633 2015 3713 deberet3
2056 3650 2183 3694 non
2227 3641 2314 3695 ta-

820 3749 967 3794 men
1008 3748 1233 3793 verum
1274 3737 1371 3792 est
1416 3730 1651 3806 dicere,
1682 3730 1974 3813 praelatos
2014 3730 2312 3794 Ecclesiae

817 3846 946 3891 non
992 3827 1227 3892 habere
1268 3829 1647 3911 ampliorem
1696 3836 2070 3912 potestatem
2120 3847 2314 3910 super

818 3926 1231 4008 indulgentiis
1290 3926 1713 4000 conferendiS,
1768 3935 1838 3989 ut
1886 3946 2011 3991 non
2061 3926 2314 3990 valeant

814 4024 939 4087 nisi
1006 4023 1224 4088 habito
1292 4025 1461 4089 dicto
1530 4033 1849 4108 respectu,
1911 4026 1997 4088 ita
2064 4033 2134 4087 ut
2195 4045 2309 4088 ne-

810 4129 1049 4204 queant
1096 4123 1241 4205 plus
1289 4124 1499 4187 valere
1549 4143 1741 4205 quam
1794 4123 2131 4207 requirunt
2180 4142 2309 4187 me-

2432 1957 2800 2040 srequeuter
2847 1958 3037 2041 plena
3085 1960 3377 2022 remissio
3424 1959 3610 2022 detur
3657 1976 3784 2021 non
3833 1977 3934 2022 so-

2432 2057 2567 2119 lum
2609 2058 2896 2139 pergenti
2929 2058 2994 2119 in
3035 2056 3396 2121 subsidium
3427 2058 3632 2121 Terrae
3672 2064 3929 2131 sanctae,

2431 2156 2542 2217 sed
2581 2156 2773 2218 etiam
2819 2175 3013 2218 unam
3054 2174 3391 2239 personam
3432 2155 3586 2219 illue
3628 2155 3930 2231 mittenti,

2430 2260 2538 2316 aut
2579 2271 2695 2337 pro
2734 2254 2982 2318 viribus
3024 2254 3479 2317 contribuenti.

2509 2353 2668 2415 Hinc
2712 2352 2876 2425 dico,
2918 2354 3088 2435 quod
3131 2353 3460 2416 concessio
3506 2352 3934 2434 indulgentia-

2430 2470 2574 2513 rum
2636 2451 3064 2513 mensuranda
3125 2468 3252 2513 non
3311 2460 3409 2513 est
3469 2469 3546 2513 ex
3604 2451 3933 2514 voluntate

2431 2550 2818 2613 conferentis
2857 2568 2985 2624 eas»,
3021 2557 3091 2611 ut
3132 2557 3380 2612 tantum
3429 2549 3683 2613 valeant
3730 2568 3934 2631 quan-

2428 2657 2566 2711 tum
2607 2648 2763 2711 velit
2796 2666 2811 2711 :
2848 2648 2968 2711 hoc
3007 2648 3183 2711 enim
3211 2655 3309 2710 est
3345 2654 3564 2711 contra
3591 2648 3928 2711 rationem.

2427 2746 2556 2809 Nec
2598 2746 3024 2809 mensuranda
3061 2754 3158 2809 est
3195 2764 3273 2807 ex
3311 2745 3673 2809 conditione
3713 2762 3932 2827 perso-

2429 2864 2527 2909 nae
2557 2845 2661 2907 cui
2695 2845 3042 2921 confertur,
3057 2863 3265 2927 neque
3297 2864 3374 2907 ex
3402 2844 3727 2927 aliquibus
3757 2844 3934 2907 circa

2431 2944 2658 3027 ipsam,
2705 2963 2846 3027 quse
2893 2942 3182 3007 debitum
3232 2942 3539 3006 inducant
3583 2943 3663 3006 ad
3711 2944 3932 3007 confe-

2354 3044 2397 3107 C
2429 3041 2699 3105 rendum
2749 3041 2911 3117 illas,
2954 3042 3134 3125 quasi
3184 3040 3406 3103 reddat
3453 3058 3792 3123 personam
3839 3041 3934 3103 di-

2425 3161 2616 3222 gnam
2655 3141 2792 3203 sive
2831 3141 3210 3222 condignam
3249 3140 3326 3202 ad
3369 3141 3556 3224 ipsas.
3591 3141 3934 3222 Propterea

2426 3240 2590 3315 dico,
2623 3240 2791 3322 quod
2835 3256 2952 3301 nec
2992 3239 3353 3314 donatione,
3387 3257 3506 3302 nec
3543 3237 3928 3314 redditione,

2425 3336 2536 3398 sed
2567 3335 3039 3419 dispensatione
3069 3342 3463 3418 praestantur,
3477 3354 3619 3417 quae
3649 3335 3930 3397 mediam

2425 3442 2599 3497 tenet
2629 3434 2819 3498 viam.
2845 3435 3042 3509 Unde,
3067 3434 3370 3517 quoniam
3401 3433 3796 3516 dispensatio
3828 3452 3928 3496 re-

2424 3533 2616 3616 spicit
2656 3534 3050 3596 voluntatem
3100 3533 3166 3596 in
3213 3533 3642 3615 dispensante,
3685 3540 3751 3594 et
3793 3550 3925 3594 me-

2423 3632 2618 3694 ritum
2661 3651 2772 3694 seu
2817 3632 3080 3713 dignum
3131 3631 3542 3713 congruitatis
3585 3631 3650 3693 in
3695 3649 3772 3694 eo
3817 3628 3924 3695 cui

2421 3728 2499 3791 lit
2527 3729 2919 3812 dispensatio
2945 3730 3161 3807 (aliter
3195 3747 3324 3792 non
3361 3729 3775 3812 dispensatio,
3809 3730 3924 3792 sed

2422 3828 2753 3910 dissipatio
2782 3829 3007 3909 esset);
3043 3828 3183 3891 ideo
3214 3829 3281 3891 in
3310 3826 3738 3909 descriptione
3769 3827 3925 3900 dici-

2421 3934 2546 4001 tur,
2581 3920 3282 3990 Rationabiliter'facta.
3325 3926 3488 3988 Hinc
3533 3943 3792 4007 quoque
3831 3925 3926 3988 in-

2419 4025 2762 4106 dulgentiae
2810 4042 2939 4088 non
2987 4033 3137 4087 sunt
3183 4024 3602 4098 conferendae,
3654 4023 3780 4110 nisi
3839 4025 3924 4087 sit

2423 4141 2655 4205 urgens
2697 4123 3065 4198 necessitaS,
3107 4123 3451 4186 evidensve
3497 4122 3762 4198 utilitas,
3803 4124 3922 4186 sic-

810 4221 1005 4283 ritum
1069 4228 1259 4304 atque
1318 4222 1568 4285 devotio
1634 4222 1888 4296 mentm,
1948 4241 2065 4284 nec
2127 4222 2311 4285 aliter
2339 4227 2390 4290 D
2423 4231 2493 4286 ut
2540 4242 2658 4286 nec
2715 4222 2898 4286 aliter
2944 4223 3336 4305 dispensatio
3381 4220 3528 4285 fieri
3577 4219 3787 4284 debet.
3839 4257 3924 4268 —

808 4326 1059 4381 tantum
1105 4319 1315 4382 valere
1364 4325 1673 4402 quantum
1722 4326 1968 4394 sonant,
2012 4339 2130 4382 nec
2173 4322 2312 4384 uni-

808 4418 1141 4481 versaliter
1186 4418 1437 4480 valeant
1493 4418 1638 4500 plus
1687 4419 2035 4482 concedere
2092 4420 2160 4482 in
2220 4420 2312 4482 in-

810 4515 1177 4596 dulgentiis,
1202 4535 1395 4598 quam
1424 4515 1707 4579 Ecclesia
1735 4525 1903 4579 esset
1933 4518 1999 4580 in
2030 4519 2309 4582 servitiis

810 4621 1163 4696 receptura.
1214 4614 1373 4688 Quia
1419 4614 1472 4677 si
1524 4614 1610 4677 ita
1658 4622 1846 4691 esset,
1894 4616 2308 4699 indulgentiae

810 4730 940 4776 non
988 4713 1292 4776 darentur
1342 4713 1467 4776 nisi
1526 4733 1604 4776 ex
1662 4714 1900 4788 debito,
1952 4716 2308 4778 secundum

810 4812 1237 4895 aequalitatem
1264 4811 1531 4893 justitiae
1562 4814 2056 4888 commutativae,
2089 4821 2154 4876 et
2183 4832 2309 4878 non

809 4911 1163 4974 secundum
1195 4911 1477 4992 aliquam
1506 4912 1774 4993 gratiam
1812 4931 1825 4974 :
1861 4912 2081 4996 sicque
2106 4912 2312 4975 indul-

2422 4323 2566 4386 Haec
2612 4321 2940 4396 HenricuS,
2983 4321 3094 4404 qui
3138 4321 3216 4383 de
3260 4320 3360 4382 his
3407 4318 3634 4383 scribit
3677 4320 3922 4385 diffuse

2419 4441 2494 4485 ac
2543 4423 2879 4503 eleganter,
2921 4428 2986 4482 et
3029 4420 3283 4483 videtur
3329 4419 3632 4502 positioni
3675 4419 3918 4483 Alberti

2420 4540 2494 4584 ac
2523 4521 2976 4584 Bonaventurae
3008 4519 3154 4602 plus
3187 4519 3587 4594 concordare,
3604 4537 3752 4581 cum
3783 4520 3922 4602 qui—

2421 4619 2542 4682 bus
2581 4624 2646 4680 et
2683 4617 2770 4679 ait
2807 4635 2970 4699 opus
3015 4618 3560 4700 indulgentiarum
3603 4618 3920 4682 meritori-

2421 4737 2531 4780 um
2581 4715 2773 4778 etiam
2818 4735 2960 4780 esse
3004 4717 3331 4798 augmenti
3376 4717 3593 4799 gratiae
3641 4717 3708 4780 in
3761 4737 3918 4801 prae·

2420 4816 2606 4890 senti,
2641 4835 2715 4879 ac
2753 4815 2971 4896 gloriae
3014 4815 3079 4879 in
3124 4815 3361 4890 sutur0,
3395 4817 3562 4880 sicut
3601 4823 3666 4880 et
3708 4823 3920 4880 cetera

2418 4932 2612 4998 opera
2652 4934 2794 4998 quae
2833 4914 3006 4977 fiunt
3046 4933 3124 4977 ex
3167 4915 3442 4977 caritate.
