4267 6250
499 847 511 859 ³
583 872 819 925 Patr-auo.

842 470 963 541 166

1708 492 1773 538 m
1812 492 2035 539 mmm!
2074 492 2136 538 lv
2179 490 2662 538 smmum.
2703 508 2784 519 —
2823 491 2981 539 ms'r.
3019 490 3084 537 vl

844 664 1171 745 gnandum
1208 664 1377 746 qued
1423 663 1776 744 baptizatus
1816 662 1895 725 fit
1932 660 2350 744 spiritualiter
2376 660 2428 723 A
2457 660 2537 723 ad
2578 661 2885 743 Baptismi
2930 660 3413 744 perfectionem,
3457 660 3637 743 ponit
3677 660 3820 735 tria,
3861 660 3958 723 vi-

846 780 959 825 rex
997 770 1061 825 et
1090 762 1403 837 sacerdos,
1433 762 1615 841 juxta
1655 760 1815 824 illud
1854 760 2208 824 beatissimi
2237 760 2346 822 Pe-

847 858 953 933 tri,
994 860 1119 923 Vos
1161 877 1363 940 genus
1411 859 1711 934 electum,
1756 859 1964 941 regale
2012 857 2348 921 sacerdoti-

697 987 761 1025 .1,
806 1004 820 1017 .
849 976 959 1020 um
974 975 992 1036 3
1040 965 1104 1021 et
1159 958 1317 1020 illud
1365 958 1804 1041 Apocalypsis,
1856 958 2029 1021 Fecit
2081 976 2198 1020 nes
2256 976 2348 1019 re-

845 1075 1045 1137 gnum
1094 1064 1158 1119 et
1204 1056 1561 1119 sacerdotes
1600 1057 1729 1119 Dee
1776 1063 2011 1119 nostre.
2054 1056 2343 1137 Insuper,

848 1162 991 1238 pest
1026 1154 1423 1237 Baptismum
1467 1154 1797 1235 inungitur
1837 1153 2144 1237 parvulus
2181 1153 2346 1215 chri-

848 1261 1050 1317 smate
1099 1253 1165 1315 in
1217 1254 1478 1327 vertice,
1524 1253 1601 1317 ad
1660 1252 2125 1334 designandum
2177 1252 2345 1334 quod

849 1351 1204 1434 baptizatus
1233 1351 1425 1414 debet
1453 1350 1689 1414 habere
1718 1350 1991 1413 nitorem
2026 1350 2349 1413 censcien-

846 1450 973 1525 tiae,
1008 1458 1072 1513 et
1099 1450 1359 1513 ederem
1399 1449 1583 1513 benae
1613 1448 1816 1512 famae.
1854 1448 2144 1511 Chrisma
2173 1448 2349 1511 enim

850 1547 1193 1611 conficitur
1231 1566 1308 1609 ex
1352 1547 1493 1610 oleo
1537 1555 1601 1609 et
1638 1546 1941 1611 balsamo.
1977 1546 2200 1610 Oleum
2243 1566 2351 1609 au-

836 1654 979 1709 ·tem
1033 1664 1149 1710 sue
1201 1646 1405 1709 nitore
1456 1645 1664 1728 signat
1714 1645 2119 1709 conscientiae
2175 1645 2349 1726 puri-

847 1753 1078 1825 tatem3
1129 1744 1485 1807 balsamum
1535 1762 1687 1806 vere
1736 1761 1851 1806 suo
1899 1744 2113 1816 edere,
2166 1743 2348 1807 benae

2456 759 2689 822 delicet
2720 776 2734 821 ε
2769 759 2966 823 vestis
3003 760 3434 834 traditionem,
3477 759 3843 822 chrismatis
3883 759 3960 821 li-

2455 857 2766 921 nitionem
2816 858 2882 921 in
2927 858 3156 940 capite,
3199 865 3262 921 et
3304 857 3782 941 perceptionem
3831 858 3958 919 Eu-
4057 926 4068 935 ,

2455 955 2788 1019 charistiae.

2536 1054 2600 1116 Si
2649 1062 2863 1117 autem
2913 1053 3274 1135 objiciatur,
3326 1054 3498 1136 quod
3555 1073 3669 1136 per
3725 1073 3958 1117 manus

2457 1151 2936 1235 impositionem
2993 1153 3180 1215 datur
3227 1151 3502 1234 Spiritus
3550 1153 3818 1216 Sanctus
3878 1154 3958 1216 ad

2457 1250 2653 1314 robur
2703 1251 2769 1313 in
2821 1249 3342 1325 confirmatione,
3394 1269 3544 1333 erge
3589 1269 3715 1315 non
3765 1251 3962 1314 debet

2457 1349 2599 1412 fieri
2635 1350 2698 1411 in
2731 1349 3088 1431 Baptism03
3120 1348 3489 1423 dicendum,
3523 1350 3691 1432 quod
3723 1349 3959 1432 triplex

2457 1466 2683 1509 manus
2718 1448 3041 1531 impositio
3071 1448 3273 1509 datur.
3291 1448 3422 1510 Una
3451 1448 3517 1510 in
3547 1448 3957 1521 catechismo,

2457 1553 2528 1607 ut
2584 1544 3000 1627 baptizandus
3059 1545 3392 1609 roboretur
3452 1546 3518 1609 in
3574 1546 3708 1609 fide
3765 1546 3830 1608 in
3893 1566 3962 1610 se

2459 1643 2616 1725 ipse.
2664 1643 2804 1706 Alia
2852 1644 2918 1705 in
2969 1644 3345 1717 exorcismo,
3393 1652 3464 1707 ut
3511 1644 3844 1708 roboretu‘i·
3895 1645 3960 1708 in

2459 1760 2672 1824 pugna
2719 1749 2932 1804 centra
2975 1742 3322 1805 diabolum.
3359 1742 3566 1805 Tertia
3609 1743 3674 1805 in
3718 1743 3966 1807 Confir-

846 1844 1033 1907 famae
1072 1842 1501 1926 fragrantiam.
1538 1842 1778 1906 Deinde
1813 1842 1998 1904 datur
2030 1841 2346 1924 baptizato
2383 1840 2431 1901 B
2461 1840 2761 1914 matione,
2796 1848 2866 1901 ut
2896 1839 3228 1903 roboretur
3261 1840 3326 1903 in
3363 1839 3762 1904 confessione
3801 1841 3962 1904 fidei

844 1940 1063 2016 vestis,
1106 1949 1171 2003 et
1216 1939 1453 2003 dicitur
1498 1940 1580 2013 ei,
1630 1939 1868 2021 Accipe
1915 1946 2198 2001 sanctam
2245 1958 2350 2001 ve-

846 2047 1010 2103 stem
1062 2056 1077 2099 ε
1128 2057 1271 2120 quae
1328 2045 1501 2099 notat
1561 2036 1866 2099 mundam
1926 2038 2348 2100 conversatio-

847 2156 1019 2212 nem,
1082 2145 1147 2199 et
1202 2135 1311 2218 pia
1367 2136 1779 2217 virtuosaque
1836 2153 2049 2217 opera,
2111 2136 2348 2218 quibus

846 2235 1056 2300 omnis
1086 2234 1441 2317 baptizatus
1472 2232 1661 2295 debet
1687 2233 1927 2314 jugiter
1953 2233 2214 2315 operiri,
2248 2234 2350 2296 de-

848 2332 1051 2397 corari
1091 2350 1165 2395 ac
1200 2332 1463 2414 protegi.
1498 2366 1578 2377 —
1608 2331 1751 2394 Haec
1789 2331 2344 2395 AntisiodorensiS.

928 2433 1233 2495 Praeterea
1271 2431 1350 2493 de
1388 2430 1488 2492 his
1534 2429 1771 2492 diffuse
1806 2429 2156 2493 conscribit
2193 2430 2350 2493 The-

849 2550 987 2595 mas
1021 2550 1034 2595 :
1066 2529 1495 2612 Prosequitur,
1540 2528 1859 2611 inquienS,
1907 2528 1966 2592 S.
2011 2528 2348 2611 Dionysius

846 2630 1044 2693 ritum
1083 2627 1390 2710 Baptismi
1434 2628 1546 2709 qui
1587 2626 1650 2690 in
1692 2626 2018 2709 primitiva
2066 2626 2350 2691 Ecclesia

847 2727 1219 2791 servabatur
1265 2726 1331 2787 in
1380 2724 1629 2789 solenni
1672 2724 2097 2788 celebratione
2140 2726 2348 2808 Bapti-

847 2826 993 2901 smi,
1035 2824 1289 2908 quando
1336 2823 1535 2886 adulti
1584 2823 1662 2885 ad
1718 2823 2115 2905 Baptismum
2172 2824 2348 2887 veni-

846 2923 1057 2988 ebant.
1100 2922 1259 2985 Hinc
1295 2928 1567 3004 quatuor
1616 2940 1731 3003 per
1777 2920 2067 2983 ordinem
2115 2921 2344 3003 ponit:

2460 1945 2678 2000 contra
2735 1956 3064 2020 pressuras
3121 1938 3363 2001 mundi.
3415 1974 3497 1985 —
3544 1939 3832 2022 Denique
3881 1940 3962 2001 de

2459 2035 3026 2099 sacramentalibus
3059 2036 3198 2099 istis
3229 2057 3369 2120 quae
3401 2036 3725 2120 pertinent
3751 2039 3831 2100 ad
3863 2056 3962 2100 se-

2461 2134 2831 2197 lennitatem
2880 2134 3211 2216 Baptismi,
3253 2136 3545 2218 quaedam
3587 2135 3849 2199 fuerunt
3895 2138 3964 2199 in

2461 2233 2787 2316 primitiva
2819 2233 3102 2295 Ecclesia
3130 2253 3272 2316 quae
3307 2236 3495 2297 modo
3525 2252 3652 2298 nen
3693 2243 3866 2307 sunt,
3901 2243 3964 2299 et

2461 2332 2750 2414 quaedam
2797 2331 3204 2415 superaddita
3247 2341 3414 2394 sunt.
3453 2332 3630 2395 Unde
3675 2333 3740 2395 in
3785 2351 3966 2397 exor-

2460 2429 2662 2492 cismo
2688 2429 2932 2511 aliquid
2963 2437 3060 2491 est
3090 2429 3508 2504 subtractum,
3544 2438 3614 2493 ut
3642 2439 3818 2513 patet
3847 2450 3966 2513 per

2461 2528 2655 2589 ritum
2700 2545 2893 2609 quem
2931 2528 3226 2590 Rabanus
3267 2527 3472 2602 docet,
3507 2536 3660 2611 puta
3697 2547 3964 2591 cenver-

2461 2626 2556 2689 sio
2593 2625 2670 2687 ad
2710 2626 3022 2689 orientem
3058 2633 3122 2689 et
3151 2626 3584 2706 occidentem3
3626 2635 3690 2689 et
3717 2627 3964 2709 aliquid

2459 2724 2746 2786 additum
2780 2731 2895 2797 est,
2929 2731 3000 2785 ut
3030 2724 3180 2786 salis
3214 2723 3468 2798 cibatio,
3500 2733 3566 2788 et
3593 2725 3848 2787 aurium
3887 2744 3966 2789 ac

2461 2823 2632 2885 naris
2682 2841 2830 2885 cum
2883 2831 3073 2906 sputo
3121 2822 3329 2886 linitio
3371 2841 3386 2885 ε
3428 2824 3508 2886 de
3556 2842 3830 2907 quorum
3879 2825 3966 2887 si-

2460 2920 2871 3002 gnificatione
2908 2921 3040 3002 jam
3080 2921 3324 2984 dictum
3364 2929 3477 2984 est.
3512 2957 3594 2968 —
3629 2924 3961 2999 Praeterea,
3997 2938 4242 2995 cfimssu:

846 3040 1119 3105 quorum
1158 3019 1441 3102 primum
1482 3026 1725 3100 spectat
1752 3019 1831 3081 ad
1862 3018 2345 3095 catechismum,
2385 3019 2429 3083 C
2463 3019 2630 3081 circa
2660 3019 3058 3101 Baptismum
3089 3028 3186 3082 est
3215 3020 3448 3102 triplex
3488 3020 3792 3083 inunctio.
3829 3022 3968 3085 Una

847 3116 1201 3184 secundum
1272 3117 1351 3180 ad
1420 3116 1873 3191 exorcismum,
1940 3118 2200 3180 tertium
2270 3117 2349 3180 ad

846 3218 1267 3301 Baptismum,
1301 3223 1599 3298 quartum
1634 3214 1714 3278 ad
1747 3216 2152 3297 Baptismatis
2188 3234 2350 3280 cem-

850 3318 1264 3400 plementum.
1298 3315 1391 3377 Ad
1422 3314 1884 3376 catechismum
1918 3315 2240 3396 pertinent
2271 3317 2350 3378 is-

846 3423 912 3478 ta
954 3433 1069 3497 per
1107 3414 1418 3476 ordinem.
1452 3411 1684 3486 Primo,
1720 3412 2054 3475 instructio
2097 3413 2176 3475 de
2218 3413 2350 3476 fide

849 3533 965 3597 per
996 3512 1508 3595 praedicationem
1540 3509 1860 3592 episcopi3
1884 3511 2182 3585 secundo,
2205 3530 2351 3574 ceu-

848 3612 1059 3676 versie
1093 3609 1377 3672 infidelis
1414 3609 1494 3672 ad
1536 3607 1755 3682 fidem,
1790 3615 1853 3670 et
1881 3628 2174 3672 accessus
2209 3610 2349 3690 ejus

846 3711 923 3773 ad
956 3710 1331 3792 episcopum
1362 3708 1681 3771 mediante
1712 3708 1977 3789 patrino,
1993 3727 2179 3791 quem
2207 3728 2351 3770 ana-

846 3807 1123 3872 dochum
1155 3813 1377 3884 vocat3
1412 3805 1623 3880 tertie,
1657 3805 2002 3886 gratiarum
2041 3806 2230 3880 actio,
2263 3813 2352 3868 at-

847 3925 973 3988 que
1021 3904 1221 3969 oratio
1259 3903 1340 3966 ab
1381 3903 1684 3985 episcope
1731 3909 1795 3965 et
1842 3903 2093 3966 clericis
2142 3903 2348 3984 facta3

846 4011 1091 4087 quarte,
1139 4001 1362 4085 petitio
1409 4001 1739 4083 Baptismi,
1783 4009 1847 4062 et
1888 4001 2202 4083 professio
2245 4003 2352 4066 eb-

846 4102 1181 4167 servantiae
1244 4099 1605 4163 christianae
1662 4099 1991 4180 religionis
2020 4117 2037 4179 ;
2086 4101 2346 4182 quinte,

2461 3137 2604 3200 quae
2645 3116 2717 3180 fit
2767 3117 2908 3181 eleo
2949 3126 3166 3182 sancto
3203 3127 3514 3202 quantum
3551 3120 3630 3182 ad
3669 3120 3966 3183 catech'u-

2462 3234 2705 3290 menOS,
2738 3236 2880 3299 quae
2925 3218 3278 3280 secundum
3327 3217 3544 3281 beatos
3586 3218 3965 3302 Dionysium

2461 3323 2525 3377 et
2561 3314 2991 3389 Ambrosium,
3025 3314 3104 3377 fit
3142 3315 3206 3377 in
3247 3316 3501 3397 signum
3544 3309 3774 3399 pugna}
3815 3336 3966 3380 con-

2459 3420 2558 3475 tra
2607 3414 2967 3488 inimicum,
3015 3415 3182 3477 sicut
3225 3414 3477 3478 athletae
3529 3415 3964 3496 inunguntur3

2461 3512 2562 3574 vel
2595 3513 2947 3576 secundum
2979 3512 3329 3588 Rabanum,
3353 3522 3426 3576 ut
3453 3514 3645 3577 nullae
3675 3514 3967 3597 reliquiae

2464 3609 2717 3673 latentis
2777 3610 3025 3673 inimici
3088 3620 3477 3674 remaneant.
3539 3613 3832 3676 Secunda
3886 3613 3969 3677 fit

2462 3716 2604 3789 pest
2646 3708 2967 3790 Baptisma
3010 3728 3158 3772 cum
3203 3709 3546 3773 chrismate
3591 3711 3656 3772 in
3695 3712 3964 3786 vertice,

2462 3813 2533 3867 ut
2580 3805 2746 3868 sicut
2793 3826 2908 3889 per
2955 3827 3136 3889 aquae
3182 3807 3578 3872 ablutionem
3626 3808 3970 3873 denotatur

2462 3905 2830 3968 emundatio
2876 3924 2913 3967 a
2959 3906 3260 3988 peccatiS,
3304 3907 3392 3968 ita
3437 3926 3554 3988 per
3599 3907 3968 3972 chrismatis

2462 4001 2820 4066 linitionem
2880 4003 2947 4064 in
3008 4005 3245 4068 vertice
3303 4005 3706 4096 significetur
3759 4009 3966 4087 gratia

2462 4102 2690 4166 collata
2733 4103 2800 4165 in
2846 4111 3060 4166 mente
3104 4104 3182 4166 ad
3224 4103 3388 4167 bene
3432 4107 3850 4187 operandum,
3893 4115 3966 4170 ut

847 4200 1167 4284 impositio
1193 4218 1431 4272 manus,
1447 4205 1511 4261 et
1538 4196 1809 4279 signatio
1839 4197 2138 4280 baptizati
2171 4200 2351 4281 signe
2381 4205 2431 4267 D
2461 4200 2611 4262 boni
2664 4201 2818 4264 eder
2866 4202 3144 4284 exempli
3203 4202 3281 4264 ad
3328 4203 3486 4264 alies
3533 4203 3960 4267 diffundatur.

848 4300 1096 4378 crucis3
1138 4304 1336 4371 sexte,
1382 4296 1767 4378 conscriptio
1816 4296 1957 4377 ejus
2004 4317 2078 4360 ac
2120 4299 2350 4362 anade-

850 4396 975 4459 chi.
1018 4397 1335 4470 Quantum
1375 4393 1451 4456 ad
1494 4392 1921 4456 exorcismum
1964 4403 2200 4470 autem,
2243 4415 2351 4477 pe-

849 4501 1092 4557 nuntur
1133 4499 1422 4574 quatuor.
1454 4491 1686 4564 Prim0,
1720 4490 2087 4555 exsufflatio
2126 4513 2350 4558 versus

846 4593 1270 4665 occidentem,
1284 4597 1349 4652 et
1374 4587 1874 4668 abrenuntiati03
1902 4591 2205 4664 secunde,
2220 4611 2349 4654 ma-

845 4711 1050 4756 nuum
1091 4690 1171 4753 ad
1210 4688 1445 4752 coelum
1490 4687 1748 4761 erectio,
1782 4706 1931 4749 cum
1972 4707 2154 4752 sacra
2189 4690 2346 4752 fidei

842 4787 1245 4855 confessione
1301 4793 1366 4848 et
1414 4784 1775 4850 christianae
1832 4784 2160 4868 religionis
2211 4807 2350 4870 pre-

839 4888 1161 4965 fession03
1200 4885 1407 4959 tertie,
1442 4884 1663 4960 oratio,
1706 4884 2069 4948 benedictio
2110 4893 2176 4948 et
2221 4906 2350 4950 ma-

840 5007 963 5052 nus
994 4983 1353 5067 impositi03
1386 4990 1633 5066 quarte,
1661 4983 2005 5047 denudatio
2034 4992 2098 5046 et
2128 4985 2349 5048 unctio

839 5086 981 5151 olee
1011 5089 1242 5148 sancte.
1260 5081 1569 5155 Quantum
1600 5082 1791 5144 etiam
1822 5081 1899 5144 ad
1930 5082 2343 5163 Baptismum,

844 5184 1025 5268 penit
1050 5181 1283 5244 trinam
1317 5180 1819 5254 immersionem,
1850 5199 1998 5242 cum
2028 5180 2172 5242 aliis
2203 5198 2346 5262 quae

842 5283 921 5347 ad
949 5280 1344 5364 Baptismum
1376 5277 1806 5361 requiruntur.
1842 5279 2159 5352 Quantum
2191 5298 2344 5344 vero

2458 4299 2670 4362 Tertia
2711 4298 2789 4361 fit
2827 4299 2891 4361 in
2932 4299 3450 4374 Confirmatiene,
3484 4301 3564 4364 de
3602 4321 3726 4384 qua
3769 4302 3958 4366 infra.

2542 4398 2745 4461 Debet
2803 4405 3014 4461 autem
3081 4398 3506 4462 catechismus
3560 4400 3964 4482 Baptismum

2463 4496 2838 4578 praecedere.
2901 4496 3059 4559 Nam
3117 4497 3283 4559 sicut
3342 4497 3408 4559 in
3467 4497 3612 4560 aliis
3673 4499 3963 4562 scientiis

2460 4600 2650 4676 atque
2693 4593 3000 4657 doctrinis
3041 4595 3330 4677 quaedam
3375 4605 3524 4658 sunt
3563 4598 3958 4672 communia,

2461 4691 2696 4772 quibus
2746 4691 3047 4774 ignoratis
3097 4712 3198 4755 ars
3251 4693 3614 4775 ignoratur-3
3664 4695 3959 4776 quaedam

2459 4808 2612 4852 vero
2669 4798 2817 4852 sunt
2875 4791 3154 4873 propria,
3208 4811 3348 4874 quae
3405 4792 3544 4855 sine
3603 4794 3962 4875 ignorantia

2461 4887 2634 4950 illius
2672 4887 2825 4950 artis
2864 4897 3131 4970 possunt
3159 4889 3431 4971 ignorari
3466 4909 3480 4954 ε
3517 4891 3604 4953 ita
3634 4891 3700 4953 in
3729 4891 3962 4954 doctri-

2459 5005 2540 5048 na
2579 4985 2730 5048 fidei
2771 4993 2921 5048 sunt
2959 4989 3250 5069 quaedam
3289 4989 3676 5064 communia,
3711 4997 3780 5051 ut
3811 4991 3962 5052 arti-

2456 5084 2582 5146 culi
2633 5084 2807 5158 fidei,
2852 5085 3251 5167 previdentia
3288 5087 3422 5162 Dei,
3463 5086 3752 5150 futurum
3789 5089 3962 5168 judi-

2457 5183 2650 5256 cium,
2685 5191 2747 5246 et
2785 5184 3166 5260 consimilia,
3199 5186 3278 5247 de
3316 5185 3554 5266 quibus
3597 5186 3958 5250 instruendi

2457 5289 2607 5344 sunt
2644 5281 3002 5365 baptizandi
3041 5292 3188 5347 ante
3216 5283 3652 5366 Baptismum;
3691 5285 3770 5348 de
3809 5286 3956 5350 aliis
