4267 6250
838 464 959 529 470
1476 481 1540 529 m
1580 481 1803 528 Lunum
1845 482 1907 527 ιν
1947 480 2431 529 summanum
2472 500 2554 511 —
2593 482 2747 529 msr.
2787 482 2958 546 xvn3
3001 482 3226 539 onsssr.
3267 482 3308 527 v

838 672 981 736 quae
1008 672 1087 716 ex
1116 652 1451 736 principiis
1482 660 1723 717 naturae
1753 660 2125 733 nascuntur3
2149 672 2340 736 supra
2365 652 2416 717 A
2447 653 2558 717 sia.
2599 688 2681 699 —
2726 654 2871 717 Haec
2918 653 3189 716 Thomas
3233 652 3298 715 in
3349 652 3619 735 Scripto.
3661 650 3945 725 Qualiter

838 760 1131 815 naturam
1162 770 1335 827 vero,
1367 772 1509 834 quae
1538 752 1704 815 Deus
1734 751 1857 815 sibi
1890 758 2172 815 reservat
2199 752 2337 815 sine
2444 758 2656 815 autem
2693 771 2730 814 a
2769 752 3016 815 Christo
3057 750 3417 814 institutum
3457 750 3542 813 sit
3577 750 3698 813 hoc
3735 767 3942 812 sacra-

838 858 1081 915 naturae
1112 850 1469 915 ministerio
1497 869 1570 913 ac
1600 849 1823 914 ordine
1854 852 2234 933 peragenda,
2271 850 2336 912 in
2447 858 2758 923 mentum,
2799 856 2946 925 etc.,
2977 850 3222 912 dictum
3261 856 3359 911 est
3405 866 3620 930 supra,
3661 847 3943 909 secunda

837 949 1142 1031 operibus
1190 949 1643 1013 miraculorum
1688 956 1797 1011 aut
1838 948 2337 1011 revelationibus
2444 948 2874 1023 distinctione,
2907 948 3256 1029 quaestione
3286 947 3364 1009 de
3397 954 3940 1009 sacramentorum
3995 970 4230 1023 quana.

840 1048 1305 1131 mysteriorum,
1320 1067 1428 1111 seu
1460 1047 1959 1110 institutionibus
1989 1066 2340 1110 sacramen·
2443 1046 2707 1128 origine.
3217 1051 3226 1063 '

731 1218 733 1221 y
837 1153 1067 1209 torum.
1090 1146 1319 1227 Sicque
1350 1144 1666 1208 confessio
1695 1150 1791 1207 est
1820 1145 1897 1207 de
1924 1144 2069 1226 jure
2098 1145 2332 1219 divino,
2525 1144 2798 1207 Ulterius
2842 1146 3090 1226 quaerit,
3122 1164 3201 1206 an
3247 1143 3439 1207 homo
3481 1141 3776 1206 conscius
3813 1141 3939 1204 sibi

839 1261 966 1307 non
997 1243 1288 1306 naturali.
1312 1278 1393 1288 —
1414 1243 1767 1306 Auctoritas
1802 1261 1951 1325 ergo
1982 1243 2337 1307 Salomonis
2444 1244 2522 1307 de
2553 1243 2804 1307 mortali
2833 1252 3110 1326 peccato,
3125 1250 3417 1306 teneatur
3445 1260 3593 1305 mox
3623 1240 3940 1303 confiteri.

838 1350 903 1407 et
945 1341 1306 1405 consimilia
1354 1342 1549 1405 verba
1592 1341 1954 1424 Scripturae,
1990 1342 2338 1423 loquuntur

838 1458 966 1503 non
1017 1441 1096 1503 de
1146 1440 1545 1503 consessione
1593 1440 2054 1515 sacramentali,
2096 1442 2206 1504 sed
2256 1442 2335 1504 de

842 1557 917 1601 ea
945 1558 1087 1620 quae
1118 1538 1196 1600 rit
1234 1556 1447 1602 coram
1478 1539 1627 1612 De0,
1662 1558 1853 1620 quam
1895 1546 1959 1601 et
1998 1539 2190 1621 primi
2227 1558 2334 1622 pa-

836 1646 1047 1700 rentes
1092 1637 1488 1719 reliquerunt
1528 1656 1597 1699 se
1641 1637 2020 1700 excusando.

918 1736 1223 1799 Praeterea
1259 1735 1337 1797 ad
1376 1734 1845 1798 consessionem
1886 1736 2075 1799 modo
2116 1744 2335 1798 tenen-

2445 1342 2521 1404 Et
2542 1341 2792 1405 videtur
2820 1343 2989 1424 quod
3027 1342 3178 1417 imo,
3200 1342 3352 1423 quia
3381 1339 3811 1424 periculosum
3843 1347 3944 1401 est

2446 1441 2829 1504 medicinam
2873 1440 3138 1503 differre
3175 1440 3440 1503 vulnere
3479 1439 3611 1520 jam
3654 1437 3941 1516 inllict03

2445 1545 2509 1601 et
2551 1540 2935 1621 specialiter,
2968 1540 3120 1621 quia
3157 1538 3480 1601 nescimus
3520 1537 3690 1600 diem
3729 1555 3944 1619 neque
3973 1546 4254 1597 Metram«.

2445 1638 2685 1700 horam.
2719 1638 3053 1701 Peccatum
3093 1654 3348 1720 quoque
3387 1636 3556 1718 quod
3595 1655 3711 1719 per
3739 1635 3946 1717 poeni-
3977 1614 4047 1653 ¹³·

2445 1736 2711 1799 tentiam
2743 1754 2869 1799 non
2899 1737 3168 1811 deletur,
3193 1754 3309 1799 suo
3341 1754 3488 1798 mox
3517 1735 3796 1817 pondere
3825 1742 3948 1796 tra-

837 1840 942 1895 tur
976 1833 1200 1897 l'ideles
1236 1833 1596 1916 dupliciter.
1634 1834 1866 1909 Primo,
1900 1834 2045 1915 jure
2091 1834 2332 1909 divino,
2365 1830 2410 1893 B
2449 1836 2545 1898 bit
2573 1836 2652 1898 ad
2681 1835 3246 1909 aliud,secundum
3279 1834 3952 1915 Gregorium.Propter

839 1951 917 1995 ex
966 1932 1085 1996 hoc
1143 1933 1312 2014 quod
1372 1939 1469 1995 est
1526 1932 1845 1995 medicina
1896 1950 1911 1994 :
1963 1939 2027 1995 et
2076 1934 2162 1995 ita
2211 1951 2335 1996 non
2448 1934 2618 2015 quod
2658 1934 2836 2013 Hugo
2881 1932 3114 1995 fatetur
3146 1950 3160 1994 :
3195 1932 3260 1995 Si
3299 1949 3426 1995 non
3467 1939 3564 1994 est
3604 1931 3953 1995 necessitas

840 2049 1063 2094 omnes
1106 2031 1182 2093 ad
1224 2029 1691 2093 confessionem
1740 2037 2058 2104 tenentur,
2092 2032 2205 2093 sed
2247 2031 2339 2094 illi
2448 2050 2590 2112 quae
2639 2030 3088 2112 praetendatur,
3139 2029 3360 2091 dilatio
3409 2046 3532 2092 non
3585 2035 3948 2091 excusatur.

840 2130 1169 2192 dumtaxat
1209 2128 1321 2211 qui
1368 2135 1511 2210 post
1552 2128 1947 2210 Baptismum
1994 2129 2342 2192 mortaliter
2447 2164 2528 2174 —
2568 2129 2637 2190 In
2687 2127 3054 2210 oppositum
3103 2134 3220 2199 est,
3262 2126 3416 2209 quia
3462 2126 3516 2189 si
3567 2125 3680 2201 sic,
3726 2144 3956 2188 omnes

544 2835 672 2881 Rom.
684 2838 816 2889 maa.

842 2234 1288 2310 peccaverunt.
1324 2226 1636 2300 Secund0,
1669 2245 1747 2288 ex
1778 2234 2095 2309 praecepto
2129 2227 2342 2291 Eccle-

843 2325 953 2389 siae
981 2325 1275 2407 jurisque
1314 2324 1570 2407 positivi
1608 2341 1621 2387 ε
1656 2332 1720 2387 et
1759 2325 1845 2388 ita
1882 2326 1960 2388 ad
2000 2326 2342 2389 confessio-

842 2443 990 2487 nem
1038 2424 1394 2487 faciendam
1438 2424 1516 2486 ad
1563 2424 1775 2486 minus
1816 2424 2012 2486 semel
2064 2424 2129 2487 in
2176 2444 2343 2489 anno

842 2541 1065 2587 omnes
1123 2528 1423 2585 tenentur
1471 2541 1549 2585 ex
1597 2521 1995 2586 institutione
2054 2523 2219 2586 facta
2277 2525 2340 2586 in

842 2621 1124 2703 generali
1166 2620 1444 2685 concilio
1484 2621 1604 2683 sub
1652 2621 2022 2684 Innocentio
2070 2622 2172 2697 111,
2205 2630 2342 2685 tum

846 2728 917 2782 ut
944 2719 1217 2801 quilibet
1247 2727 1643 2801 peccatorem
1674 2738 1741 2781 se
1771 2738 1909 2781 esse
1942 2738 2347 2801 recognosce-

846 2826 956 2891 ret,
990 2818 1293 2899 quoniam
1333 2836 1555 2881 omnes
1597 2826 2023 2899 peccaverunt
2059 2824 2123 2880 et
2160 2825 2349 2899 egent

846 2916 1047 2997 gratia
1077 2915 1227 2995 Dei;
1258 2924 1395 2977 tum
1437 2922 1509 2976 ut
1547 2934 1693 2978 cum
1725 2916 2080 2979 reverentia
2118 2917 2344 2997 majori

2450 2226 2634 2308 quasi
2667 2226 2854 2289 modo
2885 2227 3188 2289 continuo
3229 2232 3568 2307 peccarent
3601 2224 3960 2287 mortaliter

2451 2323 2919 2387 confessionem
2960 2323 3342 2397 differendo,
3375 2329 3438 2385 et
3477 2322 3798 2385 videretur
3839 2321 3956 2383 Ec-

2452 2421 2646 2484 clesia
2673 2422 2856 2503 quasi
2887 2421 3577 2504 reprehensibiliS,non
3609 2420 3960 2484 informan-

2452 2521 2533 2583 do
2571 2519 2741 2583 filios
2780 2538 2930 2583 suos
2972 2521 3050 2583 de
3090 2520 3466 2583 necessitate
3505 2519 3623 2582 hac
3661 2519 3959 2602 protinus

2453 2619 2825 2682 confitendi.

2535 2718 2613 2779 Et
2651 2718 2992 2800 respondet
3024 2735 3038 2779 ε
3072 2717 3278 2791 Quum
3323 2716 3720 2799 propositum
3752 2716 3960 2780 conl'i-

2455 2815 2627 2877 tendi
2657 2806 2989 2879 annexum
3011 2815 3094 2878 sit
3122 2814 3672 2889 contritioni,tunc
3702 2823 3962 2878 tenetur

2457 2913 2600 2995 quis
2630 2914 2707 2976 ad
2751 2914 2918 2976 istud
2961 2914 3380 2995 propositum,
3412 2914 3666 2995 quando
3703 2922 3962 2976 tenetur

847 3013 1366 3091 communicent3
1417 3019 1553 3074 tum
1614 3020 1686 3075 ut
1732 3012 2004 3094 subjecti
2058 3014 2190 3076 suis
2241 3033 2347 3096 pa·
2385 3010 2429 3073 C
2457 3013 2534 3075 ad
2564 3012 3034 3085 contritionem,
3070 3012 3367 3075 videlicet
3405 3013 3661 3094 quando
3695 3020 3962 3095 peccata

848 3111 1127 3175 storibus
1178 3110 1597 3186 innotescant,
1632 3131 1712 3174 ne
1762 3111 1927 3176 inter
1964 3132 2114 3177 oves
2159 3112 2348 3177 lateat

852 3210 1063 3294 lupuS.

848 3313 857 3318 “
930 3307 994 3370 Si
1026 3315 1239 3369 autem
1271 3307 1415 3388 quis
1446 3306 1825 3382 sciscitetur,
1843 3326 1922 3370 an
1956 3325 2103 3370 cum
2133 3309 2350 3391 aliquo

849 3406 1058 3469 valeat
1106 3405 1485 3488 dispensari,
1536 3426 1616 3469 ne
1666 3406 2091 3488 confiteatur3
2135 3409 2350 3471 dicen-

851 3506 1027 3577 dum,
1060 3505 1231 3586 quod
1276 3505 1552 3566 ministri
1602 3505 1666 3566 in
1710 3504 1994 3568 Ecclesia
2041 3506 2350 3570 divinitus

852 3603 1117 3666 fundata
1144 3621 1217 3664 ac
1248 3601 1536 3665 ordinata
1576 3602 1998 3666 instituuntur
2031 3624 2045 3667 :
2083 3606 2223 3668 ideo
2263 3607 2354 3668 in-

852 3700 1099 3764 stitutio
1139 3699 1439 3764 Ecclesiae
1479 3702 1994 3783 praesupponitur
2020 3704 2099 3765 ad
2138 3722 2354 3787 opera-

2457 3118 2804 3175 occurrunt
2852 3111 3196 3184 memoriae,
3231 3110 3584 3194 praesertim
3627 3110 3694 3174 in
3737 3111 3962 3195 aliquo

2456 3210 2679 3291 grandi
2707 3209 3009 3293 periculo,
3027 3217 3217 3292 atque
3244 3211 3307 3272 in
3332 3209 3601 3273 articulo
3629 3211 3692 3272 in
3724 3229 3854 3292 quo
3881 3212 3968 3273 si-

2459 3328 2539 3372 ne
2580 3308 2824 3391 peccati
2863 3309 3240 3372 remissione
3279 3316 3599 3391 oporteret
3631 3329 3780 3372 eum
3813 3329 3964 3392 pec-

2459 3416 2670 3470 catum
2721 3409 3069 3483 incurrere,
3112 3407 3280 3470 sicut
3323 3409 3478 3471 dum
3521 3408 3964 3472 celebraturus

2459 3515 2626 3570 esset
2671 3515 2780 3569 aut
2828 3508 3434 3570 communicaturus.
3481 3507 3721 3570 ldcirco
3765 3507 3968 3589 jussit

2461 3605 2744 3668 Ecclesia
2773 3604 2969 3668 semel
3003 3606 3068 3666 in
3100 3623 3267 3668 anno
3304 3605 3619 3681 confiteri,
3655 3607 3962 3688 quoniam

2455 3704 2648 3785 jussit
2693 3703 2889 3766 semel
2944 3704 3008 3765 in
3058 3722 3225 3766 anno
3274 3705 3766 3766 communicare.
3815 3705 3965 3770 Alio

853 3799 1093 3862 tionem
1155 3799 1614 3861 ministrorum.
1678 3799 2013 3882 Quumque
2072 3801 2356 3866 Ecclesia
2461 3803 2647 3866 modo
2677 3801 2996 3882 obligatur
3023 3801 3210 3865 homo
3237 3802 3314 3864 ad
3344 3802 3812 3866 consessionem
3845 3823 3966 3885 per

855 3896 1161 3959 fundetur
1200 3896 1265 3958 in
1306 3895 1438 3958 fide
1478 3903 1542 3958 et
1578 3898 2012 3972 sacramentis,
2045 3899 2122 3960 ad
2170 3901 2352 3962 mini-

856 4002 1019 4058 stros
1076 4013 1204 4058 non
1259 3995 1535 4076 pertinet
1583 4011 1781 4057 novos
1838 3993 1992 4058 fidei
2049 3997 2350 4061 articulos

852 4093 1064 4168 edere,
1096 4099 1207 4154 aut
1254 4093 1457 4155 editos
1506 4110 1854 4166 removere,
1889 4113 2007 4156 nec
2050 4113 2216 4158 nova
2258 4096 2351 4158 in-

2460 3921 2526 3964 se
2563 3918 2576 3962 t
2612 3900 2831 3982 sicque
2871 3901 3092 3963 eadem
3124 3901 3283 3965 ratio
3323 3909 3421 3964 est
3449 3901 3527 3963 de
3559 3900 3966 3965 consessione

2457 4006 2524 4061 et
2551 3998 2895 4080 Baptism0,
2930 3999 3081 4079 quia
3112 4006 3454 4081 utrumque
3485 4006 3582 4062 est
3610 4018 3970 4063 sacramen·

2457 4105 2596 4159 tum
2661 4097 3076 4160 necessitatis.
3139 4098 3230 4161 Ad
3290 4099 3686 4180 Baptismum
3743 4107 3964 4164 autem

853 4193 1118 4255 stituere
1146 4199 1559 4264 sacramenta,
1593 4209 1711 4254 nec
1741 4209 2069 4256 removere
2094 4194 2227 4275 jam
2261 4195 2353 4257 in·
2379 4198 2429 4260 D
2461 4196 2940 4279 percipiendum
2972 4214 3096 4259 non
3125 4204 3368 4259 tenetur
3395 4197 3538 4279 quis
3567 4199 3780 4260 statim
3811 4199 3964 4262 dum

856 4291 1093 4352 stituta.
1127 4291 1260 4352 lmo
1308 4289 1429 4351 hoc
1473 4297 1567 4352 est
1612 4297 1887 4371 potestas
1935 4293 2347 4368 excellentiae,

855 4405 999 4471 quae
1028 4386 1147 4451 soli
1178 4387 1447 4449 debetur
1476 4387 1745 4462 Christo,
1780 4389 1889 4470 qui
1920 4397 2017 4451 est
2053 4391 2351 4456 Ecclesiae

856 4486 1369 4559 fundamentum,
1422 4485 1745 4548 institutor
1800 4493 1862 4548 et
1921 4494 2127 4568 caput.
2192 4489 2350 4552 Hinc

856 4585 1023 4646 sicut
1064 4583 1228 4665 Papa
1270 4599 1395 4645 non
1442 4590 1648 4665 potest
1690 4603 1837 4646 cum
1880 4585 2095 4667 aliquo
2141 4587 2350 4651 taliter

854 4682 1245 4764 dispensare,
1280 4682 1450 4764 quod
1490 4681 1628 4744 sine
1667 4682 1989 4764 Baptismo
2032 4684 2346 4766 salvetur3

853 4780 938 4842 ita
968 4798 1087 4842 nec
1116 4779 1231 4854 sic,
1264 4780 1433 4861 quod
1464 4779 1601 4842 sine
1642 4779 2040 4844 consessione
2075 4783 2344 4846 salutem

849 4879 1261 4960 adipiscatur,
1295 4878 1647 4941 secundum
1688 4880 1856 4960 quod
1897 4880 2135 4960 obligat
2171 4901 2247 4944 ex
2281 4884 2345 4945 vi

848 4977 1247 5040 sacramenti.
1284 4977 1406 5039 Sed
1440 4984 1646 5058 potest
1675 4977 1845 5040 circa
1876 4979 2343 5043 confessionem

844 5075 1230 5157 dispensare,
1244 5074 1593 5137 secundum
1622 5077 1792 5156 quod
1820 5076 2059 5157 obligat
2088 5097 2167 5140 ex
2198 5097 2348 5160 prae-

846 5180 1031 5255 cepto
1060 5172 1376 5247 Ecclesiae,
1396 5181 1465 5235 ut
1497 5172 1682 5235 liceat
1710 5175 1899 5237 alicui
1934 5175 2176 5238 diutius
2208 5195 2345 5239 con-

830 5271 1191 5336 tessionem
1233 5271 1496 5334 differre
1542 5291 1731 5354 quam
1773 5273 2089 5336 ordinavit
2127 5274 2340 5338 Eccle-

2459 4295 2650 4358 habet
2679 4295 2987 4377 Baptismi
3030 4297 3448 4379 propositum,
3485 4298 3571 4360 ita
3607 4299 3778 4380 quod
3811 4319 3962 4381 pec-

2459 4400 2559 4456 cet
2620 4393 2971 4456 mortaliter
3026 4394 3150 4457 nisi
3205 4395 3496 4477 protinus
3551 4395 3960 4479 baptizetur3

2459 4511 2577 4555 nec
2608 4500 2705 4555 est
2731 4492 2991 4574 aliquod
3022 4500 3276 4575 tempus
3308 4494 3826 4570 determinatum,
3861 4496 3962 4558 ul-

2457 4597 2555 4652 tra
2611 4591 2782 4672 quod
2841 4591 2895 4653 si
2949 4591 3208 4654 disserat
3262 4592 3680 4674 Baptismum,
3731 4604 3962 4676 peccet

2457 4688 2826 4752 mortaliter.
2861 4690 3070 4753 Potest
3106 4697 3318 4752 tamen
3359 4693 3747 4773 contingere,
3781 4696 3956 4774 quod

2456 4788 2520 4850 in
2571 4787 2874 4851 dilatione
2922 4787 3229 4870 Baptismi
3277 4787 3360 4849 sit
3407 4791 3671 4853 mortale
3727 4809 3956 4873 pecca-

2454 4894 2614 4962 tum,
2647 4895 2758 4950 aut
2803 4905 2949 4948 non.
2988 4887 3064 4948 Et
3112 4886 3232 4948 hoc
3283 4887 3675 4968 pensandum
3725 4897 3825 4952 est
3869 4910 3953 4953 ex

2454 5003 2644 5046 causa
2681 4984 3001 5048 dilationis
3035 5003 3049 5046 :
3086 4983 3236 5066 quia
3271 4985 3371 5065 (ut
3407 4985 3494 5046 ait
3531 4985 3954 5070 Philosophus

2451 5082 2726 5164 septimo
2762 5082 3204 5164 physicorum)
3233 5083 3525 5146 voluntas
3563 5103 3688 5148 non
3727 5085 3954 5148 differt

2450 5179 2712 5261 exsequi
2744 5180 3010 5243 volitum
3043 5181 3167 5242 nisi
3197 5200 3275 5243 ex
3305 5182 3519 5264 aliqua
3547 5184 3950 5246 causa.l.'nde

2449 5277 2502 5340 si
2535 5296 2720 5340 causa
2748 5277 3069 5341 dilationis
3097 5279 3400 5362 Baptismi
3431 5288 3756 5363 peccatum
3789 5300 3951 5346 mor-
