4267 6250
866 494 947 559 98
1799 508 1975 556 unna
2014 508 2077 555 ιν
2120 506 2604 554 snm-nuruum.
2646 524 2728 535 —
2767 507 2922 553 msr.
2966 507 3036 553 111

870 686 1053 751 illam
1092 684 1375 750 formam
1403 684 1704 750 Christus
1739 684 1925 767 prius
1952 683 2244 763 tradidit,
2279 700 2486 765 quum
2525 683 2608 747 ad
2645 681 3221 764 evangelizandum
3253 682 3560 765 gentibus
3596 682 3826 765 misit3
3866 681 3987 746 sed

872 820 1073 886 quam
1100 805 1250 867 ante
1288 803 1662 883 tradiderat,
1694 803 1964 866 mittens
2000 818 2115 866 eos
2157 801 2226 863 in
2266 800 2591 880 Judaeam,
2631 800 2784 882 post
2819 800 3103 880 iteravit,
3145 816 3352 881 quum
3389 801 3473 862 ad
3507 802 3736 881 gentes
3772 800 3984 863 misit.

592 935 843 985 Hartman.
874 919 1303 983 Commodius
1339 936 1493 1001 ergo
1522 919 1765 983 dicitur
1799 918 2130 982 institutio
2181 916 2351 981 facta
2387 918 2648 998 quando
2688 916 2990 980 Christus
3026 934 3065 979 a
3103 916 3356 980 Joanne
3392 915 3761 998 baptizatus
3789 917 3892 980 est
3920 917 3993 980 in

581 1003 763 1113 minda,
800 1061 845 1104 in
873 1036 1156 1100 Jordane
1202 1056 1216 1097 τ
1266 1036 1445 1117 quod
1489 1035 1918 1117 dispensavit,
1971 1051 2105 1098 non
2152 1034 2309 1114 quia
2359 1033 2662 1096 mundari
2715 1031 2948 1112 voluit,
2993 1049 3198 1113 quum
3249 1032 3393 1095 sine
3444 1034 3708 1113 peccato
3759 1032 3987 1111 fuerit,

582 1125 842 1176 ¹‘¹¹⁰‘¹¹¹’²¹'
874 1154 990 1215 sed
1037 1153 1193 1233 quia
1244 1152 1549 1215 contactu
1598 1152 1863 1214 mundae
1921 1151 2135 1214 carnis
2182 1167 2320 1213 suae
2377 1150 2515 1212 vim
2566 1148 3082 1230 regenerativam
3144 1148 3423 1211 contulit
3469 1149 3682 1229 aquiS,
3745 1150 3824 1212 ut
3874 1150 3994 1229 qui

871 1270 1101 1349 postea
1150 1269 1649 1349 immergeretur
1697 1268 2000 1330 invocato
2046 1267 2316 1329 nomine
2354 1265 2717 1344 Trinitatis,
2758 1282 2797 1327 a
2833 1264 3118 1345 peccatis
3155 1266 3564 1346 purgaretur.
3599 1265 3784 1329 Tunc
3835 1282 3994 1345 ergo

872 1384 1175 1446 invocato
1213 1384 1482 1446 nomine
1519 1382 1881 1462 Trinitatis,
1921 1382 2268 1445 institutus
2310 1382 2410 1445 est
2445 1380 2828 1461 Baptismus
2865 1378 3131 1459 Christi,
3169 1380 3240 1442 in
3275 1397 3407 1461 quo
3445 1379 3755 1460 TrinitaS,
3796 1381 3997 1461 cujus

874 1499 1267 1580 mysterium
1313 1498 1407 1561 ibi
1455 1498 1763 1578 innotuit,
1813 1498 2090 1562 interius
2136 1497 2478 1561 hominem
2522 1495 2830 1577 baptizat.

1772 1732 1857 1795 H.
1907 1735 2150 1801 Quare
2198 1735 2277 1797 in
2323 1747 2521 1837 aqua
2571 1730 2866 1795 tantum
2907 1730 3067 1803 flat.

1014 1946 1390 2013 Celebratur
1432 1947 1654 2010 autem
1692 1947 1819 2010 hoc
1854 1948 2338 2011 sacramentum
2379 1946 2634 2009 tantum
2682 1944 2752 2007 in
2790 1960 2983 2026 aqua,
3028 1961 3160 2008 non
3197 1945 3268 2008 in
3303 1944 3434 2009 alio
3466 1944 3747 2026 liquore,
3783 1947 3863 2009 ut
3899 1946 3999 2009 ait

574 2084 851 2130 Ambrosiam
882 2065 1184 2131 Christus
1224 2085 1238 2125 :
1279 2064 1426 2126 Nisi
1463 2064 1613 2143 quis
1650 2063 1938 2142 renatuS,
1984 2064 2106 2126 etc.
2150 2062 2436 2144 Ideoque
2481 2061 2902 2125 uniformiter
2948 2062 3017 2125 id
3063 2062 3206 2125 fieri
3253 2063 3324 2124 in
3372 2078 3544 2144 aqua
3584 2062 3994 2143 praecipitur,

573 2147 853 2199 ³¹¹R⁰m¹’⁴'
882 2184 958 2246 ut
1012 2180 1416 2261 intelligatur
1470 2179 1649 2260 quod
1702 2180 1875 2242 sicut
1932 2196 2101 2260 aqua
2158 2179 2384 2243 sordes
2440 2178 2734 2259 corporis
2781 2195 2856 2240 ac
2906 2180 3124 2243 vestes
3173 2177 3406 2257 abluit,
3457 2179 3550 2241 ita
3605 2178 4000 2259 Baptismus

882 2297 1175 2362 maculas
1224 2296 1462 2359 animae
1528 2295 1885 2377 sordesque
1941 2295 2258 2359 vitiorum
2323 2295 2738 2359 emundando
2803 2294 3140 2375 abstergit.
3186 2295 3312 2359 Vel
3345 2294 3539 2383 uideo,
3600 2295 3675 2359 ut
3728 2295 3999 2359 nullum

880 2414 1105 2496 inopia
1136 2412 1477 2477 excusaret
1510 2432 1524 2473 ε
1566 2410 1745 2493 quod
1786 2412 2012 2492 posset
2051 2410 2216 2491 fieri,
2251 2411 2309 2474 si
2346 2411 2415 2474 in
2451 2411 2605 2474 vino
2647 2410 2753 2475 vel
2790 2411 2936 2475 oleo
2975 2410 3192 2493 fieret3
3235 2413 3300 2476 et
3327 2411 3402 2475 ut
3442 2410 3816 2476 communis
3855 2428 4002 2475 ma-

878 2531 1044 2594 teria
1070 2526 1443 2611 baptizandi
1472 2528 1877 2591 inveniretur
1911 2526 2087 2608 apud
2127 2544 2381 2591 omneS.
2423 2526 2618 2600 Quod
2651 2544 2824 2608 aqua
2861 2527 3170 2607 signavit,
3212 2546 3360 2609 quae
3387 2528 3470 2591 de
3508 2528 3706 2591 latere
3743 2526 4001 2591 Christi

878 2646 1194 2725 manavit,
1226 2643 1399 2707 sicut
1448 2643 1718 2723 sanguis
1754 2642 2023 2706 alterius
2074 2642 2466 2706 sacramenti
2511 2642 2776 2723 signum
2824 2640 2975 2706 fuit.
3017 2644 3168 2707 Non
3219 2660 3372 2725 ergo
3429 2644 3498 2707 in
3546 2643 3676 2707 alio
3731 2644 4000 2726 liquore

877 2762 1097 2845 potest
1144 2760 1509 2825 consecrari
1553 2758 1935 2841 Baptismus
1978 2759 2112 2823 nisi
2158 2759 2227 2822 in
2271 2776 2463 2841 aqua.

1614 3002 1669 3065 Ι.
1719 3005 1821 3065 De
1868 3006 2378 3078 immersione,
2427 3004 2712 3079 quoties
2751 3005 2921 3076 fleri
2967 3004 3246 3067 debeat.

584 3250 852 3308 Rugosam-
1012 3216 1111 3281 De
1148 3217 1573 3280 immersione
1616 3233 1769 3281 vero
1808 3217 1866 3280 si
1909 3217 2250 3298 quaeritur,
2294 3217 2629 3298 quomodo
2668 3217 2810 3281 fieri
2855 3217 3089 3282 debeat
3129 3217 3436 3300 praecise3
3481 3218 3993 3299 respondemus

580 3315 846 3428 {2:033
879 3333 985 3397 vel
1022 3332 1250 3413 semel,
1292 3333 1396 3396 vel
1426 3333 1545 3413 ter,
1577 3350 1697 3414 pro
1726 3333 1909 3397 vario
1951 3349 2136 3396 more
2173 3333 2508 3396 Ecclesiae.
2553 3334 2740 3397 Unde
2779 3334 3136 3415 Gregorius
3169 3353 3184 3395 ε
3217 3335 3316 3398 De
3352 3334 3524 3398 trina
3560 3335 3996 3400 immersione

582 3439 847 3557 33:333.
878 3451 1201 3532 Baptismi
1240 3451 1335 3513 nil
1365 3451 1584 3514 verius
1612 3451 1990 3532 responderi
2018 3451 2258 3532 potest,
2291 3467 2491 3530 quam
2529 3451 2708 3532 quod
2734 3468 2856 3514 vos
2885 3451 3013 3532 ipsi
3051 3451 3372 3530 sensistis,
3406 3451 3559 3531 quia
3590 3450 3656 3512 in
3686 3467 3820 3513 una
3859 3451 3994 3516 fide

582 3568 739 3619 0¹²·⁴³·
878 3567 1044 3630 nihil
1086 3566 1285 3630 officit
1320 3567 1631 3631 Ecclesiae
1670 3568 1912 3634 sanctae
1960 3567 2366 3630 consuetudo
2415 3566 2696 3632 diversa.
2737 3567 2908 3640 Quia
2954 3567 3130 3630 enim
3173 3568 3236 3630 in
3277 3566 3489 3630 tribus
3537 3567 3996 3632 subsistentiis

880 3700 1013 3746 una
1048 3682 1415 3746 substantia
1460 3684 1583 3764 est,
1615 3682 2125 3766 reprehensibile
2176 3700 2320 3746 esse
2357 3682 2735 3746 nullatenus
2778 3685 2997 3764 pot-est
3033 3682 3349 3747 infantem
3390 3684 3460 3746 in
3505 3683 3851 3764 Baptismo
3891 3685 3997 3748 ter

878 3799 983 3863 vel
1019 3799 1223 3864 semel
1262 3799 1674 3881 immergere,
1706 3800 1863 3881 quia
1898 3801 1963 3865 et
2000 3799 2070 3862 in
2112 3798 2326 3862 tribus
2373 3797 2816 3862 mersionibus
2851 3816 3280 3880 personarum
3318 3799 3599 3878 trinita8‚
3645 3801 3710 3864 et
3745 3800 3818 3863 in
3855 3818 3999 3864 una

874 3916 1093 3996 potest
1141 3915 1525 3980 Divinitatis
1578 3916 2002 3998 singularitas
2055 3915 2407 3997 designari.
2457 3915 2596 3979 Nos
2646 3932 2801 3979 vero
2849 3916 2964 3996 qui
3019 3916 3212 3980 tertio
3259 3916 3742 3997 immergimuS,
3782 3918 3998 3980 etiam

874 4031 1197 4096 triduanae
1226 4032 1581 4112 sepulturae
1618 4033 2103 4096 sacramentum
2139 4033 2502 4113 signamus.
2547 4066 2636 4076 —
2674 4031 3052 4096 Secundum
3093 4033 3220 4097 hoc
3255 4033 3409 4096 licet
3451 4049 3584 4096 non
3621 4017 3822 4096 modo
3861 4035 3993 4115 ter,

875 4145 991 4210 sed
1028 4147 1227 4210 etiam
1265 4146 1469 4211 semel
1508 4149 1897 4229 immergere
1934 4149 2215 4211 tantum.
2258 4146 2360 4210 Ibi
2386 4148 2609 4210 tamen
2644 4147 2992 4210 dumtaxat
3017 4149 3408 4231 immergere
3437 4148 3642 4213 semel
3671 4149 3849 4230 licet,
3871 4150 3999 4214 ubi

876 4263 1283 4327 consuetudo
1328 4263 1640 4328 Ecclesiae
1688 4263 1840 4326 talis
1886 4264 2170 4327 exsistit.
2205 4264 2276 4328 Si
2324 4264 2476 4344 quis
2522 4281 2676 4328 vero
2727 4263 2795 4325 id
2845 4263 3056 4328 facere
3092 4265 3387 4346 incipiat,
3429 4264 3544 4328 ubi
3582 4267 3998 4331 consuetudo

876 4378 1030 4441 talis
1066 4395 1199 4442 non
1242 4379 1364 4458 est,
1407 4378 1511 4443 vel
1548 4379 1753 4443 semel
1791 4381 2051 4444 tantum
2090 4380 2520 4461 mergendum
2557 4381 2827 4458 asserat,
2879 4380 3460 4460 reprehensibilem
3508 4399 3579 4445 se
3618 4381 3994 4446 constituit.

608 4508 851 4566 any-noan
880 4494 1067 4557 Unde
1108 4494 1370 4576 Haymo
1415 4514 1430 4557 ε
1473 4496 1549 4558 In
1587 4514 1709 4560 suo
1748 4513 1946 4560 sensu
1984 4495 2357 4558 abundabat
2386 4495 2776 4577 Cyprianus,
2810 4513 3018 4578 quum
3057 4497 3260 4560 semel
3291 4496 3624 4578 mergebat
3651 4497 3722 4560 in
3761 4496 4002 4578 Bapti-

584 4571 847 4626 R⁰m'⁸'v'⁵'
878 4628 1023 4674 smo
1061 4611 1415 4695 parvulos3
1463 4614 1579 4694 qui
1616 4613 1795 4695 quod
1832 4611 2260 4692 intelligebat,
2294 4611 2589 4676 studiose
2624 4612 2965 4693 implebat,
2997 4612 3190 4676 bonis
3219 4611 3529 4694 operibus
3565 4612 3995 4693 abundandO,

877 4727 1033 4790 licet
1072 4727 1141 4790 in
1177 4727 1304 4790 hoc
1339 4729 1637 4792 nesciens
1674 4727 2101 4810 delinqueret.
2146 4727 2275 4790 Sed
2311 4727 2468 4808 quia
2513 4727 2706 4790 bonis
2745 4727 3052 4809 operibus
3077 4727 3474 4808 abundabat,
3505 4729 3735 4810 postea
3773 4745 4002 4794 corre-

877 4842 1033 4923 ptus
1059 4859 1099 4906 a
1126 4843 1290 4923 De0,
1324 4842 1682 4907 abundavit
1717 4845 1935 4908 altiori
1971 4862 2196 4924 sensu,
2219 4845 2318 4909 ter
2345 4843 2498 4908 illos
2527 4845 2903 4925 mergendo.
2945 4845 3113 4908 Ecce
3141 4843 3484 4924 habemuS,
3518 4845 3675 4926 quia
3709 4843 4004 4927 deliquit

878 4959 993 5040 qui
1032 4958 1236 5022 semel
1279 4959 1529 5023 mersit.
1564 4959 1693 5023 Sed
1728 4960 1855 5023 hoc
1901 4961 2075 5040 ideo,
2118 4960 2276 5040 quia
2322 4961 2511 5025 aliter
2547 4977 2618 5024 se
2659 4959 2939 5024 habebat
2977 4961 3380 5024 consuetudo
3430 4960 3612 5024 illius
3645 4959 3996 5042 Ecclesiae,

878 5073 983 5137 vel
1038 5075 1196 5156 quia
1231 5092 1433 5138 unam
1480 5077 1739 5140 tantum
1778 5075 2145 5139 faciendam
2193 5077 2592 5142 mersionem
2639 5075 2989 5141 asserebat.
3032 5077 3131 5140 De
3178 5077 3352 5140 trina
3387 5077 3716 5140 mersione
3759 5075 4002 5158 Augu-

580 5197 849 5253 Aue-Sermo
876 5190 1093 5254 stinus
1136 5191 1230 5253 ait
1270 5211 1285 5252 ε
1326 5191 1691 5288 Postquam
1738 5209 1859 5256 vos
1906 5193 2168 5256 credere
2213 5192 2636 5272 promisistis,
2687 5192 2880 5255 tertio
2925 5193 3139 5274 capita
3184 5194 3403 5257 vestra
3447 5192 3519 5256 in
3573 5207 3757 5256 sacro
3805 5191 4000 5258 fonte

580 5259 849 5380 ffissdff⁰
876 5305 1315 5370 demersimus
1356 5327 1369 5368 :
1412 5307 1529 5387 qui
1567 5307 1728 5371 ordo
1775 5307 2151 5389 baptizandi
2190 5305 2441 5388 duplici
2488 5309 2787 5387 mysterii
2835 5307 3314 5390 significatione
3361 5307 3744 5374 celebratur.
3783 5307 4002 5375 Recte
