4267 6250
544 2720 738 2775 Cfipk'lo
749 2721 805 2771 C'.

540 2786 616 2827 ⁴71
632 2784 693 2827 B'.

848 442 972 509 474

1490 463 1557 512 m
1594 464 1817 511 Lunum
1856 463 1921 510 tv
1960 462 2443 511 mmmmm.
2484 482 2566 493 —
2603 462 2760 512 msr.
2799 464 2968 530 xvu3
3011 464 3239 522 QUAEST.
3278 466 3319 511 V

850 632 1081 717 Sicque
1124 656 1203 700 ex
1248 636 1647 700 institutione
1694 636 1911 700 divina
1951 635 2028 698 fit
2072 634 2346 699 homini·
2378 634 2429 699 A
2459 636 2628 717 quod
2679 636 2895 699 statim
2943 636 3239 700 confiteri
3287 643 3588 700 tenetur:
3622 635 3780 699 alias
3828 652 3964 698 non

848 730 967 796 bus
999 735 1314 799 confessio
1343 734 1836 809 sacramentalis,
1851 735 2146 817 quamvis
2173 736 2350 798 Joan-

848 850 959 893 nes
995 832 1304 912 glossator
1332 833 1623 897 videatur
1653 834 1890 897 sentire
1930 834 2344 907 contrarium,

844 930 925 993 de
973 932 1370 1007 Paenitentia,
1421 932 1834 996 distinctione
1888 933 2114 1015 quinta
2165 950 2180 995 z
2232 932 2345 995 ubi

844 1030 1141 1111 pluribus
1184 1031 1599 1113 opinionibus
1639 1032 1941 1107 recitatiS,
1976 1033 2054 1095 de
2094 1031 2345 1093 institu-

843 1128 1017 1192 tione
1082 1130 1503 1193 confessionis
1570 1130 1751 1212 ponit
1810 1149 2013 1205 suam,
2075 1130 2346 1194 dicendo

844 1227 1312 1291 confessionem
1356 1228 1709 1291 institutam
1751 1229 2023 1311 quadam
2063 1227 2344 1309 generali

844 1326 1241 1389 ordinatione
1272 1327 1570 1391 Ecclesiae
1611 1328 1811 1408 magis
1841 1346 2031 1409 quam
2072 1328 2344 1390 auctori-

842 1431 970 1485 tate
999 1424 1145 1487 novi
1178 1432 1288 1486 aut
1314 1424 1547 1487 veteris
1578 1425 2172 1499 Testamenti.Quod
2206 1443 2345 1508 pro-

842 1520 1135 1605 bat,quia
1166 1521 1482 1586 confessio
1510 1541 1637 1585 non
1668 1529 1764 1585 est
1793 1524 2150 1586 necessaria
2177 1525 2343 1606 apud

840 1620 1108 1684 Graecos.
1157 1621 1279 1684 Sed
1328 1629 1397 1685 ut
1448 1628 1693 1684 constat
1743 1641 1821 1685 ex
1870 1622 2079 1697 dictis,
2121 1622 2343 1704 opinio

841 1719 951 1781 illa
1000 1727 1096 1781 est
1145 1719 1320 1782 falsa.
1357 1719 1557 1783 Graeci
1605 1739 1861 1803 quoque
1910 1719 2206 1783 confiteri
2256 1730 2344 1784 te-

2457 742 2625 797 esset
2654 751 2804 797 vere
2835 735 3300 817 poenitenS‚sed
3331 741 3800 798 sacramentum
3831 734 3968 797 1>oe-

2456 833 2743 899 nitentiae
2769 852 2844 896 ac
2874 834 3140 915 gratiam
3173 834 3314 916 ejus
3353 840 3789 897 contemnens.
3825 832 3962 895 Sic-

2457 950 2604 1013 que,
2641 952 2842 1014 quum
2889 933 3096 1014 majus
3137 933 3378 996 bonum
3419 933 3504 995 sit
3545 932 3762 994 statim
3807 949 3965 994 con-

2454 1029 2627 1093 fiteri
2683 1050 2876 1113 quam
2936 1031 3176 1094 diutius
3227 1039 3618 1114 exspectare,
3665 1038 3730 1093 et
3775 1048 3966 1112 aequa

2454 1128 2760 1192 facilitate
2789 1129 2992 1212 possit
3019 1130 3230 1192 statim
3265 1129 3582 1205 confiteri,
3615 1128 3781 1191 sicut
3815 1128 3964 1191 diu-

2454 1227 2582 1290 tius
2641 1236 3031 1310 exspectare,
3087 1235 3524 1292 contemneret
3581 1227 3788 1308 majus
3848 1227 3966 1291 bo-

2454 1345 2633 1401 num,
2667 1334 2731 1389 et
2761 1327 2910 1409 quia
2941 1325 3182 1389 bonum
3223 1327 3656 1389 necessarium
3683 1326 3762 1389 ad
3793 1326 3966 1389 salu-

2452 1432 2605 1499 tem,
2649 1426 2770 1488 hoc
2809 1432 2977 1489 esset
3027 1425 3291 1489 mortale
3341 1432 3696 1509 peccatum.
3729 1424 3796 1488 Si
3837 1425 3959 1499 sic,

2451 1530 2561 1586 aut
2599 1542 2750 1605 ergo
2790 1524 2981 1587 instat
3018 1531 3275 1607 tempus
3315 1524 3380 1587 in
3419 1542 3546 1607 quo
3585 1543 3654 1587 se
3692 1524 3962 1606 exponit

2453 1621 2741 1703 periculo
2780 1623 2947 1704 quod
2990 1629 3204 1705 posset
3237 1622 3320 1685 ab
3359 1640 3436 1686 eo
3473 1622 3814 1686 excludere
3853 1641 3960 1685 ac-

2452 1725 2590 1781 tum
2623 1720 2999 1802 poenitendi,
3035 1727 3106 1782 ut
3135 1721 3189 1783 si
3221 1720 3621 1801 ingressurus
3651 1727 3751 1783 est
3779 1739 3960 1783 mare

838 1825 1094 1892 nentur,
1148 1817 1442 1900 quamvis
1500 1836 1579 1881 ex
1627 1838 1821 1901 prava
1877 1819 2339 1882 consuetudine
2375 1816 2422 1879 B
2453 1824 2960 1901 tempestuosum
3019 1838 3132 1882 seu
3193 1819 3436 1895 bellum
3499 1818 3793 1899 crudelc3
3847 1827 3963 1882 aut

840 1915 1157 1978 confessio
1186 1916 1355 1998 apud
1388 1934 1495 1979 eos
1528 1916 1592 1979 in
1634 1917 2121 1980 desuetudinem
2157 1917 2338 1980 forsi-

836 2021 943 2075 tan
1003 2014 1199 2087 veni't,
1250 2015 1418 2077 sicut
1473 2022 1537 2077 et
1590 2016 1759 2097 apud
1816 2015 1975 2078 alios
2028 2016 2337 2097 quosdam

837 2112 1134 2176 Romanae
1196 2113 1494 2177 Ecclesiae
1555 2132 1682 2177 non
1746 2112 2135 2177 obedientes.
2196 2115 2339 2178 Haec

835 2210 1335 2291 ArgentinensiS.

917 2310 1236 2373 Postremo
1268 2311 1601 2374 Durandus
1640 2312 1705 2374 in
1750 2312 1848 2374 his
1889 2312 2144 2395 scriptis
2181 2313 2338 2376 Tho-

836 2426 957 2471 mae
986 2408 1249 2470 omnino
1280 2409 1633 2471 concordat.
1650 2409 1873 2472 Scotus
1904 2427 2153 2492 quoque
2181 2429 2342 2474 com-

838 2506 1017 2568 muni
1069 2506 1371 2570 doctrinae
1428 2508 1763 2581 consentit,
1816 2514 1880 2569 et
1937 2516 2112 2571 tenet
2168 2510 2337 2592 quod

835 2622 963 2668 non
1004 2612 1291 2687 oporteat
1329 2613 1470 2687 post
1510 2605 1759 2688 lapsum
1802 2606 1868 2668 in
1909 2607 2175 2670 mortale
2219 2615 2339 2670 sta-

835 2703 952 2764 tim
1012 2702 1328 2777 confiteri,
1380 2703 1503 2765 nisi
1566 2704 1631 2766 in
1682 2704 1936 2767 casibus
1994 2724 2187 2788 supra
2244 2706 2336 2767 di-

835 2800 977 2873 ctiS,
1012 2800 1178 2861 inter
1225 2817 1383 2883 quos
1428 2810 1724 2863 numerat
1766 2820 1984 2865 casum
2025 2821 2152 2884 quo
2191 2803 2336 2885 quis

833 2900 911 2962 ad
957 2898 1575 2981 publicum·bellum
1620 2905 1717 2961 est
1758 2917 2193 2981 processuruS,
2226 2910 2337 2963 aut

2449 1936 2576 1980 non
2629 1918 2819 1980 instat
2867 1926 3121 2000 tempus
3171 1919 3314 1981 tale.
3364 1918 3429 1981 Si
3479 1918 3689 2000 primo
3737 1919 3957 1993 modo,

2449 2021 2704 2078 tenetur
2747 2033 2894 2079 mox
2941 2015 3258 2078 confiteri.
3293 2016 3358 2078 Si
3407 2016 3687 2079 secundo
3737 2017 3956 2089 modo,

2449 2120 2658 2195 potest
2687 2122 2943 2196 tempus
2975 2113 3398 2196 opportunius
3433 2113 3805 2196 praestolari,
3839 2114 3957 2177 sed

2447 2229 2573 2274 non
2606 2212 2958 2293 transgredi
2989 2218 3243 2294 tempus
3272 2211 3355 2273 ab
3385 2211 3670 2275 Ecclesia
3699 2212 3958 2275 institu-

2445 2316 2605 2371 tum.
2637 2346 2718 2356 —
2747 2310 2892 2373 Haec
2922 2310 3252 2372 Henricus.
3287 2309 3484 2391 Cujus
3515 2310 3750 2393 positio
3779 2310 3958 2373 vide-

2445 2415 2552 2469 tur
2589 2408 2769 2490 quasi
2813 2407 3022 2471 media
3062 2407 3228 2469 inter
3267 2408 3423 2469 duas
3465 2407 3868 2490 praehabitas,

2525 2507 2830 2571 Praeterea
2871 2506 3250 2571 Guillelmus
3299 2505 3668 2569 Parisiensis
3717 2507 3782 2569 in
3833 2526 3956 2571 suo

2445 2604 2884 2667 sacramentali
2916 2611 3186 2667 tractatu
3211 2622 3225 2666 ε
3250 2605 3338 2667 De
3371 2604 3746 2686 poenitentia
3774 2624 3957 2668 nunc

2442 2704 2709 2785 (inquit)
2737 2703 3145 2785 aggredimur
3173 2720 3452 2766 errorem
3479 2703 3808 2766 destruere
3839 2704 3958 2767 He-

2445 2802 2759 2865 braeorum
2805 2820 2879 2863 ac
2927 2800 3200 2864 aliorum
3249 2802 3698 2882 quorumdam,
3730 2801 3956 2866 dicen-

2445 2902 2605 2963 tium
2648 2900 3116 2964 confessionem
3162 2917 3289 2963 non
3332 2918 3473 2963 esse
3511 2901 3957 2966 sacerdotibus

835 2997 1359 3059 transfretaturus
1404 2997 1515 3059 ubi
1560 2997 1874 3079 naufragii
1926 3006 2129 3061 exstat
2172 3000 2334 3082 peri·
2371 3001 2415 3065 C
2445 3000 2822 3063 faciendam.
2877 2999 3014 3063 Non
3074 2998 3248 3062 enim
3307 2999 3490 3061 decet
3547 3007 3955 3081 peccatorem

833 3095 1075 3170 culum,
1110 3114 1223 3160 scu
1253 3094 1427 3160 aliud
1468 3096 1919 3180 quodcumque
1960 3104 2220 3162 acturus
2252 3099 2334 3162 si-

831 3213 910 3257 ve
940 3213 1242 3277 passurus
1274 3195 1339 3256 in
1371 3213 1497 3277 quo
1530 3196 1751 3259 mortis
1783 3196 2074 3259 consistit
2110 3198 2333 3261 discri-

830 3313 988 3356 men.
1005 3293 1198 3356 Valde
1226 3311 1475 3376 quoque
1506 3295 1913 3377 reprehendit
1939 3314 2011 3358 ac
2045 3297 2336 3378 reprobat

829 3393 1199 3474 opinionem
1245 3392 1418 3455 illam
1463 3392 1720 3456 Joannis
1765 3393 2034 3475 juristae,
2068 3403 2133 3458 et
2178 3396 2335 3458 dicit

828 3491 951 3553 hoc
979 3491 1242 3554 omnino
1281 3479 1420 3554 esse
1465 3491 1777 3554 incertum
1819 3501 1928 3554 aut
1969 3492 2180 3575 potius
2220 3493 2334 3557 fal-

828 3609 973 3651 sum
1018 3590 1187 3672 quod
1235 3589 1345 3664 ait,
1379 3589 1625 3654 Graecos
1676 3607 1804 3652 non
1855 3591 2169 3654 confiteri.
2205 3593 2334 3655 Nec

828 3687 1061 3771 aliquis
1110 3689 1329 3751 doctor
1387 3707 1581 3770 super
1630 3689 1800 3751 hunc
1859 3697 2159 3771 quartum
2211 3691 2332 3753 hoc

830 3786 1024 3848 refert
1051 3805 1068 3865 3
1098 3805 1306 3868 neque
1347 3787 1637 3850 doctores
1674 3787 1785 3869 qui
1830 3795 2049 3851 contra
2086 3807 2334 3852 errores

830 3884 1188 3948 Graecorum
1246 3886 1664 3967 scripserunt,
1716 3886 1889 3948 hunc
1949 3886 2041 3948 eis
2096 3887 2331 3949 adscri-

830 3982 995 4044 bunt
1024 4000 1321 4045 errorem.
1349 3983 1525 4057 Quod
1555 3983 1992 4046 verisimiliter
2022 3984 2328 4058 facerent,

828 4081 881 4145 si
914 4081 1007 4142 sic
1046 4089 1214 4144 esset
1246 4099 1259 4144 :
1295 4081 1596 4164 quoniam
1639 4091 1806 4145 esset
1843 4083 2027 4145 valde
2068 4084 2333 4146 detesta-

2442 3098 2725 3180 judicem
2773 3116 2911 3161 esse
2955 3098 3018 3160 in
3067 3096 3326 3180 propria
3367 3115 3558 3160 causa
3605 3116 3800 3180 quam
3845 3099 3957 3164 ha-

2445 3196 2553 3260 bet
2581 3197 2883 3259 adversus
2915 3197 3136 3259 Deum.
3174 3196 3238 3258 Si
3279 3214 3429 3277 ergo
3459 3204 3756 3278 peccator
3780 3198 3958 3279 judi-

2445 3297 2616 3358 cium
2677 3302 2740 3358 et
2785 3294 3101 3375 justitiam
3161 3313 3276 3377 per
3324 3295 3766 3377 poenitentiam
3819 3297 3956 3361 Deo

2443 3393 2719 3456 voluerit
2749 3393 3074 3468 exhibere,
3091 3393 3236 3474 jure
3264 3412 3338 3456 ac
3369 3393 3598 3458 merito
3629 3394 3696 3456 in
3723 3395 3955 3459 eadem

2442 3510 2634 3555 causa
2662 3492 2825 3554 alius
2857 3511 3048 3573 quam
3081 3492 3354 3573 ipsemet
3376 3491 3574 3574 judex
3602 3493 3744 3554 erit.
3769 3485 3956 3555 Alius

2443 3607 2593 3670 ergo
2633 3608 2828 3672 quam
2875 3590 3010 3671 ipse
3059 3591 3170 3672 qui
3216 3590 3507 3672 deliquit,
3540 3591 3758 3654 audiet
3804 3593 3956 3674 ejus

2442 3687 2715 3766 delicta3
2766 3687 2930 3750 alius
2979 3707 3234 3750 causam
3287 3697 3644 3769 cognoscet,
3695 3699 3764 3752 et
3809 3711 3958 3774 pro·

2442 3785 2764 3848 nuntiabit
2821 3786 3220 3849 sententiam.
3273 3786 3410 3850 Non
3469 3795 3682 3851 autem
3732 3791 3956 3854 audiet

2441 3884 2603 3947 alius
2645 3885 2861 3947 omnia
2902 3903 2976 3946 ac
3017 3884 3320 3967 perfecte,
3357 3887 3480 3949 nisi
3522 3887 3798 3969 ipsomet
3837 3889 3954 3971 qui

2442 3982 2714 4064 deliquit
2753 3982 3100 4046 confitente
3131 3991 3195 4046 et
3223 3993 3558 4047 enarrante
3593 4003 3607 4047 :
3640 3987 3954 4068 quoniam

2444 4081 2580 4164 ipse
2613 4081 2784 4144 solus
2814 4089 2880 4144 et
2909 4082 3206 4155 maxime,
3241 4083 3457 4145 omnia
3487 4082 3596 4146 illa
3625 4104 3770 4166 quae
3799 4105 3956 4149 con-

828 4180 977 4242 bilis
1007 4199 1192 4243 error.
1213 4181 1289 4242 Et
1316 4180 1460 4243 dato
1492 4182 1655 4263 quod
1688 4181 1943 4263 quidam
1975 4182 2334 4246 Graecorum
2363 4181 2412 4243 D
2443 4180 2684 4243 fitenda
2729 4186 2897 4254 sunt,
2949 4181 3143 4244 novit.
3187 4181 3502 4263 AmpliuS‚
3545 4182 3956 4249 confessione

830 4279 916 4341 ita
958 4278 1328 4353 sensissent,
1362 4297 1490 4341 non
1529 4286 1743 4342 tamen
1782 4298 2005 4343 omnes
2048 4298 2332 4343 commu-

830 4377 1017 4439 niter.

910 4475 1237 4548 Praeterea,
1284 4475 1361 4537 de
1410 4493 1486 4537 eo
1533 4476 1703 4557 quod
1755 4477 1943 4541 modo
1991 4478 2332 4560 quaesitum

831 4581 949 4647 est,
984 4593 1062 4634 an
1095 4573 1412 4655 poenitens
1443 4580 1734 4636 teneatur
1762 4575 1975 4638 statim
2008 4576 2326 4650 confiteri,

735 4715 746 4726 -
832 4671 1057 4734 scribit
1085 4671 1393 4734 Henricus
1423 4680 1649 4755 quarto
1678 4673 2054 4747 Quodlibeto
2088 4692 2101 4736 :
2138 4675 2334 4738 Poeni-

830 4780 973 4833 tens
1004 4770 1057 4832 si
1100 4771 1315 4832 statim
1356 4770 1436 4832 ab
1478 4771 1631 4834 hora
1672 4772 2063 4854 poenitentiae
2104 4771 2334 4835 habeat

830 4869 1224 4932 sacerdotem
1266 4877 1551 4950 paratum
1601 4871 1705 4933 cui
1746 4871 1946 4953 possit
1984 4871 2279 4934 confiteri
2315 4889 2328 4933 :

831 4975 941 5029 aut
1006 4975 1334 5050 exspectat
1398 4975 1651 5050 tempus
1718 4969 2066 5032 confitendi
2134 4970 2334 5051 magis

835 5083 1188 5146 congruum
1220 5066 1346 5129 sibi
1376 5085 1448 5128 ac
1487 5074 1946 5149 opportunum,
1979 5068 2333 5130 secundum

834 5163 1117 5226 diversas
1160 5165 1671 5227 circumstantias
1717 5185 1859 5248 quae
1902 5167 1981 5228 ad
2029 5166 2336 5229 confiten-

834 5262 989 5324 dum
1041 5263 1475 5344 requiruntur,
1528 5270 1637 5325 aut
1684 5282 1830 5327 non.
1879 5264 1943 5327 Si
1994 5281 2145 5339 non,
2192 5252 2336 5326 dico

2443 4279 2572 4342 Deo
2605 4278 2788 4351 facta,
2824 4279 3080 4361 penitus
3112 4279 3436 4360 ignoratur
3465 4280 3622 4362 quid
3652 4281 3822 4345 Deus
3857 4284 3955 4346 in-

2443 4379 2522 4441 de
2549 4378 2794 4459 judicet
2823 4378 2959 4441 sive
2994 4379 3382 4460 pronuntiet,
3402 4387 3616 4443 utrum
3649 4383 3955 4446 condem-

2444 4484 2554 4541 net
2590 4476 2691 4540 vel
2733 4476 3054 4556 absolvat3
3085 4485 3148 4538 et
3187 4479 3494 4559 quamdiu
3537 4478 3658 4542 hoc
3698 4480 3958 4563 ignorat

2445 4575 2783 4658 poenitenS,
2827 4594 2945 4638 nec
2988 4594 3104 4659 pro
3141 4575 3434 4640 absoluto
3481 4597 3598 4641 nec
3641 4597 3758 4661 pro
3795 4598 3954 4644 con-

2443 4675 2741 4737 demnato
2783 4673 3017 4736 habere
3061 4693 3128 4737 se
3172 4674 3382 4748 debet,
3407 4683 3480 4738 ‘et
3521 4677 3790 4758 pavidus
3834 4680 3953 4741 du-

2443 4771 2718 4853 biusque
2757 4771 3062 4853 pendebit
3103 4773 3422 4855 pendente
3459 4776 3798 4839 sententia.
3829 4777 3955 4840 Ad-

2444 4870 2571 4932 huc
2600 4877 2836 4944 autem,
2857 4869 2990 4933 haec
3021 4877 3117 4932 est
3146 4870 3352 4933 forma
3377 4870 3629 4951 judicii,
3651 4882 3723 4935 ut
3745 4873 3952 4955 J‘udex

2445 4968 2622 5050 prius
2653 4968 2870 5030 sedeat
2911 4968 2976 5029 in
3019 4968 3250 5042 medio,
3282 4975 3458 5031 actor
3496 4978 3562 5033 et
3599 4989 3746 5034 reus
3778 4981 3954 5037 stent

2389 5072 2393 5076 ’
2444 5073 2590 5129 ante
2645 5065 2954 5148 judicem,
3015 5065 3174 5128 alter
3230 5066 3412 5129 alteri
3477 5086 3556 5130 ex
3617 5069 3948 5151 adverso;

2445 5164 2675 5227 deinde
2713 5164 3001 5226 advocati
3045 5172 3111 5226 et
3146 5172 3362 5242 testeS,
3395 5175 3711 5249 quatenus
3757 5170 3952 5234 advo·

2449 5262 2570 5324 cati
2618 5261 2696 5324 de
2742 5262 2886 5342 jure
2935 5281 3190 5325 causam
3242 5263 3597 5347 instruant;
3627 5275 3845 5344 testea,
3879 5276 3950 5332 ut
