4267 6250
1060 536 1263 584 urum!
1304 536 1369 583 m
1409 534 1692 584 mansu
1735 535 1871 583 suvr
1908 534 2135 583 envas
2179 537 2588 597 srmwnm,
2627 538 2755 587 arc.
3335 520 3457 587 499

344 706 528 782 dum,
562 709 741 791 quod
772 708 985 771 omnis
1016 716 1293 791 potestas
1322 706 1673 791 spiritualis
1707 724 1854 770 con·
1885 704 1931 769 A
1965 707 2310 771 motionem
2341 710 2690 792 requiritur
2717 710 2936 785 claviS,
2969 716 3065 773 est
3093 710 3280 793 culpa
3315 728 3329 771 :
3363 728 3458 771 er-

340 804 553 867 fertur
613 826 765 869 cum
824 806 1043 889 aliqua
1098 806 1576 871 consecratione
1636 823 1650 867 :
1714 804 1856 867 ideo

336 903 545 967 clavis
584 906 777 968 datur
816 905 1010 968 simul
1053 924 1204 967 cum
1242 905 1483 968 ordine.
1520 904 1855 967 Exsecutio

338 1021 499 1065 vero
556 1002 762 1067 clavis
819 1004 1102 1067 debitam
1166 1004 1438 1086 requirit
1496 1003 1850 1077 materiam,

336 1120 489 1183 quae
526 1110 629 1163 est
667 1102 855 1183 plebs
890 1101 1326 1184 jurisdictioni
1368 1101 1671 1164 ordinatae
1704 1100 1852 1161 sub-

334 1198 513 1279 jecta
544 1216 563 1261 :
596 1200 754 1262 binc
784 1201 1080 1264 sacerdos
1120 1208 1462 1282 antequam
1495 1198 1727 1260 habeat
1752 1197 1853 1277 ju-

338 1297 815 1371 risdictionem,
869 1297 1062 1360 habet
1110 1298 1344 1371 claveS,
1397 1313 1524 1358 non
1572 1295 1848 1358 clavium

340 1413 559 1456 usum.
607 1430 691 1439 —
733 1395 979 1458 Dicitur
1024 1412 1281 1477 quoque
1328 1394 1621 1456 sacerdos
1668 1410 1853 1474 quos-

338 1493 495 1555 dam
544 1512 587 1556 a
628 1510 825 1574 regno
862 1493 1224 1567 excludere,
1266 1510 1393 1555 non
1433 1491 1852 1574 impedimen-

346 1599 487 1654 tum
522 1591 805 1654 intrandi
835 1592 1151 1674 ponendo,
1176 1591 1288 1653 sed
1320 1588 1855 1671 impedimentum

343 1691 631 1773 positum
662 1697 731 1751 et
758 1689 1090 1752 inventum
1116 1706 1243 1751 non
1270 1686 1673 1760 removendo,
1686 1687 1852 1768 quod

344 1807 469 1850 nec
520 1787 750 1851 tollere
797 1788 971 1851 valet
1024 1787 1147 1849 nisi
1201 1788 1368 1849 Deus
1427 1785 1635 1868 primo
1694 1784 1853 1846 illud

1961 824 2041 887 go
2074 807 2154 870 ad
2185 828 2376 871 unam
2407 810 2660 892 culpam
2697 808 3038 872 tollendam
3072 827 3200 873 non
3244 808 3454 890 requi-

1964 912 2192 967 runtur
2238 906 2380 970 duae
2417 908 2646 971 claves.
2691 907 2865 970 Patet
2903 906 3232 991 responsio
3267 924 3282 969 t
3318 907 3452 988 jam

1964 1003 2201 1065 etenim
2233 1004 2475 1067 dictum
2505 1011 2622 1078 est,
2655 1006 2824 1087 quod
2865 1005 2948 1067 sit
2985 1024 3110 1067 una
3150 1004 3345 1067 clavis
3387 1004 3454 1065 in

1963 1100 2262 1175 essentia,
2295 1101 2530 1183 duplex
2567 1120 2681 1165 seu
2723 1104 2866 1167 duae
2903 1110 3212 1185 quantum
3246 1102 3324 1165 ad
3364 1100 3454 1165 ef-

1962 1195 2256 1260 ficaciam
2299 1206 2365 1261 et
2404 1200 2859 1281 operationem.

2042 1296 2165 1357 Sed
2194 1295 2422 1361 fortius
2450 1298 2646 1379 objici
2677 1307 2910 1382 posset.
2931 1299 3150 1363 Claves
3179 1317 3456 1382 namque

1964 1392 2029 1454 in
2066 1394 2403 1457 collatione
2441 1396 2683 1459 ordinis
2721 1398 3160 1473 conseruntur,
3189 1398 3456 1461 scientia

1962 1500 2177 1554 autem
2219 1511 2344 1556 non
2390 1514 2644 1577 semper
2693 1495 2782 1558 ibi
2828 1496 3205 1559 infunditur.
3253 1496 3329 1558 Et
3371 1495 3458 1558 di-

1964 1590 2264 1665 cendum,
2298 1594 2466 1673 quod
2505 1594 2584 1655 de
2622 1594 2888 1657 scientia
2923 1601 3022 1657 est
3058 1594 3294 1677 duplex
3322 1594 3456 1676 opi-

1963 1687 2090 1751 nio.
2143 1689 2296 1762 Una,
2341 1690 2508 1772 quod
2557 1691 2823 1754 scientia
2872 1712 3014 1774 quae
3059 1699 3157 1754 est
3197 1691 3454 1755 habitus

1964 1785 2216 1849 infusus
2245 1806 2358 1849 seu
2389 1789 2762 1870 acquisituS,
2782 1790 2865 1852 sit
2891 1789 3110 1864 claviS,
3131 1808 3257 1853 non
3288 1790 3458 1873 prin·

340 1886 689 1949 abstulerit
743 1903 759 1948 ε
812 1886 957 1949 ideo
1014 1887 1181 1948 Deus
1242 1885 1573 1948 invocatur
1622 1889 1692 1945 ut
1735 1882 1849 1945 ab·
1885 1885 1931 1947 B
1964 1884 2210 1966 cipalis,
2261 1886 2371 1948 sed
2421 1886 2486 1947 in
2533 1887 2758 1949 ordine
2799 1888 2877 1949 ad
2920 1888 3110 1951 aliam
3155 1888 3449 1952 clavem:

340 1984 574 2060 solvat,
616 1984 842 2066 sicque
882 1984 1227 2047 sacerdotis
1270 1982 1587 2046 absolutio
1624 1979 1852 2042 habeat

340 2084 583 2146 locum.

426 2184 621 2247 Porro
670 2182 824 2245 dum
886 2182 1217 2265 quaeritur,
1266 2200 1349 2243 an
1402 2179 1485 2242 sit
1542 2197 1670 2240 una
1718 2184 1851 2240 tan-

340 2282 687 2348 tummodo
716 2281 948 2357 clavis;
980 2280 1345 2353 dicendum,
1377 2278 1549 2360 quod
1579 2278 1645 2339 in
1676 2276 1851 2339 omni

340 2393 497 2447 actu
534 2384 646 2465 qui
686 2381 960 2464 requirit
998 2378 1406 2443 idoneitatem
1438 2395 1515 2440 ex
1543 2383 1722 2459 parte
1753 2394 1851 2439 re-

342 2483 679 2565 cipientiS‚
729 2481 859 2543 duo
905 2485 1056 2542 sunt
1102 2476 1458 2539 necessaria
1499 2476 1560 2537 ei
1603 2474 1712 2556 qui
1754 2492 1854 2536 ac-

346 2591 488 2643 tum
522 2581 710 2642 illum
742 2577 933 2641 debet
960 2575 1246 2649 efficere,
1273 2581 1511 2656 utpote,
1532 2572 1850 2654 judicium

346 2681 429 2743 de
480 2678 826 2741 idoneitate
882 2673 1275 2756 recipientis,
1325 2680 1517 2753 atque
1574 2670 1854 2753 expletio

344 2784 551 2839 actuS.
586 2774 747 2837 Hinc
792 2773 859 2835 in
901 2780 1047 2835 actu
1076 2770 1361 2851 institue,
1396 2786 1523 2851 quo
1566 2768 1854 2831 redditur

342 2872 546 2935 alicui
578 2871 643 2933 id
674 2886 805 2952 quo
835 2868 1065 2949 dignus
1096 2865 1407 2940 consistit,
1434 2872 1685 2947 oportet
1712 2884 1851 2927 esse

338 2970 691 3052 judicium,
732 2985 865 3050 quo
900 2966 1301 3029 discernatur
1346 2982 1429 3025 an
1477 2962 1707 3044 dignus
1748 2964 1851 3037 sit,

341 3088 423 3133 ac
466 3068 608 3151 ipsa
644 3064 936 3129 redditio.
973 3064 1050 3126 Et
1085 3062 1165 3126 ad
1204 3069 1549 3144 utrumque
1586 3061 1851 3123 istorum
1883 3066 1927 3131 C
1961 3063 2112 3144 gelii
2145 3062 2550 3139 concordare,
2584 3082 2725 3147 quae
2755 3063 2966 3127 claves
3005 3064 3064 3127 S.
3098 3064 3281 3130 Petro
3305 3067 3456 3130 dan·
3485 3081 3749 3137 nattam,

342 3166 696 3232 auctoritas
739 3183 853 3226 seu
891 3167 1167 3245 potestas
1215 3161 1506 3243 quaedam
1555 3159 1848 3240 exigitur.

344 3267 491 3330 Non
550 3263 727 3328 enim
782 3262 935 3324 dare
994 3278 1335 3343 possumus
1393 3256 1518 3319 nisi
1568 3257 1738 3339 quod
1786 3256 1852 3318 in

348 3371 572 3428 nostra
630 3367 941 3446 potestate
996 3357 1359 3434 babemus3
1418 3373 1539 3418 nec
1596 3355 1853 3438 proprie

348 3461 718 3545 appellatur
755 3457 1099 3539 judicium,
1139 3455 1266 3516 nisi
1303 3454 1436 3516 vim
1477 3453 1710 3516 habeat
1752 3471 1854 3516 co-

346 3561 651 3633 activam,
704 3557 857 3640 quia
899 3555 1219 3635 judicium
1271 3553 1732 3616 determinatur
1775 3552 1850 3614 ad

348 3677 559 3723 unum
604 3675 616 3718 :
663 3674 809 3738 quae
850 3651 1295 3717 determinatio
1337 3651 1403 3712 in
1446 3650 1855 3732 speculativis

345 3760 431 3823 fit
483 3757 719 3821 virtute
770 3753 1125 3837 primorum
1176 3750 1666 3833 principiorum,
1719 3749 1855 3831 qui-

346 3859 477 3922 bus
508 3855 869 3919 intellectus
899 3850 1125 3934 nequit
1152 3848 1487 3928 resistere3
1529 3847 1594 3909 in
1629 3847 1855 3930 practi—

345 3958 446 4020 cis
480 3972 653 4028 vero,
688 3971 803 4035 per
830 3952 963 4014 vim
995 3948 1439 4032 imperativam
1473 3947 1539 4007 in
1564 3945 1853 4027 judican—

344 4065 413 4119 te
460 4053 897 4117 exsistentem.
944 4050 1281 4129 Quumque
1328 4045 1526 4108 clavis
1576 4045 1856 4127 requirat

348 4153 769 4219 idoneitatem
812 4149 876 4210 in
918 4147 1287 4228 recipiente,
1320 4144 1625 4227 quoniam
1659 4143 1857 4206 eccle-

1966 1983 2202 2046 idcirco
2243 1984 2308 2046 in
2353 1984 2463 2047 illo
2507 1984 2617 2067 qui
2661 1985 2852 2047 aliam
2885 1985 3130 2049 clavem
3175 2005 3302 2050 non
3345 1987 3454 2049 ba-

1963 2080 2091 2155 bet,
2145 2100 2274 2145 non
2321 2090 2418 2145 est
2465 2102 2584 2145 nec
2631 2084 2867 2146 dicitur
2913 2083 3132 2159 claviS‚
3175 2086 3342 2148 sicut
3389 2086 3453 2147 in

1962 2180 2222 2243 homine
2263 2181 2537 2244 litterato
2577 2200 2704 2245 non
2745 2183 3086 2247 sacerdote.
3129 2185 3454 2247 Interdum

1962 2297 2219 2361 quoque
2249 2282 2608 2343 sacerdotes
2637 2280 2896 2363 quidam
2929 2290 3146 2344 carent
3184 2282 3302 2345 hac
3333 2281 3456 2345 cla-

1963 2396 2062 2450 ve,
2097 2378 2208 2459 qui
2240 2396 2358 2441 nec
2391 2377 2666 2441 infusam
2702 2397 2910 2461 neque
2937 2380 3316 2462 acquisitam
3348 2380 3455 2442 ha-

1962 2475 2117 2537 bent
2156 2476 2514 2551 scientiam,
2547 2476 2656 2538 sed
2697 2477 2969 2540 naturali
3011 2477 3320 2540 industria
3363 2477 3454 2541 di-

1964 2572 2278 2653 riguntur,
2320 2592 2511 2655 quam
2551 2581 2779 2637 vocant
2819 2574 3152 2637 claviolam
3188 2592 3202 2637 t
3235 2576 3458 2656 sicque

1965 2672 2162 2734 clavis
2210 2672 2492 2735 scientiae
2540 2674 2836 2754 quamvis
2878 2691 3026 2736 cum
3066 2673 3290 2736 ordine
3328 2690 3455 2737 non

1963 2769 2266 2843 tradatur,
2297 2768 2570 2831 traditur
2607 2776 2824 2830 tamen
2855 2787 3002 2832 cum
3034 2768 3256 2832 ordine
3286 2769 3456 2851 quod

1962 2867 2046 2930 sit
2089 2867 2327 2945 clavis;
2368 2873 2432 2930 et
2469 2867 2604 2929 haec
2648 2867 2900 2930 videtur
2941 2866 3141 2930 fuisse
3177 2860 3456 2949 Magistri

1962 2965 2201 3047 opinio.
2238 2965 2359 3027 Sed
2399 2966 2520 3027 hoc
2559 2983 2686 3028 non
2725 2965 2978 3028 videtur
3017 2964 3229 3029 verbis
3259 2966 3458 3029 Evan-

1964 3163 2073 3224 das
2103 3163 2502 3244 promittunt.
2537 3163 2714 3226 Unde
2752 3180 2880 3226 non
2919 3163 3126 3226 solum
3167 3185 3312 3238 una,
3347 3165 3456 3229 sed
3489 3149 3556 3190 ¹⁹·

1964 3261 2105 3323 duae
2136 3261 2201 3323 in
2231 3260 2474 3322 ordinis
2505 3259 2925 3343 impressione
2963 3262 3099 3323 dari
3139 3263 3452 3326 videntur.

1963 3358 2123 3421 Hinc
2170 3357 2293 3420 alia
2351 3357 2570 3439 opinio
2615 3366 2732 3432 est,
2784 3359 2954 3441 quod
3005 3359 3269 3423 scientia
3317 3381 3459 3443 quat

1964 3464 2061 3520 est
2100 3455 2379 3530 habitus,
2413 3472 2540 3517 non
2585 3463 2681 3518 est
2717 3455 2936 3530 claviS,
2970 3456 3080 3518 sed
3118 3459 3458 3521 auctoritas

1962 3553 2300 3616 exercendi
2331 3560 2545 3615 actum
2577 3553 2860 3616 scientiae
2895 3571 2908 3615 :
2943 3571 3085 3634 quae
3116 3555 3457 3618 auctoritas

1963 3651 2343 3733 quandoque
2401 3656 2499 3713 est
2563 3668 2710 3712 cum
2769 3651 3056 3725 scientia,
3115 3651 3459 3735 aliquando

1962 3751 2100 3812 sine
2143 3767 2238 3824 ea,
2283 3756 2354 3810 ut
2395 3749 2461 3811 in
2505 3747 2915 3812 saecularibus
2962 3757 3138 3832 patet
3171 3751 3452 3831 judiciis.

1962 3848 2120 3911 Nam
2148 3847 2408 3929 quidam
2439 3853 2588 3909 sunt
2613 3845 2864 3928 judices
2892 3848 3330 3912 auctoritatem
3359 3850 3458 3931 ju-

1964 3937 2214 4008 dicandi
2274 3944 2602 4019 habenteS,
2666 3962 2794 4008 non
2851 3952 3063 4008 tamen
3126 3947 3458 4012 scientiam

1960 4045 2176 4128 juris3
2227 4051 2291 4106 et
2345 4060 2691 4106 econverso
2749 4043 3009 4126 quidam
3067 4052 3217 4108 sunt
3267 4046 3456 4127 juris·

1965 4142 2155 4226 periti
2203 4159 2331 4204 non
2382 4141 2756 4204 auctoritate
2795 4141 3136 4222 judiciaria
3185 4145 3453 4227 praediti.

349 4252 655 4320 siasticus
685 4248 884 4329 judex
922 4263 1039 4328 per
1075 4244 1321 4306 clavem
1364 4242 1596 4326 recipit
1631 4241 1855 4323 dignos
1884 4246 1933 4308 D
1964 4242 2299 4322 Quumque
2340 4247 2519 4302 actus
2560 4238 2785 4320 judicii
2830 4239 2910 4302 ad
2955 4258 3146 4322 quem
3192 4242 3336 4324 quis
3377 4262 3457 4307 ex

350 4363 422 4419 et
463 4349 748 4416 excludit
784 4345 1079 4426 indignos
1114 4361 1129 4405 :
1164 4341 1315 4404 hinc
1352 4349 1496 4422 eget
1533 4340 1856 4404 discretio-

352 4454 463 4518 nis
486 4447 757 4533 judicio,
791 4446 1059 4528 ipsoque
1095 4449 1241 4504 actu
1271 4460 1345 4503 ac
1374 4441 1748 4503 auctoritate
1775 4439 1854 4502 ad

351 4560 727 4630 utrumque.
780 4545 1013 4626 Sicque
1056 4543 1197 4605 duae
1246 4539 1456 4603 claves
1503 4545 1851 4622 ponuntur,

352 4670 486 4716 una
524 4647 857 4731 pertinens
894 4642 974 4705 ad
1009 4640 1453 4723 judicandum,
1483 4639 1606 4700 alia
1639 4638 1715 4700 ad
1747 4637 1855 4700 ab·

348 4747 737 4816 solvendum
768 4761 783 4806 :
818 4761 961 4825 quae
990 4760 1117 4805 non
1149 4740 1630 4821 distinguuntur
1661 4737 1725 4800 in
1755 4757 1859 4800 au-

350 4846 671 4912 ctoritatis
700 4841 1000 4914 essentia,
1033 4840 1187 4922 quia
1215 4847 1559 4920 utrumque
1597 4855 1674 4900 ex
1714 4836 1857 4899 ol'l'i-

350 4949 459 5011 cio
498 4943 810 5026 competit
846 4941 950 5020 ei;
992 4940 1102 5002 sed
1146 4957 1223 5001 ex
1266 4936 1737 5019 comparatione
1778 4937 1857 4999 ad

354 5053 539 5109 actus
568 5042 928 5115 distinctoS,
960 5055 1236 5122 quorum
1268 5056 1433 5099 unus
1461 5036 1660 5098 alium
1700 5055 1857 5118 prae·

354 5143 685 5225 supponit.

445 5243 509 5306 Si
540 5259 691 5323 ergo
718 5239 1084 5320 objiciatur,
1117 5234 1287 5320 quod
1316 5232 1397 5296 ad
1429 5251 1620 5296 unam
1650 5249 1858 5294 seram

358 5341 616 5409 sufficit
643 5338 843 5403 clavis
872 5353 1041 5416 una3
1072 5353 1213 5398 sera
1248 5349 1405 5396 vero
1440 5332 1517 5395 ad
1546 5330 1732 5411 cujus
1760 5349 1855 5393 re-

1964 4340 2338 4403 auctoritate
2365 4345 2640 4413 tenetur,
2659 4339 2800 4401 sine
2825 4338 3095 4402 scientia
3122 4338 3287 4403 bene
3313 4339 3456 4404 fieri

1966 4439 2190 4522 nequit
2231 4455 2244 4500 ε
2291 4437 2530 4500 idcirco
2566 4437 2908 4501 auctoritas
2943 4437 3273 4518 judicandi
3318 4457 3458 4520 quae

1964 4539 2162 4602 clavis
2201 4543 2321 4611 est,
2359 4554 2488 4600 non
2529 4536 2695 4599 valet
2733 4537 2871 4600 sine
2911 4537 3178 4600 scientia
3219 4536 3458 4619 absque

1966 4644 2226 4723 peccato
2255 4636 2535 4715 assumi;
2567 4635 2676 4698 sed
2709 4635 2977 4698 scientia
3013 4636 3152 4699 sine
3189 4637 3458 4700 auctori·

1966 4745 2113 4811 tate,
2153 4742 2363 4818 potest
2409 4733 2547 4796 sine
2596 4740 2857 4814 peccato
2897 4732 3136 4796 baberi.
3183 4735 3457 4799 Potestas

1965 4837 2157 4900 etiam
2201 4834 2503 4907 clavium,
2544 4822 2841 4915 quamvis
2875 4831 2960 4894 sit
2995 4832 3249 4896 realiter
3288 4835 3458 4897 idem

1966 4954 2113 4997 cum
2166 4939 2475 5016 potestate
2531 4928 2926 5004 sacerdotali,
2978 4930 3188 5011 potius
3246 4939 3459 4996 tamen

1965 5034 2202 5098 dicitur
2237 5033 2378 5096 duae
2417 5048 2610 5113 quam
2649 5047 2775 5091 una
2819 5045 2832 5090 :
2876 5028 3180 5109 quoniam
3217 5029 3327 5092 illa
3363 5038 3462 5094 est

1967 5139 2214 5195 tantum
2258 5131 2337 5192 ad
2381 5147 2584 5191 unum
2627 5134 2841 5190 actum
2885 5124 3145 5189 alterius
3181 5128 3456 5208 generiS,

1968 5231 2080 5313 qui
2119 5235 2217 5292 est
2254 5226 2646 5292 consecratio
2687 5223 2995 5287 dominici
3037 5225 3338 5309 corporis,
3380 5261 3462 5274 --

1966 5329 2113 5394 Haec
2141 5327 2431 5391 Thomas.
2466 5323 2662 5405 Cujus
2691 5329 3138 5404 argumentum
3177 5319 3345 5407 quod
3375 5326 3466 5390 fa-
