4267 6250
1072 515 1297 571 ounsr.
1339 514 1385 561 n
1426 514 1441 557 :
1481 512 1563 559 nn
1601 509 1849 559 murus
1888 510 2174 559 urrisun
2212 510 2572 559 nrrscrmns
3255 492 3374 557 123

296 702 407 766 que
457 685 659 769 culpae
716 685 1069 767 originaliS‚
1118 703 1321 767 quum
1380 684 1465 747 sit
1514 683 1773 747 aliunde
1800 680 1854 744 A
1962 682 2306 757 Postremo,
2340 682 2562 746 Scotus
2601 682 2942 746 concordat
2982 680 3370 763 praehabitis.

297 791 841 868 contracta,potest
869 784 1103 848 hahere
1132 783 1615 867 dispositione-m
1646 780 1774 843 suf-

296 880 603 945 ficientem
636 903 753 966 per
778 883 1080 963 alterum3
1103 882 1433 945 mundatio
1460 898 1611 943 vero
1634 897 1775 961 pro-

296 979 434 1061 priae
470 982 673 1063 culpae
712 982 985 1064 requirit
1018 980 1503 1064 dispositionem
1554 997 1671 1060 per
1704 996 1773 1040 se

298 1079 515 1159 ipsum,
542 1080 725 1160 juxta
762 1079 921 1142 illud
960 1080 1295 1161 Augustini
1332 1097 1346 1141 ε
1378 1078 1494 1152 Qui
1534 1076 1774 1139 creavit

297 1185 350 1239 te
374 1178 507 1240 sine
536 1187 617 1253 te,
640 1196 767 1241 non
796 1178 1181 1259 justificabit
1209 1186 1271 1241 te
1300 1178 1439 1240 sine
1467 1184 1549 1239 te.
1582 1176 1774 1237 Porro

294 1275 605 1357 dispositio
634 1277 887 1358 parvuli
918 1276 1210 1339 consistit
1238 1276 1302 1337 in
1333 1273 1539 1337 tribus
1571 1289 1585 1335 ε
1619 1290 1773 1355 quo-

294 1392 420 1435 rum
466 1394 663 1436 unum
707 1375 903 1438 habet
944 1394 1011 1437 se
1054 1382 1125 1436 ut
1170 1373 1377 1456 prima
1418 1391 1609 1434 causa
1646 1370 1771 1433 dis-

294 1488 539 1552 ponenS,
572 1480 793 1555 utpote
822 1473 1035 1555 passio
1068 1472 1341 1550 Christi3
1372 1471 1667 1543 alterum,
1699 1475 1771 1531 ut

294 1588 465 1631 causa
494 1572 875 1653 propinqua,
910 1578 1063 1654 puta
1090 1569 1253 1632 fides
1284 1568 1619 1646 Ecclesiae3
1652 1575 1771 1629 ter-

294 1667 461 1741 tium,
502 1678 571 1730 ut
612 1688 807 1731 causa
844 1667 1235 1741 immediata,
1276 1667 1523 1731 scilicet
1566 1684 1770 1729 sacra-

296 1773 580 1828 mentum.
623 1767 769 1831 Haec
810 1768 1052 1830 Petrus.
1086 1802 1167 1813 —
1200 1765 1377 1828 Idem
1419 1764 1771 1827 Richardus

295 1864 511 1947 aliique
552 1866 999 1929 communiter.

364 1963 435 2025 Et
460 1964 629 2027 addit
659 1964 995 2027 Durandus
1028 1982 1044 2026 ε
1076 1963 1250 2027 Istud
1282 1962 1769 2044 intelligendum

295 2070 379 2123 est
417 2062 493 2124 ad
546 2061 759 2125 forum
816 2063 952 2138 Dei,
1000 2062 1155 2145 quia
1199 2062 1482 2124 humano
1524 2060 1772 2142 judicio

296 2178 409 2221 non
458 2160 662 2223 solum
722 2161 1071 2223 attenditur
1124 2179 1253 2242 qua
1301 2178 1490 2242 poena
1537 2159 1771 2239 dignus

296 2259 369 2319 sit
399 2258 581 2321 homo
616 2259 826 2341 quoad
874 2260 1101 2334 Deum,
1144 2258 1256 2321 sed
1299 2258 1493 2319 etiam
1542 2257 1607 2319 in
1644 2275 1773 2339 qua

298 2357 371 2418 sit
410 2356 789 2439 obligatione
836 2366 1151 2440 quantum
1196 2358 1277 2419 ad
1324 2356 1616 2419 homines
1660 2355 1771 2438 qui

298 2464 431 2517 sunt
466 2455 593 2519 laesi
632 2464 699 2519 et
732 2456 1137 2519 scandalizati
1178 2474 1291 2519 seu
1332 2455 1617 2536 injuriati
1657 2473 1773 2536 per

298 2572 447 2616 eum.
470 2555 635 2631 Ideo,
660 2556 955 2638 quamvis
986 2554 1308 2617 homicida
1338 2554 1649 2617 liberetur
1678 2561 1769 2616 to-

299 2653 483 2715 taliter
521 2672 557 2715 a
600 2661 776 2716 reatu
822 2672 1027 2736 poenae
1068 2662 1381 2736 quantum
1424 2654 1503 2715 ad
1546 2654 1769 2727 Deum,

298 2759 487 2814 tamen
528 2761 816 2815 remanet
852 2753 1061 2834 quoad
1096 2751 1391 2814 homines
1429 2750 1767 2833 obligatuS,

298 2868 437 2931 quos
476 2850 724 2931 justum
780 2858 880 2913 est
933 2849 1239 2914 aedificari
1288 2850 1367 2912 de
1414 2850 1555 2930 ejus
1600 2850 1774 2930 justa

298 2966 463 3030 poena
504 2968 619 3013 seu
662 2949 1119 3025 satisfactione,
1160 2950 1329 3011 sicut
1368 2948 1773 3011 scandalizati

298 3056 426 3110 sunt
450 3048 529 3111 de
554 3048 699 3130 ejus
728 3048 920 3133 culpa
946 3056 1014 3111 et
1039 3047 1417 3113 offensione.
1438 3046 1507 3109 In
1538 3046 1771 3110 talibus
1803 3046 1848 3111 C

298 3153 487 3211 tamen
530 3147 833 3231 princeps
874 3154 1090 3230 posset
1127 3147 1233 3230 pie
1271 3165 1527 3229 poenam
1557 3146 1772 3210 dimit-

300 3253 433 3321 tere,
479 3246 835 3330 praesertim
884 3246 939 3308 si
984 3245 1306 3309 evidentia
1362 3245 1545 3326 signa
1596 3251 1773 3327 pate-

301 3352 437 3420 rent,
448 3345 617 3427 quod
644 3343 971 3407 homicida
998 3343 1347 3427 postularet
1372 3342 1771 3425 Baptismum

302 3460 365 3504 ex
397 3443 543 3506 fidei
580 3443 943 3518 devotione,
986 3459 1115 3507 non
1153 3441 1375 3505 mortis
1416 3440 1661 3504 timore.
1695 3442 1771 3504 Hi

302 3559 528 3625 quoque
568 3541 809 3625 quihus
859 3541 1201 3623 injuriatus
1244 3548 1362 3616 est,
1404 3548 1667 3623 possent
1712 3539 1773 3604 ei

302 3641 771 3704 satisfactionem
814 3638 1155 3703 dimittere.
1188 3639 1333 3703 Haec
1374 3639 1727 3702 Duraudus,

366 3740 681 3815 Praeterea,
720 3738 1205 3820 Argentinensis
1240 3737 1347 3800 hic
1386 3738 1768 3814 sciscitatur,

304 3837 435 3918 quid
468 3839 585 3901 hoc
623 3837 765 3900 loco
803 3844 1067 3900 vocetur
1096 3854 1196 3898 res
1226 3836 1625 3898 sacramenti.
1658 3835 1773 3899 Re·

306 3936 543 4016 spondet
588 3953 602 3998 :
652 3935 771 3998 Res
816 3933 1196 3997 sacramenti
1242 3932 1561 3996 interdum
1609 3935 1776 3996 acci-

306 4032 455 4113 pitur
482 4034 648 4115 large
680 4051 797 4115 pro
824 4033 1003 4095 omni
1033 4031 1147 4095 illo
1174 4032 1345 4114 quod
1375 4031 1559 4094 datur
1584 4032 1771 4095 alicui

306 4131 549 4214 desuper
596 4151 711 4195 seu
759 4151 839 4194 ex
884 4130 1284 4195 ordinatione
1332 4130 1570 4205 divina,
1617 4132 1771 4194 dum

1881 778 2144 862 Aliquas
2182 788 2394 844 tamen
2425 780 2840 843 difficultates
2872 779 3042 842 circa
3075 780 3210 843 haec
3239 787 3372 841 tan-

1881 877 1994 958 git,
2035 879 2127 941 sic
2176 898 2446 961 arguens
2493 898 2508 942 :
2553 880 2690 947 Non
2728 878 3090 943 infunditur
3124 877 3374 941 homini

1882 977 2085 1057 gratia
2114 978 2252 1040 sine
2281 978 2433 1051 fide,
2466 978 2770 1061 quoniam
2801 978 2939 1041 sine
2968 976 3100 1040 fide
3139 977 3374 1059 impos·
3403 998 3668 1051 manns.

1886 1074 2073 1139 sibile
2124 1084 2223 1139 est
2269 1076 2520 1159 placere
2567 1076 2732 1155 Deo;
2783 1077 2893 1139 sed
2952 1074 3199 1158 parvuli
3248 1091 3376 1136 non

1886 1174 2206 1256 recipiunt
2262 1174 2482 1248 fidem,
2531 1191 2732 1257 quum
2789 1175 2958 1237 dicat
3011 1174 3372 1257 Apostolus,

1884 1272 2065 1334 Fides
2104 1281 2202 1336 est
2239 1292 2317 1336 ex
2347 1266 2588 1337 auditu.
2623 1274 2884 1348 Rursus,
2918 1273 3158 1336 habens
3196 1272 3376 1335 habi·
3401 1296 3668 1349 nomast-1.

1883 1378 2021 1431 tum
2059 1377 2270 1453 potest
2308 1389 2384 1434 eo
2423 1372 2539 1445 uti,
2582 1372 2884 1454 parvulus
2919 1378 3132 1433 autem
3171 1369 3376 1453 bapti-

1882 1476 2059 1533 zatus
2086 1472 2166 1533 ad
2195 1490 2386 1533 usum
2416 1472 2678 1535 veniens
2708 1472 2993 1546 rationis,
3012 1489 3140 1534 non
3171 1477 3377 1554 potest

1882 1568 2057 1630 exire
2109 1568 2176 1630 in
2227 1577 2438 1632 actum
2491 1570 2790 1632 credendi
2841 1569 3142 1632 articulos
3191 1568 3372 1643 fidei,

1883 1667 2007 1729 nisi
2037 1667 2296 1730 aliunde
2326 1667 2682 1731 edoceatur.
2716 1668 2976 1743 Iterum,
3000 1668 3242 1731 habens
3272 1668 3381 1729 ha-

1883 1765 2111 1841 bitum,
2146 1766 2330 1828 aliter
2357 1766 2550 1829 hahet
2577 1785 2644 1829 se
2673 1767 2753 1828 ad
2781 1773 2994 1829 actum
3026 1786 3220 1849 quam
3249 1784 3378 1829 non

1808 1862 1855 1923 B
1882 1863 2123 1926 hahens
2149 1882 2166 1943 ;
2199 1865 2502 1947 parvulus
2531 1872 2744 1928 autem
2778 1864 3154 1948 baptizatus,
3189 1865 3254 1926 in
3285 1882 3380 1927 so-

1883 1962 2154 2025 litudine
2196 1970 2307 2026 aut
2351 1964 2516 2027 inter
2563 1963 2844 2046 perfidos
2885 1964 3226 2037 enutrituS,
3259 1980 3380 2024 nec

1878 2060 2138 2124 aliunde
2171 2062 2540 2137 instructuS,
2573 2080 2700 2125 non
2731 2062 2876 2145 plus
2907 2061 3038 2125 exit
3067 2062 3132 2125 in
3162 2068 3376 2124 actum

1882 2160 2186 2224 credendi
2213 2180 2406 2243 quam
2433 2162 2595 2225 alter
2623 2179 2748 2224 non
2779 2160 3152 2244 baptizatus
3178 2198 3254 2209 --
3285 2161 3379 2224 Ad

1882 2259 2004 2321 ista
2033 2259 2258 2322 Scotus
2289 2260 2394 2322 hic
2423 2278 2552 2323 non
2585 2260 2946 2342 respondet,
2973 2261 3083 2323 sed
3114 2260 3383 2323 remittit

1880 2358 1961 2419 ad
1992 2358 2273 2432 tertium,
2308 2357 2419 2420 ubi
2457 2366 2522 2420 et
2561 2378 2628 2422 se
2667 2376 3122 2443 responsurum
3152 2359 3231 2422 ad
3263 2358 3385 2421 ista

1883 2456 2169 2518 insinuat
2201 2473 2214 2517 ε
2248 2474 2376 2539 quo
2406 2456 2660 2520 videtur
2691 2457 2860 2540 quod
2901 2457 3160 2540 scripsit
3188 2476 3384 2539 super

1883 2555 2054 2617 hunc
2102 2563 2404 2638 quartum
2461 2563 2802 2638 antequam
2854 2573 3047 2637 super
3095 2556 3376 2619 tertium.

1882 2650 1976 2716 A‘d
2015 2654 2151 2718 haec
2191 2662 2406 2717 autem
2447 2661 2823 2736 argumenta
2865 2654 3056 2736 paulo
3099 2662 3244 2736 post
3285 2673 3381 2717 re-

1883 2752 2305 2834 spondebitur
2341 2754 2406 2815 in
2437 2754 2556 2816 hac
2587 2753 2725 2835 ipsa
2751 2752 3180 2827 distinctione,
3213 2772 3383 2835 quae-

1882 2850 2089 2914 stione
2135 2870 2264 2933 qua
2312 2851 2668 2934 inquiretur
2705 2871 2786 2914 an
2822 2850 3104 2933 parvulis
3147 2851 3215 2913 in
3265 2852 3378 2915 Ba-
3431 2874 3642 2930 amu.

1883 2949 2119 3031 ptismo
2164 2948 2582 3013 infundantur
2622 2950 2910 3035 virtutes

2329 3266 2804 3358 QUAEs'rIo
2851 3266 2931 3331 11

2006 3537 2268 3600 Ecundo
2296 3536 2604 3620 quaeritur
2635 3540 2748 3606 De
2786 3541 3074 3608 ceteris
3111 3543 3378 3625 Bapta-

2034 3638 2191 3704 smi
2233 3636 2674 3706 effectibus·

1962 3735 2039 3796 Et
2069 3735 2239 3797 circa
2280 3735 2402 3797 hoc
2441 3733 2628 3796 multi
2668 3733 2902 3798 multas
2940 3734 3186 3798 faciunt
3213 3755 3382 3818 quae-

1884 3835 2141 3897 stioneS.
2160 3833 2319 3896 Nam
2349 3840 2412 3896 et
2441 3839 2697 3895 sanctus
2727 3833 3286 3915 Doctor,quamvis
3317 3834 3381 3897 in

1884 3932 2133 4014 Scripto
2182 3932 2276 4013 (ni
2329 3931 2541 4013 fallor)
2587 3931 2851 3995 secundi
2898 3939 3138 3994 asserat
3192 3949 3381 4013 quos-

1883 4032 2029 4094 dam
2077 4030 2354 4093 nimium
2399 4030 2828 4112 multiplicare
2871 4031 3276 4113 quaestioneS,
3319 4039 3385 4094 et

1883 4130 2138 4192 videtur
2175 4136 2434 4210 tangere
2475 4129 2926 4204 Alexandrum,
2959 4128 3073 4212 qui
3112 4148 3243 4211 pra)
3281 4148 3382 4192 ce-

306 4233 543 4315 suscipit
592 4239 1063 4305 sacramentum
1123 4229 1454 4313 Baptismi,
1507 4231 1641 4293 sive
1690 4231 1774 4293 sit
1802 4230 1851 4293 D
1883 4229 2036 4290 teris
2066 4227 2249 4310 quasi
2283 4228 2651 4290 innumeras
2690 4226 2923 4291 format
2954 4227 3380 4310 quaestiones3

306 4331 515 4393 donum
542 4331 737 4412 gratis
766 4331 1012 4404 datum,
1044 4329 1180 4392 sive
1209 4335 1459 4410 gratum
1493 4327 1769 4409 faciens;

307 4431 574 4504 seeundo,
621 4428 907 4492 strictius
951 4446 1069 4510 pro
1110 4428 1277 4490 dono
1318 4433 1569 4508 gratum
1617 4426 1772 4489 faci-

310 4535 449 4589 ente.
492 4528 699 4590 Primo
748 4527 937 4590 modo
985 4544 1111 4589 non
1161 4526 1439 4588 sumitur
1484 4526 1637 4588 hic:
1680 4527 1771 4588 sic

308 4625 457 4688 enim
494 4634 555 4689 et
592 4627 914 4688 character
944 4643 1044 4687 res
1074 4624 1455 4687 sacramenti
1485 4633 1769 4700 vocatur,

312 4742 475 4804 quem
530 4731 743 4787 tamen
801 4723 1164 4806 suscipiunt
1212 4723 1403 4786 etiam
1455 4723 1565 4805 qui
1618 4722 1773 4786 ficte

310 4839 405 4883 seu
440 4822 501 4884 in
536 4821 785 4885 mortali
833 4823 1166 4895 accedunt,
1209 4822 1557 4884 dummodo
1601 4841 1773 4885 vera-

310 4921 445 4982 citer
478 4921 891 5004 baptizentur.
926 4921 1215 4983 Sumitur
1252 4937 1401 5001 ergo
1441 4920 1545 4982 hic
1584 4921 1774 4984 modo

312 5022 579 5096 secundo,
612 5019 1025 5101 intelligendo
1064 5037 1178 5101 per
1216 5019 1484 5100 gratiam
1522 5027 1771 5101 gratum

314 5117 619 5184 facientem
660 5120 856 5183 etiam
894 5119 1006 5181 illa
1044 5137 1187 5201 quae
1229 5117 1600 5199 hujusmodi
1636 5137 1772 5200 gra-

317 5217 447 5281 tiam
492 5219 911 5283 infallibiliter
959 5224 1458 5299 consequuntur,
1510 5223 1579 5278 ut
1625 5225 1777 5280 sunt

322 5316 575 5398 expulsio
614 5317 843 5400 culpae,
882 5314 1175 5378 remissio
1214 5331 1421 5396 poenae
1460 5321 1727 5379 aeternae.

1882 4333 2162 4388 attamen
2199 4333 2264 4388 et
2303 4325 2441 4409 ipse
2481 4325 2547 4387 in
2584 4325 2833 4408 Scripto
2862 4326 2983 4388 hoc
3011 4327 3222 4408 quarti
3253 4345 3382 4390 non

1884 4425 2290 4488 mediocriter
2326 4423 2713 4507 multiplicat
2752 4425 3134 4507 quaestiones
3168 4443 3182 4488 :
3217 4425 3386 4488 sicut

1884 4529 1948 4585 et
1988 4523 2109 4586 hoc
2155 4523 2294 4586 loco
2343 4523 2708 4604 interrogat,
2755 4530 2972 4586 utrum
3018 4543 3134 4606 per
3177 4524 3384 4605 Bapti-

1884 4641 2095 4687 smum
2139 4621 2547 4684 conferantur
2585 4622 2801 4704 pueris
2839 4623 3045 4703 gratia
3084 4631 3148 4685 et
3183 4623 3382 4686 virtu-

1882 4730 1999 4796 teS,
2035 4727 2252 4782 utrum
2292 4737 2406 4802 per
2443 4720 2840 4802 Baptismum
2879 4720 2945 4784 in
2983 4720 3218 4784 adultis
3259 4722 3383 4785 vir-

1882 4827 2049 4883 tutes
2087 4826 2460 4900 augeantur,
2503 4825 2718 4882 utrum
2761 4819 3032 4883 effectus
3075 4820 3381 4902 Baptismi

1884 4919 1967 4981 sit
2019 4917 2428 4992 illuminatio,
2479 4925 2695 4980 utrum
2753 4918 3025 4980 effectus
3071 4917 3379 5000 Baptismi

1884 5016 1968 5079 sit
2004 5015 2392 5090 fecundati0‚
2436 5023 2650 5077 utrum
2691 5015 3078 5097 incorporari
3129 5015 3380 5080 Christo

1883 5117 1967 5179 sit
2008 5115 2317 5198 Baptismi
2359 5114 2652 5188 effectus,
2692 5121 2906 5176 utrum
2951 5115 3222 5178 effectus
3271 5117 3382 5180 Ba-

1884 5215 2106 5299 ptismi
2151 5215 2234 5277 sit
2281 5215 2524 5296 apertio
2566 5214 2778 5295 januae
2827 5214 3004 5295 regni
3046 5232 3060 5276 τ
3104 5214 3187 5278 ad
3233 5235 3378 5298 quae

1882 5313 2100 5378 omnia
2147 5332 2227 5376 ex
2275 5328 2404 5376 uno
2444 5311 2858 5377 fundamento
2905 5320 3077 5397 patet
3117 5332 3376 5400 respon-
