4267 6250
774 505 862 553 Art
899 505 1268 554 accmmla
1308 505 1558 554 Possuvr
1597 505 1800 553 aem
1839 506 1916 553 m·
1953 507 2094 556 PATI
2135 508 2271 564 QUAE
2311 508 2473 555 am
2514 509 3051 558 consumnom

3346 491 3468 557 325

354 697 534 742 mam
577 676 1062 752 accidentalem,
1094 678 1207 741 sed
1247 677 1441 740 etiam
1485 677 1865 740 substantia·
1894 676 1947 740 A
1973 697 2076 740 res
2105 679 2411 742 naturalis
2440 679 2923 743 determinatam
2962 679 3193 744 habeat
3222 680 3471 763 quanti·

353 776 487 838 lem
521 794 537 838 :
573 777 726 838 hinc
770 775 1095 858 generatio
1141 784 1242 839 est
1286 777 1600 839 terminus
1647 775 1868 838 altera-

315 875 572 964 θ1101113.
605 875 990 955 Hujusmodi
1020 892 1276 958 quoque
1310 874 1862 938 instrumentalem

349 975 666 1037 virtutem
707 974 1036 1056 accipiunt
1072 993 1148 1038 eo
1186 975 1356 1058 quod
1399 993 1478 1038 ex
1517 973 1866 1038 essentiali-

349 1073 482 1136 bus
512 1082 860 1136 causantur
887 1073 1244 1156 principiiS.
1265 1075 1442 1137 Unde
1469 1074 1639 1136 sicut
1661 1091 1866 1137 remo-

353 1172 444 1234 tis
473 1171 873 1247 substantiis,
887 1180 1102 1234 manet
1131 1173 1198 1234 in
1226 1172 1664 1236 accidentibus
1694 1173 1866 1235 idem

355 1289 502 1334 6336
532 1271 891 1334 secundum
921 1271 1204 1353 speciem
1236 1271 1472 1334 virtute
1507 1271 1748 1346 divina,
1783 1271 1868 1332 ita

357 1376 656 1431 remanet
698 1368 764 1430 in
805 1368 900 1430 eis
937 1368 1157 1431 eadem
1196 1368 1400 1432 virtus
1438 1389 1582 1451 quae
1630 1368 1808 1451 prius
1850 1386 1864 1430 :

357 1468 508 1530 ideo
537 1466 710 1530 sicut
737 1466 918 1549 prius
947 1474 1240 1549 poterant
1269 1466 1608 1529 immutare
1637 1467 1715 1529 ad
1745 1466 1870 1530 for-

359 1585 538 1628 mam
569 1564 1077 1639 substantialem,
1110 1565 1198 1627 ita
1235 1574 1300 1627 et
1338 1564 1505 1627 facta
1541 1582 1868 1627 consecra-

357 1666 560 1728 tione.
603 1663 825 1746 Neque
873 1663 1108 1726 virtute
1158 1665 1417 1746 propria
1460 1671 1658 1745 agunt
1702 1662 1868 1725 ultra

358 1763 652 1847 speciem
696 1781 900 1836 suam,
947 1762 1058 1824 sed
1099 1761 1336 1824 virtute
1377 1762 1612 1824 divina.

1973 784 2192 852 tatem,
2209 779 2439 861 poterit
2466 779 2698 842 divisio
2726 780 2793 843 in
2820 787 3071 843 tantum
3100 780 3467 862 procedere,

1974 877 2145 958 quod
2204 878 2451 960 species
2500 878 2591 941 rei
2638 896 2767 941 non
2827 876 3243 960 permanebit.
3295 877 3471 941 Unde

1975 995 2175 1057 quum
2210 977 2277 1038 in
2306 977 2428 1039 hoc
2457 985 2853 1041 sacramento
2887 976 3231 1060 aliquando
3258 976 3473 1058 aliqua

1977 1073 2142 1137 facta
2168 1074 2540 1139 alteratione
2571 1077 2637 1138 in
2666 1075 3093 1159 qualitatibus,
3107 1075 3315 1138 adhuc
3346 1093 3474 1138 ma-

1976 1181 2086 1237 net
2113 1193 2254 1237 esse
2284 1175 2443 1238 illud
2472 1175 2947 1238 dimensionum
2978 1174 3304 1238 conforme
3334 1173 3477 1236 sub-

1975 1273 2225 1336 stantiae
2282 1273 2686 1355 praecedenti,
2748 1281 2899 1336 tunc
2955 1273 3197 1336 ratione
3258 1291 3474 1337 corru-

1976 1372 2215 1453 ptionis
2261 1371 2689 1436 accidentium
2740 1390 2865 1434 non
2916 1372 3149 1435 desinit
3194 1371 3285 1434 ibi
3333 1389 3473 1434 esse

1977 1487 2209 1552 corpus
2246 1469 2663 1533 dominicum.
2700 1470 3025 1533 Interdum
3063 1488 3215 1533 vero
3248 1469 3473 1532 altera-

1975 1568 2067 1630 tio
2095 1569 2273 1630 venit
2298 1569 2376 1632 ad
2405 1569 2772 1642 terminum,
2786 1576 2852 1631 et
2878 1576 3032 1630 tunc
3062 1568 3307 1631 tollitur
3332 1587 3474 1632 esse

1978 1666 2377 1747 praedictum,
2408 1674 2473 1729 et
2518 1666 2752 1729 desinit
2791 1685 2931 1730 esse
2977 1672 3468 1729 sacramentum.

1979 1764 2289 1827 Similiter
2316 1783 2393 1827 ex
2424 1773 2603 1847 parte
2641 1765 3010 1848 quantitatis
3044 1783 3059 1826 :
3093 1764 3246 1847 quia
3274 1764 3329 1825 si
3358 1764 3474 1826 fiat

441 1860 764 1934 Quaeritur
808 1878 1086 1942 quoque,
1126 1859 1404 1943 qualiter
1448 1867 1685 1942 queant
1732 1877 1866 1922 cor-
1902 1858 1949 1921 B
1979 1862 2211 1926 divisio
2267 1864 2333 1926 in
2395 1869 2601 1947 partes
2658 1871 2847 1927 tantae
2905 1862 3275 1946 quantitatis
3330 1882 3473 1945 quae

359 1959 602 2041 rumpi.
639 1959 1020 2034 Dicendum,
1051 1959 1220 2041 quod
1265 1959 1433 2022 sicut
1470 1977 1868 2041 unaquaeque

360 2077 464 2120 res
517 2058 714 2121 habet
757 2058 1088 2140 proprium
1131 2077 1272 2120 esse
1315 2077 1444 2121 suae
1486 2057 1748 2140 speciei,
1783 2056 1870 2119 ita

359 2165 438 2220 ct.
457 2157 790 2241 propriam
825 2157 1160 2219 actionem.
1197 2156 1372 2219 Unde
1411 2155 1578 2218 sicut
1617 2155 1680 2218 in
1721 2174 1870 2238 qua-

364 2254 656 2319 litatibus
687 2253 1166 2318 remanentibus
1197 2253 1261 2315 in
1293 2253 1718 2328 Sacramenta,
1743 2272 1870 2316 ma-

363 2362 474 2418 net
502 2353 676 2416 actio
705 2353 1054 2417 conformis
1083 2351 1318 2416 actioni
1347 2351 1718 2415 substantiae
1743 2336 1870 2434 pri-

364 2473 440 2516 us
489 2452 905 2532 exsistentis;
959 2451 1044 2514 ita
1091 2451 1284 2514 etiam
1331 2470 1470 2514 esse
1517 2449 1870 2514 subsistens

363 2553 538 2634 quod
587 2551 893 2614 convenit
939 2549 1448 2613 dimensionibus
1491 2549 1872 2612 remanenti-

365 2650 511 2725 buS,
529 2657 631 2712 cst
661 2648 990 2713 conforme
1021 2649 1116 2711 illi
1145 2667 1284 2712 esse
1314 2649 1486 2731 quod
1516 2647 1695 2730 prius
1726 2647 1871 2711 sub-

366 2748 602 2812 stantia
641 2747 828 2830 panis
870 2747 1163 2830 habebat.
1197 2747 1358 2809 Hinc
1398 2747 1564 2809 sicut
1601 2746 1871 2828 qualitas

366 2846 522 2910 facit
551 2846 848 2909 eamdem
887 2845 1202 2908 actionem
1233 2863 1424 2927 quam
1465 2844 1644 2927 prius
1682 2843 1872 2906 facie-

369 2945 498 3018 bat,
516 2945 878 3008 substantia
908 2943 1092 3026 panis
1121 2951 1186 3006 et
1214 2943 1346 3006 vini
1379 2943 1721 3006 exsistente
1753 2943 1871 3006 ibi-

1979 1958 2262 2022 sufficiat
2307 1960 2386 2022 ad
2436 1961 2716 2043 speciem
2769 1959 2953 2042 panis
3004 1968 3068 2023 et
3115 1960 3274 2035 vini,
3324 1967 3475 2022 sunt

1977 2057 2118 2122 aliae
2172 2058 2627 2134 dimensiones,
2673 2061 2977 2144 quoniam
3022 2067 3231 2142 partes
3278 2058 3475 2123 conti-

1980 2157 2091 2221 nui
2140 2178 2283 2241 quae
2334 2166 2515 2220 erant
2559 2159 2864 2241 potentia,
2915 2158 3086 2221 fiunt
3134 2165 3318 2237 actu3
3362 2158 3472 2221 sed

1979 2275 2119 2320 esse
2186 2256 2515 2320 conforme
2576 2256 3041 2340 praeexsistenti
3106 2257 3475 2321 substantiae

1981 2362 2217 2429 manet,
2270 2356 2413 2419 ideo
2470 2355 2677 2418 adhuc
2724 2362 2821 2418 est
2867 2363 3354 2419 sacramentum.
3410 2355 3475 2419 Si

1979 2461 2193 2516 autem
2235 2453 2555 2536 quantitas
2592 2454 2870 2537 partium
2900 2455 2977 2517 ad
3018 2454 3139 2518 hoc
3178 2472 3306 2518 non
3344 2453 3505 2516 suf-·

1981 2553 2181 2627 ficiat,
2205 2559 2549 2635 utrumque
2578 2552 2826 2616 desinet
2854 2571 3015 2628 esse,
3048 2557 3203 2636 puta
3230 2551 3475 2615 dimen-

1982 2651 2078 2714 sio
2134 2657 2199 2713 et
2256 2670 2397 2714 esse
2454 2650 2852 2733 praedictum,
2912 2657 2977 2713 et
3030 2659 3185 2713 tunc
3242 2666 3477 2733 corpus

1982 2749 2215 2812 Christi
2258 2749 2494 2811 desinit
2532 2748 2623 2810 ibi
2652 2767 2812 2812 esse.

2061 2847 2386 2922 Praeterea‚
2421 2847 2573 2909 dum
2617 2846 2945 2929 quaeritur,
2977 2866 3057 2910 an
3090 2846 3333 2929 aliquid
3372 2864 3478 2909 va-

1984 2945 2108 3009 leat
2135 2946 2423 3028 generari
2452 2963 2530 3008 ex
2560 2945 2920 3026 hujusmodi
2953 2945 3324 3028 speciebus;
3347 2946 3482 3028 qui·

369 3046 562 3125 dem;
612 3043 710 3106 sic
755 3061 916 3117 esse,
961 3043 1026 3104 in
1071 3062 1199 3126 quo
1245 3042 1678 3106 dimensiones
1726 3043 1874 3106 sub·
1909 3041 1954 3106 C
1983 3046 2130 3108 dam
2163 3045 2568 3127 respondent,
2583 3044 2754 3127 quod
2782 3045 3029 3128 species
3060 3043 3186 3108 illae
3214 3052 3483 3128 possunt

370 3145 629 3213 sistunt,
683 3142 1120 3224 corrumpitur
1169 3142 1412 3205 eisdem
1469 3141 1874 3225 passionibus

371 3243 612 3326 quibus
652 3250 718 3304 et
755 3249 921 3304 ante.
957 3240 1187 3322 Sicquc
1224 3240 1576 3304 accidentia
1619 3260 1877 3303 manen-

371 3342 458 3405 tia
499 3348 1008 3424 corrumpuntur
1048 3341 1273 3403 eodem
1321 3340 1508 3403 modo
1556 3358 1684 3422 quo
1727 3347 1874 3402 ante

372 3441 701 3524 corrumpi
735 3438 1048 3503 valebant.
1068 3439 1360 3502 Poterant
1389 3456 1540 3503 vero
1567 3447 1714 3502 ante
1741 3456 1872 3501 cor-

371 3540 584 3623 rumpi
618 3538 981 3621 dupliciter.
1007 3538 1239 3613 Primo,
1272 3546 1567 3601 manente
1596 3537 1873 3621 subjecti

369 3638 752 3712 substantia,
784 3656 900 3721 per
927 3637 1206 3720 aliquam
1237 3637 1673 3701 alterationem
1709 3637 1872 3699 acci-

369 3737 695 3802 dentalem
733 3754 748 3798 :
783 3736 950 3799 sicut
976 3736 1203 3798 vinum
1242 3743 1489 3798 mutare
1529 3742 1737 3818 potest
1773 3756 1874 3797 su-

371 3856 478 3900 um
511 3837 798 3899 colorem
839 3835 974 3897 sive
1013 3852 1324 3917 saporem.
1358 3834 1683 3907 Quantitas
1722 3851 1872 3897 vero

369 3936 456 3999 ita
483 3933 810 4015 corrumpi
842 3931 1149 4015 nequibat
1176 3952 1293 4015 per
1319 3940 1560 3995 motum
1590 3933 1654 3994 in
1684 3952 1874 4015 quan-

369 4034 568 4107 titate,
601 4032 905 4095 videlicet
943 4050 1060 4113 per
1095 4038 1532 4112 augmentum,
1575 4030 1872 4112 quoniam

371 4133 554 4216 panis
583 4138 652 4194 et
679 4130 904 4192 vinum
933 4146 1061 4192 non
1094 4136 1245 4191 sunt
1273 4146 1538 4211 corpora
1568 4128 1867 4201 animata,

1985 3143 2319 3227 putrefieri
2358 3151 2424 3207 et
2460 3142 2808 3226 corrumpi,
2840 3150 3055 3206 tamen
3097 3162 3176 3206 ex
3215 3143 3324 3206 tali
3368 3162 3483 3225 pu-

1984 3242 2359 3306 trefactione
2388 3260 2516 3305 non
2548 3250 2935 3324 generantur
2962 3261 3237 3317 vermeS,
3270 3260 3479 3325 neque

1983 3341 2339 3405 substantia
2367 3340 2509 3403 alia.
2544 3340 2666 3403 Sed
2697 3341 2817 3403 hoc
2848 3340 3009 3403 nihil
3040 3347 3153 3403 est.
3190 3340 3348 3403 Nam
3378 3359 3479 3403 ac-

1983 3439 2261 3503 cidentia
2306 3459 2507 3521 quum
2558 3446 3077 3521 corrumpuntur,
3124 3456 3251 3502 non
3301 3438 3481 3520 peni-

1982 3548 2084 3601 tus
2129 3538 2567 3601 annihilantur
2600 3555 2613 3600 :
2648 3538 2779 3600 imo
2824 3537 3110 3601 succedit
3147 3538 3241 3601 eis
3284 3538 3481 3601 sensi-

1983 3637 2112 3700 bile
2162 3635 2426 3718 aliquid‚
2476 3637 2646 3718 quod
2697 3644 2948 3718 oportet
2994 3637 3073 3699 dc
3126 3653 3291 3700 novo
3338 3655 3479 3700 esse

1981 3741 2375 3817 generatum.
2417 3734 2545 3797 Nec
2589 3733 2811 3797 differt
2854 3752 2936 3796 an
2973 3734 3058 3797 sit
3092 3735 3331 3797 vermis
3369 3742 3481 3797 aut

1983 3836 2146 3898 cinis
2174 3853 2287 3897 seu
2325 3833 2499 3896 aliud
2537 3834 3009 3915 quodcumque,
3041 3833 3195 3915 quia
3231 3833 3311 3895 de
3342 3851 3477 3896 om·

1981 3932 2175 3995 nibus
2224 3939 2322 3995 est
2368 3932 2589 3995 eadem
2639 3930 3008 3994 difficultas,
3040 3966 3123 3976 --
3151 3929 3277 3994 Alii
3325 3949 3477 4013 ergo

1981 4030 2299 4102 dixerunt,
2345 4030 2512 4111 quod
2561 4029 2913 4092 substantia
2960 4029 3143 4112 panis
3191 4036 3478 4092 remanet

1982 4129 2072 4192 ibi
2109 4147 2122 4191 :
2159 4128 2327 4211 quod
2378 4128 2785 4211 reprobatum
2829 4135 2926 4191 est
2971 4147 3181 4211 supra.
3215 4164 3296 4173 —
3324 4128 3473 4203 Alii,
3505 4148 3767 4207 cfipasoC.

367 4251 508 4313 quae
551 4236 823 4313 possunt
865 4248 1006 4291 esse
1043 4226 1404 4309 subjectum
1443 4228 1768 4309 augmenti
1809 4236 1873 4292 et
1902 4227 1951 4289 D
1982 4228 2152 4311 quod
2182 4247 2261 4291 ex
2292 4235 2513 4290 mutua
2541 4227 2789 4290 actione
2818 4227 3245 4290 accidentium
3274 4246 3476 4291 sacra-

369 4327 860 4407 diminutionis;
891 4327 1002 4389 sed
1048 4345 1164 4408 per
1199 4326 1588 4388 additionem
1633 4327 1735 4390 vel
1778 4328 1871 4390 di-

369 4426 872 4509 visionem,quia
899 4426 1250 4489 secundum
1281 4425 1727 4507 Philosophum
1760 4434 1876 4489 ter-

373 4526 458 4590 tio
503 4524 974 4609 Metaphysicae,
1023 4524 1088 4585 in
1135 4522 1456 4586 additione
1504 4525 1873 4605 quantitatis

373 4626 452 4688 ad
479 4623 924 4707 quantitatem,
957 4639 1084 4683 una
1111 4622 1432 4704 quantitas
1473 4622 1700 4704 incipit
1735 4642 1872 4686 esse

376 4723 628 4785 duabus
675 4720 1116 4783 desinentibus
1165 4738 1341 4799 esse3
1382 4721 1738 4783 econtrario
1779 4729 1876 4783 est

379 4822 440 4883 in
489 4818 830 4884 divisione.
877 4818 1190 4892 Secund0,
1238 4837 1353 4900 per
1399 4819 1872 4901 corruptionem

347 4917 748 4981 -substantiae
800 4933 814 4977 :
868 4935 1008 4998 quae
1061 4916 1386 4998 corruptio
1442 4917 1752 4998 contingit
1797 4937 1874 4981 ex

382 5014 908 5079 transmutatione
941 5014 1368 5076 accidentium
1408 5033 1485 5076 ex
1518 5022 1694 5096 parte
1723 5035 1876 5098 qua-

381 5114 654 5187 litatum,
686 5111 991 5194 quoniam
1035 5111 1203 5173 sicut
1239 5111 1582 5192 generatio,
1619 5111 1704 5174 ita
1747 5130 1878 5175 cor-

383 5210 594 5295 ruptio
633 5217 732 5272 est
768 5208 1082 5272 terminus
1121 5208 1551 5290 alterationis3
1581 5217 1773 5292 atque
1801 5229 1879 5273 ex

386 5317 560 5391 parte
611 5307 1005 5391 quantitatiS‚
1036 5307 1188 5389 quia
1235 5327 1435 5390 quum
1483 5327 1880 5391 unaquaeque

1985 4326 2187 4390 menti
2226 4326 2305 4388 ad
2351 4344 2615 4408 corpora
2657 4326 3135 4389 circumstantia
3175 4345 3478 4408 generan—

1981 4432 2088 4488 tur
2125 4443 2377 4487 vermes
2414 4444 2492 4487 ex
2534 4443 2679 4487 aere
2718 4424 3101 4487 continente.
3136 4425 3311 4499 Quod
3348 4443 3477 4488 non

1983 4524 2258 4598 videtur,
2290 4523 2589 4606 quoniam
2640 4523 2996 4586 accidentia
3043 4522 3152 4586 illa
3198 4540 3326 4587 non
3374 4523 3482 4586 ha-

1985 4622 2140 4686 bent
2188 4621 2279 4684 ibi
2328 4622 2516 4685 aliam
2566 4622 2881 4684 actionem
2932 4640 3125 4703 quam
3173 4622 3481 4685 haberent

1985 4718 2042 4783 31
2081 4719 2437 4783 substantia
2482 4719 2663 4801 panis
2705 4718 2793 4781 ibi
2841 4727 3025 4782 esset.
3060 4719 3182 4782 Sed
3225 4719 3480 4801 quando

1985 4819 2339 4882 substantia
2380 4823 2516 4880 erat
2565 4817 2676 4891 ibi,
2713 4835 2839 4879 non
2891 4825 3182 4899 poterant
3228 4837 3479 4880 vermes

1984 4918 2273 4999 generari
2319 4935 2395 4978 ex
2434 4934 2579 4977 aere
2628 4933 2745 4977 nec
2795 4916 2957 4977 cinis
2996 4934 3110 4998 per
3146 4916 3337 4978 talem
3378 4934 3481 4978 ac-

1987 5016 2246 5079 tionem.
2282 5013 2681 5077 Sensibiliter
2709 5030 2963 5095 quoque
2991 5020 3273 5095 apparet,
3308 5014 3479 5095 quod

1989 5112 2052 5175 in
2095 5112 2234 5176 loco
2277 5112 2389 5175 ubi
2432 5112 2673 5175 exstitit
2710 5129 2942 5193 corpus
2982 5110 3237 5185 Christi,
3269 5120 3365 5174 est
3407 5112 3481 5174 il·

1990 5211 2097 5274 lud
2128 5211 2298 5293 quod
2329 5216 2687 5291 generatur,
2719 5216 2783 5271 et
2813 5209 3227 5292 praecedentis
3256 5210 3481 5273 altera·

1989 5308 2181 5373 tionis
2220 5308 2485 5388 vestigia
2529 5315 2839 5390 apparent
2880 5306 3138 5370 ibidem.
3171 5308 3294 5370 Aer
3333 5327 3483 5373 vero
