4267 6250
585 480 813 539 QUAEST.
857 482 901 528 11
944 482 958 527 :
998 478 1143 540 omn
1186 484 1249 530 ΙΝ
1290 482 1697 533 Pwmmlae
1739 484 2144 535 Sammo
2184 488 2277 535 81¹1·
2317 487 2766 537 sAcuultNTUn
2806 489 3074 550 TANTUM,
3113 489 3240 539 mc.
3341 474 3464 541 583

810 782 1285 857 QUAESTIO
1334 784 1411 847 II

362 1055 691 1220 INsuper
733 1055 1061 1139 quaeritur,
1101 1058 1310 1137 Quid
1356 1060 1445 1125 in
1491 1058 1643 1126 hoo
1690 1060 1861 1127 1²oe-

464 1154 831 1221 nitentiae
887 1159 1385 1223 sacramento
1441 1157 1551 1223 sit
1606 1172 1862 1228 sacra·

363 1255 725 1320 mentum
753 1256 1095 1335 tantum,
1116 1255 1308 1337 quid
1337 1269 1465 1322 res
1493 1258 1575 1323 et
1605 1272 1861 1326 sacra-

362 1354 752 1433 mentum,
782 1355 866 1419 et
904 1353 1095 1434 quid
1134 1368 1265 1419 res
1304 1356 1645 1422 tantum.

110 1467 315 1517 passm
448 1448 527 1511 Et
567 1450 647 1512 de
696 1450 795 1513 his
843 1450 1087 1513 dictum
1136 1458 1234 1514 est
1272 1470 1465 1533 supra
1514 1453 1857 1535 paulisper.

366 1548 455 1611 De
514 1547 616 1611 his
678 1567 956 1631 namque
1016 1550 1370 1612 secundum
1432 1550 1861 1632 magistralem

366 1664 739 1728 processum
788 1646 1002 1729 potius
1058 1647 1373 1728 agendum
1426 1647 1650 1711 fuisset
1694 1649 1863 1711 circa

366 1744 758 1827 principium
802 1752 1105 1808 tractatus
1152 1746 1231 1807 de
1275 1745 1395 1808 hoc
1442 1753 1859 1820 sacramento,

13 1360 16 1369 v

13 1396 15 1403 ·

1886 655 1937 720 A
1968 665 2210 739 peccat,
2265 658 2618 741 spiritualis
2672 660 2948 724 firmitas
2997 662 3166 736 vitae,
3219 662 3466 727 scilicet

1968 756 2172 838 gratia
2209 765 2273 819 et
2311 758 2561 832 caritaS,
2595 758 2868 840 tollitur3
2901 780 3044 842 quae
3081 769 3295 825 tamen
3340 781 3467 825 ma-

1968 862 2124 919 nent
2155 855 2220 918 in
2262 856 2494 931 radice,
2528 856 2648 921 hoc
2682 858 2874 920 estin
2915 857 3072 921 fidei
3110 877 3464 923 sacramen-

1968 960 2035 1015 to
2068 971 2081 1015 :
2115 954 2284 1016 sicut
2313 954 2378 1017 in
2413 971 2490 1018 eo
2527 956 2640 1037 qui
2679 954 3045 1019 infirmatur
3083 958 3462 1040 perniciose,

1970 1052 2149 1114 radix
2180 1052 2326 1115 vitae
2357 1060 2570 1115 manet
2599 1054 2665 1115 in
2697 1054 3082 1117 corde.Hinc
3111 1056 3191 1118 ad
3221 1074 3468 1138 repara·

1967 1149 2208 1213 tionem
2246 1150 2531 1233 pristinae
2561 1152 2706 1215 vitae
2737 1151 3118 1234 integritatis
3148 1172 3222 1215 ac
3249 1154 3468 1235 gratia)

1972 1256 2181 1332 potest
2209 1250 2399 1313 homo
2441 1251 2765 1334 cooperari
2805 1270 2920 1333 per
2954 1251 3017 1313 id
3052 1251 3222 1333 quod
3259 1251 3466 1315 adhuc

1970 1347 2234 1428 retinet3
2275 1366 2401 1411 non
2448 1357 2661 1413 tamen
2712 1349 2981 1423 sufficit,
3021 1350 3143 1412 nisi
3187 1350 3466 1413 exterius

1966 1446 2251 1527 juvetur,
2283 1448 2584 1530 quoniam
2635 1448 2987 1531 spiritualis
3028 1448 3157 1511 vita
3203 1466 3328 1511 non
3371 1457 3465 1512 est

1972 1545 2037 1607 in
2082 1563 2160 1608 eo
2207 1546 2468 1626 integra.
2512 1546 2672 1609 Hinc
2717 1547 2782 1608 in
2829 1554 3226 1609 sacramento
3267 1548 3466 1611 Poeni-

1968 1644 2205 1717 tentiae‚
2247 1644 2416 1726 quod
2457 1646 2536 1708 ad
2581 1645 3045 1727 reparationem
3091 1646 3257 1709 hanc
3297 1646 3464 1709 ordi-

1972 1749 2180 1814 natur,
2199 1741 2655 1805 sacramentale
2684 1744 2940 1824 signum
2971 1761 3096 1805 non
3127 1750 3222 1806 est
3251 1743 3465 1826 aliqua

367 1843 723 1925 praesertim
772 1844 853 1906 de
900 1862 977 1907 eo
1024 1843 1196 1926 quod
1244 1852 1388 1926 post
1432 1844 1567 1907 haec
1612 1844 1679 1907 in
1726 1843 1859 1907 fine
1896 1838 1945 1903 B
1976 1841 2239 1903 materia
2284 1841 2438 1904 foris
2483 1841 2788 1916 adhibita,
2825 1844 2936 1906 sed
2977 1842 3322 1906 exteriores
3366 1862 3467 1905 ac-

365 1941 797 2006 distinctionis
840 1941 1023 2005 istius
1068 1943 1433 2024 inquiritur,
1478 1950 1693 2005 utrum
1730 1944 1862 2007 Poe-

368 2037 641 2101 nitentia
684 2039 768 2101 sit
810 2058 1011 2101 unum
1054 2048 1547 2116 sacramentum,
1579 2049 1698 2104 etc.

447 2237 671 2317 Itaque
706 2235 977 2298 Thomas
1021 2236 1191 2299 circa
1233 2237 1368 2301 haec
1412 2238 1695 2320 loquitur
1734 2256 1750 2301 ε
1794 2238 1863 2300 ln

370 2333 660 2416 quolibet
686 2342 1082 2399 sacramento
1110 2334 1188 2398 fit
1216 2336 1477 2419 quidam
1512 2344 1721 2399 motus
1750 2356 1863 2400 seu

369 2432 690 2515 promotio
718 2432 1127 2515 suscipientis
1158 2442 1626 2497 sacramentum
1654 2436 1732 2497 ad
1761 2436 1869 2497 ali-

100 2548 343 2602 enasse.
372 2549 567 2612 quam
606 2529 1023 2594 sanctitatem.
1056 2532 1125 2594 In
1168 2532 1449 2595 motibus
1486 2540 1697 2596 autem
1730 2551 1864 2596 cor-

372 2627 725 2712 poralibuS,
776 2630 1157 2711 quandoque
1206 2630 1269 2691 id
1319 2632 1489 2712 quod
1550 2640 1861 2707 movetur,

370 2744 498 2790 non
530 2733 909 2808 cooperatur
936 2727 1015 2789 ad
1048 2735 1293 2790 motum
1333 2728 1457 2791 nisi
1499 2729 1865 2811 recipiendo

372 2825 863 2910 impressionem
908 2827 1171 2908 agentis,
1205 2828 1373 2891 sicut
1409 2828 1474 2891 in
1515 2830 1864 2910 generatio-

372 2944 485 3003 ne3
532 2932 599 2987 et
645 2924 943 2986 similiter
989 2925 1241 3007 quando
1290 2945 1391 2989 res
1436 2927 1713 3009 acquirit
1758 2928 1869 2991 ali-

1971 1945 2074 2000 tus
2114 1938 2350 2019 quibus
2387 1940 2581 2002 homo
2619 1940 2698 2002 ad
2737 1960 2919 2004 suam
2959 1948 3334 2023 cooperatur
3371 1961 3466 2005 sa-

1975 2035 2209 2114 lutem3
2261 2044 2324 2099 et
2373 2038 2916 2119 complementum
2967 2040 3384 2121 reparationis
3431 2060 3470 2103 a

1974 2153 2164 2197 causa
2209 2134 2565 2198 extrinseca
2612 2135 3012 2217 significatur
3059 2156 3173 2220 per
3219 2138 3469 2201 absolu-

1974 2233 2216 2296 tionem
2267 2233 2635 2307 sacerdotiS‚
2686 2234 2853 2297 sicut
2902 2236 3167 2298 materia
3214 2236 3280 2297 in
3328 2235 3470 2299 aliis

1973 2331 2387 2395 sacramentis
2427 2350 2543 2414 per
2581 2332 2856 2395 ministri
2899 2332 3470 2397 sanctificationem

1974 2430 2336 2494 efficaciam
2367 2431 2598 2513 recipit
2627 2431 3148 2494 sacramentalem
3183 2450 3198 2495 :
3232 2432 3471 2495 idcirco

1976 2529 2042 2591 in
2087 2535 2484 2591 sacramento
2524 2527 2914 2592 Poenitentiae
2955 2528 3230 2591 exterior
3272 2530 3471 2612 poeni-

1974 2625 2174 2690 tentia
2211 2627 2466 2709 signum
2497 2635 2592 2689 est
2619 2625 3093 2688 sacramentale.
3125 2626 3465 2690 Hincdum

1974 2733 2433 2789 sacramentum
2463 2724 2697 2788 dicitur
2720 2723 3044 2787 materiale
3069 2724 3467 2799 elementum,

1977 2824 2257 2888 sumitur
2289 2823 2678 2886 elementum
2717 2829 2977 2886 extense
3012 2841 3127 2905 pro
3163 2841 3468 2905 quocum-

1978 2942 2104 3005 que
2138 2921 2427 2985 sensibili
2467 2922 2666 3004 signo.

372 3042 564 3106 quam
602 3022 1059 3105 perfectionem
1097 3025 1175 3086 ad
1214 3043 1405 3107 quam
1438 3044 1516 3088 ex
1546 3044 1614 3088 se
1644 3027 1869 3109 nequit
1905 3030 1950 3095 C
2058 3023 2270 3096 Porro,
2303 3023 2456 3084 dum
2487 3020 2813 3102 quaeritur‚
2845 3040 2925 3084 an
2967 3020 3230 3084 interior
3268 3020 3471 3103 poeni-

374 3122 757 3206 pertingere,
800 3129 873 3185 ut
921 3122 1074 3185 dum
1124 3143 1232 3186 aer
1283 3122 1705 3200 illuminatur,
1753 3146 1869 3190 seu

375 3223 583 3304 paries
622 3221 1009 3304 depingitur.
1042 3222 1365 3286 Interdum
1408 3230 1623 3286 autem
1664 3224 1870 3307 perfe-

375 3322 502 3384 ctio
546 3339 661 3384 seu
711 3320 917 3384 forma
965 3321 1141 3404 prius
1189 3330 1505 3406 suscepta,
1547 3331 1644 3385 est
1691 3323 1871 3386 suffi-

102 3433 116 3452 ·
136 3435 350 3486 μι-εοῑω
376 3420 594 3483 ciens*
623 3418 1014 3502 principium
1045 3427 1255 3481 motus
1286 3420 1566 3496 illius,ut
1595 3421 1660 3483 in
1694 3429 1870 3484 motu

373 3517 647 3581 naturali
698 3516 901 3580 locali.
942 3516 1330 3599 Quandoque
1374 3517 1683 3600 perfectio
1724 3527 1869 3582 ante

374 3616 613 3690 habita,
646 3633 775 3679 non
806 3613 1055 3677 sufficit
1083 3615 1161 3678 ad
1203 3615 1684 3697 producendum
1718 3616 1871 3679 effe-

373 3723 573 3788 ctum,
616 3713 728 3777 sed
770 3720 1145 3795 cooperatur
1191 3713 1399 3794 agenti
1444 3733 1459 3778 ε
1503 3715 1670 3776 sicut
1716 3715 1871 3776 dum

371 3833 473 3876 ars
501 3812 685 3894 juvat
715 3819 1021 3874 naturam.
1034 3811 1111 3873 Et
1135 3811 1319 3893 Juxta
1348 3812 1463 3874 hos
1490 3819 1619 3874 tres
1652 3813 1871 3875 modos

372 3912 449 3974 fit
487 3911 683 3974 etiam
722 3919 929 3973 motus
972 3911 1050 3972 ad
1092 3910 1509 3973 sanctitatem.
1554 3911 1621 3972 In
1663 3912 1871 3993 Bapti-

372 4027 515 4074 smo
559 4027 836 4090 namque
875 4016 1006 4070 tota
1052 4007 1476 4071 sanctificatio
1518 4016 1615 4071 est
1650 4009 1731 4071 ab
1769 4029 1873 4072 ex-

372 4117 470 4171 tra
515 4125 530 4170 :
576 4107 743 4168 unde
784 4114 847 4168 et
884 4105 1139 4187 signum
1179 4106 1633 4169 sacramentale
1682 4108 1749 4169 in
1797 4126 1873 4170 eo

1976 3121 2178 3184 tentia
2208 3120 2290 3184 sit
2320 3139 2418 3184 res
2449 3120 2826 3184 sacramenti
2859 3118 3075 3199 istius3
3106 3120 3470 3196 dicendum,

1980 3220 2151 3302 quod
2208 3239 2308 3282 res
2364 3218 2710 3300 cujuslibet
2771 3219 3150 3281 sacramenti
3207 3237 3324 3282 suo
3380 3239 3474 3282 sa-

1982 3325 2305 3381 cramento
2351 3317 2883 3398 proportionatur.
2929 3317 3214 3380 Exterior
3243 3325 3472 3390 ‚autem

1980 3415 2376 3500 poenitentia,
2410 3434 2551 3496 quae
2589 3421 2686 3477 est
2715 3423 3180 3478 sacramentum
3223 3424 3470 3478 tantum

1981 3516 2047 3577 in
2079 3514 2199 3576 hoc
2229 3521 2644 3588 sacramento,
2669 3521 2765 3575 est
2793 3520 3263 3576 sacramentum
3293 3520 3364 3575 ut
3393 3513 3472 3576 si·

1978 3632 2178 3695 gnum
2217 3619 2486 3687 tantum,
2517 3631 2595 3674 ex
2639 3619 2817 3694 parte
2850 3618 3030 3675 actus
3063 3611 3431 3694 poenitentis
3450 3629 3467 3691 ;

1980 3711 2091 3774 sed
2139 3717 2212 3772 ut
2257 3710 2512 3791 signum
2559 3717 2624 3772 et
2671 3728 2860 3772 causa
2917 3709 3132 3785 simul,
3181 3710 3236 3772 si
3292 3716 3472 3772 actus

1982 3808 2352 3892 poenitentis
2395 3807 2653 3870 uniatur
2691 3809 2924 3871 actioni
2976 3808 3270 3871 ministri.
3313 3809 3473 3872 Hinc

1982 3907 2245 3971 interior
2284 3906 2658 3989 poenitentia
2689 3913 2787 3969 est
2815 3926 2914 3970 res
2955 3906 3344 3990 poenitentiae
3373 3926 3477 3969 ex-

1979 4006 2253 4079 terioris,
2286 4006 2395 4067 sed
2436 4013 2508 4072 ut
2544 4004 2904 4086 significata
2944 4012 3188 4068 tantum
3228 4023 3342 4088 per
3379 4024 3500 4067 ac·-

1982 4113 2083 4167 tus
2141 4103 2540 4186 poenitentis3
2602 4111 2672 4165 ut
2726 4104 3086 4185 significata
3141 4110 3352 4166 autem
3413 4112 3477 4166 et

373 4213 472 4270 est
512 4203 776 4267 materia
812 4211 990 4267 extra
1026 4203 1337 4286 apposita,
1371 4221 1495 4266 non
1538 4211 1719 4268 actus
1760 4205 1871 4268 ali·
1902 4206 1951 4267 D
1983 4210 2238 4265 causata
2276 4221 2391 4284 per
2427 4209 2606 4264 actus
2645 4204 2926 4278 eosdem,
2956 4202 3256 4284 adjuncta
3293 4201 3476 4266 abso-

374 4304 521 4387 quis
566 4301 885 4384 baptizati.
922 4302 1229 4365 Similiter
1270 4309 1367 4364 est
1409 4303 1476 4364 in
1526 4301 1873 4366 Confirma-

372 4404 569 4476 tione‚
618 4399 1032 4474 Eucharistia,
1085 4400 1379 4462 Extrema
1436 4401 1743 4465 Unctione
1798 4421 1873 4464 ac

373 4500 630 4573 Ordine,
664 4517 805 4581 quae
834 4499 1207 4561 ordinantur
1235 4499 1312 4561 ad
1345 4499 1744 4564 sanctitatem
1770 4519 1872 4562 su-

375 4598 772 4680 peradditam
830 4597 1147 4660 sanctitati
1202 4597 1267 4659 in
1320 4598 1645 4680 Baptismo
1698 4618 1871 4662 acce-

375 4705 516 4780 ptae.
572 4697 643 4758 In
702 4695 1099 4779 promotione
1150 4713 1301 4759 vcro
1346 4696 1424 4758 ad
1472 4697 1865 4759 sanctitatem

374 4815 489 4879 per
535 4795 870 4878 proprium
914 4793 1238 4868 meritum,
1282 4794 1528 4856 sufficit
1572 4795 1872 4876 principi-

374 4913 483 4956 um
520 4893 693 4956 intus
723 4892 1055 4966 exsistenS,
1080 4899 1152 4954 ut
1178 4891 1379 4973 gratia
1412 4908 1426 4954 ε
1462 4888 1603 4955 ideo
1633 4892 1874 4955 habens

374 4991 666 5074 gratiam,
701 4990 841 5052 sine
868 4989 1085 5072 aliquo
1114 4990 1296 5071 signo
1325 4990 1621 5053 exteriori
1650 4991 1875 5072 adjun-

1984 4301 2223 4364 lutione
2270 4300 2567 4375 ministri,
2602 4320 2716 4382 per
2752 4319 2943 4382 quam
2987 4301 3178 4364 homo
3218 4302 3295 4365 ad
3336 4320 3473 4382 gra-

1979 4400 2138 4463 tiam
2168 4400 2527 4482 disponitur
2559 4417 2574 4461 :
2608 4399 3144 4482 quemadmodum
3177 4401 3242 4463 in
3271 4418 3473 4463 sacra-

1986 4507 2202 4561 mento
2244 4498 2654 4561 Eucharistiae
2697 4515 2928 4579 corpus
2974 4497 3206 4562 Christi
3248 4517 3470 4562 verum

1983 4606 2080 4660 est
2120 4615 2221 4659 res
2259 4595 2619 4677 significata
2649 4602 2895 4658 tantum
2937 4615 3051 4679 per
3088 4597 3332 4679 species
3365 4616 3472 4680 pa-

1985 4696 2085 4758 nis
2130 4702 2196 4758 et
2241 4695 2397 4768 vini,
2440 4693 2551 4756 sed
2599 4702 2851 4756 causata
2899 4713 3014 4776 per
3050 4695 3246 4758 verba
3293 4696 3477 4757 mini-

1984 4795 2099 4857 stri
2143 4813 2156 4857 ε
2200 4793 2420 4875 sicque
2469 4791 2579 4854 illa
2628 4792 2756 4854 duo
2806 4792 3000 4854 simul
3043 4792 3286 4874 juncta,
3329 4802 3478 4856 sunt

1984 4893 2242 4974 signum
2285 4899 2349 4954 et
2390 4909 2598 4953 causa.
2630 4927 2713 4936 —
2742 4890 2805 4954 Si
2853 4897 3065 4952 autem
3114 4890 3475 4972 objiciatur,

1987 4991 2156 5081 quod
2208 5009 2306 5052 res
2355 4990 2731 5053 sacramenti
2783 5008 3111 5071 nunquam
3156 4997 3252 5053 est
3294 5007 3480 5052 causa

380 5098 483 5152 cto
528 5089 608 5151 ad
668 5088 831 5151 hanc
890 5087 1355 5170 promotionem
1414 5088 1719 5169 pertingit
1764 5106 1879 5170 per
1990 5089 2156 5169 signi
2195 5087 2692 5162 sacramentaliS,
2727 5087 2990 5150 interior
3025 5093 3241 5150 autem
3285 5087 3482 5168 poeni-

381 5195 561 5250 actus
606 5203 777 5260 suos,
810 5185 962 5268 quia
1006 5185 1071 5246 in
1110 5203 1189 5248 eo
1224 5184 1573 5267 spiritualis
1613 5185 1743 5248 vita
1784 5193 1882 5248 est
1988 5185 2189 5248 tentia
2217 5193 2314 5247 est
2343 5204 2530 5248 causa
2559 5183 2888 5248 exterioris
2914 5183 3484 5266 poenitentiae.Rur-

382 5286 649 5365 integra.
702 5284 822 5347 Sed
882 5283 947 5345 in
996 5300 1072 5346 eo
1127 5283 1239 5366 qui
1296 5291 1440 5366 post
1486 5284 1879 5367 Baptismum
1990 5303 2123 5359 suS,
2174 5283 2438 5347 interior
2484 5283 2855 5366 poenitentia
2907 5290 3002 5344 est
3049 5281 3228 5345 dolor
3274 5282 3481 5345 cordis
