4267 6250
745 526 950 573 mun
987 524 1326 583 comino,
1365 522 1712 580 mmmm,
1755 522 2167 581 sansrAfflO,
2206 523 2343 570 sun·
2384 522 2615 571 unns
2654 522 3061 571 mmm

3326 505 3449 570 429

349 692 624 757 nitentia
668 714 784 758 seu
827 696 1146 777 quoddam
1190 696 1502 778 poenitere
1541 694 1791 757 dicatur
1829 710 1845 755 ε
1875 692 1928 757 Δ
1955 693 2066 775 qui
2099 692 2259 755 illud
2286 693 2521 757 habere
2558 714 2627 759 se
2664 694 2963 758 nesciunt
2994 712 3009 757 ε
3042 701 3109 757 et
3136 700 3447 776 quantum

347 791 569 873 sicque
596 792 838 857 babere
867 794 1122 857 videtur
1149 795 1462 857 rationem
1501 794 1698 876 partis
1739 810 1850 875 po-

345 890 677 966 testativae,
723 900 940 955 tamen
987 911 1210 956 revera
1255 910 1383 956 non
1433 892 1647 966 habet,
1697 892 1850 974 quia

345 988 668 1053 confessio
727 1007 860 1054 non
923 997 1022 1053 est
1077 991 1474 1073 poenitentia‚
1534 1008 1654 1053 nec
1711 990 1850 1072 ipsa

343 1086 718 1162 satisfactio,
772 1088 883 1151 sed
941 1096 1090 1151 sunt
1141 1098 1324 1153 actus
1378 1109 1417 1151 a
1475 1089 1852 1171 poenitentia

345 1186 788 1267 egredientes3
832 1187 1132 1250 similiter
1177 1188 1494 1251 contritio.
1529 1188 1594 1251 Si
1633 1196 1846 1250 autem

346 1281 689 1365 loquamur
733 1286 816 1348 de
860 1286 1240 1369 poenitentia
1283 1294 1704 1361 sacramento,
1755 1286 1850 1349 sic

347 1389 499 1444 sunt
541 1391 758 1465 partes
803 1384 948 1465 ejus
993 1384 1354 1466 integrales,
1403 1392 1712 1466 quantum
1769 1384 1848 1447 ad

349 1498 490 1543 esse
536 1500 730 1544 suum
775 1481 1154 1565 perfectum.
1187 1482 1348 1545 Hinc
1391 1479 1851 1544 rationabiliter

349 1576 439 1638 ait
483 1578 802 1661 Magister,
851 1580 1024 1661 quod
1083 1580 1150 1641 in
1208 1578 1600 1661 perfectione
1647 1579 1851 1661 poeni-

349 1676 564 1739 tentiae
599 1677 726 1739 tria
763 1684 932 1739 sunt.
967 1712 1048 1722 —
1075 1676 1154 1739 Et
1189 1676 1244 1738 si
1283 1676 1646 1757 objiciatur,
1675 1676 1848 1758 quod

349 1790 479 1835 non
535 1782 688 1837 sunt
745 1773 992 1853 simul;
1049 1774 1416 1847 dicendum,
1464 1773 1638 1855 quod
1695 1781 1848 1835 sunt

1953 793 2032 855 ad
2063 791 2201 865 bos,
2234 809 2363 854 non
2392 800 2643 874 oportet
2669 795 2839 876 quod
2871 794 3105 877 aliquis
3130 800 3313 855 actus
3342 792 3449 855 de-

1953 890 2307 955 testationis
2352 892 2667 955 adveniat.
2716 893 2957 956 Rursus
3004 899 3103 955 est
3148 891 3321 974 loqui
3368 891 3451 953 de

1953 990 2250 1072 originali
2308 998 2617 1073 quantum
2672 992 2755 1054 ad
2810 990 3060 1055 adultos
3115 990 3227 1072 qui
3289 988 3451 1052 illud

1954 1087 2191 1151 habere
2220 1108 2289 1151 se
2318 1090 2533 1151 sciunt
2564 1108 2579 1151 ε
2612 1095 2677 1153 et
2704 1096 3015 1171 quantum
3044 1089 3125 1151 ad
3155 1087 3323 1161 illos,
3356 1094 3455 1150 est

1955 1204 2309 1268 congruum
2374 1194 2443 1249 ut
2504 1186 2842 1269 displiceat
2900 1187 3057 1269 ipsis
3118 1194 3451 1269 peccatum

1955 1283 2076 1347 hoc
2127 1284 2193 1347 in
2252 1285 2559 1366 generali,
2608 1286 2913 1368 quoniam
2972 1285 3315 1367 displicere
3358 1283 3453 1345 eis

1955 1382 2145 1445 debet
2172 1400 2365 1446 omne
2403 1384 2573 1466 quod
2606 1402 2645 1445 a
2674 1384 2805 1447 Deo
2840 1392 3093 1467 separat
3130 1390 3449 1461 mentem3

1955 1496 2084 1542 non
2120 1486 2337 1542 autem
2378 1480 2443 1543 in
2478 1480 2765 1563 speciali,
2796 1500 2997 1564 quum
3038 1498 3165 1545 non
3194 1481 3277 1543 sit
3304 1487 3451 1542 actu

1957 1577 2243 1659 ipsorum
2287 1579 2725 1642 commissum.

2035 1675 2349 1749 Quaeritur
2385 1694 2663 1760 quoque,
2692 1697 2775 1741 an
2814 1678 2893 1740 de
2920 1677 3281 1742 venialibus
3319 1695 3451 1759 poe-

1955 1774 2161 1837 nitere
2210 1782 2521 1838 tenemur.
2575 1776 2653 1838 Et
2700 1776 3237 1860 respondendum,
3279 1775 3451 1858 quod

349 1869 542 1933 simul
583 1880 758 1945 voto,
797 1872 1094 1954 quamvis
1133 1889 1260 1935 non
1297 1879 1465 1934 actu.
1507 1871 1626 1945 Qui
1669 1871 1844 1933 enim
1880 1876 1929 1939 B
1957 1872 2036 1934 de
2066 1872 2301 1936 veniali
2340 1881 2600 1955 peccato
2634 1874 2944 1956 contingit
2972 1873 3147 1956 loqui
3178 1874 3453 1956 duplici-

349 1971 660 2033 contritus
707 1978 828 2043 est,
878 1970 1176 2052 proponit
1225 1970 1520 2033 confiteri
1561 1978 1626 2032 et
1665 1970 1845 2032 satis-

347 2066 577 2130 facere.

431 2166 717 2248 Denique
763 2165 1116 2231 satisfactio
1155 2166 1498 2249 dupliciter
1545 2167 1841 2230 sumitur.

346 2264 582 2339 Primo,
633 2283 752 2347 pro
798 2265 938 2347 ipsa
990 2265 1506 2329 reconciliatione
1557 2284 1572 2330 :
1623 2266 1846 2347 sicque

347 2383 548 2447 quum
596 2382 826 2427 omnes
882 2364 1273 2446 poenitentiae
1321 2372 1532 2446 partes
1587 2364 1717 2427 sint
1765 2364 1842 2426 ad

348 2463 936 2527 reconciliationem
965 2462 1292 2538 ordinatae,
1309 2463 1610 2546 quaelibet
1639 2469 1846 2546 potest

345 2560 700 2625 satisfactio
745 2579 859 2624 seu
907 2560 1328 2625 satisfactoria
1371 2561 1699 2645 appellari.
1737 2560 1844 2623 Se·

347 2662 580 2737 cundo,
613 2678 734 2744 pro
763 2680 968 2743 poenae
1000 2660 1232 2725 debitae
1270 2660 1699 2744 persolutione
1732 2677 1746 2721 :
1779 2667 1845 2723 et

343 2760 428 2822 ita
461 2767 565 2823 est
592 2776 744 2843 pars
781 2760 1080 2843 specialis
1119 2758 1534 2841 poenitentiae,
1567 2778 1710 2841 quae
1747 2766 1844 2821 est

341 2858 702 2941 assumptio
730 2876 844 2920 seu
874 2857 1250 2940 adimpletio
1279 2875 1484 2939 poenae
1516 2857 1837 2938 injunctae.

339 2956 554 3020 Nihilo
587 2956 803 3020 minus
831 2955 1178 3020 satisfactio
1203 2956 1504 3020 convenit
1529 2956 1676 3019 aliis
1702 2955 1845 3018 dua-

1957 1977 2052 2033 ter
2085 1988 2101 2033 ε
2135 1972 2368 2052 primo,
2400 1972 2465 2034 in
2511 1989 2617 2050 se;
2658 1972 2961 2045 secundo,
2994 1978 3185 2054 prout
3220 1980 3315 2034 est
3354 1988 3455 2035 oc-

1955 2069 2128 2132 casio
2169 2069 2573 2151 periclitandi
2622 2088 2737 2152 per
2773 2070 3267 2133 immoderatum
3306 2088 3454 2133 con-

1955 2186 2218 2230 sensum
2270 2186 2383 2230 seu
2442 2186 2557 2250 per
2602 2176 3059 2251 contemptum.
3110 2169 3328 2251 ltaque
3376 2169 3456 2232 de

1956 2266 2193 2329 veniali
2230 2266 2628 2330 considerato
2670 2267 2735 2329 in
2774 2286 2865 2341 se,
2896 2285 3026 2331 non
3065 2275 3164 2330 est
3194 2286 3457 2331 necesse

1958 2364 2291 2446 poenitere,
2314 2384 2435 2427 nec
2466 2365 2841 2447 poenitentia
2870 2365 3181 2440 interiori,
3204 2384 3323 2428 nec
3353 2384 3456 2429 ex.-

1957 2462 2175 2525 teriori
2210 2480 2225 2525 t
2259 2464 2564 2546 quoniam
2593 2463 2845 2526 veniale
2881 2464 3075 2527 etiam
3115 2472 3261 2546 post
3290 2464 3454 2526 hanc

1956 2562 2153 2624 vitam
2212 2562 2579 2625 remittitur.
2632 2562 2755 2625 Sed
2812 2562 3134 2645 loquendo
3186 2563 3265 2625 de
3314 2562 3457 2644 ipso

1954 2668 2268 2742 quantum
2309 2660 2387 2723 ad
2426 2659 2787 2743 periculum
2821 2661 2900 2723 ad
2936 2661 3104 2743 quod
3135 2661 3313 2724 ducit
3341 2660 3457 2723 im·

1956 2759 2397 2841 poenitentem,
2428 2777 2689 2822 necesse
2732 2766 2830 2821 est
2866 2760 2945 2821 de
2984 2758 3311 2842 aliquibus
3349 2777 3455 2822 ve-

1957 2857 2237 2920 nialibus
2280 2858 2613 2939 poenitere,
2654 2858 2908 2940 quando
2949 2858 3144 2922 homo
3182 2858 3457 2921 advertit

1956 2954 2341 3038 periculum,
2374 2956 2915 3047 quemadmodum
2942 2956 3335 3038 Augustinus
3362 2955 3455 3019 di-

343 3054 462 3118 bus
491 3056 888 3140 poenitentiae
917 3055 1206 3139 partibus
1236 3074 1352 3139 per
1377 3055 1697 3130 accidens,
1729 3073 1843 3138 pu·
1881 3058 1925 3121 C
1955 3054 2046 3116 cit
2084 3054 2152 3115 in
2194 3054 2424 3117 littera.
2458 3054 2603 3117 Tria
2641 3054 2882 3138 quippe
2920 3061 3072 3117 sunt
3107 3053 3454 3118 venialium

343 3161 406 3217 ta
441 3154 815 3218 contritioni
861 3155 1104 3219 ratione
1143 3155 1380 3218 doloris
1417 3154 1742 3236 conjuncti
1777 3153 1844 3215 in

343 3261 520 3336 parte
557 3253 886 3328 sensitiva,
919 3261 984 3316 et
1023 3252 1408 3316 confessioni
1448 3253 1689 3316 ratione
1729 3271 1844 3334 pu·

343 3353 515 3416 doris
557 3351 812 3415 annexi.

418 3451 606 3516 Circa
653 3450 776 3514 hoc
823 3451 1152 3532 quaeritur,
1197 3469 1280 3514 an
1327 3450 1736 3531 compunctio
1782 3456 1847 3510 et

339 3548 642 3612 contritio
699 3547 830 3610 sint
887 3548 1059 3612 idem
1117 3548 1388 3612 realiter.
1439 3547 1844 3631 Responden-

339 3648 516 3724 dum,
551 3649 725 3731 quod
765 3647 946 3712 dolor
975 3655 1240 3711 vocatur
1268 3647 1568 3711 contritio
1595 3652 1661 3708 et
1690 3645 1844 3708 item

341 3748 755 3830 compunctio
799 3765 816 3810 z
858 3747 1176 3821 contritio,
1217 3746 1370 3829 quia
1411 3744 1703 3817 conterit,
1745 3742 1845 3806 vel

339 3845 490 3926 quia
536 3844 758 3908 dolore
812 3844 924 3908 illo
971 3852 1231 3926 peccata
1279 3845 1344 3906 in
1396 3841 1586 3906 corde
1631 3849 1846 3905 terun-

343 3950 480 4024 tur;
511 3943 930 4026 compunctio
967 3950 1201 4016 autem,
1234 3942 1387 4025 quia
1430 3949 1712 4005 mentem
1755 3958 1848 4002 sa-

343 4041 618 4105 lubriter
655 4040 886 4124 pungit
915 4040 1159 4124 duplici
1199 4046 1518 4122 respectu,
1549 4038 1850 4103 videlicet

343 4161 422 4205 ex
469 4140 758 4205 carentia
812 4141 1050 4223 gloriae,
1101 4147 1167 4204 et
1213 4159 1293 4202 ex
1343 4138 1848 4202 consideratione

1954 3171 2207 3234 genera.
2242 3153 2540 3228 Quaedam
2580 3161 2730 3216 sunt
2764 3172 2843 3216 ex
2884 3153 3297 3236 subreptione
3329 3171 3345 3217 ε
3377 3155 3457 3218 de

1953 3250 2193 3333 quibus
2222 3269 2351 3314 non
2380 3258 2678 3314 tenemur
2700 3251 3034 3332 poenitere,
3052 3251 3177 3314 nisi
3206 3251 3287 3314 de
3316 3269 3460 3314 con·

1952 3367 2130 3430 gruo.
2165 3350 2462 3425 Quaedam
2506 3368 2585 3412 ex
2634 3349 3015 3431 cogitatione
3064 3351 3168 3412 cui
3210 3351 3265 3413 si
3308 3367 3457 3414 con—

1955 3447 2229 3512 senserit
2274 3448 2487 3522 homo‚
2530 3448 2758 3511 incidit
2796 3448 2862 3510 in
2903 3449 3167 3512 mortale
3211 3467 3225 3512 :
3267 3457 3332 3512 et
3377 3450 3456 3512 de

1955 3545 2066 3608 tali
2119 3545 2356 3609 veniali
2404 3553 2658 3610 tenetur
2714 3547 2907 3610 homo
2956 3548 3269 3630 poenitere
3325 3565 3456 3611 non

1955 3645 2358 3727 simpliciter,
2398 3645 2509 3708 sed
2556 3645 2622 3708 in
2668 3663 2820 3708 casu
2870 3645 3005 3709 sive
3046 3663 3164 3728 pro
3214 3645 3351 3709 loco
3393 3653 3459 3708 et

1954 3751 2265 3827 tempore,
2299 3745 2553 3826 quando
2592 3743 2893 3808 videlicet
2930 3745 3236 3826 recogitat
3272 3744 3455 3820 illud,

1957 3861 2038 3904 ne
2081 3842 2263 3905 cadat
2304 3843 2359 3905 si
2398 3842 2459 3904 ei
2504 3842 2875 3905 consentiat.
2922 3843 3219 3916 Quaedam
3262 3842 3456 3906 etiam

1955 3947 2103 4002 sunt
2135 3941 2412 4004 venialia
2439 3959 2581 4023 quae
2611 3958 2727 4022 per
2756 3940 3237 4003 multitudinem
3276 3959 3457 4003 suam

1957 4046 2192 4119 augent
2240 4038 2597 4112 libidinem,
2647 4038 2817 4101 sicut
2877 4037 2987 4100 illa
3042 4038 3109 4100 in
3164 4057 3307 4122 quae
3362 4046 3462 4102 est

1957 4155 2329 4212 consensus,
2380 4137 2491 4200 sed
2549 4136 2944 4201 deordinatio
3002 4134 3167 4200 infra
3214 4137 3455 4219 Deum3

346 4241 582 4304 divinae
639 4239 924 4304 offensae.
977 4239 1053 4302 Et
1097 4239 1279 4321 juxta
1335 4238 1457 4300 hoc
1501 4237 1850 4299 attenditur
1877 4235 1927 4298 D
1957 4242 2149 4318 atque
2192 4236 2270 4298 de
2308 4234 2545 4298 talibus
2584 4242 2843 4298 tenetur
2881 4235 3075 4299 bomo
3122 4237 3455 4318 poenitere,

349 4338 588 4421 duplex
623 4337 824 4413 dolor,
857 4345 1160 4420 tanquam
1200 4336 1513 4418 irriguum
1553 4335 1849 4418 superius

349 4437 796 4519 irriguumque
839 4436 1106 4499 inferius
1150 4454 1164 4498 :
1205 4443 1271 4498 et
1312 4436 1402 4497 ita
1439 4433 1849 4516 compunctio

350 4535 756 4599 communior
795 4541 894 4597 est
933 4554 1125 4618 quam
1169 4533 1484 4598 contritio.

428 4635 622 4698 Porro
651 4633 706 4696 si
745 4633 1183 4715 investigetur,
1214 4651 1296 4695 an
1326 4633 1405 4695 de
1435 4639 1696 4714 peccato
1724 4632 1849 4695 ori-

349 4732 547 4814 ginali
584 4731 896 4815 poenitere
924 4738 1247 4814 oporteat;
1279 4730 1646 4804 dicendum,
1678 4730 1848 4813 quod

351 4833 430 4896 de
471 4830 768 4913 originali
806 4837 1069 4914 peccato
1111 4830 1424 4911 contingit
1466 4829 1640 4910 loqui
1683 4846 1851 4892 com-

355 4929 657 5005 muniter,
709 4936 774 4992 et
829 4927 1210 5012 specialiter.
1272 4927 1729 5000 Communiter,
1781 4935 1851 4989 ut

353 5038 450 5091 est
497 5027 564 5090 in
612 5027 914 5091 omnibus
965 5045 980 5089 :
1033 5034 1098 5090 et
1145 5027 1234 5088 ita
1277 5026 1356 5088 ad
1403 5025 1544 5107 ejus
1591 5025 1850 5088 deletio-

356 5146 504 5190 nem
543 5145 672 5190 non
713 5127 1060 5210 requiritur
1098 5124 1330 5207 aliquis
1369 5131 1548 5187 actus
1593 5142 1672 5187 ex
1712 5143 1851 5207 par-

357 5235 417 5290 te
454 5226 596 5307 ejus
646 5225 715 5289 in
762 5243 890 5309 quo
932 5232 1050 5300 est,
1095 5231 1166 5286 ut
1205 5231 1379 5308 patet
1428 5224 1494 5286 in
1542 5224 1846 5305 parvulis,

357 5325 729 5410 specialiter
779 5342 1056 5408 quoque,
1107 5331 1419 5407 quantum
1477 5324 1556 5386 ad
1601 5324 1851 5388 adultos

1959 4352 2040 4396 ne
2079 4333 2611 4417 multiplicentur,
2644 4353 2717 4397 ac
2757 4352 2874 4416 per
2908 4333 3031 4398 hoc
3070 4335 3358 4417 periculo
3384 4354 3459 4399 ac

1958 4431 2316 4495 discrimini
2356 4451 2425 4496 se
2462 4433 2833 4496 committat.
2867 4432 3040 4496 Talia
3077 4433 3253 4497 enim
3288 4452 3458 4499 com·

1959 4539 2141 4614 parat
2175 4530 2569 4612 Augustinus
2610 4551 2819 4597 arenae
2858 4532 3209 4616 bestiisque
3252 4533 3459 4597 minu-

1956 4631 2064 4704 tis,
2095 4630 2293 4712 guttis
2325 4630 2791 4714 multiplicatis,
2824 4639 2887 4694 et
2916 4632 3175 4695 scabiei.
3210 4667 3290 4679 —
3316 4633 3459 4696 Haec

1958 4730 2419 4793 Beneventum.

2037 4829 2107 4890 In
2142 4829 2241 4890 his
2270 4827 2633 4890 continetur
2662 4827 2978 4891 sententia
3000 4828 3317 4892 Richardi.
3340 4827 3460 4901 Qui

1959 4927 2153 4990 etiam
2204 4925 2491 5009 inquirit,
2534 4945 2676 5008 quae
2720 4925 2803 4988 sit
2850 4926 3267 5009 principalior
3311 4945 3459 5008 pars

1960 5024 2374 5109 poenitentiae,
2398 5023 2717 5088 absolutio
2746 5023 3129 5087 confessoris
3158 5024 3261 5087 vel
3292 5040 3461 5087 com-

1960 5123 2220 5207 punctio
2249 5121 2633 5186 conl'itentis.
2649 5122 2727 5185 Et
2756 5122 3276 5204 respondendum,
3290 5123 3457 5207 quod

1961 5223 2026 5285 in
2074 5221 2488 5286 sacramentis
2531 5219 2641 5283 illa
2686 5228 2783 5284 est
2820 5220 3236 5304 principalior
3282 5241 3451 5305 pars,

1960 5341 2100 5405 quae
2143 5319 2563 5404 principalius
2602 5325 2977 5401 cooperatur
3013 5319 3094 5382 ad
3132 5319 3452 5404 principa-
