4267 6250
1063 514 1269 561 mun
1306 513 1373 561 m
1412 512 1697 561 semusta
1738 515 1877 563 sm·
1914 514 2142 563 cum
2183 516 2592 577 srmiwxms,
2629 514 2760 565 tre.

3335 500 3450 565 501

350 685 637 765 residem
676 685 947 749 scientia
984 684 1167 759 Filio,
1198 693 1271 748 ut
1306 691 1484 769 patet
1519 684 1587 747 in
1626 684 1861 749 Cheru-
1888 684 1939 747 A
1968 686 2266 749 dominus
2305 688 2470 770 Papa
2507 687 2850 751 committit
2887 688 3082 751 alicui
3122 688 3456 751 auctorita-

350 782 519 857 bim,
550 784 666 866 qui
706 784 885 867 pleni
918 783 1189 847 scientia
1222 783 1669 866 appellantur3
1698 784 1863 847 actio

350 882 631 964 Spiritui
672 883 925 955 Sancto,
958 883 1062 945 cui
1104 883 1294 945 ardor
1331 901 1370 944 a
1412 900 1539 963 quo
1577 882 1863 964 operatio

354 988 601 1055 manat,
652 989 727 1042 ut
782 988 957 1063 patet
1005 980 1069 1043 in
1120 980 1475 1062 Seraphim.
1528 980 1645 1042 Per
1689 978 1861 1041 hunc

355 1080 630 1141 modum
679 1078 1169 1161 intelligendum
1226 1086 1325 1141 est
1381 1078 1447 1139 in
1506 1078 1863 1139 hierarchia

352 1176 817 1251 ecclesiastica,
850 1196 993 1259 quae
1032 1176 1313 1238 maxime
1344 1175 1635 1238 consistit
1664 1194 1860 1257 penes

350 1274 617 1339 Ordinis
676 1282 1171 1347 sacramentum,
1228 1274 1295 1337 in
1350 1291 1481 1356 quo
1536 1272 1862 1336 confertur

352 1381 643 1457 potestas
690 1374 983 1436 ordinata
1029 1372 1301 1435 scientia
1357 1378 1423 1434 et
1461 1371 1753 1449 actione3
1795 1379 1862 1433 et

350 1473 523 1535 hanc
552 1472 783 1534 dicunt
810 1471 1084 1533 clavium
1117 1478 1666 1553 potestatem‚quae
1695 1486 1863 1532 com-

351 1570 667 1653 plectitur
694 1577 913 1633 actum
940 1568 1345 1632 discernendi
1380 1576 1572 1651 atque
1611 1568 1859 1630 solven-

350 1670 445 1732 di.
479 1670 557 1731 Et
588 1669 677 1731 ita
706 1668 1061 1730 secundum
1092 1686 1225 1743 eos,
1259 1668 1325 1729 in
1355 1667 1681 1729 sacerdote
1710 1674 1861 1728 sunt

350 1776 487 1831 tres
514 1774 863 1851 potestates
896 1784 913 1828 t
946 1786 1075 1828 una
1112 1766 1488 1849 principalis
1526 1772 1593 1827 et
1628 1764 1855 1847 prima,

1966 790 2097 847 tem
2147 786 2586 868 perscrutandi
2635 794 2700 849 et
2742 786 3128 848 discutiendi
3174 785 3456 868 aliquam

1968 892 2568 966 causam,quatenus
2597 885 2950 947 discussam
2981 903 3184 967 usque
3213 890 3462 947 senten-

1968 981 2071 1046 tiae
2100 983 2544 1064 prolationem,
2575 983 2655 1046 ad
2693 1002 2882 1045 suum
2920 984 3198 1047 remittat
3230 983 3461 1065 judici-

1968 1100 2090 1143 um.
2106 1081 2184 1143 Et
2207 1081 2364 1145 tales
2392 1082 2626 1144 habent
2647 1081 3080 1145 auctoritatem
3106 1081 3464 1145 discernen-

1967 1179 2032 1241 di
2062 1198 2176 1241 seu
2207 1179 2613 1254 discutiendi,
2646 1198 2772 1243 non
2803 1180 3248 1244 sententiandi.
3277 1180 3464 1243 Juxta

1968 1275 2142 1339 hunc
2187 1278 2446 1340 modum
2491 1279 2570 1340 de
2612 1278 2984 1341 auctoritate
3027 1278 3462 1342 sacerdotibus

1968 1374 2314 1437 commissa
2349 1383 2446 1438 θεῖ
2478 1376 2906 1451 sentiendum,
2939 1376 3258 1450 videlicet,
3291 1376 3462 1458 quod

1968 1492 2170 1555 quum
2219 1473 2446 1536 collata
2492 1474 2577 1537 sit
2619 1475 2715 1537 eis
2749 1474 3108 1538 -sufficiens
3153 1474 3462 1537 arbitran-

1966 1571 2031 1634 di
2071 1571 2412 1635 auctoritas
2454 1572 2620 1636 inter
2655 1574 2854 1635 Deum
2891 1582 2956 1635 et
2993 1592 3198 1647 reum,
3231 1581 3466 1636 utram-

1966 1688 2093 1753 que
2130 1669 2404 1732 habeant
2431 1672 2892 1734 auctoritatem.
2925 1672 3261 1754 Quumque
3295 1680 3462 1735 utra·

1966 1787 2093 1851 que
2144 1768 2263 1830 ista
2317 1769 2658 1832 auctoritas
2715 1770 2798 1832 sit
2843 1771 3133 1833 ordinata
3187 1770 3264 1833 ad
3315 1771 3464 1836 coeli

350 1886 501 1948 quae
548 1872 651 1928 est
706 1865 864 1928 ordo
920 1883 1035 1927 seu
1092 1870 1369 1947 potestas
1425 1862 1857 1941 conficiendi3
1894 1867 1941 1929 B
1966 1867 2385 1950 apertionem,
2437 1874 2708 1950 utraque
2765 1868 2962 1931 clavis
3017 1875 3136 1943 est,
3187 1875 3464 1951 suntque

350 1964 643 2027 secunda
694 1971 793 2025 est
850 1970 1128 2045 potestas
1180 1962 1627 2039 discernendi3
1676 1960 1862 2023 tertia

349 2061 757 2125 absolvendi.
805 2061 1037 2143 Sicque
1084 2066 1348 2143 apparet
1397 2058 1862 2141 perfectissima

354 2160 778 2244 pulchritudo
808 2160 873 2221 in
902 2158 1127 2221 ordine
1156 2156 1609 2231 ecclesiastico,
1640 2175 1863 2219 secun-

350 2261 513 2323 dum
578 2258 1209 2341 repraesentationem
1276 2256 1452 2318 illius
1512 2256 1861 2338 superioris

356 2356 853 2442 perfectissimae
909 2355 1255 2419 Trinitatis,
1305 2390 1389 2399 —
1435 2354 1499 2417 Si
1560 2362 1863 2436 praeterea

355 2464 688 2540 quaeratur
728 2454 809 2517 ab
848 2454 971 2529 his,
1004 2472 1121 2517 cur
1162 2460 1439 2537 potestas
1476 2451 1863 2515 conficiendi

358 2572 491 2618 non
538 2562 637 2618 θεῖ
678 2553 919 2633 clavis3
955 2552 1365 2635 respondent,
1405 2550 1559 2634 quia
1598 2567 1726 2612 non
1768 2557 1865 2613 est

356 2654 439 2717 ad
481 2653 779 2725 alterum,
814 2651 981 2714 sicut
1016 2650 1157 2713 aliae
1195 2650 1335 2713 duae
1369 2667 1385 2711 ε
1418 2649 1571 2732 quia
1608 2665 1736 2710 non
1772 2666 1867 2710 re-

359 2752 572 2815 fertur
600 2751 679 2814 ad
710 2750 1023 2812 homines,
1059 2749 1138 2810 Et
1164 2749 1298 2813 haec
1328 2748 1561 2831 positio
1590 2746 1741 2809 satis
1769 2753 1866 2808 θεῖ

358 2848 741 2933 probabilis,

440 2948 571 3012 Alii
614 2954 883 3009 sumunt
921 2945 1234 3008 rationem
1278 2944 1712 3027 distinguendi
1756 2962 1862 3025 pe-

1968 1965 2109 2028 duae
2151 1965 2399 2046 claves;
2439 1971 2719 2028 attamen
2763 1966 2916 2048 quia
2955 1985 3033 2029 ex
3077 1966 3172 2030 eis
3219 1974 3466 2029 constat

1968 2082 2097 2125 una
2140 2062 2329 2145 plena
2365 2063 2730 2139 auctoritas„
2765 2063 2828 2125 in
2869 2082 2994 2127 uno
3033 2064 3256 2129 ordine
3283 2066 3468 2148 (puta

1970 2160 2036 2222 in
2066 2161 2448 2242 sacerdotio)
2476 2161 2730 2235 dantur,
2763 2170 2829 2224 et
2856 2182 3056 2225 unum
3093 2162 3462 2245 respiciunt.

1970 2259 2202 2341 Sicque
2232 2266 2404 2341 patet
2429 2261 2599 2342 quod
2630 2260 2844 2342 plures
2875 2268 3025 2323 sunt
3053 2261 3278 2323 claves.
3293 2261 3470 2324 Unde

1970 2358 2139 2420 sicut
2163 2357 2346 2437 juxta
2386 2358 2682 2440 antiquos
2714 2359 3028 2431 doctores,
3057 2359 3135 2421 ad
3176 2359 3467 2422 eamdem

1970 2473 2178 2517 seram
2209 2455 2616 2537 aperiendam
2653 2455 2974 2519 interdum
3004 2457 3242 2539 duplex
3271 2458 3468 2520 clavis

1970 2552 2320 2635 requiritur
2353 2574 2368 2617 :
2403 2574 2550 2627 una,
2583 2573 2726 2636 quae
2758 2555 2966 2637 aperit
2997 2555 3190 2629 viam,
3225 2563 3288 2619 et
3315 2556 3472 2618 dici-

1972 2658 2075 2713 tur
2110 2651 2493 2731 anteclavis3
2525 2652 2669 2726 alia,
2701 2671 2844 2734 quae
2879 2652 3120 2715 directe
3147 2652 3374 2735 aperit,
3405 2660 3471 2716 et

1970 2748 2208 2811 dicitur
2245 2748 2442 2811 clavis
2487 2750 2860 2833 principalis
2895 2770 2909 2815 ε
2944 2751 3032 2813 ita
3069 2751 3136 2813 in
3177 2750 3472 2833 spiritua-

1973 2846 2146 2909 libus
2203 2847 2471 2910 scientia
2525 2857 2622 2911 θεῖ
2679 2850 2845 2911 sicut
2899 2848 3270 2923 anteclaviS,
3319 2848 3472 2933 quia

1970 2944 2290 3025 judicium
2333 2946 2590 3027 dirigit3
2629 2953 2906 3028 potestas
2950 2964 3102 3009 vero
3142 2946 3472 3009 absolven-

358 3068 477 3112 nes
524 3046 589 3108 id
637 3045 703 3107 in
747 3062 876 3129 quo
916 3052 1067 3106 sunt
1110 3050 1174 3107 et
1216 3051 1435 3106 contra
1478 3042 1647 3125 quod
1692 3048 1858 3103 sunt.
1900 3045 1943 3108 C
1973 3043 2061 3116 di,
2094 3043 2292 3107 clavis
2333 3052 2430 3107 est
2468 3045 2858 3128 principalis.
2894 3045 2971 3107 Et
3001 3046 3088 3108 ita
3125 3046 3335 3107 claves
3373 3045 3472 3109 hae

360 3148 603 3210 Dicunt
643 3144 841 3218 enim,
874 3144 1043 3226 quod
1088 3143 1187 3206 hae
1228 3143 1371 3205 duae
1412 3141 1621 3205 claves
1665 3141 1863 3222 respi-

360 3247 547 3308 ciunt
586 3242 985 3305 intellectum
1018 3250 1083 3303 θῖ
1118 3240 1445 3313 affectum,
1480 3239 1866 3302 removendo

362 3343 608 3425 duplex
652 3341 893 3403 malum
932 3339 1119 3403 nobis
1157 3339 1502 3412 inflictum,
1537 3345 1692 3420 puta
1724 3355 1739 3400 ε
1772 3355 1868 3398 er-

365 3459 579 3504 rorem
621 3459 741 3522 per
781 3439 1138 3512 scientiam,
1180 3445 1246 3500 et
1286 3436 1738 3500 difficultatem
1785 3436 1864 3499 ad

361 3540 609 3603 bonum
649 3556 767 3620 per
806 3537 1179 3600 absolvendi
1227 3535 1595 3618 potentiam.
1628 3535 1863 3598 Verum

363 3639 483 3702 ista
539 3637 778 3721 positio
836 3637 1049 3698 minus
1108 3634 1459 3718 probabilis
1516 3641 1613 3696 est
1658 3653 1672 3697 ε
1726 3641 1863 3695 tum

366 3737 671 3821 quoniam
722 3753 849 3798 non
899 3733 1168 3816 inquirit
1214 3733 1690 3795 distinctionem
1738 3732 1862 3793 cla-

362 3838 545 3900 vium
575 3835 683 3897 via
718 3840 921 3911 recta3
953 3839 1092 3893 tum
1131 3831 1283 3913 quia
1319 3831 1439 3893 etsi
1476 3830 1743 3894 scientia
1780 3829 1864 3892 sit

366 3935 431 3998 in
464 3933 821 4006 intellectu,
842 3930 1183 3992 auctoritas
1215 3937 1426 3992 tamen
1458 3928 1861 3991 discernendi

366 4052 483 4117 per
528 4031 869 4095 scientiam
918 4029 984 4090 in
1034 4029 1255 4091 eadem
1306 4027 1587 4110 potentia
1632 4033 1750 4101 est,
1795 4035 1863 4088 ut

360 4132 640 4202 videtur,
674 4129 741 4190 in
772 4147 899 4211 qua
924 4126 1265 4189 auctoritas
1293 4125 1687 4200 absolvendi,
1714 4133 1865 4207 puta

360 4233 423 4293 in
472 4229 820 4292 voluntate.

441 4327 695 4391 Tertius
748 4325 975 4388 modus
1020 4323 1452 4405 distinguendi
1505 4323 1713 4385 claves
1760 4342 1864 4384 su-

364 4427 565 4490 mitur
610 4443 807 4507 penes
852 4423 917 4485 id
959 4423 1037 4484 ad
1080 4424 1250 4504 quod
1295 4422 1661 4484 immediate
1702 4421 1867 4484 ordi-

366 4532 622 4587 nantur.
674 4523 743 4584 ln
795 4521 935 4584 foro
980 4527 1195 4583 autem
1245 4518 1666 4602 poenitentiali
1717 4528 1867 4581 sunt

366 4625 519 4694 duo,
560 4621 727 4684 sicut
774 4620 842 4681 in
891 4618 1030 4682 foro
1065 4617 1380 4699 judiciali,
1426 4619 1491 4680 in
1540 4636 1669 4700 quo
1718 4624 1867 4680 sunt

364 4723 496 4785 duo
523 4717 1031 4791 actu8‚videlicet
1060 4717 1420 4780 discernere
1450 4735 1729 4791 causam,
1762 4717 1867 4778 de-

364 4819 517 4883 inde
550 4815 839 4900 proferre
870 4816 1250 4878 sententiam
1278 4833 1588 4897 :quorum
1623 4822 1866 4877 utrum-

366 4935 495 5000 que
525 4923 622 4979 est
650 4933 913 4977 necesse
942 4914 1273 4988 committi,
1286 4913 1365 4976 ad
1396 4913 1515 4976 hoc
1549 4915 1715 4994 quod
1747 4913 1872 4994 ple-

367 5035 451 5079 ne
490 5012 929 5077 committatur
966 5011 1158 5074 alicui
1200 5010 1529 5092 judicandi
1570 5017 1863 5093 potestas.

370 5115 449 5177 Et
495 5119 593 5175 cst
650 5110 889 5193 duplex
945 5110 1309 5182 auctoritaS,
1361 5125 1747 5171 concurrens
1805 5109 1870 5170 in

372 5230 569 5275 unam
616 5209 875 5291 plenam
909 5225 923 5269 :
959 5207 1131 5289 quod
1174 5212 1369 5288 patet,
1402 5205 1555 5287 quia
1594 5205 1672 5267 ab
1713 5206 1873 5268 invi—

376 5326 515 5370 cem
546 5305 893 5388 aliquando
922 5304 1312 5367 dividuntur.
1347 5303 1669 5366 interdum
1701 5303 1874 5365 enim

1974 3143 2454 3224 distinguuntur
2492 3162 2688 3226 penes
2725 3152 2904 3208 actus
2941 3147 3021 3208 ad
3053 3164 3212 3228 quos
3253 3147 3474 3208 imme-

1972 3242 2142 3304 diate
2174 3249 2343 3316 sunt,
2369 3249 2589 3323 utpote
2622 3260 2816 3322 penes
2847 3242 3210 3306 discerncre
3241 3244 3320 3306 de
3349 3243 3475 3306 cul-

1974 3359 2076 3422 pa,
2108 3347 2176 3402 et
2202 3339 2530 3403 absolvere
2559 3358 2596 3400 a
2629 3358 2834 3421 poena.
2868 3377 2950 3386 —-
2977 3340 3121 3404 Haec
3151 3341 3472 3404 Bonaven-

1974 3445 2133 3499 tura.
2171 3437 2366 3518 Cujus
2397 3437 2615 3519 opinio
2645 3455 2785 3499 esse
2815 3437 3090 3512 videtur,
3124 3438 3295 3519 quod
3331 3439 3474 3502 duae

1975 3537 2110 3599 istae
2155 3535 2364 3598 claves
2408 3535 2662 3597 realiter
2698 3535 2780 3598 ab
2823 3535 3100 3598 invicem
3144 3535 3465 3598 differant.

1972 3635 2452 3715 Argentinensis
2481 3651 2634 3697 vero
2663 3642 2726 3696 et
2754 3634 3088 3696 Durandus
3120 3634 3335 3716 primae
3364 3653 3472 3717 po-

1974 3733 2190 3796 sitioni
2245 3734 2672 3809 consentiunt,
2723 3751 2864 3816 quae
2911 3733 3315 3796 communior
3361 3753 3468 3797 ve-

1971 3832 2229 3913 riorque
2269 3832 2539 3895 videtur.

2050 3929 2585 3994 Antisiodorensis
2622 3945 2875 4011 quoque
2920 3928 2986 3990 in
3025 3929 3286 3991 Summa
3327 3948 3463 4004 sua,

1972 4028 2138 4091 libro
2181 4034 2407 4109 quarto
2449 4045 2464 4091 ε
2507 4027 2578 4089 In
2625 4025 2987 4106 Evangeli0‚
3025 4026 3137 4099 ait,
3179 4026 3466 4090 Christus

1975 4125 2256 4209 loquitur
2283 4125 2466 4188 Petro
2499 4142 2513 4186 ε
2546 4124 3000 4206 Quodcumque
3030 4124 3326 4204 ligaveris
3365 4145 3466 4188 su·
3491 4151 3759 4206 mamm,

1894 4223 1945 4284 D
1974 4243 2088 4307 per
2116 4231 2372 4297 terram,
2407 4230 2526 4284 etc.
2550 4239 2567 4301 ;
2598 4229 2662 4284 θῖ
2690 4241 2908 4284 rursus
2937 4222 3270 4304 discipulis
3299 4240 3314 4285 ε
3348 4224 3463 4286 Αθ-
3494 4218 3758 4330 ’.ζώῃ-α,

1973 4323 2168 4404 cipite
2199 4321 2506 4403 Spiritum
2541 4322 2873 4400 Sanctum3
2906 4338 3178 4403 quorum
3207 4322 3466 4386 remise·
3489 4342 3644 4392 ειη.

1974 4421 2113 4483 ritis
2157 4427 2436 4503 peccata,
2467 4420 2882 4482 remittuntur
2909 4420 3025 4494 θὶε,
3059 4428 3177 4483 θῖθ.
3212 4421 3467 4484 Constat

1976 4520 2211 4600 itaque,
2252 4518 2422 4600 quod
2462 4524 2732 4599 utroque
2774 4517 2908 4580 loco
2953 4538 3106 4581 usus
3153 4527 3250 4582 est
3290 4519 3466 4582 Chri-

1974 4625 2109 4680 stus
2139 4616 2356 4680 futuro
2383 4615 2778 4696 subjunctivi
2811 4617 3005 4692 modi,
3031 4618 3198 4699 quod
3227 4617 3470 4699 signifi-

1976 4723 2075 4777 cat
2106 4714 2660 4796 consumptionem
2702 4733 2814 4777 seu
2854 4715 3468 4778 consummationem

1977 4813 2068 4876 rei
2125 4812 2500 4894 significatae
2548 4830 2664 4894 per
2711 4810 3000 4874 verbum.
3053 4812 3199 4875 Ideo
3245 4832 3469 4876 sensus

1976 4918 2073 4972 θεῖ
2106 4928 2120 4972 :
2155 4910 2612 4990 Quodcumque
2655 4909 2942 4983 solveriS‚
2988 4908 3050 4971 id
3098 4917 3214 4978 est.
3257 4911 3471 4993 cujus-

1977 5027 2254 5089 cumque
2284 5008 2665 5070 solutionem
2696 5008 3239 5071 consummaveris
3279 5028 3472 5090 super

1977 5112 2234 5180 terram,
2266 5106 2390 5167 erit
2417 5105 2695 5167 solutum
2733 5111 2798 5166 et
2828 5105 2893 5166 in
2934 5105 3130 5168 coelis.
3166 5106 3470 5169 Consum-

1983 5205 2178 5267 matio
2206 5211 2414 5266 autem
2443 5203 2680 5265 dicitur
2709 5210 3000 5284 respectu
3031 5202 3465 5266 inchoationis·

1983 5304 2150 5365 Deus
2200 5301 2452 5364 inchoat
2495 5300 2877 5363 solutionem
2921 5299 3299 5365 dimittendo
3339 5301 3472 5364 cul·
