4267 6250
890 492 1016 559 396

1553 513 1618 561 IN
1655 512 1880 560 mmm(
1919 512 1982 559 lv
2023 510 2506 559 smmunm.
2545 529 2627 541 -
2665 511 2820 558 msr.
2862 510 2985 576 XV3
3028 510 3255 568 QUAES'I'.
3298 512 3361 558 IV

894 685 975 747 ad
1015 685 1186 767 quod
1225 684 1541 767 conspicit
1577 702 1726 747 eum
1771 683 1972 765 magis
2011 682 2393 766 dispositum
2423 681 2476 744 A
2585 682 2850 745 Videtur
2879 683 3050 766 quod
3078 683 3161 746 sit
3191 702 3337 765 pars
3374 681 3847 746 satisfactionis.
3880 682 4009 745 Pri-

895 802 970 845 ac
1009 790 1353 865 potentem.
1388 783 1479 845 Ad
1522 783 1692 865 quod
1732 782 2090 845 necessaria
2125 788 2225 845 est
2252 797 2398 845 con-

895 880 1123 944 fessori
1155 900 1383 961 magna
1411 881 1733 955 discretio,
1767 888 1837 943 ut
1865 880 1920 943 si
1951 880 2217 962 pauperi
2250 897 2397 943 con-

897 978 1107 1042 fitenti
1148 980 1229 1042 de
1265 978 1458 1054 furto,
1501 979 1893 1060 injungenda
1930 985 2100 1041 esset
2131 978 2399 1041 eleemo-

896 1097 1198 1160 synarum
1245 1077 1516 1159 largitio,
1549 1077 1626 1140 ad
1670 1097 1861 1159 quam
1905 1096 1985 1140 ex
2024 1096 2138 1140 sua
2182 1077 2399 1159 inopia

898 1175 1148 1238 exsistit
1185 1176 1460 1257 ineptus,
1497 1176 1826 1250 Similiter,
1863 1176 1918 1237 si
1962 1176 2141 1237 dives
2181 1174 2397 1257 lapsus

895 1274 981 1336 sit
1021 1274 1086 1335 in
1129 1274 1284 1337 vitia
1323 1274 1553 1347 carniS‚
1587 1282 1847 1357 propter
1883 1293 2025 1356 quae
2063 1273 2397 1355 injungen-

898 1372 1054 1434 dum
1085 1378 1252 1435 esset
1277 1370 1717 1453 Jejunium,ad
1747 1373 1917 1454 quod
1947 1372 2000 1433 si
2033 1372 2397 1435 inveniatur

899 1469 1391 1545 involuntariuS,
1423 1469 1526 1532 vel
1557 1469 1887 1552 probabile
1921 1470 2005 1532 sit
2034 1470 2204 1552 quod
2235 1468 2395 1532 illud

895 1567 1023 1631 cito
1069 1568 1442 1641 dimitteret,
1494 1567 1885 1650 injungenda
1941 1576 2039 1630 est
2087 1568 2148 1630 ei
2196 1568 2396 1631 oratio

895 1674 960 1729 et
997 1666 1544 1749 eleemosynarum
1586 1666 1857 1729 collatio,
1892 1666 1956 1730 Si
1999 1674 2215 1729 autem
2258 1666 2398 1728 nul-

897 1766 1023 1827 lam
1073 1764 1516 1847 poenitentiam
1564 1764 1717 1827 velit
1775 1764 2015 1838 subire,
2062 1772 2126 1827 et
2181 1772 2395 1827 tamen

2506 799 2627 856 mo,
2642 782 2945 864 quoniam
2975 782 3116 844 sine
3146 781 3547 845 restitutione
3575 798 3768 843 nemo
3796 789 4011 864 potest

2504 879 2870 943 satisfacere
2920 880 3071 955 Dee,
3122 898 3243 943 nec
3291 878 3585 963 proximo
3632 897 3648 941 :
3699 880 4009 962 quoniam

2504 985 2665 1041 teste
2695 978 3070 1059 Augustino,
3102 996 3229 1041 non
3271 976 3617 1040 dimittitur
3644 985 4006 1059 peccatum,

2506 1077 2630 1139 nisi
2662 1077 3034 1140 restituatur
3060 1076 3366 1140 ablatum.
3398 1112 3481 1123 —
3507 1076 3822 1152 Secundo,
3854 1095 4012 1159 quo-

2506 1175 2681 1237 niam
2710 1174 3058 1239 satisfactio
3086 1182 3184 1238 est
3212 1174 3529 1238 restitutio
3556 1174 3869 1256 quaedam,
3883 1194 4011 1258 qua

2505 1273 2825 1356 poenitens
2870 1274 2998 1337 Deo
3037 1272 3315 1337 restituit
3357 1290 3434 1336 ac
3472 1274 3767 1356 rependit
3806 1273 4011 1337 hono-

2505 1390 2640 1435 rem
2694 1389 2770 1434 ac
2824 1372 3093 1448 cultum,
3146 1389 3307 1454 quos
3356 1372 3417 1435 ei
3476 1372 3798 1454 peccando
3855 1372 4009 1435 sub-

2503 1471 2713 1533 traxit.

2584 1568 2847 1631 Videtur
2893 1586 3149 1651 quoque
3196 1567 3366 1650 quod
3427 1585 3554 1630 non
3610 1566 3694 1631 sit
3747 1586 4009 1651 semper

2504 1666 2959 1741 necessarium,
2992 1684 3202 1749 neque
3238 1665 3547 1748 possibile
3585 1665 3870 1729 ablatum
3908 1686 4007 1730 re·

2505 1764 2787 1828 stituere.
2822 1766 2977 1829 Nam
3012 1766 3123 1847 qui
3160 1764 3357 1827 alium
3398 1763 3779 1839 diffamavit,
3812 1765 4009 1827 muti-

895 1863 1052 1926 dicit
1080 1882 1148 1926 se
1178 1862 1649 1945 displicentiam
1693 1863 1772 1925 de
1811 1863 1944 1925 suis
1981 1862 2218 1925 habere
2247 1880 2395 1944 pec·
2430 1862 2479 1926 B
2509 1861 2664 1924 lavit
2700 1868 2809 1924 aut
2846 1862 3113 1924 sanitate
3153 1860 3448 1944 privavit,
3489 1878 3617 1923 non
3653 1860 3912 1923 videtur
3948 1860 4009 1923 ei

894 1963 1052 2025 catis
1081 1980 1154 2025 ac
1183 1961 1440 2024 firmum
1471 1960 1866 2045 propositum
1898 1978 2020 2024 non
2053 1960 2397 2023 recidivan-

895 2060 978 2135 di,
1020 2059 1446 2123 absolvendus
1495 2065 1611 2135 est,
1654 2077 1780 2122 non
1824 2059 2267 2134 remittenduS,
2313 2078 2395 2121 ne

896 2158 1077 2222 cadat
1116 2158 1181 2220 in
1222 2158 1762 2241 desperationem3
1795 2166 1858 2221 et
1886 2158 2271 2221 insinuanda
2300 2165 2396 2219 est

896 2256 1022 2319 sibi
1072 2255 1448 2339 poenitentia
1495 2274 1631 2329 sua,
1673 2263 1739 2319 et
1784 2256 2131 2319 hortandus
2180 2263 2277 2319 est
2326 2262 2395 2317 ut

893 2355 1053 2418 velit
1096 2373 1237 2417 eam
1282 2354 1550 2437 implere
1585 2355 1651 2417 in
1691 2374 1759 2417 se
1797 2354 1900 2417 vel
1941 2355 2006 2417 in
2046 2374 2163 2417 sua
2198 2355 2395 2437 aequi-

895 2451 1165 2515 valente.
1219 2453 1424 2534 Atque
1483 2452 1826 2515 dicendum
1873 2460 1970 2515 est
2021 2452 2169 2535 ipsi,
2222 2453 2392 2535 quod

895 2549 1020 2613 nisi
1061 2550 1410 2633 adimpleat
1449 2570 1590 2614 eam
1631 2550 1762 2625 hic,
1795 2550 2115 2633 oportebit
2154 2551 2235 2613 ad
2280 2550 2394 2613 mi-

896 2668 1017 2710 nus
1061 2667 1200 2711 eam
1248 2648 1516 2732 implere
1562 2648 1627 2711 in
1677 2650 2059 2731 purgatorio.
2095 2649 2272 2712 Unde
2314 2650 2392 2711 de

655 2780 693 2810 ι.
713 2780 738 2809 x
781 2781 808 2818 ι,
854 2799 865 2811 .
897 2747 1143 2811 Christo
1173 2755 1271 2809 est
1299 2747 1747 2830 prophetatum
1781 2764 1796 2809 ε
1823 2747 2217 2809 Arundinem
2252 2765 2395 2810 con-

597 3746 666 3802 (ΣΙ.
677 3749 800 3801 ρ.384
809 3747 862 3791 Α.

897 2853 1260 2927 quassatam
1303 2854 1430 2908 nori
1475 2852 1776 2908 conteret.
1825 2845 1969 2908 Haec
2011 2845 2255 2908 Scotus.

978 2943 1098 3005 Sed
1135 2961 1336 3024 quum
1382 2940 1728 3005 satisfactio
1771 2942 1855 3005 sit
1897 2961 2042 3025 pars
2085 2944 2396 3025 poeniten-

2508 1977 2695 2042 posse
2725 1958 3189 2023 restitutionem
3219 1976 3543 2040 peragere,
3568 1958 3721 2041 quia
3746 1976 3877 2022 non
3907 1977 4013 2022 va-

2507 2058 2595 2120 let
2638 2057 2695 2120 ei
2740 2056 3129 2139 aequivalens
3173 2057 3456 2120 reddere.

2587 2157 2665 2218 Et
2704 2156 2877 2218 circa
2912 2156 3047 2219 haec
3086 2162 3434 2219 occurrunt
3476 2155 3679 2218 multa
3720 2174 4013 2238 quaeren-

2507 2255 2606 2328 da,
2641 2273 2783 2336 quae
2827 2252 2991 2316 infra
3032 2253 3349 2334 tangenda
3386 2260 3558 2328 sunt,
3599 2260 3821 2335 utpote
3856 2270 3873 2315 ε
3906 2252 4015 2316 cui

2506 2353 2591 2415 sit
2620 2352 2936 2415 restitutio
2972 2351 3287 2425 facienda,
3318 2358 3384 2414 et
3420 2360 3638 2413 utrum
3676 2350 3915 2426 statim,
3948 2360 4017 2414 et

2506 2452 2652 2535 quis
2680 2458 2936 2514 tenetur
2972 2450 3051 2513 ad
3090 2468 3254 2524 eam,
3284 2469 3366 2512 an
3408 2449 3655 2513 scilicet
3691 2449 3867 2513 solus
3895 2452 4013 2533 qui

2506 2549 2831 2613 abstraxit.
2864 2549 3108 2631 Nempe
3146 2549 3225 2611 de
3255 2548 3371 2610 hac
3414 2547 3679 2611 materia
3706 2547 4011 2631 frequen-

2507 2656 2602 2711 ter
2644 2656 2897 2729 rogatus
2940 2667 3083 2711 sum
3125 2665 3164 2708 a
3204 2646 3360 2709 viris
3404 2646 3717 2727 religiosis
3757 2646 4009 2729 aliquid

2506 2746 2807 2822 scribere,
2840 2746 2993 2828 quia
3022 2745 3087 2807 in
3118 2744 3258 2808 foro
3296 2743 3715 2808 confessionis
3754 2751 3821 2807 et
3846 2745 4009 2808 alibi

2505 2863 2673 2928 saepe
2713 2844 2993 2908 occurrit
3030 2843 3297 2906 materia
3334 2843 3471 2905 ista.
3506 2843 3584 2905 Et
3620 2843 3777 2925 quid
3814 2861 4008 2925 agen-

2505 2944 2659 3007 dum
2690 2943 2774 3005 sit
2801 2943 2880 3005 de
2919 2941 3181 3005 lucratis
3223 2960 3337 3023 per
3367 2942 3575 3005 varios
3604 2942 3811 3016 lud0S,
3845 2962 4011 3025 prae-

895 3042 1021 3115 tiae,
1056 3059 1183 3104 non
1213 3048 1476 3125 apparet
1513 3042 1682 3123 quod
1721 3042 1944 3104 nolens
1981 3041 2262 3125 aliquam
2297 3062 2393 3105 sa·
2430 3037 2475 3103 C
2506 3042 2724 3105 sertim
2770 3060 2886 3125 per
2926 3041 3094 3105 aleas
3137 3048 3201 3103 et
3237 3039 3511 3104 taxillos.

893 3139 1326 3204 tisfactionem
1373 3140 1876 3223 poenitentialem
1924 3159 2273 3216 assumere,
2310 3142 2394 3204 sit

891 3238 1340 3314 absolvenduS,
1375 3239 1724 3321 praesertim
1767 3258 1968 3322 quum
1997 3239 2082 3302 sit
2108 3241 2231 3302 hoc
2262 3240 2390 3303 evi-

892 3337 1050 3400 dens
1081 3338 1335 3419 signum
1365 3337 1870 3419 impoenitentiae,
1898 3347 2389 3420 quantumcum-

891 3456 1019 3519 que
1048 3436 1219 3500 dicat
1254 3455 1321 3499 se
1352 3436 1682 3518 poenitere.
1705 3471 1786 3482 -
1818 3436 1892 3498 Et
1931 3437 1984 3499 si
2023 3437 2386 3518 objiciatur,

892 3535 1062 3617 quod
1122 3534 1408 3598 Christus
1467 3534 1720 3597 mulieri
1782 3534 1847 3596 in
1910 3535 2221 3599 adulterio
2277 3537 2389 3599 de-

893 3633 1224 3716 prehensae
1263 3632 1760 3696 satisfactionem
1800 3632 2045 3694 nullam
2085 3633 2387 3714 injunxit,

891 3731 1232 3813 respondet
1272 3731 1832 3806 AntisiodorensiS,
1879 3731 2050 3813 quod
2103 3731 2390 3795 Christus

888 3829 1052 3892 vidit
1095 3847 1236 3891 eam
1267 3829 1549 3912 perfecte
1590 3829 1878 3912 punitam
1918 3848 2035 3911 per
2071 3829 2392 3893 contritio-

887 3945 1034 3989 nem
1093 3935 1158 3990 et
1212 3927 1717 3990 erubescentiam
1774 3946 1968 4010 quam
2027 3946 2213 4010 passa
2268 3927 2389 3991 fuit

887 4042 1098 4087 coram
1137 4032 1268 4087 tam
1308 4024 1544 4087 multis,
1579 4025 1902 4088 Interdum
1938 4044 2217 4108 namque
2258 4025 2388 4088 suf-

885 4123 1027 4186 ficit
1056 4123 1352 4186 contritio
1389 4123 1466 4186 ad
1505 4130 1701 4186 totam
1733 4141 1986 4205 poenam
2027 4123 2382 4186 delendam.

2584 3242 2801 3323 Itaque
2832 3239 3001 3303 circa
3036 3240 3173 3303 haec
3208 3238 3433 3302 scribit
3460 3237 3520 3302 S.
3554 3238 3826 3302 Thomas
3860 3257 3876 3300 ε
3908 3239 4010 3302 In-

2504 3339 2831 3422 aequalitas
2866 3337 3156 3421 opposita
3186 3337 3472 3419 justitiis,
3503 3337 3755 3401 duobus
3794 3338 4009 3401 modis

2505 3437 2832 3518 contingit.
2875 3435 3105 3510 Primo,
3148 3455 3227 3499 ex
3274 3435 3466 3498 rebus
3514 3435 3941 3499 exterioribus
3988 3453 4003 3498 ε

2504 3543 2576 3597 ut
2618 3536 2772 3598 dum
2816 3553 2984 3596 unus
3023 3553 3157 3596 rem
3196 3534 3458 3597 alterius
3494 3533 3707 3597 aufert
3746 3542 3859 3596 aut
3898 3535 4008 3598 de—

2502 3634 2682 3696 tinet.
2726 3633 3040 3704 Secundo,
3088 3633 3155 3695 in
3191 3631 3553 3696 actionibus
3588 3640 3655 3695 et
3692 3632 4009 3714 passioni-

2503 3731 2623 3794 bus
2644 3748 2659 3794 :
2679 3738 2750 3793 ut
2778 3732 2931 3793 dum
2962 3730 3105 3812 quis
3134 3730 3333 3792 alium
3364 3731 3641 3812 percutit
3666 3731 4000 3794 violenter.

2504 3829 2581 3890 Et
2624 3829 2757 3891 haec
2800 3829 2927 3890 duo
2969 3828 3351 3910 quandoque
3395 3834 3546 3890 sunt
3585 3837 3897 3910 separata,
3932 3837 4007 3892 ut

2503 3934 2676 4010 patet
2717 3943 2833 4008 per
2872 3943 2977 4005 se;
3010 3926 3390 4008 quandoque
3431 3943 3585 3988 vero
3630 3926 4001 4008 conjuncta,

2502 4034 2573 4088 ut
2620 4043 2819 4107 quum
2864 4023 3009 4106 quis
3050 4041 3167 4106 per
3206 4022 3579 4086 violentiam
3626 4023 3871 4106 aliquid
3918 4025 4003 4087 ab

2500 4123 2626 4187 alio
2668 4122 2923 4205 accipit,
2964 4121 3030 4184 in
3068 4139 3196 4203 quo
3224 4121 3284 4183 ei
3322 4141 3360 4184 a
3401 4139 3529 4203 quo
3566 4121 3802 4203 accipit
3838 4121 4002 4185 illud

887 4221 1008 4284 Sed
1053 4221 1206 4302 quia
1247 4222 1540 4284 sacerdos
1579 4239 1706 4285 non
1751 4221 1926 4284 videt
1965 4241 2046 4283 an
2087 4223 2172 4284 sit
2215 4228 2389 4285 tanta
2417 4218 2469 4283 D
2502 4221 2801 4304 injuriam
2832 4228 2942 4282 aut
2970 4219 3414 4283 contumeliam
3444 4219 3639 4282 infert
3664 4218 3863 4302 (sicut
3890 4220 4005 4303 qui

886 4319 1252 4383 confitentis
1283 4320 1601 4394 contritio,
1634 4321 1778 4383 ideo
1807 4321 2249 4403 poenitentiam
2278 4321 2389 4385 ali-

889 4436 1080 4499 quam
1132 4417 1225 4479 illi
1272 4416 1568 4498 injungit.

1310 4733 1787 4809 QUAESTIO
1860 4735 1965 4798 IV

1047 5007 1180 5072 odo
1229 5008 1308 5071 de
1359 5005 1761 5070 restitutione
1819 5008 2233 5071 scrutandum
2290 5015 2389 5071 est

1075 5106 1430 5188 diligenter.
1467 5106 1544 5168 Et
1587 5105 1795 5188 primo
1837 5124 2010 5168 nunc
2055 5106 2384 5188 quaeritur,

889 5208 1019 5271 An
1064 5205 1477 5270 restitutio
1524 5205 1634 5269 stt
1682 5218 1868 5286 pars
1918 5203 2390 5272 satisfactio·

895 5304 1046 5385 ms,
1092 5302 1175 5369 et
1219 5303 1671 5370 necessaria
1711 5303 1812 5369 ad
1853 5303 2223 5376 salutem.

2497 4321 2695 4383 alium
2726 4317 3255 4403 spoliandorlaedit
3279 4327 3346 4381 et
3374 4318 3707 4401 percutit);
3730 4326 3794 4382 et
3817 4318 4005 4401 juxta

2498 4419 2619 4482 hoc
2660 4417 2975 4500 reparatio
3011 4415 3389 4499 aequalitatis
3424 4417 3689 4497 iustitiae
3724 4417 4003 4500 duplici-

2495 4523 2595 4579 ter
2623 4515 3043 4597 significatur.
3068 4514 3401 4597 Reparatio
3434 4533 3712 4597 namque
3738 4518 4003 4598 aequali-

2494 4616 2642 4677 tatis
2672 4613 3036 4677 exsistentis
3065 4613 3130 4676 in
3161 4613 3369 4688 rebuS,
3384 4613 3699 4677 restitutio
3726 4615 4003 4698 appella-

2495 4720 2628 4792 tur3
2646 4712 2959 4795 reparatio
2987 4729 3135 4776 vero
3165 4711 3607 4794 inaequalitatis
3634 4712 4001 4776 exsistentis

2498 4811 2564 4874 in
2620 4810 2981 4874 actionibus
3039 4818 3105 4873 et
3162 4810 3590 4893 passionibuS‚
3650 4810 4001 4875 satisfactio

2498 4909 2880 4972 nominatur.
2917 4909 3078 4971 Hinc
3108 4909 3459 4972 satisfactio
3490 4909 3873 4991 quandoque
3902 4917 4002 4972 est

2498 5009 2637 5070 sine
2674 5007 3095 5080 restitutione,
3128 5015 3201 5069 ut
3237 5007 3389 5069 dum
3422 5007 3568 5090 quis
3598 5025 3667 5070 se
3700 5006 4001 5070 humiliat

2498 5105 2790 5188 proximo
2847 5104 2925 5167 de
2970 5104 3296 5187 aliquibus
3344 5104 3751 5168 contumeliis
3798 5105 3859 5166 ei
3908 5106 3999 5167 di-

2498 5205 2637 5268 ctiS.
2671 5202 2996 5267 Interdum
3049 5219 3304 5285 quoque
3352 5203 3669 5266 restitutio
3716 5210 3814 5266 est
3858 5204 3998 5266 sine

2500 5300 2953 5379 satisfactione,
2996 5300 3165 5364 sicut
3205 5301 3460 5384 quando
3506 5301 3651 5384 quis
3700 5307 3999 5366 mutuum
