4267 6250
37 876 280 921 snum

39 940 148 983 mai.

65 2644 204 2701 '³⁸3⁸‘-
213 2647 290 2692 lib.

57 2711 289 2763 “fit-5202.

67 4110 289 4175 Μοῖραι.

75 4417 204 4476 bigat.
213 4423 292 4468 lib.

68 4483 292 4540 mutus.

83 4910 242 4962 find-lib.
255 4920 297 4970 3,

69 4973 278 5031 tanda.

691 490 780 539 AB
817 490 1170 539 mssnwno
1211 491 1304 539 su·
1344 490 1500 539 uns
1542 489 2054 548 sumnonem&
2095 491 2171 538 m·
2208 490 2588 541 Ntcnssama
2628 493 2715 542 An
2755 494 3029 542 samm!

3295 476 3415 541 413

301 678 522 742 usque
561 660 886 725 multoties
923 660 1214 743 allegavi,
1246 660 1358 744 qui
1404 660 1431 723 s
1433 660 1527 723 uit
1564 658 1817 724 Ordinis
1843 660 1898 725 A
1925 668 2143 723 contra
2172 662 2377 744 legem
2409 662 2565 737 ludi,
2588 681 2707 725 nec
2736 662 3063 727 ludentem
3094 668 3414 746 provocet.

303 758 374 821 S.
403 757 742 834 Dominici,
765 760 874 823 sed
907 759 1242 823 Durandus
1269 758 1522 823 Ordinis
1552 759 1612 822 S.
1631 760 1818 821 Fran-

305 856 498 931 cisci,
529 857 713 938 cujus
755 858 1019 921 Summa
1057 856 1442 921 sententiosa
1479 863 1577 919 est
1607 856 1813 930 valde,

305 962 382 1017 et
415 955 570 1017 mihi
601 974 732 1038 prae
761 955 992 1019 ceteris
1021 955 1302 1019 Summis
1332 954 1610 1037 placens,
1623 973 1817 1036 super

306 1052 422 1116 his
453 1053 518 1115 in
547 1074 662 1117 sua
690 1054 996 1117 disseruit
1031 1054 1294 1117 Summa
1317 1070 1332 1115 ε
1355 1051 1684 1135 Multiplex
1719 1060 1816 1116 est

309 1150 527 1226 ludus,
559 1170 836 1235 quorum
869 1172 1058 1227 uuus,
1089 1152 1171 1215 de
1209 1168 1340 1234 quo
1367 1169 1540 1214 nunc
1579 1168 1812 1225 sermo,

311 1258 489 1313 recte
515 1258 782 1314 vocatur
811 1251 1000 1314 ludus
1041 1250 1460 1323 confusioniS,
1493 1256 1564 1312 ut
1595 1257 1693 1313 est
1720 1249 1814 1311 lu-

307 1348 436 1411 dus
471 1348 842 1413 taxillorum
885 1357 951 1412 et
989 1350 1162 1413 aleae.
1197 1349 1314 1422 Qui
1357 1348 1583 1412 merito
1627 1348 1816 1410 ludus

309 1446 712 1510 confusionis
771 1456 1088 1522 censetur,
1140 1446 1294 1529 quia
1341 1448 1406 1509 in
1463 1447 1604 1529 ipso
1651 1445 1818 1509 bona

307 1546 528 1607 omnia
566 1545 1072 1621 confunduntur,
1112 1552 1332 1628 utpote
1371 1544 1539 1609 bona
1575 1551 1815 1608 naturae

309 1650 378 1704 et
415 1643 638 1725 gratiae
675 1662 754 1706 ac
789 1642 1082 1718 fortunae,
1125 1642 1256 1707 imo
1294 1652 1360 1706 et
1398 1643 1564 1707 bona
1597 1642 1816 1724 gloriae

309 1742 738 1821 amittuntur3
767 1742 879 1824 qui
917 1748 982 1804 et
1013 1741 1341 1805 hominem
1391 1748 1626 1805 aeterna
1671 1758 1817 1804 con-

2001 758 2337 842 Quumque
2394 761 2583 823 ludus
2630 760 2749 824 iste
2796 762 2952 825 alias
3000 761 3261 824 illicitus
3308 760 3415 834 sit,

1924 856 2027 919 lex
2075 858 2263 940 punit
2306 866 2717 941 cooperantes
2768 877 2783 923 ε
2835 859 3137 942 quoniam
3185 859 3418 941 hospes

1921 961 2147 1018 tenens
2194 956 2458 1031 lusores,
2500 975 2628 1021 non
2677 965 2884 1041 potest
2928 976 3113 1039 agere
3161 975 3417 1020 causam

1921 1071 2054 1115 suae
2097 1052 2370 1133 injuriae.
2404 1055 2537 1118 Imo
2576 1055 2630 1117 si
2672 1055 2819 1138 quis
2858 1073 3007 1119 eum
3047 1055 3419 1119 verberave-

1921 1150 2027 1224 rit,
2059 1159 2169 1213 aut
2205 1151 2449 1234 aliquid
2490 1153 2549 1215 ei
2590 1152 2926 1216 abstulerit
2964 1160 3251 1236 tempore
3291 1171 3421 1236 quo

1923 1247 2263 1311 ludebatur
2292 1250 2357 1312 in
2386 1250 2576 1313 domo
2605 1251 2771 1331 ejus,
2794 1268 2919 1314 non
2952 1252 3137 1314 datur
3164 1252 3224 1314 ei
3250 1251 3420 1332 judi·

1923 1344 2094 1408 cium
2119 1364 2135 1408 :
2160 1346 2232 1409 ff.
2257 1348 2337 1410 de
2364 1348 2786 1424 AleatoribuS,
2822 1350 2861 1412 l.
2897 1348 2952 1411 1.
2980 1350 3156 1424 Quod
3188 1350 3421 1413 intelli·
3450 1370 3711 1478 ίιῖῑςιῗιὲιῑι».

1921 1443 2115 1523 gitur,
2158 1446 2414 1526 quando
2454 1464 2642 1509 causa
2678 1447 3096 1511 emolumenti
3137 1448 3237 1511 sui
3276 1466 3421 1512 con-

1923 1543 2131 1605 suevit
2163 1550 2383 1606 tenere
2412 1543 2677 1620 lusoreS,
2708 1552 2773 1607 et
2804 1546 3060 1627 quando
3087 1546 3420 1608 occasione

1926 1640 2060 1703 ludi
2097 1642 2219 1705 hoc
2260 1639 2359 1704 fit.
2393 1642 2519 1705 Lex
2558 1660 2813 1725 quoque
2852 1644 3041 1726 punit
3078 1644 3421 1727 inspicien-

1923 1746 2042 1812 tes,
2073 1739 2375 1821 quoniam
2408 1740 2680 1803 clericus
2718 1740 3067 1823 inspiciens
3096 1750 3349 1805 arcetur
3384 1760 3423 1803 a

309 1839 564 1903 fusione
594 1840 865 1921 dignum
895 1838 1120 1911 efficit.
1156 1839 1338 1903 Circa
1366 1858 1556 1921 quem
1589 1838 1812 1901 ludum
1851 1841 1898 1905 B
1929 1837 2303 1901 ministerio.
2338 1839 2495 1901 Item
2545 1839 2733 1920 punit
2774 1839 3085 1915 ludenteS‚
3118 1840 3423 1922 quoniam

311 1937 778 2000 consideranda
831 1945 984 2001 sunt
1035 1946 1324 2019 quatuor.
1378 1936 1610 2009 Primo,
1659 1937 1814 2019 quid

311 2036 562 2098 dicatur
603 2036 760 2099 aleae
809 2035 1018 2099 ludus.
1051 2036 1493 2119 Respondetur
1539 2053 1553 2097 ε
1602 2036 1816 2099 Ludus

311 2134 466 2198 aleae
503 2133 747 2197 dicitur
783 2134 994 2197 omnis
1033 2134 1224 2197 ludus
1263 2134 1374 2216 qui
1405 2133 1651 2197 viribus
1691 2132 1816 2197 for-

313 2238 482 2295 tunae
513 2231 831 2294 innititur.
863 2230 1080 2295 Ludus
1107 2238 1324 2295 autem
1354 2232 1466 2314 qui
1497 2250 1624 2295 non
1655 2231 1819 2294 inni-

311 2330 472 2393 titur
529 2330 802 2394 fortunae
849 2330 1120 2404 viribuS,
1173 2337 1380 2413 potest
1428 2330 1497 2392 in
1545 2330 1820 2413 pecunia

315 2428 484 2503 fieri,
537 2429 892 2492 secundum
951 2429 1214 2491 modum
1269 2428 1402 2511 jam
1459 2428 1820 2511 exprimen-

315 2526 495 2601 dum,
547 2533 622 2588 ut
667 2525 784 2589 fiat
829 2527 969 2589 sine
1020 2526 1308 2609 periculo
1362 2534 1554 2609 atque
1609 2527 1754 2589 dolo
1799 2544 1815 2588 :

316 2622 388 2687 ff.
409 2626 490 2688 de
517 2624 944 2699 Aleatoribus,
959 2624 1074 2687 ubi
1103 2625 1378 2688 dicitur:
1405 2625 1820 2689 Senatuscon-

315 2723 560 2786 sultum
601 2723 806 2786 vetuit
853 2723 920 2786 in
970 2723 1244 2806 pecunia
1289 2723 1530 2797 ludere,
1563 2731 1818 2806 praeter-

315 2840 512 2904 quam
550 2821 605 2884 si
645 2821 792 2903 quis
831 2829 1028 2884 certet
1063 2820 1244 2885 hasta
1277 2822 1382 2885 vel
1425 2822 1578 2903 pila,
1606 2821 1820 2904 jaculo

313 2918 634 2999 jaciendo,
667 2920 770 2983 vel
809 2919 1146 2993 currendo,
1179 2919 1486 2995 saliendo,
1519 2920 1819 2983 luctando

1927 1935 1990 1998 id
2032 1935 2205 2018 quod
2251 1936 2597 2012 lucrantur,
2632 1945 2959 2020 nequeunt
3005 1939 3298 2002 retinere.
3334 1939 3427 2002 Si-

1924 2035 2166 2097 militer
2212 2034 2399 2117 punit
2444 2043 2739 2116 cogentes
2788 2036 3028 2110 ludere,
3062 2037 3213 2119 quia
3260 2038 3424 2100 mul-

1925 2140 2181 2196 ctantur
2217 2133 2511 2215 pecunia,
2544 2133 2648 2197 vel
2687 2134 3183 2211 incarcerantur,
3214 2144 3325 2199 aut
3356 2135 3425 2198 in

1925 2230 2187 2314 publica
2214 2230 2474 2294 vincula
2500 2233 2751 2295 dantur.
2778 2233 2855 2295 Et
2882 2241 2953 2295 ut
2978 2241 3155 2297 tenet
3183 2234 3423 2317 opinio,

1925 2328 1990 2391 id
2020 2330 2193 2412 quod
2231 2329 2443 2412 perdit
2478 2331 2735 2406 aleator,
2768 2348 2897 2394 non
2938 2340 3146 2414 potest
3182 2341 3426 2416 repete-

1927 2446 2034 2507 re;
2067 2428 2179 2491 sed
2220 2428 2611 2511 pauperibus
2648 2430 2930 2493 dandum
2974 2439 3089 2505 est,
3122 2432 3426 2514 quoniam

1925 2526 2256 2608 turpitudo
2295 2526 2565 2589 vertitur
2601 2545 2679 2590 ex
2710 2534 2888 2610 parte
2928 2528 3279 2612 utriusque.
3314 2530 3427 2593 Ta-

1928 2642 2076 2687 men
2107 2624 2461 2687 secundum
2498 2625 2949 2701 Raimundum,
2982 2626 3037 2688 si
3079 2627 3229 2689 lusit
3268 2628 3429 2691 invi-

1927 2730 2053 2797 ῖιιε,
2084 2729 2151 2784 θῖ
2195 2729 2433 2786 tractus
2480 2730 2579 2785 est
2622 2723 2700 2786 ad
2750 2723 2996 2799 ludum,
3030 2725 3425 2789 reddendum

1925 2826 2024 2883 est
2049 2819 2129 2881 ei.
2166 2820 2243 2882 Et
2271 2820 2325 2883 si
2356 2820 2635 2883 lucratus
2664 2827 2782 2896 est,
2806 2839 2934 2885 non
2963 2829 3217 2886 tenetur
3245 2824 3426 2886 resti-

1929 2926 2106 2982 tuere
2146 2918 2206 2981 ei
2244 2938 2283 2981 a
2320 2937 2448 3001 quo
2490 2927 2727 2983 tractus
2768 2928 2864 2983 est
2908 2921 2987 2984 ad
3033 2921 3383 2985 ludendum
3406 2939 3425 3003 ;

317 3019 419 3082 vel
464 3018 829 3101 pugnando,
864 3019 1032 3101 quod
1078 3018 1158 3081 fit
1205 3036 1396 3081 causa
1443 3018 1719 3094 virtutis,
1753 3019 1818 3082 id
1854 3022 1898 3087 C
1927 3035 2046 3079 nec
2076 3023 2289 3079 tamen
2324 3025 2531 3101 potest
2556 3025 2795 3094 tenere,
2830 3019 2940 3083 sed
2970 3019 3161 3083 debet
3190 3038 3427 3103 paupe-

315 3125 416 3180 est
458 3115 851 3181 fortitudinis
889 3117 1310 3182 exercitandis
1353 3117 1434 3181 ad
1474 3116 1674 3182 finem
1714 3116 1821 3183 ho-

315 3223 592 3278 nestum.
625 3249 708 3261 —
733 3215 950 3279 Ludus
990 3223 1208 3280 autem
1245 3216 1358 3298 qui
1399 3215 1698 3279 innititur
1731 3217 1822 3280 vi·

313 3313 500 3377 ribus
528 3313 818 3389 fou-tunm,
850 3331 978 3378 non
1009 3321 1218 3397 potest
1249 3314 1316 3376 in
1345 3315 1621 3397 pecunia
1648 3314 1816 3390 sieri,

313 3413 442 3476 nisi
471 3433 583 3476 sex
615 3419 1009 3476 concurrant.
1027 3413 1310 3476 Primum
1339 3421 1436 3476 est
1463 3413 1820 3494 congruitas

317 3530 627 3594 personae.
662 3511 924 3575 Clericis
965 3529 1244 3593 namque
1283 3528 1411 3574 non
1443 3511 1608 3574 licet.
1644 3511 1820 3575 Unde

315 3610 556 3674 aleator
602 3609 902 3693 publicus
945 3616 1008 3672 et
1051 3609 1380 3672 usurarius
1421 3610 1822 3692 repelluntur

312 3728 354 3771 a
401 3709 710 3791 dignitate
755 3707 1122 3782 obtinenda,
1175 3708 1636 3772 consuetudine
1691 3727 1818 3773 non

311 3805 640 3870 obstante:
659 3815 852 3867 eoetra
876 3806 956 3869 de
980 3804 1362 3869 Excessibus
1394 3806 1820 3888 praelatorum,

313 3905 487 3968 Inter
515 3905 804 3968 dilectos.
841 3904 1077 3967 Tamen
1109 3903 1177 3966 in
1207 3903 1526 3967 beneficio
1559 3903 1822 3968 obtento

315 4013 526 4088 potest
571 4005 634 4066 ei
681 4003 1024 4085 episcopus
1069 4003 1336 4085 gratiam
1377 4002 1608 4079 facere,
1651 4005 1705 4066 si
1755 4023 1822 4067 se

317 4103 615 4184 corrigat,
647 4101 804 4164 alias
843 4101 922 4164 de
956 4101 1102 4182 jure
1149 4100 1341 4164 debet
1386 4101 1620 4184 deponi
1669 4120 1684 4164 ε
1721 4100 1819 4178 14,

1929 3114 2107 3179 ribus
2150 3134 2427 3198 erogare.
2462 3153 2541 3165 —
2571 3116 2699 3181 Nec
2740 3116 2949 3183 obstat
2998 3118 3339 3201 praedictiS,
3371 3119 3426 3184 si

1929 3213 2102 3277 lusor
2150 3215 2340 3289 dicat,
2388 3215 2687 3288 Quamvis
2734 3235 2813 3279 ex
2862 3217 3211 3299 cupiditate
3264 3219 3429 3282 luse-

1927 3312 2072 3387 rim,
2123 3330 2253 3376 non
2300 3320 2511 3376 tamen
2571 3313 2695 3376 feci
2746 3314 3049 3395 injuriam
3111 3318 3424 3399 proximo,

1927 3430 2126 3493 quum
2190 3420 2254 3474 et
2310 3411 2445 3493 ipse
2496 3411 2893 3475 voluntarius
2948 3417 3310 3492 accesserit,
3364 3423 3431 3480 et

1929 3510 2099 3573 idem
2154 3511 2312 3572 mihi
2359 3509 2638 3585 fecisset,
2677 3511 2734 3572 si
2782 3511 3107 3577 valuisset.
3154 3514 3430 3597 Respon-

1928 3608 2209 3670 dendum
2241 3616 2337 3671 est
2366 3609 2561 3682 enim,
2594 3609 2764 3691 quod
2797 3608 3037 3673 invitus
3075 3619 3141 3673 et
3168 3630 3297 3675 non
3324 3630 3431 3675 vo-

1931 3705 2068 3768 lens
2096 3707 2329 3769 amisit.
2362 3706 2697 3788 Quumque
2738 3706 2925 3769 ludus
2957 3707 3076 3770 iste
3113 3709 3197 3771 sit
3222 3709 3429 3791 turpis

1929 3812 1994 3866 et
2041 3804 2415 3887 reprobatus
2460 3804 2815 3867 secundum
2875 3805 3064 3887 legeS,
3117 3807 3203 3868 ita
3258 3808 3428 3889 quod

1931 3921 2050 3966 nec
2089 3903 2347 3985 sponsio
2384 3902 2553 3966 facta
2594 3902 2660 3965 in
2700 3903 2842 3986 ipso
2882 3911 3074 3980 tenet,
3107 3924 3309 3987 quum
3348 3906 3432 3968 sit

1931 4009 2151 4064 contra
2193 4001 2394 4064 Deum
2432 4008 2494 4064 et
2533 4009 2751 4065 contra
2791 4002 3007 4065 omnia
3041 4003 3207 4084 jura,
3239 4021 3431 4068 nemo

1933 4106 2142 4182 potest
2178 4099 2555 4182 perludum
2596 4099 2791 4162 istum
2832 4100 3125 4183 accipere
3168 4101 3428 4164 titulum

319 4203 672 4285 quaestione
709 4199 771 4275 4,
817 4199 1098 4282 capitulo
1145 4200 1208 4264 Si
1248 4200 1414 4282 quis,
1451 4200 1816 4264 Secundum
1852 4202 1903 4265 D
1928 4197 2178 4278 justum
2206 4216 2325 4261 nec
2354 4197 2587 4260 bonam
2623 4197 2842 4261 sidem.
2875 4198 3036 4261 Hinc
3075 4200 3429 4265 secundum

319 4307 418 4364 est
445 4297 809 4382 congruitas
841 4298 1142 4375 materiae,
1170 4298 1322 4380 quia
1351 4316 1468 4381 pro
1495 4299 1825 4362 esculento

321 4407 386 4462 et
410 4397 754 4481 poculento
777 4397 928 4460 licet
941 4413 958 4458 t
973 4396 1041 4460 ff.
1059 4397 1136 4460 de
1160 4397 1573 4472 Aleatoribus,
1593 4396 1631 4460 l.
1651 4397 1824 4471 Quod

321 4499 391 4560 in
419 4495 736 4560 convivio.
771 4495 1058 4559 Tertium
1087 4503 1186 4559 est
1212 4495 1390 4571 finis„
1423 4503 1496 4558 ut
1523 4514 1652 4559 non
1682 4515 1825 4559 cau-

319 4616 390 4660 sa
435 4593 718 4659 avaritias
765 4594 900 4670 fiat,
944 4595 1057 4658 sed
1105 4594 1516 4659 recreationis
1563 4595 1818 4657 intuitu.

320 4697 629 4771 Quartum
659 4701 757 4756 est
787 4712 1108 4768 mensura,
1131 4693 1284 4776 quia
1312 4711 1442 4757 non
1473 4693 1624 4756 licet
1653 4693 1826 4756 lude-

322 4813 392 4858 re
436 4794 606 4857 ultra
641 4792 918 4856 solidum
958 4811 1184 4866 unum,
1217 4792 1410 4856 etiam
1450 4793 1504 4854 si
1549 4792 1824 4855 multum

323 4894 506 4957 dives
533 4894 619 4956 sit
647 4892 854 4956 lusor:
875 4891 1022 4956 Cod.
1041 4891 1122 4954 de
1149 4891 1572 4966 Aleatoribus,
1591 4891 1630 4953 l.
1649 4890 1827 4954 Alea-

325 5012 472 5056 rum
505 5011 680 5054 usus.
713 4989 1020 5065 Quintum
1059 4997 1158 5054 est
1193 4989 1556 5072 congruitas
1583 4997 1829 5072 tempo-

325 5091 438 5164 ris,
473 5099 544 5154 ut
571 5108 700 5154 non
729 5097 1018 5172 tempore
1048 5088 1258 5152 luctus
1287 5095 1398 5150 aut
1435 5087 1827 5170 poenitentiae

328 5209 443 5254 seu
473 5188 946 5253 communionis
977 5186 1248 5250 ludatur.
1266 5187 1528 5252 Sextum
1557 5193 1654 5250 est
1683 5204 1829 5250 con-

327 5288 568 5370 gruitas
616 5286 814 5361 modi,
860 5293 932 5348 ut
979 5285 1062 5348 sit
1109 5285 1246 5350 sine
1293 5285 1538 5360 fraude,
1589 5292 1655 5348 et
1699 5302 1827 5348 non

1932 4295 2309 4371 Ostiensem,
2361 4315 2689 4379 nunquam
2740 4298 3145 4362 retinendum
3196 4307 3294 4362 est
3338 4300 3431 4363 lu-

1931 4412 2113 4457 crum
2142 4396 2269 4458 tale
2292 4413 2307 4457 :
2334 4395 2637 4477 quoniam
2667 4394 2893 4459 saltem
2924 4397 2987 4459 in
3014 4397 3260 4478 judicio
3290 4417 3434 4462 con·

1930 4494 2205 4558 tentioso
2250 4510 2382 4557 non
2426 4494 2705 4557 creditur
2750 4496 2907 4578 quin
2960 4515 3039 4560 ex
3082 4498 3431 4580 cupiditate

1930 4593 2171 4675 prodiit
2200 4593 2403 4668 ludus,
2421 4592 2573 4675 quia
2602 4611 2718 4675 pro
2748 4595 2976 4676 majori
3006 4603 3185 4678 parte
3212 4596 3291 4659 fit
3320 4597 3425 4661 ita.

1931 4691 2010 4752 Et
2053 4691 2108 4752 si
2157 4691 2327 4753 dicat
2374 4709 2441 4753 se
2486 4707 2614 4753 non
2658 4691 2885 4755 lusisse
2929 4711 3007 4756 ex
3057 4694 3425 4777 cupiditate,

1933 4789 2109 4851 ludat
2150 4787 2288 4850 sine
2330 4788 2629 4851 denariis.
2674 4789 2817 4853 Haec
2862 4790 3213 4856 Durandus.

2011 4885 2129 4960 Qui
2170 4887 2434 4969 insuper
2460 4887 2539 4950 de
2583 4887 2981 4951 restitutione
3011 4907 3427 4970 personarum

1933 4985 2427 5050 ecclesiasticam
2476 4985 3089 5050 administrationem
3139 4988 3427 5056 habenti·

1934 5105 2068 5160 um,
2099 5084 2189 5147 ait
2222 5100 2236 5147 :
2270 5084 2511 5152 Praelati
2542 5091 2606 5146 et
2642 5083 2751 5146 alii
2790 5085 3287 5153 ecclesiasticam
3324 5092 3430 5155 ad·

1935 5183 2469 5247 ministrationem
2513 5182 2841 5257 habentes,
2873 5191 3171 5249 tenentur
3214 5188 3427 5253 Eccle-

1935 5283 2098 5348 siam
2154 5281 2418 5346 reddere
2466 5281 2855 5359 indemnem,
2904 5282 2958 5346 εἰ
3004 5286 3303 5368 praelatus
3348 5289 3428 5354 de
