4267 6250
755 480 877 545 372

1393 496 1458 543 IN
1496 496 1720 543 mmm!
1761 496 1823 542 lv
1865 492 2351 543 smnmultmt.
2394 508 2477 521 -
2518 490 2672 538 msr.
2710 491 2857 555 xw;
2900 490 3125 547 Qusss'r.
3164 489 3228 535 vl

751 665 952 729 fuerit
977 667 1242 743 ferrum,
1263 666 1465 731 multo
1495 667 1710 731 labore
1739 624 2252 731 acastum—Sed
2278 663 2332 728 A
2363 682 2486 747 que
2535 662 2883 726 Antiochus
2927 668 2993 725 et
3037 662 3202 724 Esau
3249 676 3377 722 non
3418 656 3877 741 poenituerunt

751 765 932 847 argui
964 772 1190 847 potest,
1206 768 1376 849 quod
1407 784 1533 829 non
1565 765 1926 849 requiratur
1955 762 2253 827 contritio

750 864 829 925 ad
860 864 1202 927 delendum
1240 865 1694 929 obscuritatem
1733 864 1993 928 videndi
2033 870 2096 925 et
2133 860 2253 924 dif-

750 959 1105 1024 ficultatem
1135 962 1300 1025 hene
1329 963 1557 1043 agendi
1591 980 1606 1024 :
1639 962 1792 1045 quia
1821 962 2088 1024 virtutes
2122 976 2251 1022 non

750 1059 959 1123 solum
1006 1079 1120 1143 per
1159 1068 1401 1124 motum
1446 1061 1681 1124 doloris
1725 1059 2055 1122 contrariae
2103 1065 2254 1120 sunt

749 1156 845 1218 illi
892 1158 1267 1221 obscuritati
1315 1177 1389 1221 ac
1435 1158 1829 1231 difficultati,
1868 1158 1979 1219 sed
2028 1163 2092 1218 et
2138 1174 2254 1238 per

746 1264 982 1319 motum
1013 1257 1484 1320 clarificationis
1511 1276 1584 1319 ac
1616 1256 2043 1329 roborationiS,
2056 1272 2253 1337 quum

747 1354 877 1415 sint
925 1354 1190 1427 lumina,
1239 1373 1417 1417 arma
1461 1374 1536 1417 ac
1579 1353 1984 1416 fortitudines
2026 1351 2246 1414 animi.

745 1452 1302 1534 Respondendum,
1336 1453 1505 1534 quod
1538 1452 1605 1514 in
1636 1450 2010 1534 poenitentia
2040 1449 2251 1531 requi-

749 1550 913 1612 ritur
951 1549 1150 1613 dolor.
1185 1550 1414 1625 Primo,
1449 1550 1752 1631 quoniam
1793 1556 1891 1611 est
1933 1546 2253 1610 medicina

747 1648 1061 1710 contraria
1091 1666 1296 1711 causae
1337 1648 1566 1723 morbi,
1602 1648 1665 1709 id
1705 1654 1804 1709 est
1840 1645 2095 1708 libidini
2135 1663 2249 1707 seu

747 1744 1304 1827 concupiscentiae,
1341 1765 1465 1828 qua
1504 1746 1697 1808 homo
1727 1744 1866 1807 vult
1905 1744 1970 1806 in
2011 1751 2251 1805 creatu-

2362 752 2641 824 secundo
2672 760 2882 835 modo,
2914 759 3024 822 sed
3056 758 3283 841 primo.
3317 791 3398 801 —
3422 756 3599 829 Quod
3630 754 3719 817 ait
3748 753 3875 815 lsi-

2362 860 2551 923 dorus
2580 859 2646 921 in
2674 857 2837 922 libro
2865 858 2943 921 de
2971 857 3204 921 Ordine
3232 862 3675 927 creaturarum,
3688 852 3875 935 quod

2364 958 2683 1021 daemones
2740 974 2866 1020 non
2927 956 3383 1038 poenituerunt,
3434 962 3499 1016 et
3544 952 3600 1015 si
3656 950 3875 1034 poeni-

2363 1057 2656 1131 tuissent,
2679 1056 2933 1119 veniam
2964 1072 3092 1118 non
3120 1052 3547 1117 obtinuissent
3578 1068 3593 1113 :
3628 1048 3875 1112 intelli-

2360 1156 2641 1235 gendum
2700 1162 2797 1217 est
2840 1155 2919 1217 de
2976 1152 3352 1235 poenitentia
3402 1150 3610 1234 primo
3666 1149 3873 1211 modo

2361 1260 2639 1335 accepta.

2440 1352 2745 1414 Praeterea
2774 1350 2825 1413 si
2857 1358 3195 1432 quaeratur‚
3226 1356 3443 1410 utrum
3483 1344 3873 1429 poenitentia

2363 1450 2653 1511 restituat
2681 1449 2927 1511 homini
2956 1466 3150 1530 opera
3175 1447 3343 1510 bona
3372 1445 3550 1527 prius
3586 1442 3867 1507 mortifi-

2362 1555 2501 1609 cata
2544 1566 2659 1629 per
2706 1547 2997 1629 culpam3
3028 1545 3394 1618 dicendum,
3426 1542 3596 1626 quod
3628 1560 3865 1603 verum

2361 1655 2478 1721 est,
2500 1653 2566 1708 ct
2594 1646 2954 1709 communis
2984 1652 3158 1707 tenet
3186 1642 3438 1725 positio,
3461 1642 3631 1724 quod
3662 1658 3871 1721 opera

2360 1763 2502 1826 quae
2531 1744 2709 1826 prius
2741 1743 3001 1806 fuerunt
3030 1742 3195 1816 viva,
3226 1760 3301 1803 ac
3330 1748 3549 1823 postea
3577 1757 3693 1821 per
3720 1738 3867 1801 cul-

746 1862 817 1905 ra
847 1842 1201 1906 inordinate
1231 1843 1552 1905 delectari.
1579 1841 1892 1915 Secund0‚
1925 1840 2079 1924 quia
2107 1859 2251 1922 pec-
2284 1845 2331 1907 B
2360 1862 2506 1926 pam
2540 1844 2871 1907 mortalem
2904 1841 3308 1916 mortificata,
3338 1841 3765 1903 restituuntur
3794 1846 3867 1900 et

747 1947 956 2003 catum
1001 1949 1098 2003 est
1143 1941 1434 2023 quaedam
1474 1941 1704 2022 rubigo
1746 1957 1760 2001 ε
1807 1939 2046 2001 idcirco
2087 1939 2249 2001 mul-

745 2046 808 2099 ta
841 2037 1276 2112 defricatione,
1309 2037 1663 2101 afflictione
1693 2044 1883 2119 atque
1916 2036 2249 2119 punitione

745 2144 992 2217 oportet
1025 2136 1236 2219 ipsum
1269 2135 1526 2198 auferri.
1554 2135 1728 2199 Unde
1757 2135 1847 2197 ait
1876 2134 2245 2215 Gregorius:

745 2233 1006 2294 Ferrum
1041 2240 1268 2296 nostrae
1301 2232 1533 2295 mentis
1561 2232 1638 2294 ad
1673 2231 2088 2294 subtilitatem
2119 2248 2247 2294 non

743 2330 1020 2404 ducitur,
1044 2331 1168 2393 nisi
1198 2330 1519 2413 frequenti
1549 2329 2038 2393 tribulationum
2068 2347 2247 2411 aspe-

745 2427 932 2490 ritate
975 2428 1294 2491 elimetur.
1340 2429 1484 2491 Haec
1525 2427 2080 2491 AntisiodorcnsiS.

824 2525 904 2588 At
945 2544 1098 2589 vero
1140 2526 1582 2589 Bonaventura
1614 2543 1628 2587 :
1662 2526 1751 2588 Dc
1801 2526 2078 2607 peccatis
2123 2525 2249 2605 (in-

746 2625 914 2706 quit)
957 2624 1172 2687 dolere
1216 2644 1329 2687 seu
1374 2624 1814 2706 poenitentiam
1863 2642 2070 2705 agere,
2105 2640 2251 2685 con·

747 2722 936 2803 tingit
963 2723 1324 2805 dupliciter.
1357 2722 1590 2797 Primo,
1626 2730 1886 2804 propter
1920 2722 2247 2785 laesionem

744 2828 1007 2895 naturae,
1053 2828 1117 2883 et
1164 2838 1421 2902 poenam
1469 2819 1751 2882 debitam
1800 2838 1916 2901 pro
1963 2827 2243 2902 peccato.

745 2919 1058 2993 Secundo,
1092 2906 1351 3001 propter
1380 2918 1614 2981 divinae
1654 2918 2002 3000 majestatis
2041 2917 2247 2982 offen-

2359 1942 2569 2004 denuo
2620 1941 3054 2014 vivificantur,
3099 1940 3298 2022 gratia
3352 1939 3675 2001 redeunte.
3723 1937 3861 1999 Un-

2358 2040 2437 2102 de
2467 2058 2660 2121 super
2690 2039 2847 2102 illud
2876 2038 3089 2111 Joelis,
3122 2037 3401 2101 Reddam
3432 2035 3617 2099 vohis
3650 2049 3861 2097 annos

2358 2155 2517 2220 quos
2548 2137 2825 2200 comedit
2863 2137 3126 2210 locusta,
3155 2134 3383 2198 asserit
3414 2133 3633 2197 Glossa
3666 2150 3683 2194 ι
3712 2132 3863 2195 Non

2358 2236 2598 2318 patitur
2638 2236 2945 2299 Dominus
2988 2235 3197 2317 perire
3239 2232 3619 2304 ubertatem,
3651 2231 3714 2293 id
3758 2238 3867 2293 est

2360 2334 2732 2397 meritorum
2764 2331 3243 2406 fecunditatem,
3275 2349 3469 2413 quam
3500 2348 3614 2413 per
3640 2328 3865 2391 turba-

2357 2431 2598 2494 tionem
2636 2430 2962 2494 amisistis.
2996 2430 3281 2511 Denique
3315 2429 3485 2510 quod
3523 2428 3669 2510 quis
3698 2445 3867 2509 prae-

2358 2529 2489 2593 mio
2518 2546 2784 2612 operum
2816 2528 2995 2611 prius
3036 2526 3508 2590 meritoriorum
3542 2526 3858 2607 privatur,

2358 2635 2454 2690 est
2484 2626 2633 2709 quia
2661 2626 2983 2709 peccando
3013 2624 3758 2707 mortaliter,incapacem
3792 2642 3869 2686 se

2359 2724 2511 2787 fecit
2554 2724 2866 2788 mercedis
2904 2731 3173 2787 aeternae.
3204 2714 3367 2804 Ergo
3409 2740 3611 2804 quum
3654 2721 3866 2803 poeni-

2358 2823 2549 2885 tendo
2591 2822 2890 2885 exhibeat
2930 2841 2999 2884 se
3044 2840 3264 2884 rursus
3306 2838 3605 2903 capacem
3654 2819 3859 2893 illius,

2357 2919 2841 2983 revivificantur
2898 2918 2963 2981 in
3015 2918 3178 3001 ipso,
3228 2935 3356 2982 non
3403 2917 3574 2999 quod
3624 2917 3861 2979 eodem

745 3036 882 3080 sam
948 3025 1140 3099 atque
1203 3015 1466 3097 justitiae
1533 3016 2030 3097 derogationem,
2097 3036 2247 3079 cum
2284 3022 2328 3087 G
2358 3035 2626 3081 numero
2654 3016 2931 3091 redeant,
2951 3016 3061 3079 sed
3091 3016 3261 3098 quod
3290 3022 3667 3098 reputantur
3692 3015 3751 3077 ei
3788 3014 3860 3077 in

746 3114 1210 3179 emendationis
1257 3113 1580 3197 proposito
1627 3133 1702 3177 ac
1750 3122 1998 3178 conatu.
2037 3113 2248 3179 Primo

748 3215 938 3277 modo
967 3221 1174 3296 potest
1211 3213 1358 3295 quis
1388 3213 1697 3295 poenitere
1729 3231 1805 3276 ex
1835 3213 1969 3276 sola
2003 3221 2241 3276 natura.

745 3313 902 3376 Nam
943 3313 1110 3373 sicut
1153 3311 1344 3375 homo
1384 3330 1452 3374 se
1491 3311 1860 3374 naturaliter
1897 3311 2126 3392 diligit,
2161 3313 2248 3374 ita

747 3418 813 3474 et
841 3409 1213 3472 naturaliter
1240 3409 1375 3472 odit
1413 3409 1476 3471 id
1518 3427 1635 3491 per
1663 3409 1831 3491 quod
1873 3409 2110 3472 malum
2152 3410 2247 3473 in·

747 3507 964 3572 currit.
980 3508 1128 3571 Ideo
1157 3507 1532 3591 poenitentia
1563 3507 1682 3570 ista
1711 3516 1807 3571 est
1836 3508 1900 3570 in
1930 3507 2247 3571 damnatis

747 3615 812 3670 et
848 3608 915 3670 in
956 3607 1170 3689 pravis
1209 3606 1594 3670 hominibus.
1631 3607 1962 3671 Potissime
1991 3625 2247 3689 quoque

749 3707 871 3769 erit
908 3706 974 3768 in
1017 3705 1259 3787 angelis
1303 3705 1511 3780 maliS,
1543 3707 1798 3787 quando
1840 3707 2103 3768 omnino
2141 3705 2251 3766 ab-

749 3805 948 3888 sorpti
977 3811 1166 3868 erunt
1191 3823 1229 3866 a
1255 3804 1483 3886 poeniS.
1518 3804 1754 3867 Verum
1793 3803 1858 3866 in
1887 3805 2007 3866 hac
2046 3803 2249 3886 poeni-

751 3903 950 3966 tentia
977 3903 1136 3965 vivit
1163 3910 1229 3965 et
1255 3908 1475 3984 regnat
1505 3902 1670 3964 mala
1697 3902 2013 3977 voluntas,
2045 3921 2247 3984 quum

751 4002 834 4065 sit-
864 4001 1108 4084 proprii
1137 4000 1552 4065 boniamica.
1587 4002 1848 4084 Propter
1876 4001 2047 4084 quod
2083 4002 2249 4063 Deus

750 4117 890 4162 cam
921 4117 1050 4163 non
1077 4107 1386 4181 acceptat,
1409 4117 1528 4162 nec
1557 4099 1770 4162 taliter
1799 4100 2117 4181 poenitens
2147 4117 2251 4161 vc·

2358 3116 2717 3198 praemium,
2748 3122 2813 3178 et
2848 3122 3257 3197 acceptantur
3286 3133 3323 3177 a
3362 3115 3510 3189 Deo,
3542 3120 3616 3176 ut
3647 3112 3853 3195 prius,

2360 3215 2592 3277 Dicunt
2618 3233 2873 3297 quoque
2912 3214 3228 3288 nonnulli,
3261 3214 3431 3296 quod
3464 3230 3659 3295 opera
3685 3212 3863 3274 bona

2360 3314 2427 3375 in
2455 3313 2715 3376 caritate
2744 3313 2931 3386 facta,
2966 3312 3032 3374 in
3068 3319 3379 3395 quantum
3420 3311 3587 3374 bona
3614 3319 3787 3386 sunt,
3819 3331 3861 3374 a

2359 3413 2490 3475 Deo
2518 3419 2667 3474 sunt
2693 3429 2707 3475 :
2732 3411 2875 3474 ideo
2903 3419 3053 3473 sunt
3082 3410 3145 3472 in
3177 3410 3428 3473 laudem
3459 3409 3594 3484 Dei,
3620 3417 3685 3473 et
3713 3410 3860 3491 ipse

2360 3511 2439 3573 de
2486 3511 2579 3572 eis
2628 3510 2978 3573 laudandus
3025 3517 3139 3573 est.
3175 3510 3253 3572 Et
3298 3509 3450 3591 quia
3494 3509 3561 3571 in
3610 3508 3861 3571 unitate

2362 3609 2614 3692 mystici
2659 3609 2964 3692 corporiS,
2998 3607 3061 3670 id
3099 3615 3197 3670 est
3236 3608 3301 3670 in
3342 3607 3601 3671 caritate
3640 3607 3861 3670 Eccle-

2360 3708 2492 3782 siae,
2547 3706 2714 3771 facta
2768 3715 2939 3782 sunt,
2999 3707 3321 3789 pertinent
3374 3707 3453 3769 ad
3512 3707 3859 3789 mysticum

2362 3825 2592 3889 corpus
2607 3824 2625 3886 ;
2656 3813 2719 3869 et
2765 3806 2917 3888 quia
2964 3824 3041 3868 ex
3086 3804 3287 3868 libera
3328 3812 3392 3868 et
3425 3805 3596 3886 justa
3634 3804 3865 3868 volun—

2362 3912 2487 3968 tate
2522 3904 2803 3968 hominis
2842 3903 3237 3985 prodierunt,
3269 3904 3348 3966 ad
3387 3903 3589 3985 ipsius
3620 3901 3863 3966 facien·

2362 4003 2444 4065 tis
2476 4003 2777 4065 meritum
2809 4009 3115 4085 spectant.
3135 4001 3399 4076 Idcirco,
3419 4001 3560 4084 ipso
3588 4020 3864 4084 peccan-

2360 4109 2446 4176 te,
2500 4108 2759 4164 mauent
2814 4101 2880 4163 in
2941 4100 3211 4183 mystico
3269 4117 3578 4183 corpore3
3626 4108 3691 4162 et
3740 4100 3865 4164 alii

749 4197 922 4260 niam
970 4198 1320 4280 gratiamve
1367 4205 1666 4260 meretur.
1721 4198 2010 4261 Secundo
2062 4197 2251 4260 modo
2280 4201 2329 4262 D
2361 4199 2548 4262 electi
2590 4199 2670 4260 de
2714 4197 2871 4280 ipsis
2912 4197 3300 4278 gaudebunt,
3336 4216 3411 4260 ac
3455 4197 3653 4261 Deum
3704 4196 3863 4262 inde

751 4295 1083 4378 poenitere,
1116 4313 1244 4358 non
1285 4303 1383 4357 est
1421 4295 1558 4358 sine
1595 4295 1799 4376 gratia
1840 4296 1953 4358 Dei
1997 4303 2249 4376 gratum

749 4393 1047 4466 faciente,
1097 4399 1210 4455 aut
1253 4391 1446 4473 gratis
1503 4393 1648 4455 data
1692 4412 1836 4475 quae
1885 4393 1949 4454 in
2002 4400 2251 4456 tantum

750 4491 1034 4573 disponit
1088 4491 1164 4554 ad
1213 4490 1483 4572 gratiam
1538 4490 2030 4573 gratificantem,
2080 4492 2252 4573 quod

753 4588 964 4651 omnis
1003 4587 1096 4650 sic
1139 4588 1480 4671 poenitenS,
1514 4606 1661 4652 mox
1700 4589 2113 4671 consequitur
2149 4607 2255 4651 ve-

752 4687 927 4750 niam
955 4694 1021 4750 et
1044 4687 1311 4768 gratiam
1342 4687 1474 4751 Dei.
1507 4688 1664 4763 lmo,
1698 4688 1843 4751 dato
1872 4706 1986 4772 per
2015 4689 2250 4772 impos-

751 4786 940 4849 sibile
971 4787 1139 4868 quod
1168 4786 1460 4850 diabolus
1499 4787 1712 4850 taliter
1740 4786 2097 4869 poeniteret‚
2133 4789 2251 4852 mi-

749 4885 1162 4950 sericordiam
1195 4886 1565 4966 sortiretur3
1595 4886 1705 4950 sed
1748 4886 1950 4950 libero
1987 4888 2252 4953 arbitrio

748 4986 973 5069 nequit
1001 5005 1068 5049 se
1097 4994 1344 5050 vertere
1373 4987 1453 5049 ad
1483 4987 1740 5049 veniam
1779 4986 2245 5069 postulandam.

750 5085 1026 5149 Gratiam
1067 5104 1218 5149 vcro
1248 5084 1459 5147 taliter
1497 5084 1847 5168 poenitendi
1889 5086 2056 5148 Deus
2088 5085 2251 5149 fina-

750 5185 896 5246 liter
923 5182 1083 5245 nulli
1127 5182 1410 5265 largitur,
1444 5183 1570 5245 nisi
1610 5201 1759 5246 cum
1799 5201 1927 5265 quo
1955 5183 2094 5246 vult
2133 5185 2249 5248 mi-

751 5281 1160 5346 sericordiam
1203 5280 1413 5344 facere
1455 5289 1982 5345 consummatam.
2016 5318 2096 5328 —
2131 5283 2250 5347 Ita-

2361 4296 2741 4376 laudabunt3
2782 4297 2892 4360 sed
2939 4296 3061 4358 isto
3108 4313 3224 4378 per
3270 4295 3713 4378 poenitentiam
3762 4316 3865 4359 re-

2360 4401 2678 4476 surgente,
2738 4395 2798 4457 ei
2856 4394 3066 4456 denuo
3125 4394 3518 4456 reviviscunt
3566 4411 3586 4456 z
3632 4395 3861 4478 sicque

2360 4511 2689 4575 nunquam
2734 4491 2947 4555 inania
2989 4499 3156 4554 sunt.

2426 4592 2740 4666 Quaeritur
2768 4610 3040 4676 quoque,
3058 4610 3139 4654 an
3168 4590 3454 4674 perfecta
3482 4593 3862 4676 poenitentia

2360 4691 2652 4754 restituat
2680 4690 2747 4753 in
2785 4690 3129 4779 pristinum
3167 4691 3455 4771 gradum.
3491 4691 3567 4754 Et
3600 4709 3863 4774 respon-

2361 4790 2664 4864 dendum,
2697 4789 2867 4872 quod
2908 4789 3282 4871 poenitentia
3318 4789 3685 4852 nominatur
3712 4809 3861 4872 per-

2359 4887 2529 4950 fecta
2564 4887 2908 4969 dupliciter
2942 4904 2955 4949 :
2998 4887 3229 4969 primo,
3274 4895 3584 4969 quantum
3623 4888 3703 4951 ad
3739 4888 3862 4953 du-

2360 4987 2671 5051 rationem
2728 4993 3014 5066 tantum3
3063 4987 3365 5062 secundo,
3417 4995 3722 5069 quantum
3776 4991 3859 5053 ad

2359 5085 2758 5148 durationem
2790 5093 2873 5161 ‚et
2917 5083 3254 5148 fervorem.
3290 5085 3366 5147 Et
3413 5085 3621 5168 primo
3668 5087 3863 5152 modo

2360 5184 2657 5259 exhibita,
2672 5201 2801 5246 non
2833 5183 3110 5246 restituit
3137 5202 3391 5266 semper
3419 5184 3485 5246 in
3516 5185 3861 5267 pristinum

2359 5283 2650 5365 gradum,
2669 5290 2740 5345 ut
2770 5282 2823 5345 si
2855 5281 2973 5345 fiat
3002 5283 3089 5346 ita
3116 5283 3397 5358 remisse,
3415 5283 3584 5365 quod
3615 5283 3861 5352 faciens

3900 2050 4043 2095 Joe!
4072 2066 4131 2099 ιι.
4166 2084 4193 2095 -.
4234 2088 4247 2097 .
