4267 6250
830 507 948 572 114

1478 525 1544 572 m
1584 525 1807 572 msnml
1848 524 1909 571 lv
1952 522 2437 571 sssmnmlAnmt.
2480 540 2558 549 —
2599 522 2752 569 msT.
2795 522 2904 585 1113
2947 522 3174 580 QUAEST.
3217 523 3280 569 {V

829 704 927 760 sto
986 697 1465 779 configuramur
1521 704 1780 780 propter
1836 713 1951 759 nos
2016 712 2203 778 passo
2263 701 2328 757 et
2356 692 2409 757 A
2514 694 2750 757 Verum
2780 703 2934 757 tunc
2972 693 3281 777 quaeritur
3319 693 3399 755 de
3439 690 3790 755 rationibus
3823 690 3946 753 Ec·

829 796 1098 879 sepulto.
1134 797 1423 861 Christus
1464 805 1676 859 autem
1718 804 1845 859 toto
1885 812 2151 877 corpore
2190 812 2328 875 pas-

830 914 939 956 sus
968 902 1086 969 est,
1120 903 1184 957 et
1213 894 1333 957 sub
1363 902 1530 957 terra
1569 894 1637 956 in
1676 894 1973 976 sepulcro
2000 890 2333 955 abscondi-

829 999 949 1055 tus.
1002 994 1165 1074 Ergo
1213 1001 1277 1055 et
1324 993 1739 1075 baptizandus
1800 1000 1968 1055 totus
2026 990 2215 1054 debet
2263 990 2331 1052 in

832 1091 1002 1153 unda
1036 1091 1347 1174 Baptismi
1391 1091 1710 1171 immergi,
1742 1098 1806 1152 et
1843 1089 2025 1172 quasi
2068 1088 2332 1151 abscon-

834 1190 920 1263 di,
949 1190 1375 1272 protinusque
1416 1190 1623 1253 educi.

914 1288 981 1349 ln
1023 1288 1411 1350 contrarium
1460 1295 1578 1361 est,
1621 1286 1791 1369 quod
1830 1287 1897 1348 in
1943 1284 2331 1367 quibusdam

833 1385 1135 1448 Ecclesiis
1174 1386 1359 1448 datur
1395 1386 1757 1468 Baptismus
1800 1403 1915 1467 per
1952 1384 2154 1446 solam
2192 1383 2332 1445 ads-

834 1484 1220 1565 persionem,
1262 1484 1429 1546 sicut
1470 1492 1534 1546 et
1576 1483 1835 1566 quidam
1885 1482 2096 1545 Sancti
2145 1499 2332 1564 quos-

833 1582 978 1644 dam
1037 1582 1391 1665 baptizasse
1449 1583 1764 1664 leguntur,
1828 1600 2092 1643 urceum
2153 1598 2334 1662 aquae

834 1680 1029 1762 ca'piti
1072 1680 1686 1763 superinfundendo.

2439 792 2776 855 clesiarum
2809 792 3005 855 semel
3037 800 3284 855 tantum
3316 790 3952 872 immergentium‚et

2440 910 2556 952 cur
2583 892 2872 973 quaedam
2905 890 3202 954 Ecclesiae
3233 908 3361 953 non
3393 888 3958 971 immerguntdmo

2441 990 2641 1052 semel
2689 998 2799 1052 aut
2839 989 2938 1052 bis
2978 989 3428 1072 baptizandum
3476 1006 3642 1070 aqua
3684 986 3954 1070 perfun-

2441 1089 2618 1150 dunt.
2669 1090 2936 1172 Insuper
2991 1087 3190 1171 aliqui
3245 1089 3601 1151 sacerdotes
3647 1085 3956 1149 dividunt

2443 1186 2910 1249 invocationem
2953 1186 3278 1249 Trinitatis
3321 1184 3674 1249 secundum
3719 1203 3952 1247 nume-

2444 1303 2586 1347 rum
2627 1285 3135 1359 immersionum,
3167 1284 3451 1347 dicentes
3489 1283 3555 1346 in
3586 1283 3792 1365 prima
3828 1283 3954 1345 im-

2443 1383 2783 1457 mersione,
2825 1383 2896 1446 In
2939 1382 3198 1445 nomine
3236 1383 3456 1457 Patris,
3497 1389 3562 1445 et
3606 1382 3673 1445 in
3717 1400 3950 1445 secun-

2444 1482 2538 1555 da,
2571 1482 2640 1545 In
2671 1482 2931 1545 nomine
2963 1482 3128 1557 Filii,
3161 1490 3225 1545 et
3253 1482 3318 1544 in
3347 1482 3550 1555 tertia,
3579 1482 3647 1544 In
3679 1481 3950 1544 nomine

2444 1580 2716 1662 Spiritus
2760 1580 2991 1643 Sancti.
3027 1616 3105 1625 —
3143 1581 3220 1641 Et
3262 1580 3590 1662 quaeritur‚
3621 1598 3702 1641 an
3747 1579 3951 1642 homo

2443 1680 2526 1740 sit
2553 1678 2929 1760 baptizatuS,
2963 1679 3017 1741 si
3058 1678 3264 1760 prima
3305 1678 3714 1741 immersione
3749 1677 3948 1752 facta,

2444 1778 2708 1841 decedat
2736 1785 2882 1840 ante
2909 1778 3274 1840 secundam.
3299 1778 3562 1841 Videtur
3588 1778 3758 1859 quod
3789 1794 3948 1850 non,

911 1877 1005 1939 Ad
1048 1876 1183 1941 haec
1226 1876 1523 1940 Albertus
1558 1895 1572 1939 :
1606 1878 1775 1939 Inter
1817 1894 2039 1938 omnes
2066 1873 2333 1956 (inquit)
2367 1878 2414 1941 B
2447 1876 2746 1959 quoniam
2779 1893 2906 1939 non
2935 1884 3031 1938 est
3061 1875 3414 1959 baptizatus
3443 1875 3794 1939 secundum
3827 1874 3958 1937 for-

832 1975 1326 2038 consuetudines
1355 1974 1791 2038 rationabilior
1818 1981 1914 2036 est
1944 1972 2336 2035 consuetudo

831 2072 1127 2136 Romanae
1157 2073 1478 2147 Ecclesiae,
1506 2091 1649 2155 quae
1680 2081 1775 2134 ter
1804 2070 2150 2152 immergit,
2183 2069 2336 2152 quia

832 2169 899 2232 in
930 2170 1040 2232 illa
1069 2170 1523 2233 consuetudine
1552 2178 1727 2232 actus
1756 2170 2188 2233 conformatur
2215 2168 2338 2231 for·

834 2288 955 2331 mae
985 2268 1349 2350 sepulturae,
1373 2268 1766 2350 effectuique
1794 2266 2123 2350 Baptismi.
2149 2266 2335 2329 Nem·

833 2384 915 2447 pe
951 2366 1051 2446 (ut
1092 2365 1319 2429 asserit
1357 2365 1778 2447 Augustinus)
1807 2384 1934 2428 una
1976 2383 2091 2427 sua
2130 2372 2335 2427 morte

833 2463 1120 2527 Christus
1159 2480 1273 2526 nos
1303 2483 1340 2526 a
1372 2471 1575 2527 morte
1610 2463 1853 2546 duplici
1893 2462 2209 2536 liberavit,
2242 2470 2337 2523 ut·

833 2570 979 2645 pote
1019 2563 1225 2645 culpae
1254 2570 1319 2626 et
1346 2580 1551 2645 poenae
1590 2570 1863 2638 aeternae,
1896 2582 2007 2625 seu
2049 2561 2335 2643 corporis

830 2670 895 2725 et
922 2662 1152 2726 animae
1184 2679 1198 2724 :
1231 2662 1525 2745 quamvis
1564 2663 1801 2725 etenim
1844 2680 2075 2744 corpus
2108 2660 2335 2724 moria-

834 2767 951 2835 tur,
993 2767 1209 2824 tamen
1256 2762 1321 2823 in
1366 2768 1568 2824 morte
1616 2761 1887 2824 detineri
1930 2779 2059 2823 non
2103 2768 2329 2842 potest.

832 2857 896 2920 Si
928 2866 1141 2921 tamen
1180 2860 1379 2923 semel
1420 2866 1669 2922 tantum
1711 2860 2146 2940 immergatur,
2181 2865 2336 2940 puto

833 2957 1279 3039 corrigendum
1327 2976 1467 3021 esse
1510 2957 1975 3039 baptizantem3
2016 2957 2126 3019 sed
2177 2974 2336 3039 puer

2447 1993 2614 2037 mam
2656 1992 2872 2038 veram
2913 1973 3219 2057 Baptismi
3260 1994 3298 2036 a
3335 1974 3584 2037 Christo
3619 1974 3947 2036 donatam.

2447 2073 2822 2147 Dicendum,
2857 2073 3025 2155 quod
3067 2072 3271 2136 forma
3309 2091 3434 2136 non
3473 2080 3570 2135 est
3604 2072 3814 2135 taliter
3851 2072 3952 2135 di-

2445 2171 2740 2245 videnda,
2801 2172 2910 2235 sed
2974 2171 3274 2235 continue
3335 2172 3804 2253 pronuntianda
3865 2172 3952 2235 ad

2445 2269 2776 2333 vitandum
2820 2287 3166 2352 puerorum
3209 2269 3588 2352 periculum.
3623 2269 3688 2332 Si
3726 2275 3954 2332 tamen

2444 2385 2586 2430 eam
2643 2368 2790 2450 quis
2847 2367 3108 2441 dividat,
3160 2374 3225 2430 et
3272 2367 3576 2449 parvulus
3636 2367 3956 2430 moriatur

2445 2465 2622 2528 Patre
2665 2465 3011 2540 nominato,
3043 2484 3117 2528 ac
3157 2484 3284 2528 una
3324 2465 3736 2529 immersione
3775 2483 3956 2529 com·

2448 2566 2637 2648 pleta,
2679 2564 2824 2628 dico
2864 2566 3035 2647 quod
3083 2564 3436 2647 baptizatus
3477 2572 3596 2640 est,
3636 2566 3954 2648 quoniam

2445 2664 2702 2746 supplet
2737 2672 2892 2727 tunc
2935 2684 3228 2727 summus
3271 2665 3572 2729 Sacerdos
3615 2666 3784 2747 quod
3825 2666 3955 2728 mi-

2445 2764 2647 2826 nister
2687 2764 2945 2846 explere
2986 2782 3114 2827 non
3159 2763 3383 2845 potuit.
3425 2765 3599 2826 Idem
3649 2772 3806 2846 puto
3847 2765 3952 2828 di-

2446 2862 2744 2936 cendum,
2787 2862 2840 2924 si
2883 2861 3062 2924 Patre
3105 2862 3451 2937 nominato,
3493 2864 3804 2926 moriatur
3851 2882 3955 2926 sa-

2446 2961 2686 3023 cerdos.
2738 2961 3006 3043 insuper
3051 2960 3217 3035 dico,
3267 2962 3439 3043 quod
3485 2961 3954 3044 perfundentes

834 3074 1239 3139 nequaquam
1300 3064 1396 3119 est
1461 3055 1970 3139 rebaptizanduS,
2029 3055 2332 3138 quoniam
2371 3056 2414 3121 C
2447 3057 2897 3142 baptizandum
2939 3078 3104 3142 aqua
3147 3078 3262 3142 per
3305 3066 3508 3122 totum
3551 3077 3806 3143 corpuS,
3839 3061 3954 3123 vel

835 3154 1100 3237 plenum
1150 3155 1344 3217 habet
1388 3155 1793 3237 Baptismatis
1842 3163 2330 3218 sacramentum.

834 3255 1052 3336 ltaque
1093 3261 1272 3316 actus
1317 3253 1510 3316 debet
1550 3254 1771 3317 formae
1814 3254 2332 3335 correspondere,

835 3353 987 3434 quia
1026 3352 1091 3414 in
1132 3352 1339 3415 forma
1369 3352 1676 3435 Baptismi
1704 3352 2087 3434 exprimitur
2127 3353 2336 3414 unitas

834 3451 1146 3525 essentiae,
1179 3470 1379 3533 quum
1412 3447 1753 3533 profertur,
1786 3452 1855 3513 In
1888 3451 2147 3514 nomine
2183 3470 2196 3514 :
2229 3450 2336 3512 cui

836 3549 1063 3611 unitati
1111 3550 1563 3632 correspondet
1606 3550 1669 3612 iu
1719 3549 1927 3631 figura
1975 3549 2187 3611 unitas
2229 3549 2337 3611 Ba-

838 3647 1091 3730 ptismi;
1133 3647 1400 3710 trinitati
1444 3666 1698 3731 quoque
1743 3665 2162 3730 personarum
2205 3665 2337 3709 cor-

836 3746 1221 3828 respondere
1277 3745 1468 3809 debet
1512 3747 1763 3809 trinitas
1822 3747 2333 3820 immersionum,

836 3864 979 3928 quae
1016 3846 1207 3908 etiam
1238 3846 1692 3928 correspondet
1726 3844 1937 3910 triduo
1967 3845 2331 3927 sepulturae.

834 3945 995 4008 Hinc
1046 3944 1529 4026 Chrysostomus
1575 3944 1641 4006 in
1691 3944 1959 4008 homilia
2006 3962 2201 4026 super
2237 3943 2336 4006 Jo-

835 4061 1068 4106 annem
1103 4059 1117 4104 ε
1152 4042 1428 4124 Triplex,
1471 4042 1704 4124 inquit,
1746 4041 1825 4104 fit
1872 4042 2223 4116 immersio,
2267 4048 2337 4103 ut

835 4141 1041 4205 discas
1084 4140 1387 4224 quoniam
1427 4140 1626 4202 Patris
1666 4148 1731 4202 et
1774 4140 1915 4203 Filii
1958 4147 2023 4204 et
2059 4139 2335 4223 Spiritus

2445 3157 2700 3239 quando
2742 3158 2950 3240 potior
2992 3176 3159 3239 pars,
3193 3157 3258 3220 id
3299 3166 3397 3220 est
3437 3165 3647 3241 caput,
3683 3159 3954 3222 immer-

2443 3256 2614 3337 gitur
2651 3264 2718 3318 et
2757 3255 3023 3337 tingitur
3063 3256 3270 3338 aquis,
3303 3257 3496 3319 homo
3537 3257 3631 3319 sic
3669 3256 3956 3339 baptiza-

2445 3363 2585 3434 tur;
2619 3354 2729 3418 sed
2759 3371 2885 3418 non
2917 3354 3169 3416 videtur
3197 3354 3360 3416 mihi
3389 3355 3784 3418 consuetudo
3813 3355 3954 3419 lau-

2445 3452 2696 3515 dabilis.
2738 3489 2820 3498 —
2859 3453 3070 3528 Porro,
3104 3454 3274 3534 quod
3313 3453 3574 3534 quidam
3621 3463 3950 3535 quaerunt,

2444 3571 2524 3614 an
2567 3551 2630 3614 in
2672 3551 2900 3614 balneo
2937 3550 3052 3613 fiat
3081 3551 3461 3634 Baptismus,
3493 3559 3602 3615 aut
3633 3552 3696 3613 in
3737 3552 3956 3616 calida

2444 3669 2628 3732 aqua,
2650 3657 2895 3712 constat
2923 3649 3092 3732 quod
3126 3649 3285 3711 imo:
3311 3650 3466 3732 quin
3499 3649 3628 3712 imo
3657 3650 3712 3713 si
3743 3669 3958 3714 sacer·

2445 3747 2622 3810 dotes
2666 3748 2950 3810 facerent
2991 3748 3311 3810 moderate
3353 3747 3636 3810 calefieri
3682 3767 3950 3832 aquam,

2448 3847 2678 3909 melius
2727 3853 2914 3920 esset,
2965 3846 3117 3928 quia
3165 3846 3486 3909 interdum
3534 3848 3786 3929 parvuli
3835 3867 3954 3930 pe-

2447 3953 2776 4008 netrantur
2809 3943 2902 4006 sic
2930 3943 3166 4025 frigore
3197 3963 3400 4026 aquae,
3431 3947 3602 4027 quod
3643 3947 3954 4010 mortales

2445 4043 2828 4105 contrahunt
2870 4041 3278 4105 infirmitates
3321 4060 3400 4105 ac
3443 4043 3822 4107 moriuntur.
3865 4080 3957 4091 —

2444 4141 2588 4204 Haec
2629 4140 2946 4204 AlbertuS.

836 4239 1049 4303 Sancti
1080 4240 1283 4302 virtus
1313 4239 1448 4302 haec
1477 4238 1693 4302 omnia
1724 4237 1967 4319 implet.
2006 4239 2334 4301 Damasco·
2364 4246 2413 4308 D
2523 4240 2603 4303 At
2631 4258 2782 4304 vero
2812 4241 3082 4304 Thomas
3113 4241 3282 4304 circa
3315 4241 3450 4305 haec
3477 4240 3957 4305 rationabiliter

836 4356 957 4399 nus
990 4354 1247 4420 quoque
1288 4335 1453 4399 libro
1490 4343 1738 4418 quarto,
1774 4336 2054 4418 capitulo
2098 4336 2330 4418 prim0,

836 4442 1261 4498 contestatur:
1285 4434 1595 4508 Quoniam
1624 4442 1814 4518 typus
1846 4435 2068 4497 mortis
2100 4435 2332 4499 Christi

834 4541 931 4596 est
968 4533 1352 4615 BaptismuS,
1385 4551 1503 4615 per
1540 4539 1671 4596 tres
1716 4533 2159 4596 immersiones
2203 4541 2334 4597 tres

835 4631 1181 4713 sepulturae
1210 4631 1345 4693 dies
1378 4631 1809 4712 designantur.
1832 4631 1952 4695 Sed
1982 4639 2046 4694 et
2074 4631 2332 4694 divinus

834 4737 899 4793 et
928 4737 1184 4793 sanctus
1215 4729 1554 4812 Dionysius
1585 4730 1749 4794 libro
1778 4731 1857 4793 de
1888 4730 2334 4794 Ecclesiastica

833 4829 1211 4903 hierarchia,
1239 4830 1521 4892 secundo
1549 4829 1639 4891 ait
1667 4830 1947 4912 capitulo
1972 4831 2200 4894 :Sacra
2230 4831 2333 4893 ba-

744 4961 773 4980 ·
834 4929 1277 5012 ptizandorum
1334 4928 1685 5012 symbolica
1728 4928 2015 4992 doctrina
2064 4930 2333 5013 mystice

832 5025 1253 5100 docet,tribus
1288 5025 1353 5088 in
1386 5045 1551 5109 aqua
1580 5026 2089 5090 demersionibus
2117 5035 2182 5089 et
2211 5029 2334 5090 ele·

832 5124 1198 5190 vationibus
1236 5125 1520 5188 divinam
1560 5125 1772 5188 triduo
1812 5126 2206 5207 sepulturam
2235 5128 2333 5190 Je-

832 5245 908 5288 su
966 5223 1223 5306 signari.
1280 5223 1355 5287 Et
1402 5224 1481 5287 de
1529 5224 1650 5287 hoc
1697 5224 1991 5305 Magister
2039 5225 2104 5286 in
2153 5232 2330 5287 textu

832 5323 1017 5406 plura
1058 5322 1425 5386 testimonia
1464 5321 1741 5385 adducit.

2445 4339 2670 4402 scribit
2712 4359 2726 4404 ε
2768 4339 3128 4421 Baptismus
3176 4339 3570 4403 ablutionem
3618 4340 3951 4422 importat.

2441 4438 2701 4502 Ablutio
2730 4446 2942 4501 autem
2985 4457 3099 4521 per
3131 4456 3362 4520 aquam
3393 4437 3539 4501 fieri
3577 4446 3785 4521 potest
3817 4457 3956 4503 non

2442 4543 2689 4599 tantum
2721 4536 3152 4610 immersione,
3171 4536 3283 4598 sed
3309 4536 3503 4600 etiam
3532 4537 3956 4619 adspersione

2443 4642 2506 4696 et
2545 4633 2881 4697 effusione.
2917 4635 3076 4698 Hinc
3117 4643 3388 4716 utroque
3427 4635 3616 4698 modo
3647 4635 3792 4698 fieri
3835 4656 3954 4718 po-

2442 4739 2568 4794 test
2606 4731 2983 4814 Baptismus.
3019 4733 3097 4794 Et
3137 4740 3401 4815 apparet
3442 4732 3614 4815 quod
3654 4733 3950 4815 Apostoli

2441 4830 2649 4893 taliter
2694 4830 3175 4912 baptizaverint,
3216 4849 3416 4912 quum
3467 4831 3765 4913 leguntur
3815 4852 3951 4896 una

2441 4929 2543 4991 die
2575 4928 2696 4990 tria
2727 4928 2950 5003 millia,
2970 4936 3034 4990 et
3061 4929 3258 4992 altera
3286 4929 3390 4992 die
3418 4929 3704 5012 quinque
3735 4929 3951 4994 millia
3998 4953 4232 5004 Act.·1.u;

2442 5025 2761 5108 baptizati.
2796 5027 2942 5090 Ideo
2975 5028 3230 5109 quando
3262 5027 3562 5092 Ecclesiae
3599 5037 3948 5092 consuetu·
3979 5027 4024 5056 ’Ὗ

2441 5126 2522 5188 do
2560 5127 2820 5207 patitur,
2854 5125 3279 5188 necessitasve
3321 5126 3638 5190 incumbit
3677 5137 3950 5210 propter

2441 5225 2767 5288 defectum
2824 5243 3025 5307 aquae,
3087 5243 3200 5288 seu
3259 5233 3519 5308 propter
3575 5227 3946 5308 periculum

2443 5323 2625 5406 pueri
2658 5323 2736 5386 de
2767 5323 2953 5403 cujus
2987 5331 3186 5387 morte
3215 5324 3500 5399 timetur,
3531 5333 3643 5388 aut
3679 5335 3950 5409 propter

4061 5019 4104 5058 ὁ.
