4267 6250
804 544 1119 593 commun
1160 544 1305 603 Qun>
1346 545 1461 603 SIT,
1500 544 1577 590 m·
1616 542 1899 601 Quouono
1941 543 2244 591 omniur
2283 545 2364 592 AB
2403 546 2785 605 Armmonss,
2825 546 2953 595 mc.

3305 526 3426 592 465

318 710 638 777 Similiter
688 715 895 797 major
940 724 1035 779 est
1086 717 1199 800 qui
1258 716 1571 779 redundat
1616 734 1694 778 ex
1735 733 1828 778 ra·
1855 713 1908 778 A
1937 714 2083 797 plus
2124 715 2361 798 refugit
2401 718 2594 782 homo
2634 718 2948 781 sustinere
2990 715 3232 800 aliquid
3271 714 3426 779 mali

315 812 501 875 tione
546 814 628 877 de
678 815 1118 897 corporalibus
1166 815 1580 889 deliberante,
1630 832 1825 897 quam

313 911 434 991 qui
478 912 789 976 redundat
826 932 903 976 ex
942 914 1185 977 ratione
1223 912 1582 996 spiritualia
1619 911 1824 975 consi·

313 1008 603 1072 derante.
646 1011 809 1073 Hinc
847 1011 1029 1075 dolor
1066 1012 1131 1073 in
1175 1010 1482 1074 sensitiva
1528 1017 1703 1092 parte
1746 1028 1824 1071 ex

313 1106 734 1190 displicentia
761 1110 1025 1173 rationis
1064 1110 1447 1192 proveniens
1484 1110 1565 1171 de
1602 1126 1824 1191 pecca-

311 1212 405 1279 t0,
438 1223 571 1269 non
610 1215 710 1269 est
743 1207 889 1270 aliis
926 1207 1253 1272 doloribus
1294 1207 1435 1289 ejus
1474 1206 1695 1288 major.
1730 1206 1823 1268 Si-

314 1304 563 1366 militer
590 1324 711 1368 nec
738 1306 921 1369 dolor
952 1307 1017 1368 in
1048 1306 1355 1369 sensitiva
1384 1314 1563 1388 parte
1592 1324 1671 1367 ex
1700 1305 1825 1367 ele-

313 1402 532 1465 ctione
561 1410 931 1487 assumptus
958 1422 972 1466 ε
999 1411 1137 1466 tum
1167 1404 1468 1485 quoniam
1500 1402 1821 1486 appetitus

314 1500 589 1563 inferior
638 1518 763 1564 non
814 1501 1035 1565 obedit
1090 1501 1402 1585 superiori
1460 1501 1537 1563 ad
1591 1508 1819 1563 nutum

314 1596 519 1671 iuius,
544 1606 615 1659 ut
642 1604 819 1661 tanta
848 1600 1059 1681 passio
1090 1599 1191 1662 vel
1221 1598 1490 1661 afflictio
1521 1605 1823 1679 sequatur

318 1696 387 1757 in
433 1697 725 1778 appetitu
774 1697 1062 1760 inferiori
1108 1698 1277 1759 sicut
1323 1698 1615 1779 superior
1654 1696 1821 1759 ordi-

314 1802 469 1873 nat3
514 1802 655 1856 tum
700 1794 895 1857 etiam
938 1796 1241 1878 quoniam
1282 1796 1609 1878 passiones
1647 1814 1821 1857 assu-

1936 813 2000 875 in
2050 816 2349 895 praesenti
2397 834 2509 879 seu
2561 816 2624 878 in
2663 815 2901 890 futuro,
2943 834 3135 898 quam
3175 815 3428 878 horreat

1932 912 2011 973 de
2042 912 2212 975 malo
2241 914 2578 994 praeterito.
2613 914 2790 977 Unde
2819 932 2938 977 nec
2975 913 3188 997 aliqua
3216 912 3428 995 passio

1931 1008 2162 1073 animae
2201 1011 2652 1093 correspondet
2690 1012 2930 1075 directe
2971 1011 3137 1074 malo
3177 1018 3429 1093 praeter-

1932 1108 2041 1181 ito,
2092 1107 2260 1170 sicut
2306 1108 2486 1171 dolor
2543 1110 2994 1192 correspondet
3051 1109 3220 1172 malo
3271 1127 3428 1191 prae-

1930 1205 2117 1279 senti,
2169 1213 2232 1267 et
2290 1206 2482 1268 timor
2538 1206 2776 1270 futuro.
2831 1208 2990 1269 Hinc
3049 1207 3126 1269 de
3179 1205 3428 1269 duobus

1930 1303 2115 1365 malis
2146 1304 2484 1385 praeteritis
2525 1304 2685 1368 illud
2726 1296 2929 1387 magis
2968 1305 3266 1369 abhorret
3293 1304 3428 1367 ani-

1930 1402 2296 1483 muS,cujus
2327 1403 2531 1485 major
2558 1403 2834 1467 effectus
2865 1411 3149 1467 remanet
3178 1403 3245 1465 in
3274 1421 3430 1485 prae·

1930 1497 2115 1571 senti,
2169 1500 2269 1562 vel
2323 1500 2387 1561 in
2448 1501 2666 1564 futuro
2723 1502 3006 1577 timetur,
3059 1502 3309 1564 etiamsi
3357 1500 3424 1563 in

1929 1598 2249 1676 praeterito
2289 1598 2484 1661 luerit
2531 1600 2764 1663 minuS.
2810 1601 3144 1683 Quumque
3191 1618 3424 1681 praece-

1928 1692 2138 1756 dentis
2177 1697 2381 1778 culpae
2431 1696 2703 1761 effectus
2743 1698 3126 1781 quandoque
3165 1714 3294 1761 non
3337 1698 3424 1760 ita

1932 1794 2283 1876 percipitur
2311 1796 2478 1857 sicut
2507 1796 2780 1859 effectus
2821 1798 3156 1880 praeteritae
3194 1814 3419 1879 poenae,

316 1900 587 1954 muntur
654 1893 719 1955 in
776 1893 1029 1956 actibus
1085 1895 1397 1956 virtutum
1462 1893 1815 1956 secundum
1854 1892 1902 1957 B
1929 1899 2065 1956 tum
2118 1894 2271 1976 quia
2313 1896 2502 1978 culpa
2545 1896 2893 1979 perfectius
2931 1904 3192 1960 sanatur
3229 1917 3420 1979 quam

314 1991 661 2072 quamdam
706 2010 1095 2067 mensuram,
1128 2012 1322 2075 quam
1363 1991 1545 2055 dolor
1582 1992 1692 2075 qui
1724 1999 1819 2054 est

314 2089 455 2152 sine
487 2090 724 2153 virtute
764 2109 892 2155 non
932 2100 1141 2155 servat
1176 2092 1541 2173 aliquando,
1576 2092 1687 2155 sed
1716 2110 1819 2153 ex-

315 2188 504 2251 cedit.

396 2287 460 2349 Si
490 2296 709 2351 autem
746 2287 1111 2369 objiciatur,
1145 2289 1316 2370 quod
1355 2306 1545 2371 poena
1582 2287 1819 2351 inferni

316 2385 463 2469 plus
510 2386 814 2468 displicet
862 2386 1133 2450 contrito
1180 2406 1375 2469 quam
1415 2386 1625 2469 culpa,
1668 2404 1819 2467 ergo

316 2484 727 2566 displicentia
768 2485 846 2547 de
890 2492 1152 2567 peccato
1196 2486 1473 2548 maxima
1514 2503 1642 2548 non
1682 2493 1817 2565 est3

320 2582 690 2655 dicendum,
722 2582 895 2663 quod
933 2582 1253 2665 quantitas
1292 2583 1712 2665 displicentiae
1742 2583 1819 2645 de

320 2680 535 2762 aliqua
578 2699 647 2743 re
694 2679 883 2743 debet
927 2698 1067 2743 esse
1110 2681 1463 2743 secundum
1507 2682 1819 2763 quantita-

322 2786 451 2841 tem
502 2778 763 2841 malitiae
812 2778 903 2841 rei
960 2778 1155 2840 illius
1207 2778 1443 2841 Malitia
1488 2787 1701 2842 autem
1752 2780 1819 2841 in

322 2878 513 2961 culpa
552 2876 804 2941 mortali
844 2884 1251 2939 mensuratur
1287 2895 1364 2939 ex
1408 2894 1485 2940 eo
1524 2878 1589 2940 in
1627 2896 1819 2960 quem

322 2985 647 3059 peccatur,
690 2976 757 3039 in
806 2982 1115 3058 quantum
1166 2982 1265 3039 est
1310 2976 1369 3038 ei
1421 2976 1717 3057 indigna3
1758 2985 1819 3040 et

1930 1992 2218 2073 quaedam
2258 2012 2470 2075 poena‚
2511 2002 2646 2057 tum
2687 1996 2838 2077 quia
2877 1997 3166 2059 deiectus
3203 2013 3425 2078 corpo-

1929 2090 2078 2152 ralis
2116 2092 2317 2172 magis
2347 2100 2446 2155 est
2483 2094 2860 2157 manifestus
2899 2113 3090 2176 quam
3133 2094 3426 2175 spiritua-

1929 2187 2039 2267 lis;
2071 2189 2216 2252 ideo
2245 2190 2439 2255 homo
2469 2192 2663 2255 etiam
2693 2192 2759 2255 in
2791 2212 2858 2255 se
2888 2193 3052 2256 bene
3081 2193 3428 2275 dispositus

1930 2286 2250 2351 interdum
2303 2290 2504 2371 magis
2554 2291 2827 2373 percipit
2873 2291 2939 2353 in
2989 2310 3056 2353 se
3099 2292 3426 2354 horrorem

1929 2388 2346 2467 praecedentis
2379 2407 2584 2471 poenae
2613 2408 2805 2471 quam
2849 2390 3268 2473 praecedentis
3297 2388 3428 2452 cul-

1930 2486 2356 2567 pae‚quamvis
2388 2488 2589 2569 magis
2621 2496 2876 2569 paratus
2907 2496 3074 2551 esset
3102 2489 3233 2571 pati
3265 2507 3429 2551 eam-

1928 2582 2072 2644 dem
2123 2602 2380 2665 poenam
2430 2604 2623 2666 quam
2681 2586 2971 2649 eamdem
3025 2587 3424 2650 committere

1928 2680 2198 2763 culpam.
2218 2681 2326 2744 Est
2355 2702 2573 2745 rursus
2605 2684 3133 2747 considerandum
3166 2685 3234 2747 in
3263 2702 3428 2748 com-

1929 2780 2256 2862 paratione
2301 2798 2504 2862 poenae
2550 2788 2614 2843 et
2651 2781 2878 2864 culpae,
2921 2784 3091 2865 quod
3133 2783 3425 2866 quaedam

1928 2894 2133 2957 poenae
2183 2876 2691 2959 inseparabiliter
2737 2877 2976 2941 habent
3017 2881 3426 2961 conjunctam

1930 2973 2040 3036 Dei
2070 2972 2411 3049 offensam,
2444 2974 2611 3037 sicut
2641 2977 2958 3059 separatio
2985 2996 3022 3040 a
3052 2979 3181 3041 Deo
3206 2995 3223 3058 ;
3256 2998 3426 3060 quae·

320 3094 395 3139 ex
442 3094 521 3139 eo
571 3076 683 3158 qui
732 3082 974 3159 peccat,
1017 3074 1085 3138 in
1127 3082 1435 3157 quantum
1478 3083 1575 3138 est
1611 3076 1669 3139 ei
1710 3095 1819 3140 no-
1856 3074 1898 3138 C
1929 3072 2075 3135 dam
2124 3072 2318 3136 etiam
2367 3090 2570 3155 poenae
2616 3074 2862 3137 addunt
2910 3077 3424 3159 perpetuitatem,

319 3175 476 3236 civa.
512 3175 851 3256 Quumque
890 3174 1081 3236 homo
1121 3174 1267 3255 plus
1297 3173 1528 3236 debeat
1555 3174 1819 3256 diligere

320 3273 523 3335 Deum
572 3291 766 3354 quam
824 3289 893 3334 se
952 3272 1189 3354 ipsum,
1242 3271 1386 3335 ideo
1435 3272 1581 3354 plus
1629 3272 1821 3336 debet

318 3371 495 3435 odire
536 3370 793 3452 culpam
830 3369 898 3431 in
938 3377 1249 3452 quantum
1280 3378 1377 3433 est
1405 3369 1653 3434 offensa
1680 3372 1815 3447 Dei,

321 3489 511 3552 quam
545 3469 611 3530 in
642 3476 953 3551 quantum
986 3474 1083 3531 est
1123 3467 1246 3530 sibi
1284 3469 1531 3531 nociva.
1568 3469 1680 3532 Est
1712 3489 1821 3532 au-

320 3577 447 3630 tem
491 3566 616 3630 sibi
656 3565 885 3630 nociva
922 3565 1365 3648 principaliter
1403 3566 1469 3629 in
1508 3574 1817 3649 quantum

322 3671 573 3749 separat
611 3665 825 3746 ipsum
863 3682 901 3725 a
939 3662 1109 3742 Deo;
1140 3671 1331 3746 atque
1368 3683 1446 3726 ex
1486 3665 1605 3727 hac
1643 3672 1819 3747 parte

324 3765 459 3847 ipsa
516 3762 834 3846 separatio
890 3782 929 3824 a
978 3762 1128 3836 Deo,
1180 3781 1321 3844 quae
1378 3770 1474 3826 est
1528 3764 1819 3845 quaedam

322 3881 531 3945 poma,
574 3860 778 3942 magis
822 3860 1013 3923 debet
1049 3859 1390 3942 displicere
1436 3880 1631 3943 quam
1683 3862 1819 3944 ipsa

319 3961 509 4044 culpa
556 3960 622 4021 in
662 3966 973 4040 quantum
1018 3958 1263 4020 inducit
1304 3958 1425 4021 hoc
1472 3976 1817 4023 nocumen-

318 4068 453 4122 tum
501 4047 685 4141 (quia
732 4055 905 4138 quod
958 4063 1219 4138 propter
1262 4057 1535 4119 alterum
1580 4057 1813 4134 oditur,

320 4159 533 4222 minus
571 4155 787 4219 oditur
822 4173 1014 4235 quam
1056 4154 1265 4237 illud),
1304 4155 1416 4217 sed
1452 4163 1666 4218 tamen
1702 4157 1817 4219 mi-

1930 3178 1999 3232 ut
2039 3189 2229 3252 poena
2266 3171 2522 3234 inferni.
2565 3173 2755 3236 Poena
2793 3191 2944 3255 ergo
2985 3174 3094 3237 illa
3135 3195 3277 3257 quae
3315 3176 3427 3239 Dei

1928 3269 2244 3331 offensam
2301 3269 2494 3332 habet
2551 3289 2887 3346 annexam,
2945 3272 3032 3334 ita
3083 3272 3429 3354 judicanda

1928 3374 2026 3429 est
2070 3366 2236 3429 sicut
2287 3367 2519 3448 culpa3
2569 3367 2678 3429 illa
2719 3386 2873 3431 vero
2920 3388 3062 3451 quae
3109 3371 3429 3452 perpetui-

1928 3472 2121 3526 tatem
2164 3464 2357 3538 addit,
2391 3472 2485 3527 est
2526 3465 2906 3547 simpliciter
2943 3466 3146 3547 magis
3183 3467 3428 3548 fugien-

1929 3564 2007 3626 da
2044 3581 2240 3645 quam
2281 3562 2489 3645 culpa.
2533 3564 2986 3626 Verumtamen
3036 3565 3089 3626 si
3135 3565 3294 3627 ratio
3331 3566 3424 3629 of-

1926 3661 2123 3724 fensae
2181 3667 2510 3742 separetur
2565 3659 2647 3722 ab
2705 3661 2820 3733 εἰς,
2871 3668 2934 3723 et
2989 3661 3427 3726 consideretur

1928 3767 2174 3822 tantum
2207 3758 2366 3821 ratio
2406 3777 2632 3840 poenae,
2665 3759 2881 3821 minus
2919 3759 2998 3821 de
3039 3759 3280 3823 malitia
3316 3761 3428 3824 ha-

1928 3858 2081 3920 bent
2123 3875 2317 3939 quam
2359 3856 2547 3938 culpa
2592 3857 2660 3918 in
2699 3864 3010 3938 quantum
3051 3865 3148 3920 est
3186 3858 3297 3920 Dei
3336 3860 3428 3923 oi-

1926 3956 2107 4019 l'ensa
2152 3973 2166 4018 ε
2210 3955 2360 4018 hinc
2405 3955 2620 4017 minus
2663 3954 2902 4018 debent
2941 3955 3306 4037 displicere.
3347 3958 3426 4021 Et

1927 4055 2221 4137 quamvis
2262 4053 2406 4116 talis
2451 4052 2679 4116 debeat
2725 4073 2864 4117 esse
2913 4054 3167 4116 contriti
3217 4055 3425 4139 dispo-

1926 4153 2093 4228 sitio,
2134 4171 2263 4216 non
2310 4159 2409 4214 est
2454 4160 2667 4215 tamen
2717 4153 2796 4216 de
2840 4152 2978 4215 istis
3020 4154 3360 4218 tentandus
3403 4173 3418 4220 :

318 4277 439 4322 nus
470 4273 663 4338 quam
696 4253 885 4335 culpa
916 4253 983 4314 in
1013 4261 1324 4335 quantum
1353 4261 1449 4316 est
1473 4253 1583 4316 Dei
1615 4253 1815 4318 offen·
1841 4260 1891 4322 D
1926 4252 2079 4334 quia
2104 4251 2376 4315 affectus
2405 4269 2553 4315 suos
2583 4269 2710 4315 non
2739 4251 2816 4315 de
2843 4251 3015 4315 facili
3057 4261 3266 4336 potest
3293 4273 3418 4318 me-

319 4377 403 4420 sa.
446 4358 621 4419 luter
668 4371 894 4417 omnes
938 4360 1151 4416 autem
1201 4371 1421 4436 poenas
1469 4354 1815 4416 attenditur

318 4455 473 4520 ordo
525 4451 785 4517 malitiae
836 4452 1187 4514 secundum
1236 4451 1652 4534 quantitatem
1704 4471 1814 4516 no-

320 4554 607 4618 cumenti
651 4569 667 4614 :
713 4550 877 4625 ideo,
920 4570 1119 4632 quum
1159 4551 1281 4614 hoc
1330 4551 1413 4614 sit
1459 4552 1810 4615 maximum

318 4659 776 4719 nocumentum
809 4667 939 4734 quo
966 4649 1319 4713 maximum
1348 4649 1587 4713 bonum
1613 4651 1815 4733 priva·

315 4762 441 4830 tur,
455 4753 581 4816 erit
608 4749 925 4833 separatio
954 4768 993 4812 a
1020 4748 1149 4812 Deo
1175 4749 1455 4812 maxima
1474 4749 1649 4812 inter
1677 4766 1811 4812 om-

316 4873 428 4916 nes
458 4869 701 4935 poenaS.
739 4848 848 4910 Est
880 4865 1133 4929 quoque
1163 4846 1285 4910 alia
1315 4847 1465 4911 mali
1496 4848 1811 4930 quantitas

315 4948 751 5022 accidentalis,
802 4965 993 5030 quam
1052 4953 1301 5028 oportet
1358 4946 1423 5008 in
1472 4947 1812 5030 displicen-

316 5051 402 5114 tia
428 5047 757 5114 attendere
795 5044 1149 5108 secundum
1190 5045 1501 5108 rationem
1539 5065 1809 5129 praesen·

313 5152 395 5213 tis
442 5157 635 5231 atque
692 5143 1014 5229 praeteriti.
1066 5144 1243 5218 Quod
1301 5144 1475 5207 enim
1532 5144 1813 5225 praeteri-

314 5259 455 5314 tum
493 5254 613 5322 est,
641 5244 773 5328 jam
815 5259 942 5307 non
983 5250 1080 5306 est
1122 5258 1137 5304 ε
1181 5241 1323 5306 ideo
1366 5241 1579 5305 minus
1620 5241 1813 5306 habet

317 5351 397 5412 de
442 5347 687 5412 ratione
744 5343 895 5407 mali
952 5350 1019 5405 et
1072 5341 1245 5405 boni.
1296 5340 1449 5404 Inde
1496 5349 1593 5404 est
1640 5344 1811 5425 quod

567 5479 637 5534 T.
668 5479 751 5531 24.

1926 4351 2054 4427 tiri,
2096 4352 2230 4414 imo
2264 4350 2587 4413 interdum
2626 4352 2796 4433 quod
2841 4351 3054 4414 minus
3095 4353 3414 4436 displicet,

1922 4451 2177 4514 videtur
2209 4449 2354 4531 plus
2394 4448 2757 4532 displicere,
2797 4449 2950 4532 quia
2991 4452 3414 4536 propinquius

1922 4558 2019 4613 est
2065 4547 2356 4612 sensibili
2405 4556 2812 4624 nocument0‚
2862 4551 3034 4632 quod
3087 4551 3270 4615 nobis
3319 4561 3416 4616 est

1922 4649 2153 4711 notiuS.

2002 4747 2194 4810 Porro
2229 4745 2384 4808 dum
2423 4746 2752 4828 quaeritur,
2785 4765 2864 4809 an
2908 4746 3026 4810 iste
3063 4748 3244 4813 dolor
3276 4769 3415 4833 pos-

1920 4847 2003 4909 sit
2048 4864 2188 4908 esse
2235 4844 2427 4906 nimis
2477 4861 2785 4925 magnus3
2835 4843 3201 4922 dicendum,
3245 4851 3414 4931 quod

1920 4944 2219 5008 contritio
2255 4961 2334 5005 ex
2375 4950 2552 5024 parte
2591 4941 2826 5005 doloris
2865 4943 2977 5025 qui
3005 4951 3104 5006 est
3133 4945 3200 5008 in
3230 4948 3419 5012 ratio-

1919 5043 2049 5107 nali
2088 5048 2288 5124 parte‚
2329 5040 2450 5104 hoc
2492 5047 2590 5102 est
2630 5058 2707 5102 ex
2749 5047 2927 5122 parte
2968 5041 3411 5124 displicentiae,

1920 5160 2047 5206 non
2088 5147 2297 5223 potest
2334 5139 2534 5202 nimia
2569 5157 2738 5219 esse3
2771 5138 2880 5202 sed
2911 5138 3075 5204 bene
3103 5152 3411 5224 quantum

1919 5242 1997 5305 ad
2035 5241 2321 5324 dolorem
2360 5237 2753 5314 sensibilem,
2785 5245 2930 5315 etc.,
2973 5247 3046 5301 ut
3087 5260 3298 5327 supra.
3332 5281 3414 5292 —
3465 5271 3666 5331 μους,

1920 5341 2065 5406 Haec
2093 5341 2384 5405 Thomas.
2418 5337 2538 5412 Qui
2575 5337 2653 5400 ad
2693 5337 2974 5414 tertium,
3007 5347 3182 5422 puta,
3213 5362 3296 5406 an
3333 5345 3413 5408 de

3101 5476 3165 5530 30
