4267 6250
1273 508 1451 557 amn
1488 509 1551 556 ιν
1590 506 2075 556 smmunun.
2114 526 2198 539 —
2236 508 2392 557 msr.
2433 508 2520 555 xx
3315 484 3442 553 537

326 686 702 752 satisfactio
740 687 1187 753 interdicenda
1222 688 1325 752 est
1360 704 1481 751 nec
1516 684 1960 751 reconciliatio
1996 685 2400 769 deneganda,
2441 682 2600 766 quia
2641 681 3110 747 misericordiae
3153 680 3280 747 Dei
3324 698 3446 745 nec

324 819 681 867 mensuras
726 819 1087 885 possumus
1139 819 1404 884 ponere,
1444 819 1564 865 nec
1608 804 1906 884 tempora
1956 796 2248 864 definire.
2284 800 2476 875 Quod
2531 801 2590 865 si
2641 801 2730 863 ita
2787 799 3011 881 aliqua
3055 798 3444 880 aegritudine

326 920 670 1000 aggravati
700 920 880 998 sunt,
912 919 987 983 ut
1024 919 1203 1000 quod
1234 917 1435 1000 paulo
1464 918 1613 981 ante
1650 917 2028 999 poscebant,
2060 916 2188 980 sub
2222 917 2530 999 praesenti
2567 912 2936 998 significare
2967 933 3100 979 non
3138 914 3440 995 valeant3

326 1034 716 1098 testimonia
752 1034 849 1098 eis
878 1034 1175 1099 fidelium
1212 1033 1783 1097 circumstantium
1825 1032 2135 1115 prodesse
2172 1032 2524 1115 debebunt,
2563 1034 2898 1116 simulque
2937 1031 3338 1115 poenitentiae
3375 1034 3442 1094 et

326 1141 888 1205 reconciliationis
942 1142 1426 1223 consequantur
1476 1140 1890 1204 beneficium.
1942 1140 2111 1204 Item
2165 1140 2386 1205 Julius
2434 1141 2614 1224 Papa
2655 1162 2670 1202 ε
2711 1142 2783 1206 Si
2841 1139 3180 1223 presbyter
3225 1136 3438 1219 poeni-
3495 1157 3663 1205 ome.
3687 1174 3734 1216 p.

3467 1235 3510 1271 ιι,
3529 1235 3648 1266 αι..
3665 1226 3736 1275 2⁸.

326 1258 607 1321 tentiam
660 1258 1081 1339 abnegaverit
1134 1256 1591 1337 morientibus,
1630 1274 1782 1321 reus
1826 1257 1950 1320 erit
2002 1258 2398 1337 animarum,
2442 1258 2600 1339 quia
2651 1258 2980 1321 Dominus
3024 1256 3118 1319 ait
3156 1276 3171 1316 :
3214 1254 3432 1329 Quum
3463 1287 3566 1340 μ,
3587 1288 3713 1329 ΜΞ,

328 1392 693 1439 conversus
730 1375 953 1457 fuerit,
986 1376 1145 1439 tunc
1171 1375 1399 1439 salvus
1425 1375 1571 1438 erit.
1604 1374 1776 1439 Vera
1810 1354 1990 1439 enim
2025 1374 2357 1439 confessio
2393 1375 2630 1439 ultimo
2667 1376 2963 1456 tempore
2999 1373 3217 1456 potest
3251 1389 3432 1435 esse:
3465 1346 3692 1461 „ffiss'ss‘ff

327 1492 491 1574 quia
538 1509 675 1556 non
718 1492 917 1557 modo
966 1491 1309 1575 temporiS,
1348 1491 1465 1555 sed
1506 1491 1705 1555 etiam
1750 1491 1969 1555 cordis
2004 1492 2188 1556 Deus
2226 1492 2556 1573 inspector
2591 1492 2714 1571 est,
2757 1492 2932 1555 sicut
2975 1491 3140 1553 latro
3181 1488 3434 1571 probat.

736 1752 813 1817 F.
870 1756 1071 1822 Quod
1106 1755 1497 1829 presbyter
1537 1768 1689 1817 non
1731 1755 2162 1818 reconciliet
2207 1754 2617 1819 inconsulto
2663 1755 3024 1827 episcopO,

1497 1872 1649 1934 nist
1693 1873 1773 1934 in
1814 1872 2273 1935 necessitate.

463 2103 619 2167 Non
670 2101 863 2165 debet
912 2102 1133 2164 tamen
1176 2098 1519 2181 presbyter
1566 2100 1994 2181 poenitentem
2046 2100 2466 2166 reconciliare
2511 2100 2884 2165 inconsulto
2932 2101 3266 2183 episcopo,
3305 2100 3439 2165 nisi

328 2220 571 2283 ultima
612 2218 968 2282 necessitas
1004 2218 1216 2299 cogat.
1251 2216 1439 2280 Unde
1481 2217 1551 2279 in
1592 2215 2089 2298 Carthaginensi
2135 2218 2416 2281 concilio
2450 2238 2465 2279 ε
2496 2218 2848 2298 Presbyter
2881 2217 3254 2281 inconsulto
3301 2218 3436 2298 epi·
3467 2243 3735 2287 omnm,

326 2353 531 2417 scopo
592 2350 726 2397 non
776 2332 1155 2397 reconciliet
1196 2333 1649 2415 poenitentem,
1690 2333 1821 2396 nisi
1874 2306 2142 2397 absente
2189 2334 2498 2417 episcopo
2544 2334 2779 2397 ultima
2819 2334 3174 2397 necessitas
3219 2333 3434 2414 cogat.
3464 2306 3683 2350 ⁶⁵“⁶'¹⁴'

328 2451 825 2533 Cujuscumque
863 2449 1241 2531 poenitentis
1278 2448 1619 2531 publicum
1659 2450 1909 2514 crimen
1952 2452 2053 2515 est
2086 2450 2268 2531 quod
2302 2451 2676 2514 universam
2713 2451 3148 2515 commoverit
3181 2450 3438 2529 urbem,

327 2570 477 2632 ante
534 2566 859 2643 absidam,
912 2565 1165 2629 scilicet
1228 2566 1573 2629 introitum
1637 2566 1953 2647 ecclesiae,
2008 2583 2246 2631 manus
2299 2567 2360 2630 ei
2433 2567 2832 2648 imponatur.
2902 2567 3068 2630 Item
3129 2565 3442 2629 Aurelius

328 2685 683 2766 episcopus
733 2682 905 2746 dixit
946 2702 963 2744 ε
1002 2682 1075 2747 Si
1121 2683 1273 2763 quis
1322 2683 1392 2745 in
1435 2683 1751 2763 periculo·
1773 2684 2175 2747 constitutus
2230 2682 2452 2762 fuerit,
2503 2685 2568 2746 et
2622 2700 2692 2746 se
2739 2682 3146 2746 reconciliari
3193 2681 3440 2745 divinis
3499 2700 3606 2743 ibn.
3629 2713 3669 2747 e.
3692 2703 3734 2743 s.

327 2798 648 2865 altaribus
684 2799 986 2881 petierit;
1026 2800 1085 2862 si
1123 2800 1474 2881 episcopus
1510 2798 1745 2863 absens
1788 2799 2010 2880 fuerit,
2050 2799 2245 2864 debet
2274 2799 2503 2881 utique
2538 2799 2878 2881 presbyter
2914 2798 3252 2863 consulere
3291 2798 3436 2879 epi-

326 2934 631 2999 scopum,
666 2919 732 2980 et
775 2916 873 2979 sic
920 2915 1400 2997 periclitantem
1438 2914 1584 2995 ejus
1620 2918 1947 2998 praecepto
1997 2916 2442 2981 reconciliare.
2477 2916 2857 2981 Inconsulto
2896 2933 3051 2981 vero
3097 2916 3432 2997 episcopO,
3489 2940 3597 2985 ibn.
3627 2938 3736 2984 rm·

324 3052 460 3097 non
506 3034 729 3115 potest
763 3032 1373 3097 excommunicatos
1409 3032 1514 3096 vel
1549 3031 1811 3115 publice
1848 3033 2240 3114 poenitentes
2277 3032 2619 3115 presbyter
2657 3033 3098 3098 reconciliare.
3139 3033 3329 3098 Unde
3364 3032 3434 3095 in
3461 3016 3564 3048 θ’·

328 3149 829 3231 Carthaginensi
872 3147 1151 3212 concilio
1186 3148 1475 3212 secundo
1512 3148 1833 3214 statutum
1870 3149 1994 3229 est,
2024 3149 2099 3212 ut
2136 3149 2446 3230 chrisma,
2485 3150 2592 3213 vel
2631 3151 3076 3216 reconciliatio
3113 3151 3438 3232 poeniten-
3493 3165 3601 3208 ma.
3621 3177 3660 3209 e.
3682 3166 3722 3210 ι.

329 3268 525 3346 tium,
569 3267 636 3330 et
670 3265 1043 3349 puellarum
1072 3265 1499 3346 consecratio,
1530 3283 1571 3330 a
1605 3265 2005 3348 presbyteris
2040 3283 2174 3329 non
2211 3265 2347 3330 fiat.
2379 3266 2547 3330 Item
2590 3267 3008 3332 reconciliare
3036 3285 3438 3350 quemquam

328 3383 397 3447 in
452 3381 723 3464 publica
776 3381 981 3445 Missa
1034 3381 1418 3463 presbytero
1474 3399 1607 3445 non
1670 3382 1885 3445 liceat.
1935 3380 2318 3445 Puellarum
2373 3383 2593 3446 tamen
2651 3384 3078 3464 consecratio,
3137 3383 3436 3447 consulto

329 3499 668 3579 episcope,
718 3515 835 3579 per
881 3497 1337 3578 presbyterum
1390 3497 1531 3560 fieri
1581 3496 1775 3561 valet.
1824 3496 2011 3560 Unde
2058 3495 2127 3558 in
2176 3495 2671 3578 Carthaginensi
2721 3498 3000 3561 concilio
3047 3498 3336 3562 secundo
3357 3495 3433 3559 ¹:
3491 3513 3510 3532 ·
3537 3512 3668 3555 mio

328 3613 683 3694 Presbyter
713 3612 1089 3676 inconsulto
1126 3613 1435 3694 episcopo
1479 3613 1764 3694 virgines
1800 3629 1935 3676 non
1979 3614 2335 3693 consecret,
2380 3613 2667 3677 chrisma
2703 3632 2857 3678 vero
2896 3631 3234 3696 nunquam
3277 3631 3436 3676 con·
3491 3627 3598 3672 ibid.
3625 3641 3665 3670 e.
3687 3631 3727 3672 2.

327 3725 528 3792 ficiat.
546 3729 734 3794 Sicut
760 3730 1089 3810 praecepto
1118 3730 1411 3811 episcopi
1440 3731 1655 3811 potest
1683 3728 2024 3810 presbyter
2060 3745 2438 3801 consecrare
2465 3729 2777 3812 virginee,
2799 3729 2896 3793 sic
2924 3731 2989 3793 et
3017 3729 3436 3793 reconciliare

328 3845 747 3926 poenitenteS.

538 4103 621 4168 G.
670 4099 791 4169 An
836 4106 1111 4169 oblatio
1157 4105 1324 4178 ejus
1363 4106 1465 4169 sit
1508 4108 1965 4182 recipienda,
2016 4109 2144 4184 qui
2189 4122 2502 4172 currens
2547 4111 2644 4172 ad
2682 4109 3224 4182 paenitentiam,

1490 4223 1951 4296 praevenitur·
1993 4226 2258 4288 morte.

461 4453 533 4518 Si
572 4453 795 4516 autem
830 4452 1151 4533 quaeritur
1178 4452 1260 4517 de
1288 4452 1403 4515 illo
1432 4452 1549 4534 qui
1578 4454 1661 4517 ad
1681 4455 2135 4536 poenitentiam
2166 4457 2509 4535 festinanS,
2537 4456 2940 4522 sacerdotem
2969 4457 3262 4522 invenire
3297 4474 3429 4521 non

324 4570 568 4652 potuit,
602 4569 668 4633 et
702 4569 795 4631 ita
828 4568 1131 4648 decessit,
1166 4568 1392 4634 utrum
1429 4568 1674 4635 oblatio
1710 4571 1856 4651 ejus
1882 4571 1972 4634 sit
2009 4572 2418 4654 recipienda3
2450 4572 2756 4654 dicimuS,
2788 4574 2946 4654 quia
2981 4575 3102 4638 est.
3145 4573 3332 4638 Unde
3360 4575 3428 4636 in

322 4683 657 4768 Epanensi
680 4681 707 4706 ⁴*
736 4684 1012 4748 concilio
1053 4704 1070 4745 z
1111 4685 1183 4750 Si
1212 4684 1453 4767 aliquis
1490 4686 1688 4750 fuerit
1726 4687 2027 4752 mortuus
2054 4689 2170 4770 qui
2199 4706 2332 4752 non
2370 4688 2458 4752 sit
2485 4689 2846 4768 confessuS,
2881 4690 2948 4752 et
2974 4691 3426 4754 testimonium
3454 4707 3728 4784 spansa-si

324 4801 525 4866 habet
558 4800 831 4880 bonum,
873 4801 939 4866 et
965 4818 1097 4865 non
1131 4803 1390 4884 poterat
1424 4801 1649 4866 venire
1686 4802 1769 4866 ad
1808 4804 2237 4884 sacerdotem,
2269 4805 2386 4868 sed
2424 4806 2905 4886 praeoccupavit
2942 4823 3096 4869 eum
3133 4823 3314 4870 mors
3358 4807 3427 4868 in
3455 4772 3564 4815 'hd'
3593 4785 3632 4814 ‘³'
3657 4775 3724 4816 ¹¹'

322 4917 525 4982 domo
555 4916 663 4981 vel
690 4916 760 4979 in
788 4917 933 4998 νίας
972 4917 1217 4980 faciant
1252 4935 1371 4999 pro
1400 4936 1479 4983 eo
1522 4921 1823 4999 parentes
1860 4919 2005 4999 ejus
2049 4918 2448 4985 oblationem
2487 4920 2570 4983 ad
2611 4920 2837 5001 altare,
2869 4923 2934 4984 et
2970 4920 3126 4984 dent
3166 4921 3426 4985 redem-

324 5033 623 5114 ptionem
668 5049 787 5114 pro
834 5032 1134 5113 captivis.
