4267 6250
1538 504 1682 561 QUID
1723 504 1815 551 sn·
1853 504 1878 551 J
1885 502 2255 551 usrlrlculo

3326 484 3447 549 449

422 677 543 752 Qui
573 684 792 740 autem
822 676 908 738 ita
937 694 1004 737 se
1036 682 1366 757 praeparat,
1401 692 1527 737 non
1559 692 1844 737 necessa·
1873 673 1926 737 A
2031 674 2347 737 Consonat
2402 672 2641 748 PetruS‚
2701 671 2811 755 qui
2870 678 2935 735 et
2990 691 3249 735 sensum
3306 691 3445 735 ver·

339 773 438 837 rio
475 776 748 855 gratiam
787 772 1020 855 recipit
1055 779 1119 834 et
1154 772 1431 854 acquirit
1467 772 1844 835 necessitate

336 874 682 938 absoluta:
715 874 1018 957 quoniam
1058 872 1202 935 talis
1246 872 1588 935 necessitas
1633 871 1699 933 in
1741 871 1844 934 his

339 991 488 1054 quae
515 971 736 1035 divina
762 971 1087 1034 voluntate
1127 969 1296 1032 fiunt
1333 970 1557 1032 cadere
1595 969 1838 1051 nequit,

339 1069 514 1131 sicut
549 1087 670 1131 nec
710 1068 1054 1131 necessitas
1091 1066 1460 1139 coactionis,
1491 1084 1700 1148 neque
1737 1086 1843 1129 ne-

339 1166 608 1228 cessitas
637 1165 1118 1247 prohibitionis3
1151 1164 1262 1226 sed
1291 1162 1666 1226 necessitate
1697 1180 1844 1245 sup-

337 1264 682 1345 positionis
714 1281 973 1325 necesse
1002 1269 1099 1324 est
1126 1280 1268 1324 eum
1299 1263 1410 1343 qui
1440 1260 1842 1323 sufficienter

337 1380 408 1423 se
461 1366 778 1443 praeparat
826 1360 1110 1442 recipere
1156 1359 1447 1441 gratiam,
1495 1365 1712 1441 utpote
1758 1375 1837 1420 ex

337 1459 784 1542 suppositione
825 1458 1030 1521 divini
1075 1457 1404 1540 propositi,
1438 1474 1566 1538 quo
1607 1475 1686 1519 ex
1728 1455 1837 1519 he·

337 1558 707 1621 nevolentia
733 1578 864 1621 suae
895 1556 1192 1620 bonitatis
1223 1555 1425 1618 voluit
1452 1574 1526 1618 ac
1557 1556 1839 1618 decrevit

335 1657 692 1738 unicuique
747 1656 1018 1738 gratiam
1075 1654 1550 1719 communicare
1608 1672 1838 1717 secun·

333 1756 492 1819 dum
535 1775 717 1819 suam
760 1754 1244 1837 dispositionem
1278 1761 1342 1816 et
1371 1754 1782 1835 capacitatem
1818 1771 1832 1816 :

1951 771 2178 834 borum
2224 772 2480 835 Thomae
2526 769 2977 853 compendiose
3018 771 3385 853 exprimens
3428 788 3443 833 z

1949 869 2516 952 Quamvis,inquit,
2532 870 2609 932 de
2641 888 2709 932 se
2738 869 2941 952 possit
2969 870 3134 932 Deus
3166 877 3447 932 mentem

1951 968 2089 1030 sine
2119 968 2251 1031 ulla
2278 968 2419 1049 ejus
2453 968 2911 1050 praeparatione
2939 966 3317 1048 justificare,
3352 987 3448 1032 re-

1950 1066 2230 1148 quiritur
2275 1074 2491 1129 tamen
2548 1066 2924 1149 praeparatio
2979 1084 3056 1128 ex
3114 1074 3292 1148 parte
3339 1085 3449 1130 no-

1951 1172 2080 1227 stra
2111 1184 2126 1227 :
2162 1165 2466 1247 quoniam
2497 1164 2665 1227 sicut
2692 1164 3044 1247 requiritur
3075 1165 3449 1246 praeparatio

1951 1263 2231 1327 materiae
2272 1263 2337 1326 in
2376 1264 2647 1327 naturali
2687 1264 3061 1339 mutatione,
3104 1264 3183 1326 ad
3230 1264 3451 1328 formae

1952 1363 2407 1443 receptionem,
2444 1362 2531 1425 ita
2558 1363 2623 1425 in
2656 1363 3035 1437 voluntaria,
3070 1380 3197 1425 non
3226 1382 3306 1425 ex
3337 1364 3452 1425 im-

1950 1460 2234 1541 potentia
2274 1462 2540 1541 agenti&
2574 1462 2683 1524 sed
2726 1461 3155 1544 suscipientis,

2038 1557 2345 1641 Denique,
2405 1560 2486 1621 ad
2540 1560 2807 1641 gratiam
2866 1566 3075 1642 potest
3130 1578 3197 1622 se
3254 1560 3447 1624 bomo

1949 1675 2322 1738 praeparare.
2356 1658 2677 1721 Materiam
2716 1652 2993 1741 namque
3027 1677 3169 1741 quae
3206 1677 3446 1741 praepa·

1949 1762 2144 1829 ratur,
2184 1762 2433 1837 oportet
2472 1756 2689 1838 aliquo
2736 1756 2925 1819 modo
2974 1756 3443 1839 proportionari

334 1856 506 1917 sicut
531 1855 598 1917 in
627 1854 1022 1917 naturalibus
1045 1852 1268 1916 formae
1293 1852 1720 1915 infunduntur
1747 1872 1838 1915 se·
1866 1852 1913 1914 B
1947 1852 2023 1914 ad
2054 1871 2247 1933 agens
2276 1861 2467 1936 atque
2496 1854 2766 1917 formam
2794 1872 2811 1915 ε
2841 1855 2929 1916 ita
2956 1862 3021 1917 et
3047 1855 3441 1918 voluntatem

334 1956 623 2017 cundum
653 1953 1180 2036 praeparationem
1209 1951 1490 2015 materiae
1503 1969 1522 2030 ;
1543 1951 1836 2034 quamvis

334 2070 464 2115 non
495 2052 582 2113 sit
610 2069 726 2134 per
751 2052 970 2114 omnia
999 2050 1226 2114 simile.
1259 2085 1340 2096 —-
1369 2050 1514 2113 Haec
1541 2049 1830 2112 Thomas,

415 2149 534 2223 Qui
575 2150 748 2211 circa
794 2148 929 2212 haec
969 2148 1162 2211 etiam
1207 2147 1364 2210 alias
1414 2154 1628 2211 movet
1668 2167 1836 2230 quae-

335 2248 576 2311 stiones
621 2246 956 2329 plurimas,
998 2245 1298 2308 videlicet
1340 2254 1556 2307 utrum
1598 2245 1836 2309 infusio

331 2346 549 2426 gratiae
611 2344 971 2425 requiratur
1024 2344 1103 2406 ad
1157 2342 1708 2424 justificationem.
1761 2344 1838 2407 Et

333 2450 582 2507 constat
611 2461 689 2504 ex
719 2442 909 2504 dictis
937 2442 1108 2523 quod
1148 2442 1299 2517 imo,
1332 2443 1484 2526 quia
1521 2462 1639 2505 nec
1671 2461 1834 2506 mor-

333 2541 457 2603 tale
501 2547 841 2623 peccatum
884 2558 1034 2603 cum
1082 2559 1198 2603 sua
1247 2541 1496 2603 macula
1535 2560 1608 2603 ac
1657 2549 1834 2604 reatu

334 2639 606 2713 deletur,
659 2656 780 2701 nec
827 2645 1128 2701 aeternam
1179 2637 1640 2703 beatitudinem
1689 2639 1833 2722 quis

333 2744 639 2811 meretur,
673 2754 794 2799 nec
824 2737 954 2799 Deo
995 2735 1342 2819 majestatis
1381 2737 1712 2801 immensae
1741 2756 1834 2800 re·

335 2835 716 2900 conciliatur
743 2854 862 2918 per
890 2835 1024 2898 sola
1053 2836 1365 2898 naturalia
1393 2836 1578 2910 dona,
1593 2837 1703 2899 sed
1733 2836 1834 2898 ba-

335 2934 507 2997 bitus
561 2933 1080 3017 supernaturales
1139 2932 1391 2996 infundi
1438 2941 1704 3016 oportet.
1757 2934 1834 2996 Et

1946 1958 2195 2033 oportet
2238 1952 2703 2034 proportionari
2752 1953 2831 2017 ad
2879 1953 3103 2027 Deum,
3149 1954 3319 2036 quod
3367 1952 3446 2016 fit

1947 2066 2063 2130 per
2090 2048 2244 2112 boni
2277 2048 2606 2127 affectum,
2640 2059 2704 2114 et
2733 2051 2810 2113 ad
2842 2050 3111 2132 gratiam
3149 2070 3262 2134 per
3292 2052 3443 2115 mali

1947 2148 2451 2211 detestationem.
2484 2150 2561 2213 Et
2602 2150 2722 2214 hoc
2766 2158 2864 2213 est
2905 2148 3115 2212 facere
3160 2151 3328 2232 quod
3378 2150 3445 2213 in

1947 2264 2015 2307 se
2045 2254 2159 2308 est.
2185 2247 2303 2321 Qui
2334 2266 2485 2311 vero
2514 2248 2633 2312 hoc
2662 2250 2812 2330 agit,
2832 2248 3061 2331 recipit
3090 2250 3447 2312 necessario

1943 2345 2234 2425 gratiam,
2288 2364 2414 2408 non
2464 2346 2839 2410 necessitate
2889 2346 3257 2420 coactionis,
3304 2366 3445 2429 quae

1945 2442 2008 2503 in
2043 2443 2244 2505 Deum
2285 2462 2411 2507 non
2444 2444 2631 2517 cadit,
2665 2444 2775 2507 sed
2809 2444 3186 2507 necessitate
3218 2444 3443 2508 immo-

1944 2539 2093 2603 bilis
2144 2548 2207 2603 et
2259 2540 2653 2604 invariabilis
2712 2542 3021 2624 propositi
3070 2543 3181 2605 Dei
3235 2562 3249 2605 :
3301 2562 3443 2625 quae

1943 2640 2287 2702 necessitas
2337 2656 2465 2702 non
2508 2639 2855 2721 opponitur
2897 2640 3175 2703 libertati
3216 2640 3441 2703 volun-

1942 2737 2088 2801 tatis
2129 2737 2382 2801 divinae.

2021 2836 2339 2918 AmpliuS,
2390 2836 2468 2898 ad
2514 2834 3042 2916 justificationem
3095 2837 3444 2920 requiritur

1945 2933 2185 2998 infusio
2231 2934 2467 3016 gratiae.
2510 2934 2668 2997 Nam
2716 2936 2883 2998 sicut
2931 2936 2995 2998 in
3048 2936 3443 3000 naturalibus

86 3046 309 3158 ἔζηκα,
337 3033 456 3097 boc
498 3034 748 3096 dictum
791 3038 888 3094 est
923 3050 1093 3114 saepe
1135 3050 1328 3115 super
1369 3034 1722 3095 secundum
1759 3052 1832 3096 ac
1863 3035 1906 3099 C
1942 3041 2120 3095 actus
2160 3034 2513 3097 activorum
2554 3051 2683 3097 non
2722 3042 2873 3097 sunt
2900 3035 3025 3097 nisi
3060 3035 3126 3097 in
3167 3035 3444 3117 patiente

175 3129 309 3170 mun
337 3134 617 3196 tertium.

85 3176 206 3231 litam,
215 3181 310 3225 dist.

84 3251 230 3298 ΜΛ.
249 3247 284 3286 Ι.

415 3233 654 3295 Iterum
687 3231 935 3313 quaerit,
953 3237 1167 3292 utrum
1197 3230 1276 3294 ad
1302 3229 1830 3311 justificationem

337 3331 700 3413 requiratur
737 3336 948 3392 motus
987 3327 1172 3391 liberi
1213 3328 1460 3391 arbitrii
1502 3330 1568 3391 in
1604 3330 1824 3391 Deum.

337 3429 414 3492 Et
454 3436 629 3511 patet
675 3445 753 3489 ex
798 3427 1008 3502 dictis,
1053 3428 1222 3510 quod
1270 3427 1438 3489 sicut
1485 3426 1832 3509 requiritur

337 3524 714 3609 praeparatio
753 3544 827 3587 ac
875 3526 1233 3608 cooperatio
1280 3544 1358 3588 ex
1405 3532 1584 3607 parte
1631 3524 1832 3587 bomi-

335 3624 456 3698 nIS,
507 3624 597 3685 ita
643 3629 708 3684 et
753 3630 966 3685 motus
1023 3621 1208 3684 liberi
1264 3620 1512 3684 arbitrii
1560 3622 1702 3703 ejus
1762 3622 1829 3683 in

335 3721 558 3796 Deum,
600 3721 680 3782 ad
730 3720 916 3800 cujus
963 3719 1230 3801 gratiam
1278 3738 1347 3782 se
1395 3726 1661 3802 coaptat.
1704 3721 1828 3783 Iste

335 3836 590 3902 quoque
633 3826 848 3882 motus
895 3818 1127 3880 mentis
1171 3836 1240 3881 se
1287 3819 1702 3900 praeparantis
1747 3818 1826 3880 ad

331 3918 622 4000 gratiam,
673 3925 772 3980 est
830 3924 1040 3980 motus
1096 3935 1207 3980 seu
1265 3917 1432 3979 actio
1485 3916 1662 3991 fidei,
1714 3936 1830 3999 per

335 4037 526 4101 quam
575 4017 938 4080 intellectus
988 4015 1196 4098 primo
1239 4016 1441 4078 fertur
1488 4015 1555 4077 in
1600 4015 1822 4078 Deum.

333 4117 701 4180 Intellectus
740 4121 953 4177 autem
994 4131 1105 4175 seu
1147 4113 1306 4176 ratio
1335 4120 1549 4176 movet
1575 4131 1650 4176 ac
1680 4114 1828 4176 diri-

1943 3134 2272 3216 disposito,
2324 3134 2417 3196 sic
2474 3142 2540 3197 et
2588 3134 2656 3196 in
2715 3134 3082 3197 moralibus.
3140 3134 3209 3196 ln
3268 3134 3445 3198 omni

1943 3233 2186 3315 quippe
2215 3233 2559 3296 mutatione
2587 3233 2666 3296 fit
2694 3252 2773 3296 ex
2797 3241 2975 3316 parte
3004 3233 3249 3315 agentis
3280 3253 3447 3315 quae-

1942 3330 2087 3394 dam
2136 3331 2412 3411 alicujus
2460 3331 2775 3414 expulsiO,
2827 3339 2893 3395 et
2938 3331 3200 3395 alterius
3252 3331 3443 3404 intro-

1940 3429 2175 3492 ductio.
2210 3430 2280 3492 In
2322 3430 2602 3512 patiente
2642 3447 2899 3513 quoque
2934 3429 3281 3513 requiritur
3314 3429 3442 3491 dis—

1941 3528 2173 3610 positio
2236 3527 2473 3609 duplex
2534 3546 2548 3590 :
2611 3547 2759 3603 una,
2820 3529 2900 3590 ad
2962 3528 3153 3590 unius
3214 3527 3438 3593 formae

1939 3627 2421 3708 expulsionem3
2454 3625 2597 3700 alia,
2632 3626 2710 3687 ad
2741 3626 3001 3688 alterius
3031 3625 3441 3689 introductio-

1939 3743 2107 3786 nem.
2154 3724 2384 3806 Sicque
2425 3724 2491 3786 in
2532 3723 2994 3804 justificatione
3040 3723 3245 3806 iniqui
3290 3742 3438 3788 con-

1941 3829 2205 3885 currunt
2252 3829 2523 3904 quatuor
2574 3839 2588 3882 :
2640 3821 2766 3884 duo
2814 3839 2893 3884 ex
2941 3829 3118 3903 parte
3166 3823 3435 3904 agentiS,

1940 3921 2237 3983 videlicet
2265 3919 2557 4002 expulsio
2588 3919 2792 4002 culpae
2821 3927 2886 3982 et
2916 3918 3153 3983 infusio
3182 3920 3435 4002 gratiae3

1939 4026 2002 4082 et
2049 4019 2177 4081 duo
2232 4037 2311 4080 ex
2370 4025 2547 4100 parte
2606 4017 3036 4100 suscipientiS‚
3087 4037 3229 4100 quae
3286 4027 3438 4082 sunt

1940 4124 2151 4179 motus
2191 4115 2375 4179 liberi
2415 4115 2663 4179 arbitrii
2700 4115 2765 4177 in
2804 4115 3028 4189 Deum,
3061 4122 3252 4197 atque
3291 4134 3435 4180 con-

333 4215 424 4298 git
467 4215 886 4286 voluntatem,
920 4219 983 4274 et
1027 4213 1112 4274 ita
1155 4211 1286 4275 haec
1329 4213 1707 4293 praeparatio
1750 4212 1829 4274 fit
1856 4219 1906 4282 D
1937 4216 2111 4279 tritio
2158 4215 2237 4278 de
2295 4215 2591 4297 peccatis.
2646 4215 2717 4277 In
2772 4213 3233 4296 justificatione
3280 4235 3433 4282 vero

335 4333 448 4397 per
491 4314 690 4376 fidem
736 4310 1096 4374 informem.
1129 4345 1210 4356 —-
1245 4311 1507 4383 RursuS,
1551 4310 1718 4372 sicut
1761 4311 1828 4373 in

332 4412 792 4495 justificatione
823 4410 1007 4494 impii
1037 4410 1384 4492 requiritur
1414 4416 1625 4472 motus
1656 4428 1830 4472 men—

333 4513 414 4574 tis
442 4512 510 4574 in
542 4512 744 4574 Deum
775 4528 890 4592 per
917 4509 1116 4572 fidem
1148 4507 1512 4585 informem,
1534 4509 1614 4572 ad
1642 4509 1830 4591 grati-

334 4629 434 4673 am
463 4609 901 4684 obtinendam,
934 4609 1021 4671 ita
1048 4606 1324 4690 exigitur
1353 4615 1563 4672 motus
1594 4611 1828 4673 mentis

335 4709 399 4771 in
428 4715 786 4791 peccatum,
821 4706 884 4770 id
914 4713 1012 4769 est
1039 4714 1259 4769 contra
1287 4715 1644 4789 peccatum,
1675 4715 1830 4792 puta

335 4809 666 4871 detestatio
709 4806 975 4890 peccati,
1003 4806 1081 4868 ad
1124 4806 1245 4869 hoc
1285 4807 1454 4888 quod
1490 4815 1826 4889 peccatum

333 4906 704 4990 expellatur.
756 4906 976 4988 Itaque
1023 4904 1090 4967 in
1135 4904 1596 4985 justificatione
1645 4906 1827 4990 impii

333 5007 468 5070 baec
507 5012 780 5088 quatuor
818 5004 1232 5087 requiruntur
1264 5020 1280 5065 τ
1316 5003 1556 5068 infusio
1585 5006 1825 5087 gratiae,

334 5103 626 5168 remissio
673 5103 900 5185 culpae,
953 5109 1164 5166 motus
1223 5102 1410 5166 liberi
1466 5103 1712 5167 arbitrii
1761 5106 1829 5168 in

333 5203 556 5277 Deum,
597 5209 662 5267 et
705 5210 916 5266 motus
964 5201 1152 5264 liberi
1199 5202 1449 5267 arbitrii
1499 5204 1565 5266 in
1608 5223 1828 5287 pecca-

332 5308 490 5366 tum.
523 5300 669 5367 Haec
712 5302 904 5366 idem.

575 5437 644 5490 T.
678 5438 760 5489 24.

1939 4313 2296 4378 innocentis
2336 4333 2457 4377 non
2493 4313 2841 4397 requiritur
2869 4313 3159 4396 expulsio
3190 4321 3432 4378 contra·

1938 4414 2016 4476 rii
2062 4414 2214 4476 mali
2259 4413 2385 4476 nisi
2422 4413 2749 4495 originalis
2793 4413 3056 4495 peccati.
3091 4414 3161 4475 In
3198 4414 3431 4478 adultis

1937 4531 2088 4576 vero
2127 4529 2257 4575 non
2297 4519 2505 4595 potest
2544 4513 2835 4575 voluntas
2876 4509 3277 4575 sufficienter
3309 4511 3434 4575 dis-

1937 4611 2088 4694 poni
2133 4611 2214 4675 ad
2253 4611 2471 4692 gratiae
2514 4611 2967 4693 receptionem,
3006 4609 3132 4672 nisi
3172 4610 3330 4673 velit
3368 4618 3433 4674 et

1939 4711 2157 4793 cupiat
2185 4709 2363 4773 illam
2391 4727 2405 4772 :
2442 4709 2680 4772 idcirco
2710 4709 3057 4792 requiritur
3087 4725 3432 4774 consensus

1936 4808 2283 4872 voluntatis
2323 4827 2435 4872 seu
2477 4815 2687 4871 motus
2732 4806 2917 4870 liberi
2956 4806 3222 4869 arbitrii.
3257 4807 3432 4873 Unde

1938 4910 2294 4974 secundum
2341 4909 2765 4991 Augustinum
2812 4917 2827 4972 t
2872 4907 2991 4981 Qui
3039 4905 3195 4969 fecit
3238 4913 3301 4968 te
3349 4906 3433 4969 si-

1937 5029 2019 5074 ne
2062 4992 2148 5084 te,
2189 5025 2318 5071 non
2358 5005 2743 5087 justificabit
2783 5013 2846 5068 te
2886 5004 3024 5068 sine
3064 5012 3145 5068 te.
3179 5039 3261 5051 —
3288 5005 3433 5070 Haec

1936 5109 2176 5172 PetruS.

2016 5205 2208 5268 Porro
2253 5202 2602 5267 Richardus
2643 5217 2659 5263 t
2705 5200 2884 5265 Sicut
2929 5201 3007 5265 de
3054 5201 3430 5265 remissione

1937 5303 2082 5387 (ait)
2127 5302 2373 5386 peccati
2429 5299 2739 5383 contingit
2785 5300 2961 5384 loqui
3017 5301 3361 5384 dupliciter
3411 5317 3427 5364 ε

3120 5435 3184 5488 29
