4267 6250
129 1193 303 1243 ιιι-ηπ,

1221 505 1398 554 mm
1437 505 1500 554 ιν
1541 503 2023 556 smmum
2063 522 2147 536 —
2185 505 2340 554 mar.
2383 506 2493 554 vm
3282 487 3400 555 20¹

324 682 844 766 quemadmodum
873 687 1093 744 tenera
1118 697 1193 742 ac
1215 677 1486 761 puerilia
1516 677 1808 742 membra
1832 677 1886 741 A
1913 686 2133 741 contra
2176 697 2243 742 se
2290 678 2461 761 ipsos
2503 696 2519 742 τ
2559 679 2731 762 quod
2773 678 2996 762 utique
3044 679 3309 754 faciunt,
3351 679 3408 742 si

324 781 394 844 ad
437 798 626 863 opera
670 779 831 842 dura
875 797 952 841 ac
998 776 1214 860 gravia
1260 795 1390 841 non
1438 776 1802 851 mittuntur,
1913 776 2204 840 membra
2258 796 2373 840 sua
2424 777 2767 841 exhibeant
2820 797 2997 840 arma
3053 777 3407 860 iniquitatis
3434 795 3704 848 ammae.

325 879 437 941 nisi
467 877 646 960 prius
673 876 1131 953 fortificentur,
1155 874 1580 958 solidioraque
1608 874 1802 955 fiant3
1913 883 2193 958 peccato.
2229 876 2498 959 Insuper
2536 876 2918 939 erubescant
2956 876 3211 958 signum
3256 884 3409 940 stre-

326 980 406 1040 sic
447 977 744 1060 baptizati
804 983 1110 1059 tanquam
1167 975 1357 1040 modo
1403 973 1627 1056 geniti,
1674 991 1804 1037 non
1913 974 2179 1037 nuitatis
2224 981 2289 1038 et
2335 973 2730 1038 fortitudinis
2778 975 3132 1038 eminentia
3179 974 3408 1038 frontis

328 1075 651 1138 mittuntur
690 1075 772 1138 ad
815 1073 1174 1157 spiritualia
1214 1072 1404 1136 fortia
1447 1072 1638 1148 bella,
1679 1072 1802 1136 nisi
1911 1071 2184 1145 deferre,
2217 1080 2283 1135 et
2321 1072 2387 1135 in
2428 1070 2883 1136 certaminibus
2923 1073 3235 1154 ignaviter
3270 1092 3411 1156 age-

325 1173 384 1234 in
411 1173 906 1237 confirmatione
946 1172 1292 1235 induantur
1325 1171 1564 1234 virtute
1601 1189 1680 1234 ex
1715 1171 1804 1233 al·
1912 1189 2002 1246 re,
2035 1177 2100 1234 et
2128 1171 2194 1234 in
2227 1171 2396 1235 bello
2425 1171 2793 1234 tentationis
2832 1171 2955 1234 sub
2984 1172 3264 1236 hostium
3305 1191 3411 1254 pe-

323 1278 401 1346 to,
447 1271 615 1334 sicut
670 1273 737 1334 in
794 1271 898 1334 die
955 1271 1354 1334 Pentecostes
1409 1268 1650 1334 factum
1706 1278 1806 1332 est
1911 1269 2100 1333 dibus
2150 1271 2395 1344 cadere,
2437 1270 2778 1352 viliterque
2825 1269 3159 1334 desideriis
3202 1271 3410 1334 carnis

327 1369 534 1433 Christi
565 1368 923 1452 discipulis.
938 1369 1195 1432 Frustra
1222 1375 1436 1432 autem
1467 1367 1804 1432 confirma·
1911 1369 2353 1432 succumbere.
2395 1368 2737 1432 Attendant
2777 1387 2845 1431 se
2888 1387 3027 1432 esse
3073 1368 3409 1450 signiferos

324 1468 369 1530 ri
405 1474 700 1551 quaerunt
735 1467 858 1531 hoc
903 1475 1323 1542 sacramento,
1365 1467 1477 1550 qui
1516 1467 1804 1531 debilita·
1909 1466 2094 1548 Regis
2127 1467 2459 1542 coelorum,
2492 1475 2555 1530 et
2585 1467 2653 1530 in
2682 1467 2823 1549 ejus
2852 1468 3157 1550 adspectu
3186 1466 3411 1530 conili-

323 1574 406 1630 toe
431 1587 575 1630 suas
605 1575 820 1631 amant
846 1585 968 1631 nec
995 1566 1321 1630 dimittere
1353 1566 1577 1629 volunt
1610 1583 1624 1629 :
1658 1585 1802 1649 quae
1830 1598 1840 1609 ·
1909 1584 2058 1647 gere
2093 1581 2107 1627 :
2142 1565 2285 1628 ideo
2319 1565 2557 1649 jugiter
2594 1573 2853 1648 sperent
2881 1565 2948 1627 in
2978 1582 3076 1640 eo,
3110 1565 3411 1628 invocent

323 1665 662 1728 debilitates
701 1672 854 1729 sunt
881 1665 1288 1747 aegritudines
1327 1672 1391 1728 et
1419 1664 1684 1728 vulnera
1712 1666 1804 1728 vi·
1911 1682 2084 1738 eum,
2116 1682 2191 1726 ac
2221 1664 2397 1727 omni
2427 1663 2583 1727 hora
2612 1663 2991 1727 roborentur
3019 1664 3085 1726 in
3121 1663 3283 1747 ipsc,
3317 1663 3408 1726 nil

324 1763 562 1838 tiorum,
588 1770 652 1826 et
680 1763 940 1826 vincula
967 1781 1042 1826 ac
1072 1781 1262 1827 onera
1293 1763 1685 1826 eorumdem.
1710 1763 1802 1826 Id·
1911 1763 1989 1825 de
2020 1761 2153 1824 suis
2177 1761 2424 1825 viribus
2454 1769 2920 1844 praesumentes,
2933 1768 2997 1823 et
3019 1761 3205 1844 Regis
3235 1769 3412 1826 aeter-

325 1879 392 1923 eo
413 1862 726 1924 accessuri
755 1862 837 1924 ad
867 1862 989 1924 hoc
1019 1868 1511 1935 sacramentum,
1540 1879 1801 1925 monen-
1830 1859 1879 1924 B
1910 1861 1978 1924 ni
2025 1861 2266 1924 auxilio
2319 1860 2559 1942 jugiter
2618 1859 3021 1934 inhaerenteS,
3074 1860 3217 1941 ejus
3274 1859 3411 1924 zelo

325 1958 378 2020 di
405 1967 546 2022 sunt
574 1959 794 2023 omnia
831 1959 951 2022 ista
987 1959 1367 2042 relinquere.
1400 1959 1801 2023 Admonendi
1909 1959 2185 2034 accensi,
2218 1959 2359 2041 ejus
2398 1958 2767 2022 adsistentia
2804 1957 3092 2033 animati,
3125 1959 3191 2021 in
3230 1959 3409 2022 omni

325 2065 456 2118 sunt
498 2075 754 2140 quoque
804 2075 886 2120 ne
938 2058 1331 2121 adversarios
1389 2076 1521 2121 suae
1579 2057 1802 2121 salutis
1912 2058 2127 2121 labore
2163 2077 2238 2121 ac
2277 2058 2585 2121 conflictu
2629 2056 2939 2140 patientes
2978 2063 3043 2119 et
3080 2056 3406 2121 indefessi.

324 2155 550 2235 (contra
577 2173 742 2239 qnos
773 2155 1050 2238 cupiunt
1075 2155 1476 2237 confirmari)
1504 2155 1805 2220 roborent
1910 2156 2056 2220 Haec
2097 2156 2497 2220 Guillelmus.

1197 2553 2120 2666 DISTINCTIO
2208 2553 2509 2665 VIII

917 2861 924 2866 ’
968 2873 1052 2938 A.
1101 2876 1202 2938 De
1245 2876 1736 2940 Sao-ramento
1785 2876 2063 2940 altaris
2106 2876 2179 2938 et
2222 2877 2737 2941 Eucharistiae.

565 3215 890 3279 mentum.
931 3214 1060 3277 Per
1086 3214 1502 3296 Baptismum
1543 3214 1964 3293 mundamur,
2007 3231 2126 3297 per
2154 3213 2639 3279 Eucharistiam
2680 3215 2751 3278 in
2778 3215 2953 3282 bono
2992 3235 3415 3283 consumma·
3442 3186 3713 3298 3:055?ssss

565 3349 738 3395 mur.
782 3330 1166 3411 Baptismus
1203 3331 1404 3395 aestus
1444 3331 1762 3395 vitiorum
1810 3330 2195 3412 exstinguit,
2236 3330 2651 3395 Eucharistia
2706 3332 3138 3413 spiritualiter
3180 3336 3411 3409 reficit,

325 3447 494 3513 Unde
528 3447 922 3514 excellenter
953 3446 1365 3511 Eucharistia
1397 3448 1661 3527 dicitur,
1695 3448 1766 3511 id
1792 3450 1892 3512 est
1925 3447 2098 3511 bona
2125 3448 2357 3529 gratia,
2393 3450 2549 3530 quia
2578 3449 2647 3512 in
2683 3449 2809 3513 hoc
2846 3454 3254 3517 sacramento
3280 3471 3415 3517 non

325 3564 504 3628 modo
531 3566 629 3629 est
659 3563 1090 3645 augmentum
1128 3564 1394 3628 virtutis
1422 3565 1488 3628 et
1515 3564 1765 3645 gratiae,
1798 3565 1914 3629 sed
1950 3565 2062 3629 ille
2099 3565 2281 3629 totus
2322 3565 2611 3629 sumitur
2647 3566 2761 3647 qui
2802 3568 2901 3631 est
2942 3566 3091 3631 fons
3129 3570 3194 3632 et
3230 3570 3414 3651 origo

323 3679 510 3745 totius
534 3680 786 3761 gratiae.
829 3678 1038 3761 Cujus
1074 3674 1284 3760 figura
1305 3681 1662 3762 praecessit,
1705 3681 1967 3763 quando
2005 3698 2245 3745 manna
2274 3680 2446 3762 pluit
2481 3680 2662 3745 Deus
2689 3681 2988 3763 patribus
3023 3683 3090 3746 in
3128 3685 3409 3765 deserto,
3458 3704 3711 3755 amoma,

324 3795 426 3875 qui
477 3790 859 3876 quotidiano
911 3794 1058 3859 coeli
1114 3794 1549 3877 pascebantur
1603 3796 1917 3861 alimento
1970 3818 1984 3857 :
2037 3796 2211 3861 unde
2262 3813 2499 3876 panem
2553 3797 2937 3877 angelorum
2993 3799 3414 3863 manducavit
3441 3770 3539 3873 *ρῖ
3557 3781 3711 3880 mvn.

323 3908 526 3974 homo.
573 3911 705 3977 Sed
755 3912 914 3975 tunc
965 3910 1080 3992 qui
1127 3929 1366 3993 panem
1416 3912 1608 3976 illum
1657 3914 2238 3993 manducaverunt,
2290 3911 2535 3975 mortui
2586 3913 2778 3995 sunt3
2832 3914 2957 3978 iste
3013 3932 3167 3979 vero
3222 3917 3414 3999 panis
3444 3894 3634 3998 ²{gam
3652 3968 3710 4007 w,

323 4027 500 4091 vivus
525 4027 638 4110 qui
679 4028 762 4091 de
800 4026 965 4091 coelo
1004 4026 1364 4109 descendit,
1404 4028 1611 4092 vitam
1649 4029 1896 4092 mundo
1933 4028 2189 4092 tribuit.
2224 4028 2465 4092 Manna
2501 4028 2669 4092 illud
2702 4029 2784 4093 de
2828 4032 3016 4111 coelo,
3051 4032 3178 4098 hoc
3214 4052 3415 4116 super
3443 4021 3510 4062 ⁴¹·

325 4143 565 4208 eoelum.
606 4144 782 4208 Illud
836 4142 1254 4223 scaturiebat,
1305 4144 1374 4207 in
1428 4145 1606 4208 diem
1653 4145 1934 4209 alterum
1989 4147 2429 4227 reservatum3
2461 4146 2586 4210 hoc
2632 4146 2715 4209 ab
2764 4148 2948 4210 omni
3000 4150 3414 4231 corruptione
3466 4170 3713 4222 amam,

327 4258 596 4325 alienum
627 4260 1032 4343 quicumque
1061 4259 1366 4341 religiose
1402 4262 1784 4342 gustaverit,
1829 4262 2315 4343 corruptionem
2346 4278 2479 4325 non
2506 4262 2777 4326 videbit.
2813 4263 2986 4328 Illud
3020 4265 3247 4328 datum
3288 4264 3414 4327 fuit
3445 4236 3512 4275 ²⁰'

325 4376 596 4457 antiquis
627 4379 784 4459 post
819 4375 1172 4440 transitum
1201 4378 1404 4441 maris
1431 4377 1666 4456 Rubri,
1707 4377 1822 4441 ubi
1857 4377 2221 4442 submersis
2256 4378 2593 4460 AEgyptiis
2630 4378 2887 4442 liberati
2917 4381 3073 4443 sunt
3107 4379 3413 4464 Hebraei;
3447 4401 3714 4453 maanes

325 4490 408 4553 ita
431 4491 550 4556 hoc
579 4492 840 4557 eoeleste
868 4510 1108 4556 manna
1144 4511 1278 4556 non
1315 4492 1445 4557 nisi
1473 4494 1716 4557 renatis
1752 4494 2047 4576 praestari
2076 4494 2291 4559 debet.
2324 4495 2526 4559 Panis
2556 4493 2668 4559 ille
2698 4495 3055 4577 corporalis
3089 4497 3415 4579 populum
3446 4470 3489 4509 ⁰²
3515 4478 3606 4521 ‘⁰⁴¹'

325 4607 650 4689 antiquum
701 4608 785 4672 ad
831 4611 1073 4673 terram
1122 4609 1582 4691 promissionis
1631 4627 1750 4692 per
1795 4610 2130 4674 desertum
2172 4611 2437 4693 eduxit3
2477 4610 2619 4676 haec
2662 4628 2812 4676 esca
2861 4612 3145 4677 coelestis
3190 4612 3417 4677 fideles

327 4720 513 4805 hujus
564 4725 788 4790 saeculi
847 4743 965 4807 per
1009 4726 1344 4791 desertum
1389 4727 1803 4791 transeuntes
1855 4728 1926 4790 in
1975 4727 2213 4792 coelum
2269 4728 2599 4792 subvehit.
2642 4728 2832 4793 Unde
2876 4730 3051 4793 recte
3097 4729 3415 4792 viaticum

327 4839 694 4921 appellatur,
733 4842 892 4923 quia
933 4842 1004 4905 in
1041 4843 1151 4906 via
1186 4860 1308 4907 nos
1349 4842 1670 4923 reficienS‚
1705 4861 1914 4925 usque
1963 4844 2032 4905 in
2076 4844 2355 4925 patriam
2392 4844 2681 4909 deducit.
2717 4844 2902 4909 Sicut
2942 4861 3095 4926 ergo
3135 4844 3205 4907 in
3248 4844 3415 4907 mari

329 4951 536 5018 Rubro
571 4956 780 5039 figura
824 4956 1149 5039 Baptismi
1186 4958 1557 5040 praecessit3
1599 4959 1690 5022 ita
1727 4959 1797 5022 in
1843 4976 2084 5024 manna
2119 4960 2511 5040 significatio
2550 4959 2865 5023 dominici
2908 4960 3223 5041 corporis,
3257 4960 3417 5026 Haec

331 5069 452 5133 duo
477 5075 876 5139 sacramenta
904 5074 1350 5139 demonstrata
1377 5077 1553 5157 sunt,
1571 5076 1686 5140 ubi
1716 5077 1796 5140 de
1825 5077 2024 5140 latere
2054 5076 2297 5140 Christi
2327 5076 2597 5158 sanguis
2626 5077 2692 5139 et
2725 5093 2898 5157 aqua
2925 5076 3411 5157 profluxerunt:
3458 5100 3710 5151 Joannm.

331 5186 477 5265 quia
513 5187 810 5255 Christus
846 5209 962 5272 per
997 5191 1386 5273 sanguinem
1424 5192 1897 5275 redemptionis
1939 5194 2004 5257 et
2039 5209 2281 5276 aquam
2320 5192 2677 5257 ablutionis
2712 5208 2834 5256 nos
2868 5191 3194 5257 redimere
3235 5192 3415 5256 venit
3444 5166 3512 5205 ³⁴·

332 5316 369 5363 a
398 5302 646 5371 diabolo
693 5306 762 5373 et
795 5324 835 5371 a
873 5308 1164 5391 peccato,
1196 5308 1368 5373 sicut
1415 5309 1746 5375 Israelitas
1791 5326 1908 5392 per
1952 5310 2345 5394 sanguinem
2393 5310 2545 5393 agni
2595 5308 2924 5392 paschalis
2970 5307 3055 5373 ab
3098 5308 3411 5375 extermi-
3442 5268 3618 5377 ἐπ’
3636 5282 3709 5322 '‘¹''

329 3096 702 3396 POST
755 3097 1240 3162 sacramentum
1293 3096 1619 3179 Baptismi
1675 3099 1740 3162 et
1785 3096 2321 3163 confirmationis
2373 3097 2673 3181 sequitur
2718 3097 3151 3167 Eucharistiae
3199 3120 3415 3168 sacra-
3444 3119 3714 3179 nugas-m.
