4267 6250
802 469 924 535 556

1451 489 1515 536 m
1554 490 1778 539 mnam(
1818 490 1879 537 lv
1920 489 2403 538 summanum
2442 509 2524 520 —
2565 491 2718 539 msr.
2761 492 2886 556 xx;
2929 492 3153 549 QUAEST.
3194 494 3259 539 lv

802 666 1063 744 propter
1091 662 1211 726 hoc
1242 662 1690 748 dispensantur
1722 664 1787 727 in
1822 672 1967 727 actu
2006 663 2150 739 isto,
2183 664 2293 727 sed
2323 663 2376 727 A
2405 664 2667 741 testatiS,
2682 673 2747 727 et
2776 665 2991 747 praesit
3017 665 3132 729 toti
3163 664 3478 739 Ecclesiae,
3492 674 3683 748 atque
3711 664 3912 728 totius

802 761 1223 824 determinate
1266 762 1345 824 ad
1395 781 1599 844 poenae
1648 763 2089 826 remissionem
2143 780 2160 825 t
2207 762 2296 825 id-

802 859 973 922 circo
1011 878 1134 923 non
1167 861 1383 924 valent
1421 861 1874 925 exsistentibus
1915 862 1980 924 in
2020 860 2291 925 mortali.

798 957 960 1020 Hinc
1008 958 1073 1019 in
1122 957 1423 1021 omnibus
1473 954 1886 1041 indulgentiis
1933 958 2013 1022 fit
2056 958 2298 1023 mentio

801 1057 878 1119 de
927 1076 1075 1120 vere
1129 1057 1419 1121 contritis
1468 1066 1532 1121 et
1578 1059 1906 1122 confessis,
1959 1058 2024 1122 Si
2082 1066 2298 1122 autem

758 1193 761 1197 -
802 1154 989 1218 fieret
1017 1156 1511 1220 communicatio
1541 1178 1655 1240 per
1683 1158 1854 1221 hunc
1886 1158 2172 1231 modum,
2195 1158 2301 1220 Fa-

804 1253 904 1317 cio
934 1261 997 1317 te
1027 1255 1407 1339 participem
1450 1256 1822 1319 meritorum
1856 1258 2049 1320 totius
2084 1255 2298 1319 Eccle-

804 1353 935 1426 siae,
988 1354 1089 1416 vel
1138 1353 1642 1436 congregationis
1693 1355 1905 1429 uniuS,
1956 1363 2065 1418 aut
2113 1362 2300 1419 certae

806 1468 1123 1533 personae3
1156 1453 1248 1515 sic
1278 1460 1538 1535 possent
1567 1454 1777 1517 valere
1806 1455 1884 1517 ad
1924 1454 2299 1517 merendum

804 1550 1049 1633 aliquid
1092 1550 1152 1613 ei
1196 1551 1307 1633 qui
1352 1558 1451 1614 est
1492 1551 1556 1614 in
1601 1560 1861 1634 peccato
1904 1552 2175 1615 mortali.

885 1648 1173 1731 Denique
1207 1668 1333 1713 non
1374 1650 1582 1714 solum
1621 1650 2055 1724 saecularibus,
2089 1650 2203 1713 sed
2239 1657 2304 1712 et

805 1745 1119 1828 religiosis
1150 1748 1560 1829 indulgentiae
1590 1748 1826 1824 valent,
1859 1748 1911 1811 si
1944 1749 2009 1811 in
2042 1749 2300 1812 caritate

2407 763 2707 827 Ecclesiae
2753 763 2985 846 praesul
3043 764 3145 839 sit,
3195 764 3417 847 plenas
3477 764 3911 845 indulgentias

2409 869 2617 945 potest
2656 862 2806 925 dare
2849 863 3111 945 ubique.

2490 959 2942 1024 Concordando
2974 960 3168 1024 etiam
3209 968 3539 1044 praetactas
3570 960 3915 1045 opiniones

2410 1058 2489 1121 de
2527 1058 2740 1122 valore
2781 1059 3213 1141 indulgentiae,
3245 1059 3590 1123 dicendum
3631 1060 3910 1133 videtur,

2410 1158 2582 1239 quod
2623 1157 3034 1239 indulgentiae
3063 1158 3316 1221 valeant
3353 1158 3432 1220 ad
3472 1158 3776 1222 meritum
3813 1176 3916 1221 re-

2413 1256 2737 1319 missionis
2797 1274 3024 1338 poenae‚
3075 1274 3205 1321 non
3259 1258 3339 1320 ad
3399 1256 3700 1320 meritum
3759 1257 3914 1321 vitae

2411 1363 2684 1431 aeternae,
2743 1356 2868 1418 nisi
2926 1375 3003 1419 ex
3063 1356 3501 1439 consequenti.
3562 1354 3914 1420 Remittere

2412 1472 2563 1517 vero
2597 1472 2853 1537 poenam
2881 1462 3080 1518 totam
3120 1462 3232 1517 aut
3259 1462 3506 1537 partem
3542 1454 3788 1517 homini
3825 1454 3912 1517 ad

2413 1552 2857 1616 remissionem
2906 1553 3071 1617 bene
3119 1552 3448 1635 disposito,
3495 1560 3702 1635 potest
3751 1572 3915 1635 prae·

2414 1651 2578 1714 latus
2635 1652 2712 1714 de
2768 1652 3069 1715 thesauro
3125 1650 3443 1715 Ecclesiae.
3494 1652 3670 1714 Unde
3727 1658 3912 1734 puto,

2413 1751 2582 1832 quod
2637 1757 2886 1812 tantum
2943 1750 3156 1813 valent
3213 1749 3624 1831 indulgentiae
3679 1750 3759 1812 de
3815 1768 3911 1824 se,

806 1845 1173 1919 consistant,
1207 1853 1271 1908 et
1308 1854 1565 1909 servent
1606 1848 1933 1910 servanda.
1972 1847 2298 1909 Verumta-
2336 1848 2385 1913 B
2413 1855 2723 1931 quantum
2763 1856 3006 1912 sonant.
3040 1849 3266 1912 Valent
3292 1849 3466 1911 enim
3495 1848 3917 1931 quadraginta

808 1962 976 2018 men,
1014 1952 1274 2025 propter
1307 1944 1734 2027 indulgentias
1774 1963 1901 2008 non
1945 1945 2133 2009 debet
2175 1945 2302 2008 dis-

806 2044 967 2107 solvi
999 2043 1403 2106 observantia
1442 2045 1748 2126 regularis
1782 2064 1797 2108 :
1831 2044 1984 2128 quia
2021 2044 2302 2125 religiosi

807 2142 1011 2204 multo
1041 2142 1185 2224 plus
1217 2150 1661 2225 promerentur
1688 2144 1767 2206 de
1799 2143 2061 2226 praemio
2092 2162 2302 2205 essen-

806 2240 941 2303 tiali
994 2240 1058 2301 in
1110 2240 1387 2304 claustro
1434 2242 1768 2315 manend0,
1819 2249 1883 2303 et
1929 2241 2304 2322 regulariter

808 2340 1263 2414 conversando,
1283 2359 1475 2421 quam
1508 2339 1935 2421 indulgentias
1964 2340 2301 2422 exquiren-

806 2439 905 2502 do.
941 2438 1070 2502 Nec
1110 2457 1225 2521 per
1264 2438 1689 2519 indulgentias
1720 2438 2133 2501 dimittuntur
2172 2456 2303 2521 poe-

806 2557 904 2601 nae
935 2556 1077 2619 quae
1107 2536 1172 2599 in
1210 2536 1489 2620 capitulo
1528 2536 1965 2619 imponuntur,
1998 2537 2301 2619 quoniam

806 2636 874 2697 in
924 2636 1203 2717 capitulo
1259 2637 1469 2718 agitur
1514 2636 1695 2718 quasi
1742 2635 1953 2699 forum
1997 2635 2302 2716 judiciale

810 2734 1009 2815 magis
1054 2753 1247 2816 quam
1294 2734 1729 2817 poenitentiale
1772 2751 1786 2795 :
1833 2742 2091 2817 propter
2131 2734 2302 2816 quod

806 2832 1000 2895 etiam
1030 2851 1157 2896 non
1186 2833 1542 2895 sacerdotes
1574 2839 1791 2895 tenent
1818 2832 2190 2915 capitulum.
2224 2868 2304 2878 -

808 2930 1097 3012 Denique
1127 2931 1237 3012 qui
1271 2930 1697 3011 indulgentias
1728 2930 1901 3005 facit,
1935 2948 2060 2993 non
2097 2937 2305 3012 potest

2412 1947 2548 2010 dies
2583 1947 2996 2029 indulgentias
3033 1947 3300 2010 cuilibet
3336 1946 3620 2021 habenti,
3657 1954 3912 2010 tantum

2411 2053 2726 2128 quantum
2756 2045 2971 2109 valent
2999 2045 3206 2109 eidem
3239 2044 3508 2109 totidem
3537 2046 3674 2108 dies
3705 2046 3912 2128 poeni·

2413 2144 2656 2224 tentiae3
2697 2152 2760 2207 et
2808 2164 3014 2207 annus
3065 2144 3500 2225 indulgentiae,
3539 2150 3788 2206 tantum
3841 2152 3914 2206 ut

2411 2262 2618 2305 annus
2657 2243 3047 2325 poenitentiae
3085 2242 3268 2305 factae
3309 2242 3663 2306 secundum
3706 2241 3916 2305 deter-

2415 2341 2828 2404 minationem
2887 2360 3000 2403 seu
3047 2340 3432 2404 taxationem
3482 2339 3715 2402 factam
3773 2341 3914 2403 sive

2413 2459 2450 2503 a
2487 2440 2834 2514 sacerdote,
2867 2440 3004 2502 sive
3042 2459 3080 2503 a
3112 2439 3279 2520 jure,
3311 2438 3446 2501 sive
3484 2457 3524 2499 a
3561 2436 3778 2501 divina
3811 2438 3918 2520 ju-

2415 2535 2602 2599 stitia.
2626 2536 2793 2598 Anni
2823 2553 3079 2619 quoque
3109 2535 3214 2597 isti
3245 2552 3373 2598 non
3403 2543 3556 2598 sunt
3581 2534 3734 2597 anni
3763 2534 3916 2598 coeli

2415 2642 2525 2698 aut
2555 2633 2924 2717 purgatorii,
2957 2635 3068 2697 sed
3099 2634 3324 2697 mundi
3349 2651 3364 2696 :
3389 2633 3542 2715 quia
3569 2633 3637 2695 in
3667 2634 3914 2696 mundo

2416 2741 2510 2797 est
2539 2732 2866 2796 distinctio
2896 2732 3016 2795 ista
3043 2732 3316 2807 dierum,
3350 2749 3478 2795 non
3513 2731 3580 2793 in
3610 2730 3774 2795 coelo
3798 2739 3915 2793 aut

2417 2832 2798 2915 purgatorio.
2821 2832 3156 2913 Quumque
3186 2839 3365 2894 actus
3393 2831 3748 2894 activorum
3781 2828 3918 2891 sint

2417 2931 2481 2993 in
2513 2930 2794 3013 patiente
2824 2930 3306 3012 disposit0,.non
3335 2929 3550 2992 valent
3579 2927 3916 3009 indulgen-

810 3028 934 3091 sibi
978 3028 1100 3111 ipsi
1140 3036 1388 3091 tantum
1438 3028 1646 3091 facere
1694 3046 1842 3109 eas3
1883 3036 2162 3091 attamen
2211 3028 2304 3090 uti
2343 3030 2387 3095 C
2416 3029 2520 3093 tiae
2578 3029 2714 3092 istae
2771 3028 3099 3111 aequaliter
3148 3027 3474 3101 omnibuS,
3523 3028 3635 3090 sed
3684 3044 3916 3089 secun-

809 3134 1019 3210 potest
1048 3146 1122 3190 ea
1149 3147 1343 3209 quam
1373 3127 1516 3189 aliis
1548 3126 1719 3201 facit,
1738 3128 1903 3189 sicut
1933 3135 1997 3190 et
2026 3127 2149 3190 sibi
2183 3126 2305 3208 ipsi

810 3225 1115 3307 impendit
1137 3225 1823 3307 Eucharistiam,quam
1852 3225 2119 3308 porrigit
2146 3224 2301 3288 aliis,

806 3361 887 3372 —
914 3325 1057 3388 Haec
1100 3325 1371 3387 Thomas
1414 3325 1480 3386 in
1524 3324 1788 3407 Scripto.

890 3422 1241 3486 Concordat
1288 3423 1509 3485 Petrus
1554 3438 1569 3483 t
1616 3421 2051 3504 Indulgentiae,
2098 3421 2306 3504 inqui-

810 3541 945 3596 enS,
970 3521 1184 3584 valent
1213 3520 1277 3582 in
1309 3519 1448 3583 foro
1476 3519 1586 3583 Dei
1621 3528 1685 3582 et
1715 3520 1780 3584 in
1815 3519 1950 3583 foro
1980 3520 2299 3583 Ecclesiae.

808 3622 877 3685 In
909 3620 1193 3683 Ecclesia
1230 3638 1507 3702 namque
1541 3619 1875 3682 thesaurus
1916 3627 2011 3682 est
2051 3620 2304 3683 merito-

808 3738 951 3782 rum
982 3726 1112 3781 tam
1144 3718 1338 3781 totius
1370 3716 1666 3781 Ecclesiae
1696 3737 1887 3800 quam
1916 3719 2106 3780 etiam
2139 3718 2309 3782 Chri-

810 3819 889 3882 sti
944 3837 959 3882 :
1013 3818 1091 3879 de
1141 3835 1268 3900 quo
1318 3818 1615 3880 thesauro
1663 3817 1958 3898 praelatus
2007 3817 2305 3881 Ecclesiae

809 3916 1050 3980 habens
1098 3915 1331 3990 claveS‚
1382 3922 1589 3997 potest
1646 3933 1761 3996 pro
1818 3915 2306 3979 necessitatibus

810 4015 1111 4079 Ecclesiae
1168 4033 1421 4077 sumere
1466 4032 1541 4077 ac
1588 4014 1975 4095 dispensare.
2028 4014 2308 4088 Quatuor

807 4121 1021 4176 tamen
1061 4113 1477 4195 requiruntur
1506 4113 1582 4175 ad
1617 4113 1739 4175 hoc
1768 4113 1936 4193 quod
1978 4111 2308 4194 indulgen-

2415 3129 2567 3191 dum
2629 3128 2801 3210 quod
2858 3129 3058 3209 magis
3121 3135 3230 3190 aut
3291 3127 3504 3190 minus
3563 3126 3915 3209 disponun-

2417 3236 2540 3301 tur,
2575 3245 2688 3309 per
2717 3227 3019 3289 meritum
3052 3225 3449 3289 remissionis
3478 3244 3703 3308 poenae.
3737 3225 3918 3288 Unde

2415 3325 2582 3389 sicut
2631 3325 3046 3408 quadraginta
3091 3324 3226 3387 dies
3285 3323 3680 3406 poenitentiae
3727 3340 3916 3387 cano-

2417 3424 2577 3488 nicae
2618 3423 2763 3507 plus
2792 3422 3007 3486 valent
3044 3422 3156 3485 uni
3197 3422 3560 3504 perficienti
3591 3440 3734 3484 eam
3763 3440 3917 3485 cum

2419 3523 2645 3604 majori
2689 3522 2939 3586 fervore
2982 3529 3174 3604 atque
3218 3520 3455 3594 labore,
3492 3538 3685 3603 quam
3727 3519 3917 3583 alteri

2419 3621 2530 3704 qui
2569 3639 2718 3683 cum
2761 3621 3028 3701 minori;
3061 3619 3155 3683 sic
3192 3619 3611 3702 quadraginta
3645 3618 3786 3682 dies
3825 3618 3918 3680 in-

2418 3719 2758 3801 dulgentiae
2807 3719 2951 3803 plus
3001 3718 3214 3783 valent
3263 3737 3330 3782 se
3387 3718 3462 3780 ad
3511 3735 3654 3780 eam
3713 3717 3920 3798 magis

2417 3818 2803 3901 disponenti,
2835 3825 3056 3899 utpote
3084 3836 3232 3880 cum
3263 3815 3490 3899 majori
3519 3815 3796 3890 fervore,
3833 3816 3920 3878 la-

2419 3916 2592 3990 bore,
2643 3916 2996 3979 afflictione
3047 3922 3158 3978 aut
3205 3915 3492 3978 muneris
3537 3913 3914 3997 quantitate.

2415 4051 2495 4061 —
2541 4015 2686 4078 Haec
2734 4015 2973 4077 Petrus,
3024 4014 3141 4088 Qui
3195 4014 3262 4075 in
3308 4013 3410 4075 his
3460 4031 3686 4095 parum
3733 4032 3772 4075 a
3821 4031 3918 4075 re-

2416 4113 2757 4196 sponsione
2813 4112 3070 4176 Tbomae
3127 4111 3379 4174 videtur
3439 4111 3758 4186 recedere,
3819 4111 3916 4173 di-

808 4213 911 4276 tiae
940 4211 1228 4275 valeant:
1254 4212 1381 4274 duo
1410 4230 1487 4273 ex
1518 4217 1694 4293 parte
1722 4210 1953 4283 dantia,
1976 4217 2040 4274 et
2068 4211 2196 4274 duo
2225 4229 2303 4273 ex
2335 4211 2386 4275 D
2417 4231 2567 4276 cens
2612 4230 2628 4275 ε
2670 4212 2839 4294 quod
2892 4210 3303 4293 indulgentiae
3349 4210 3565 4276 valent
3609 4209 3914 4274 omnibus

809 4317 987 4394 parte
1031 4308 1418 4392 recipientis
1453 4309 1543 4370 Ex
1592 4316 1765 4390 parte
1808 4308 2015 4371 dantis
2050 4326 2064 4371 ε
2100 4329 2302 4372 unum

809 4416 1105 4492 spectans
1143 4408 1222 4470 ad
1262 4407 1508 4469 clavem
1548 4406 1850 4481 scientiae,
1886 4406 1947 4470 id
1988 4415 2088 4470 est
2119 4408 2305 4470 ratio-

812 4506 1045 4570 nabilis
1086 4525 1297 4579 causa,
1332 4511 1549 4587 utpote
1584 4504 1822 4566 utilitas
1856 4505 2154 4569 Ecclesiae
2167 4523 2186 4584 3
2215 4506 2303 4568 al-

807 4615 1015 4668 terum
1050 4604 1375 4686 pertinens
1408 4603 1486 4665 ad
1518 4601 1761 4665 clavem
1796 4603 2116 4684 potentiae,
2152 4612 2305 4686 puta

809 4703 1172 4768 auctoritas.
1218 4703 1309 4765 Ex
1351 4709 1528 4784 parte
1566 4719 1821 4783 quoque
1868 4702 2300 4786 suscipientiS‚

806 4804 935 4867 duo
967 4820 981 4864 :
1018 4821 1219 4865 unum
1248 4801 1575 4883 pertinens
1603 4800 1680 4863 ad
1714 4799 2128 4864 remotionem
2163 4820 2306 4864 cau-

808 4923 893 4967 sae
941 4899 1362 4985 prohibentis,
1415 4899 1583 4981 quod
1634 4907 1730 4962 est
1778 4899 2105 4977 contriti03
2157 4901 2305 4962 alte·

806 5019 951 5062 rum
980 5000 1059 5062 ad
1089 4997 1491 5062 collationem
1524 5015 1728 5060 causae
1758 4997 2178 5078 disponentiS,
2195 5016 2307 5079 pu-

808 5108 873 5163 ta
928 5099 1183 5162 devotio
1239 5097 1417 5170 fidei,
1469 5115 1619 5158 cum
1676 5095 1914 5158 effectu
1974 5095 2039 5157 in
2100 5096 2306 5159 forma

812 5197 1223 5278 indulgentiae
1272 5193 1711 5258 determinato.
1754 5230 1834 5240 —
1875 5194 2163 5276 Denique
2211 5213 2306 5258 so-

813 5298 913 5360 lus
957 5297 1121 5378 Papa
1162 5314 1361 5378 quum
1407 5293 1636 5357 habeat
1682 5293 2150 5376 plenitudinem
2194 5311 2302 5377 po-

2414 4318 2724 4394 quantum
2759 4311 3056 4374 videntur
3093 4327 3317 4373 sonare
3355 4309 3420 4371 in
3457 4325 3724 4390 genere3
3754 4316 3912 4371 atta-

2416 4429 2564 4473 men
2605 4409 2832 4473 ceteris
2871 4408 3154 4491 paribus,
3189 4407 3334 4490 plus
3372 4407 3588 4471 valent
3623 4407 3910 4471 venienti

2413 4528 2451 4572 a
2497 4515 2762 4584 remote,
2808 4507 2958 4589 quia
3006 4506 3151 4589 plus
3201 4505 3528 4580 laboravit,
3577 4523 3692 4587 per
3737 4507 3908 4587 quod
3939 4527 4210 4632 ifssssw

2415 4607 2615 4688 magis
2656 4605 3005 4687 dispositus
3047 4610 3161 4668 est.

2493 4704 2806 4778 Quaeritur
2863 4703 3039 4776 item,
3089 4721 3172 4765 an
3232 4700 3642 4782 indulgentiae
3693 4702 3912 4766 valent

2413 4800 2868 4867 exsistentibus
2931 4800 2997 4862 in
3056 4798 3440 4881 purgatorio.
3502 4798 3913 4881 Responden-

2413 4902 2568 4964 dum
2623 4919 2636 4964 :
2687 4897 2887 4960 Aliter
2938 4896 3334 4979 impenditur
3377 4895 3572 4958 alicui
3619 4896 3916 4980 suffragi-

2415 5018 2547 5072 um,
2587 4998 2773 5060 aliter
2817 4994 3212 5077 indulgentia
3253 5015 3268 5060 ε
3311 4994 3692 5076 suffragium
3735 4997 3912 5060 enim

2416 5115 2531 5179 per
2577 5095 2929 5168 caritatem,
2971 5092 3365 5174 indulgentia
3415 5111 3530 5176 per
3575 5095 3916 5158 auctorita-

2413 5202 2564 5258 tem.
2600 5194 2936 5275 Quumque
2967 5190 3249 5254 Ecclesia
3277 5209 3426 5254 cum
3455 5191 3916 5256 exsistentibus

2416 5294 2480 5356 in
2535 5291 2903 5376 purgatorio
2958 5289 3189 5353 habeat
3235 5305 3644 5353 communem
3691 5291 3916 5353 carita·
