<?xml version="1.0" encoding="UTF-8"?>
<!DOCTYPE html PUBLIC "-//W3C//DTD XHTML 1.0 Transitional//EN"
    "http://www.w3.org/TR/xhtml1/DTD/xhtml1-transitional.dtd">
<html xmlns="http://www.w3.org/1999/xhtml" xml:lang="en" lang="en">
 <head>
  <title>
</title>
<meta http-equiv="Content-Type" content="text/html;charset=utf-8" />
  <meta name='ocr-system' content='tesseract 3.04.00' />
  <meta name='ocr-capabilities' content='ocr_page ocr_carea ocr_par ocr_line ocrx_word'/>
</head>
<body>
  <div class='ocr_page' id='page_1' title='image "./doctorisecstati04unkngoog_0404.png"; bbox 0 0 4267 6250; ppageno 0'>
   <div class='ocr_carea' id='block_1_1' title="bbox 577 3523 845 3580">
    <p class='ocr_par' dir='ltr' id='par_1_1' title="bbox 577 3523 845 3580">
     <span class='ocr_line' id='line_1_1' title="bbox 577 3523 845 3580; baseline 0.004 -12"><span class='ocrx_word' id='word_1_1' title='bbox 577 3523 774 3580; x_wconf 57' lang='lat' dir='ltr'><strong>ermes</strong></span> <span class='ocrx_word' id='word_1_2' title='bbox 783 3524 845 3569; x_wconf 61' lang='lat' dir='ltr'><strong>sn</strong></span> 
     </span>
    </p>
   </div>
   <div class='ocr_carea' id='block_1_2' title="bbox 867 478 988 543">
    <p class='ocr_par' dir='ltr' id='par_1_2' title="bbox 867 478 988 543">
     <span class='ocr_line' id='line_1_2' title="bbox 867 478 988 543; baseline 0 0"><span class='ocrx_word' id='word_1_3' title='bbox 867 478 988 543; x_wconf 81' lang='lat'><strong>386</strong></span> 
     </span>
    </p>
   </div>
   <div class='ocr_carea' id='block_1_3' title="bbox 1521 495 3310 558">
    <p class='ocr_par' dir='ltr' id='par_1_3' title="bbox 1521 495 3310 558">
     <span class='ocr_line' id='line_1_3' title="bbox 1521 495 3310 558; baseline 0 -15"><span class='ocrx_word' id='word_1_4' title='bbox 1521 498 1586 544; x_wconf 78' lang='lat' dir='ltr'><strong>m</strong></span> <span class='ocrx_word' id='word_1_5' title='bbox 1626 498 1848 545; x_wconf 70' lang='lat' dir='ltr'><strong>mmm!</strong></span> <span class='ocrx_word' id='word_1_6' title='bbox 1889 498 1951 544; x_wconf 74' lang='lat' dir='ltr'><strong>tv</strong></span> <span class='ocrx_word' id='word_1_7' title='bbox 1990 496 2474 545; x_wconf 58' lang='lat' dir='ltr'><strong>summanum</strong></span> <span class='ocrx_word' id='word_1_8' title='bbox 2516 512 2598 525; x_wconf 90' lang='lat'><strong>·—</strong></span> <span class='ocrx_word' id='word_1_9' title='bbox 2638 496 2791 545; x_wconf 78' lang='lat' dir='ltr'><strong>DIST.</strong></span> <span class='ocrx_word' id='word_1_10' title='bbox 2832 495 2954 558; x_wconf 84' lang='lat' dir='ltr'><strong>xv;</strong></span> <span class='ocrx_word' id='word_1_11' title='bbox 2998 495 3222 551; x_wconf 72' lang='lat' dir='ltr'>QUAEST.</span> <span class='ocrx_word' id='word_1_12' title='bbox 3264 495 3310 543; x_wconf 84' lang='lat'><strong>11</strong></span> 
     </span>
    </p>
   </div>
   <div class='ocr_carea' id='block_1_4' title="bbox 950 661 3969 749">
    <p class='ocr_par' dir='ltr' id='par_1_4' title="bbox 950 661 3969 749">
     <span class='ocr_line' id='line_1_4' title="bbox 950 661 3969 749; baseline -0.002 -21"><span class='ocrx_word' id='word_1_13' title='bbox 950 666 1184 741; x_wconf 84' lang='lat' dir='ltr'><strong>Quaerit</strong></span> <span class='ocrx_word' id='word_1_14' title='bbox 1211 683 1465 749; x_wconf 89' lang='lat' dir='ltr'><strong>quoque</strong></span> <span class='ocrx_word' id='word_1_15' title='bbox 1492 663 1864 739; x_wconf 81' lang='lat' dir='ltr'><strong>RicharduS,</strong></span> <span class='ocrx_word' id='word_1_16' title='bbox 1896 684 1977 727; x_wconf 97' lang='lat' dir='ltr'><strong>an</strong></span> <span class='ocrx_word' id='word_1_17' title='bbox 2017 666 2185 728; x_wconf 90' lang='lat' dir='ltr'><strong>Deus</strong></span> <span class='ocrx_word' id='word_1_18' title='bbox 2220 681 2363 746; x_wconf 89' lang='lat' dir='ltr'><strong>pos·</strong></span> <span class='ocrx_word' id='word_1_19' title='bbox 2396 661 2447 728; x_wconf 84' lang='lat' dir='ltr'><strong>A</strong></span> <span class='ocrx_word' id='word_1_20' title='bbox 2475 662 2799 727; x_wconf 79' lang='lat' dir='ltr'><strong>remittere</strong></span> <span class='ocrx_word' id='word_1_21' title='bbox 2848 682 2963 745; x_wconf 92' lang='lat' dir='ltr'><strong>per</strong></span> <span class='ocrx_word' id='word_1_22' title='bbox 3000 662 3281 745; x_wconf 83' lang='lat' dir='ltr'><strong>aliquem</strong></span> <span class='ocrx_word' id='word_1_23' title='bbox 3322 662 3675 725; x_wconf 73' lang='lat' dir='ltr'><strong>ferventem</strong></span> <span class='ocrx_word' id='word_1_24' title='bbox 3720 667 3969 724; x_wconf 90' lang='lat' dir='ltr'><strong>motum</strong></span> 
     </span>
    </p>
   </div>
   <div class='ocr_carea' id='block_1_5' title="bbox 867 762 2370 1433">
    <p class='ocr_par' dir='ltr' id='par_1_5' title="bbox 867 762 2370 1433">
     <span class='ocr_line' id='line_1_5' title="bbox 869 762 2369 847; baseline -0.002 -20"><span class='ocrx_word' id='word_1_25' title='bbox 869 772 966 827; x_wconf 89' lang='lat' dir='ltr'><strong>set</strong></span> <span class='ocrx_word' id='word_1_26' title='bbox 994 765 1240 829; x_wconf 89' lang='lat' dir='ltr'><strong>homini</strong></span> <span class='ocrx_word' id='word_1_27' title='bbox 1272 765 1594 828; x_wconf 80' lang='lat' dir='ltr'><strong>dimittere</strong></span> <span class='ocrx_word' id='word_1_28' title='bbox 1627 764 1882 847; x_wconf 90' lang='lat' dir='ltr'><strong>culpam</strong></span> <span class='ocrx_word' id='word_1_29' title='bbox 1924 764 2257 827; x_wconf 75' lang='lat' dir='ltr'><strong>mortalem</strong></span> <span class='ocrx_word' id='word_1_30' title='bbox 2288 762 2369 825; x_wconf 90' lang='lat' dir='ltr'><strong>si-</strong></span> 
     </span>
     <span class='ocr_line' id='line_1_6' title="bbox 868 860 2369 946; baseline -0.003 -20"><span class='ocrx_word' id='word_1_31' title='bbox 868 882 950 926; x_wconf 90' lang='lat' dir='ltr'><strong>ne</strong></span> <span class='ocrx_word' id='word_1_32' title='bbox 999 864 1202 946; x_wconf 89' lang='lat' dir='ltr'><strong>ipsius</strong></span> <span class='ocrx_word' id='word_1_33' title='bbox 1252 863 1632 928; x_wconf 81' lang='lat' dir='ltr'><strong>contritione</strong></span> <span class='ocrx_word' id='word_1_34' title='bbox 1679 870 1745 926; x_wconf 92' lang='grc'><strong>66</strong></span> <span class='ocrx_word' id='word_1_35' title='bbox 1789 862 2241 925; x_wconf 80' lang='lat' dir='ltr'><strong>satisfactione.</strong></span> <span class='ocrx_word' id='word_1_36' title='bbox 2291 860 2369 922; x_wconf 90' lang='lat' dir='ltr'><strong>Et</strong></span> 
     </span>
     <span class='ocr_line' id='line_1_7' title="bbox 867 960 2370 1044; baseline -0.001 -22"><span class='ocrx_word' id='word_1_37' title='bbox 867 961 1224 1043; x_wconf 88' lang='lat' dir='ltr'><strong>respondet,</strong></span> <span class='ocrx_word' id='word_1_38' title='bbox 1238 962 1408 1044; x_wconf 89' lang='lat' dir='ltr'><strong>quod</strong></span> <span class='ocrx_word' id='word_1_39' title='bbox 1438 961 1518 1023; x_wconf 94' lang='lat' dir='ltr'><strong>de</strong></span> <span class='ocrx_word' id='word_1_40' title='bbox 1549 960 1686 1042; x_wconf 87' lang='lat' dir='ltr'><strong>lege</strong></span> <span class='ocrx_word' id='word_1_41' title='bbox 1717 960 2039 1023; x_wconf 88' lang='lat' dir='ltr'><strong>communi</strong></span> <span class='ocrx_word' id='word_1_42' title='bbox 2071 977 2199 1023; x_wconf 93' lang='lat' dir='ltr'><strong>non</strong></span> <span class='ocrx_word' id='word_1_43' title='bbox 2230 976 2370 1042; x_wconf 89' lang='lat' dir='ltr'><strong>pos-</strong></span> 
     </span>
     <span class='ocr_line' id='line_1_8' title="bbox 869 1057 2369 1141; baseline -0.001 -20"><span class='ocrx_word' id='word_1_44' title='bbox 869 1059 953 1121; x_wconf 89' lang='lat' dir='ltr'><strong>sit</strong></span> <span class='ocrx_word' id='word_1_45' title='bbox 995 1060 1116 1122; x_wconf 92' lang='lat' dir='ltr'><strong>boc</strong></span> <span class='ocrx_word' id='word_1_46' title='bbox 1162 1059 1328 1133; x_wconf 88' lang='lat' dir='ltr'><strong>fieri,</strong></span> <span class='ocrx_word' id='word_1_47' title='bbox 1373 1078 1575 1140; x_wconf 90' lang='lat' dir='ltr'><strong>quum</strong></span> <span class='ocrx_word' id='word_1_48' title='bbox 1619 1067 1932 1141; x_wconf 84' lang='lat' dir='ltr'><strong>repugnet</strong></span> <span class='ocrx_word' id='word_1_49' title='bbox 1971 1058 2235 1121; x_wconf 87' lang='lat' dir='ltr'><strong>omuino</strong></span> <span class='ocrx_word' id='word_1_50' title='bbox 2269 1057 2369 1138; x_wconf 86' lang='lat' dir='ltr'><strong>ju·</strong></span> 
     </span>
     <span class='ocr_line' id='line_1_9' title="bbox 869 1156 2367 1239; baseline -0.002 -19"><span class='ocrx_word' id='word_1_51' title='bbox 869 1156 1076 1220; x_wconf 82' lang='lat' dir='ltr'><strong>stitiae.</strong></span> <span class='ocrx_word' id='word_1_52' title='bbox 1110 1157 1468 1239; x_wconf 87' lang='lat' dir='ltr'><strong>Dicuntque</strong></span> <span class='ocrx_word' id='word_1_53' title='bbox 1498 1157 1720 1238; x_wconf 82' lang='lat' dir='ltr'><strong>aliqui,</strong></span> <span class='ocrx_word' id='word_1_54' title='bbox 1755 1158 1922 1239; x_wconf 92' lang='lat' dir='ltr'><strong>quod</strong></span> <span class='ocrx_word' id='word_1_55' title='bbox 1955 1175 2072 1219; x_wconf 89' lang='lat' dir='ltr'><strong>nec</strong></span> <span class='ocrx_word' id='word_1_56' title='bbox 2109 1156 2189 1219; x_wconf 89' lang='lat' dir='ltr'><strong>de</strong></span> <span class='ocrx_word' id='word_1_57' title='bbox 2229 1156 2367 1237; x_wconf 88' lang='lat' dir='ltr'><strong>lege</strong></span> 
     </span>
     <span class='ocr_line' id='line_1_10' title="bbox 869 1254 2367 1338; baseline -0.001 -21"><span class='ocrx_word' id='word_1_58' title='bbox 869 1254 1133 1336; x_wconf 88' lang='lat' dir='ltr'><strong>speciali</strong></span> <span class='ocrx_word' id='word_1_59' title='bbox 1181 1255 1381 1338; x_wconf 89' lang='lat' dir='ltr'><strong>possit</strong></span> <span class='ocrx_word' id='word_1_60' title='bbox 1425 1256 1544 1317; x_wconf 88' lang='lat' dir='ltr'><strong>hoc</strong></span> <span class='ocrx_word' id='word_1_61' title='bbox 1587 1254 1754 1329; x_wconf 90' lang='lat' dir='ltr'><strong>fieri,</strong></span> <span class='ocrx_word' id='word_1_62' title='bbox 1803 1256 1954 1337; x_wconf 91' lang='lat' dir='ltr'><strong>quia</strong></span> <span class='ocrx_word' id='word_1_63' title='bbox 1997 1255 2187 1337; x_wconf 92' lang='lat' dir='ltr'><strong>culpa</strong></span> <span class='ocrx_word' id='word_1_64' title='bbox 2228 1254 2367 1316; x_wconf 87' lang='lat' dir='ltr'><strong>sine</strong></span> 
     </span>
     <span class='ocr_line' id='line_1_11' title="bbox 868 1351 2367 1433; baseline 0.001 -20"><span class='ocrx_word' id='word_1_65' title='bbox 868 1353 1084 1433; x_wconf 80' lang='lat' dir='ltr'><strong>gratiae</strong></span> <span class='ocrx_word' id='word_1_66' title='bbox 1141 1352 1464 1416; x_wconf 77' lang='lat' dir='ltr'><strong>infusione</strong></span> <span class='ocrx_word' id='word_1_67' title='bbox 1524 1371 1650 1415; x_wconf 94' lang='lat' dir='ltr'><strong>non</strong></span> <span class='ocrx_word' id='word_1_68' title='bbox 1706 1352 2090 1431; x_wconf 73' lang='lat' dir='ltr'><strong>dimittitur-3</strong></span> <span class='ocrx_word' id='word_1_69' title='bbox 2151 1351 2367 1433; x_wconf 79' lang='lat' dir='ltr'><strong>gratiae</strong></span> 
     </span>
    </p>
   </div>
   <div class='ocr_carea' id='block_1_6' title="bbox 871 1450 2383 1533">
    <p class='ocr_par' dir='ltr' id='par_1_6' title="bbox 871 1450 2383 1533">
     <span class='ocr_line' id='line_1_12' title="bbox 871 1450 2383 1533; baseline -0.001 -21"><span class='ocrx_word' id='word_1_70' title='bbox 871 1469 1025 1514; x_wconf 91' lang='lat' dir='ltr'><strong>vero</strong></span> <span class='ocrx_word' id='word_1_71' title='bbox 1059 1452 1224 1514; x_wconf 84' lang='lat' dir='ltr'><strong>obex</strong></span> <span class='ocrx_word' id='word_1_72' title='bbox 1264 1469 1390 1514; x_wconf 92' lang='lat' dir='ltr'><strong>non</strong></span> <span class='ocrx_word' id='word_1_73' title='bbox 1432 1458 1640 1533; x_wconf 91' lang='lat' dir='ltr'><strong>potest</strong></span> <span class='ocrx_word' id='word_1_74' title='bbox 1675 1450 1914 1513; x_wconf 89' lang='lat' dir='ltr'><strong>auferri</strong></span> <span class='ocrx_word' id='word_1_75' title='bbox 1955 1451 2094 1513; x_wconf 89' lang='lat' dir='ltr'><strong>siue</strong></span> <span class='ocrx_word' id='word_1_76' title='bbox 2134 1450 2383 1513; x_wconf 83' lang='lat' dir='ltr'><strong>contri-&#39;</strong></span> 
     </span>
    </p>
   </div>
   <div class='ocr_carea' id='block_1_7' title="bbox 869 1548 2368 1827">
    <p class='ocr_par' dir='ltr' id='par_1_7' title="bbox 869 1548 2368 1827">
     <span class='ocr_line' id='line_1_13' title="bbox 869 1548 2365 1631; baseline -0.001 -21"><span class='ocrx_word' id='word_1_77' title='bbox 869 1549 1064 1622; x_wconf 90' lang='lat' dir='ltr'><strong>tione,</strong></span> <span class='ocrx_word' id='word_1_78' title='bbox 1115 1569 1259 1631; x_wconf 80' lang='lat' dir='ltr'><strong>quae</strong></span> <span class='ocrx_word' id='word_1_79' title='bbox 1317 1557 1413 1612; x_wconf 89' lang='lat' dir='ltr'><strong>est</strong></span> <span class='ocrx_word' id='word_1_80' title='bbox 1469 1549 1818 1613; x_wconf 79' lang='lat' dir='ltr'><strong>satisfactio</strong></span> <span class='ocrx_word' id='word_1_81' title='bbox 1875 1550 2184 1631; x_wconf 82' lang='lat' dir='ltr'><strong>quaedam.</strong></span> <span class='ocrx_word' id='word_1_82' title='bbox 2244 1548 2365 1611; x_wconf 92' lang='lat' dir='ltr'><strong>Sed</strong></span> 
     </span>
     <span class='ocr_line' id='line_1_14' title="bbox 869 1645 2366 1730; baseline 0.001 -23"><span class='ocrx_word' id='word_1_83' title='bbox 869 1646 1130 1728; x_wconf 90' lang='lat' dir='ltr'><strong>quidam</strong></span> <span class='ocrx_word' id='word_1_84' title='bbox 1189 1647 1412 1709; x_wconf 89' lang='lat' dir='ltr'><strong>dicunt</strong></span> <span class='ocrx_word' id='word_1_85' title='bbox 1467 1647 1856 1710; x_wconf 88' lang='lat' dir='ltr'><strong>contrarium</strong></span> <span class='ocrx_word' id='word_1_86' title='bbox 1911 1665 1925 1708; x_wconf 90' lang='lat'>:</span> <span class='ocrx_word' id='word_1_87' title='bbox 1986 1648 2140 1730; x_wconf 90' lang='lat' dir='ltr'><strong>quia</strong></span> <span class='ocrx_word' id='word_1_88' title='bbox 2197 1645 2366 1727; x_wconf 88' lang='lat' dir='ltr'><strong>quod</strong></span> 
     </span>
     <span class='ocr_line' id='line_1_15' title="bbox 869 1744 2368 1827; baseline 0 -22"><span class='ocrx_word' id='word_1_89' title='bbox 869 1744 1036 1807; x_wconf 91' lang='lat' dir='ltr'><strong>Deus</strong></span> <span class='ocrx_word' id='word_1_90' title='bbox 1082 1752 1290 1827; x_wconf 87' lang='lat' dir='ltr'><strong>potest</strong></span> <span class='ocrx_word' id='word_1_91' title='bbox 1332 1763 1447 1826; x_wconf 92' lang='lat' dir='ltr'><strong>per</strong></span> <span class='ocrx_word' id='word_1_92' title='bbox 1491 1764 1747 1807; x_wconf 90' lang='lat' dir='ltr'><strong>causam</strong></span> <span class='ocrx_word' id='word_1_93' title='bbox 1785 1745 2131 1808; x_wconf 89' lang='lat' dir='ltr'><strong>secundam</strong></span> <span class='ocrx_word' id='word_1_94' title='bbox 2172 1753 2236 1806; x_wconf 89' lang='lat' dir='ltr'><strong>et</strong></span> <span class='ocrx_word' id='word_1_95' title='bbox 2273 1744 2368 1805; x_wconf 89' lang='grc'><strong>111-</strong></span> 
     </span>
    </p>
   </div>
   <div class='ocr_carea' id='block_1_8' title="bbox 2474 761 3979 1823">
    <p class='ocr_par' dir='ltr' id='par_1_8' title="bbox 2474 761 3979 1823">
     <span class='ocr_line' id='line_1_16' title="bbox 2474 761 3973 843; baseline -0.002 -19"><span class='ocrx_word' id='word_1_96' title='bbox 2474 761 2835 826; x_wconf 86' lang='grc'><strong>(111666161113</strong></span> <span class='ocrx_word' id='word_1_97' title='bbox 2884 763 2951 824; x_wconf 91' lang='grc'><strong>111</strong></span> <span class='ocrx_word' id='word_1_98' title='bbox 2999 762 3225 837; x_wconf 89' lang='lat' dir='ltr'><strong>Deum,</strong></span> <span class='ocrx_word' id='word_1_99' title='bbox 3271 761 3513 843; x_wconf 78' lang='lat' dir='ltr'><strong>absque</strong></span> <span class='ocrx_word' id='word_1_100' title='bbox 3562 776 3973 843; x_wconf 89' lang='lat' dir='ltr'><strong>quocumque</strong></span> 
     </span>
     <span class='ocr_line' id='line_1_17' title="bbox 2475 856 3975 943; baseline -0.001 -21"><span class='ocrx_word' id='word_1_101' title='bbox 2475 868 2621 923; x_wconf 88' lang='lat' dir='ltr'><strong>actu</strong></span> <span class='ocrx_word' id='word_1_102' title='bbox 2666 858 2989 943; x_wconf 83' lang='lat' dir='ltr'><strong>praedicto,</strong></span> <span class='ocrx_word' id='word_1_103' title='bbox 3022 868 3280 943; x_wconf 90' lang='lat' dir='ltr'><strong>sumpto</strong></span> <span class='ocrx_word' id='word_1_104' title='bbox 3319 859 3440 921; x_wconf 89' lang='lat' dir='ltr'><strong>sub</strong></span> <span class='ocrx_word' id='word_1_105' title='bbox 3483 858 3743 941; x_wconf 88' lang='lat' dir='ltr'><strong>propria</strong></span> <span class='ocrx_word' id='word_1_106' title='bbox 3784 856 3975 921; x_wconf 87' lang='lat' dir='ltr'><strong>ratio-</strong></span> 
     </span>
     <span class='ocr_line' id='line_1_18' title="bbox 2479 955 3973 1040; baseline -0.001 -21"><span class='ocrx_word' id='word_1_107' title='bbox 2479 976 2560 1020; x_wconf 91' lang='lat' dir='ltr'><strong>ne</strong></span> <span class='ocrx_word' id='word_1_108' title='bbox 2604 976 2618 1019; x_wconf 90' lang='lat'>:</span> <span class='ocrx_word' id='word_1_109' title='bbox 2664 963 2819 1040; x_wconf 91' lang='lat' dir='ltr'><strong>puta</strong></span> <span class='ocrx_word' id='word_1_110' title='bbox 2858 958 2923 1019; x_wconf 88' lang='lat' dir='ltr'><strong>in</strong></span> <span class='ocrx_word' id='word_1_111' title='bbox 2962 964 3111 1020; x_wconf 87' lang='lat' dir='ltr'><strong>actu</strong></span> <span class='ocrx_word' id='word_1_112' title='bbox 3148 956 3419 1020; x_wconf 90' lang='lat' dir='ltr'><strong>fervoris</strong></span> <span class='ocrx_word' id='word_1_113' title='bbox 3465 957 3545 1019; x_wconf 91' lang='lat' dir='ltr'><strong>ad</strong></span> <span class='ocrx_word' id='word_1_114' title='bbox 3594 955 3973 1038; x_wconf 80' lang='lat' dir='ltr'><strong>martyrium</strong></span> 
     </span>
     <span class='ocr_line' id='line_1_19' title="bbox 2478 1054 3979 1138; baseline -0.004 -19"><span class='ocrx_word' id='word_1_115' title='bbox 2478 1056 2692 1125; x_wconf 79' lang='lat' dir='ltr'><strong>statim</strong></span> <span class='ocrx_word' id='word_1_116' title='bbox 2731 1056 3237 1138; x_wconf 88' lang='lat' dir='ltr'><strong>suscipiendum,</strong></span> <span class='ocrx_word' id='word_1_117' title='bbox 3280 1055 3390 1118; x_wconf 93' lang='lat' dir='ltr'><strong>ubi</strong></span> <span class='ocrx_word' id='word_1_118' title='bbox 3432 1054 3595 1117; x_wconf 86' lang='lat' dir='ltr'><strong>forte</strong></span> <span class='ocrx_word' id='word_1_119' title='bbox 3634 1072 3763 1117; x_wconf 94' lang='lat' dir='ltr'><strong>non</strong></span> <span class='ocrx_word' id='word_1_120' title='bbox 3804 1060 3979 1117; x_wconf 89' lang='lat' dir='ltr'><strong>esset</strong></span> 
     </span>
     <span class='ocr_line' id='line_1_20' title="bbox 2478 1152 3976 1236; baseline -0.003 -19"><span class='ocrx_word' id='word_1_121' title='bbox 2478 1154 2773 1235; x_wconf 82' lang='lat' dir='ltr'><strong>cogitatio</strong></span> <span class='ocrx_word' id='word_1_122' title='bbox 2822 1154 2901 1216; x_wconf 92' lang='lat' dir='ltr'><strong>de</strong></span> <span class='ocrx_word' id='word_1_123' title='bbox 2948 1153 3165 1236; x_wconf 88' lang='lat' dir='ltr'><strong>aliquo</strong></span> <span class='ocrx_word' id='word_1_124' title='bbox 3212 1152 3463 1216; x_wconf 89' lang='lat' dir='ltr'><strong>mortali</strong></span> <span class='ocrx_word' id='word_1_125' title='bbox 3521 1159 3803 1235; x_wconf 87' lang='lat' dir='ltr'><strong>peccato,</strong></span> <span class='ocrx_word' id='word_1_126' title='bbox 3854 1170 3976 1213; x_wconf 89' lang='lat' dir='ltr'><strong>nec</strong></span> 
     </span>
     <span class='ocr_line' id='line_1_21' title="bbox 2477 1250 3977 1335; baseline -0.003 -21"><span class='ocrx_word' id='word_1_127' title='bbox 2477 1271 2593 1335; x_wconf 87' lang='lat' dir='ltr'><strong>per</strong></span> <span class='ocrx_word' id='word_1_128' title='bbox 2642 1270 3041 1334; x_wconf 89' lang='lat' dir='ltr'><strong>consequens</strong></span> <span class='ocrx_word' id='word_1_129' title='bbox 3086 1251 3345 1335; x_wconf 87' lang='lat' dir='ltr'><strong>aliquod</strong></span> <span class='ocrx_word' id='word_1_130' title='bbox 3390 1250 3699 1334; x_wconf 90' lang='lat' dir='ltr'><strong>poenitere</strong></span> <span class='ocrx_word' id='word_1_131' title='bbox 3746 1250 3977 1332; x_wconf 79' lang='lat' dir='ltr'><strong>praedi-</strong></span> 
     </span>
     <span class='ocr_line' id='line_1_22' title="bbox 2479 1348 3976 1433; baseline -0.001 -22"><span class='ocrx_word' id='word_1_132' title='bbox 2479 1358 2697 1429; x_wconf 91' lang='lat' dir='ltr'><strong>ctum;</strong></span> <span class='ocrx_word' id='word_1_133' title='bbox 2737 1357 2803 1412; x_wconf 90' lang='lat' dir='ltr'><strong>et</strong></span> <span class='ocrx_word' id='word_1_134' title='bbox 2842 1351 2963 1413; x_wconf 89' lang='lat' dir='ltr'><strong>hoc</strong></span> <span class='ocrx_word' id='word_1_135' title='bbox 2999 1350 3375 1424; x_wconf 83' lang='lat' dir='ltr'><strong>formaliter,</strong></span> <span class='ocrx_word' id='word_1_136' title='bbox 3408 1348 3704 1433; x_wconf 87' lang='lat' dir='ltr'><strong>quamvis</strong></span> <span class='ocrx_word' id='word_1_137' title='bbox 3736 1348 3976 1410; x_wconf 88' lang='lat' dir='ltr'><strong>virtua-</strong></span> 
     </span>
     <span class='ocr_line' id='line_1_23' title="bbox 2478 1446 3977 1530; baseline -0.001 -21"><span class='ocrx_word' id='word_1_138' title='bbox 2478 1448 2625 1510; x_wconf 88' lang='lat' dir='ltr'><strong>liter</strong></span> <span class='ocrx_word' id='word_1_139' title='bbox 2655 1448 2719 1510; x_wconf 90' lang='lat' dir='ltr'><strong>in</strong></span> <span class='ocrx_word' id='word_1_140' title='bbox 2752 1448 2863 1510; x_wconf 91' lang='lat' dir='ltr'><strong>illo</strong></span> <span class='ocrx_word' id='word_1_141' title='bbox 2889 1456 3035 1511; x_wconf 89' lang='lat' dir='ltr'><strong>actu</strong></span> <span class='ocrx_word' id='word_1_142' title='bbox 3073 1455 3242 1511; x_wconf 90' lang='lat' dir='ltr'><strong>esset</strong></span> <span class='ocrx_word' id='word_1_143' title='bbox 3279 1448 3613 1530; x_wconf 85' lang='lat' dir='ltr'><strong>poenitere:</strong></span> <span class='ocrx_word' id='word_1_144' title='bbox 3646 1448 3865 1529; x_wconf 83' lang='lat' dir='ltr'><strong>Itaque</strong></span> <span class='ocrx_word' id='word_1_145' title='bbox 3896 1446 3977 1508; x_wconf 90' lang='lat' dir='ltr'><strong>ad</strong></span> 
     </span>
     <span class='ocr_line' id='line_1_24' title="bbox 2478 1545 3977 1629; baseline -0.001 -22"><span class='ocrx_word' id='word_1_146' title='bbox 2478 1546 2863 1609; x_wconf 90' lang='lat' dir='ltr'><strong>deletionem</strong></span> <span class='ocrx_word' id='word_1_147' title='bbox 2904 1547 3111 1629; x_wconf 83' lang='lat' dir='ltr'><strong>culpae</strong></span> <span class='ocrx_word' id='word_1_148' title='bbox 3146 1545 3523 1626; x_wconf 82' lang='lat' dir='ltr'><strong>regulariter</strong></span> <span class='ocrx_word' id='word_1_149' title='bbox 3567 1562 3828 1608; x_wconf 85' lang='lat' dir='ltr'><strong>necesse</strong></span> <span class='ocrx_word' id='word_1_150' title='bbox 3877 1552 3977 1606; x_wconf 90' lang='lat' dir='ltr'><strong>est</strong></span> 
     </span>
     <span class='ocr_line' id='line_1_25' title="bbox 2479 1642 3977 1725; baseline -0.002 -18"><span class='ocrx_word' id='word_1_151' title='bbox 2479 1644 2807 1725; x_wconf 90' lang='lat' dir='ltr'><strong>poenitere.</strong></span> <span class='ocrx_word' id='word_1_152' title='bbox 2862 1645 2935 1707; x_wconf 90' lang='lat' dir='ltr'><strong>Et</strong></span> <span class='ocrx_word' id='word_1_153' title='bbox 2985 1644 3127 1707; x_wconf 91' lang='lat' dir='ltr'><strong>dico</strong></span> <span class='ocrx_word' id='word_1_154' title='bbox 3171 1644 3545 1725; x_wconf 80' lang='lat' dir='ltr'><strong>regulariter</strong></span> <span class='ocrx_word' id='word_1_155' title='bbox 3587 1642 3756 1717; x_wconf 90' lang='lat' dir='ltr'><strong>fieri,</strong></span> <span class='ocrx_word' id='word_1_156' title='bbox 3800 1642 3977 1724; x_wconf 89' lang='lat' dir='ltr'><strong>quod</strong></span> 
     </span>
     <span class='ocr_line' id='line_1_26' title="bbox 2476 1740 3979 1823; baseline -0.002 -20"><span class='ocrx_word' id='word_1_157' title='bbox 2476 1741 2556 1803; x_wconf 82' lang='lat' dir='ltr'><strong>fit</strong></span> <span class='ocrx_word' id='word_1_158' title='bbox 2604 1744 2957 1805; x_wconf 87' lang='lat' dir='ltr'><strong>secundum</strong></span> <span class='ocrx_word' id='word_1_159' title='bbox 3014 1741 3265 1823; x_wconf 87' lang='lat' dir='ltr'><strong>regulas</strong></span> <span class='ocrx_word' id='word_1_160' title='bbox 3316 1760 3355 1803; x_wconf 91' lang='lat' dir='ltr'><strong>a</strong></span> <span class='ocrx_word' id='word_1_161' title='bbox 3398 1741 3617 1805; x_wconf 88' lang='lat' dir='ltr'><strong>divina</strong></span> <span class='ocrx_word' id='word_1_162' title='bbox 3663 1740 3979 1823; x_wconf 84' lang='lat' dir='ltr'><strong>sapientia</strong></span> 
     </span>
    </p>
   </div>
   <div class='ocr_carea' id='block_1_9' title="bbox 867 1838 3978 1925">
    <p class='ocr_par' dir='ltr' id='par_1_9' title="bbox 867 1838 3978 1925">
     <span class='ocr_line' id='line_1_27' title="bbox 867 1838 3978 1925; baseline -0.001 -20"><span class='ocrx_word' id='word_1_163' title='bbox 867 1844 1375 1919; x_wconf 88' lang='lat' dir='ltr'><strong>strumentalem,</strong></span> <span class='ocrx_word' id='word_1_164' title='bbox 1435 1852 1642 1925; x_wconf 89' lang='lat' dir='ltr'><strong>potest</strong></span> <span class='ocrx_word' id='word_1_165' title='bbox 1699 1844 2066 1906; x_wconf 85' lang='lat' dir='ltr'><strong>immediate</strong></span> <span class='ocrx_word' id='word_1_166' title='bbox 2126 1860 2243 1924; x_wconf 86' lang='lat' dir='ltr'><strong>per</strong></span> <span class='ocrx_word' id='word_1_167' title='bbox 2298 1860 2368 1905; x_wconf 91' lang='grc'><strong>36</strong></span> <span class='ocrx_word' id='word_1_168' title='bbox 2404 1838 2450 1900; x_wconf 87' lang='grc' dir='ltr'>Β</span> <span class='ocrx_word' id='word_1_169' title='bbox 2478 1840 2929 1903; x_wconf 84' lang='lat' dir='ltr'><strong>determinatas</strong></span> <span class='ocrx_word' id='word_1_170' title='bbox 2963 1858 2977 1903; x_wconf 93' lang='lat'>:</span> <span class='ocrx_word' id='word_1_171' title='bbox 3012 1859 3284 1922; x_wconf 89' lang='lat' dir='ltr'><strong>quarum</strong></span> <span class='ocrx_word' id='word_1_172' title='bbox 3314 1839 3450 1902; x_wconf 82' lang='lat' dir='ltr'><strong>haec</strong></span> <span class='ocrx_word' id='word_1_173' title='bbox 3488 1858 3617 1902; x_wconf 90' lang='lat' dir='ltr'><strong>una</strong></span> <span class='ocrx_word' id='word_1_174' title='bbox 3652 1847 3771 1913; x_wconf 88' lang='grc'><strong>636,</strong></span> <span class='ocrx_word' id='word_1_175' title='bbox 3803 1839 3978 1923; x_wconf 90' lang='lat' dir='ltr'><strong>quod</strong></span> 
     </span>
    </p>
   </div>
   <div class='ocr_carea' id='block_1_10' title="bbox 865 1940 2371 3003">
    <p class='ocr_par' dir='ltr' id='par_1_10' title="bbox 865 1940 2371 2691">
     <span class='ocr_line' id='line_1_28' title="bbox 869 1940 2370 2024; baseline 0 -22"><span class='ocrx_word' id='word_1_176' title='bbox 869 1941 1103 2024; x_wconf 88' lang='lat' dir='ltr'><strong>ipsum.</strong></span> <span class='ocrx_word' id='word_1_177' title='bbox 1147 1942 1299 2005; x_wconf 81' lang='lat' dir='ltr'><strong>Mihi</strong></span> <span class='ocrx_word' id='word_1_178' title='bbox 1345 1959 1498 2005; x_wconf 90' lang='lat' dir='ltr'><strong>vero</strong></span> <span class='ocrx_word' id='word_1_179' title='bbox 1538 1940 1655 2023; x_wconf 89' lang='lat' dir='ltr'><strong>(ait</strong></span> <span class='ocrx_word' id='word_1_180' title='bbox 1698 1942 2078 2022; x_wconf 87' lang='lat' dir='ltr'><strong>Richardus)</strong></span> <span class='ocrx_word' id='word_1_181' title='bbox 2114 1941 2370 2004; x_wconf 87' lang='lat' dir='ltr'><strong>videtur</strong></span> 
     </span>
     <span class='ocr_line' id='line_1_29' title="bbox 868 2039 2365 2122; baseline 0 -21"><span class='ocrx_word' id='word_1_182' title='bbox 868 2040 1039 2121; x_wconf 91' lang='lat' dir='ltr'><strong>quod</strong></span> <span class='ocrx_word' id='word_1_183' title='bbox 1079 2040 1300 2122; x_wconf 92' lang='lat' dir='ltr'><strong>impio,</strong></span> <span class='ocrx_word' id='word_1_184' title='bbox 1334 2040 1640 2121; x_wconf 91' lang='lat' dir='ltr'><strong>quamdiu</strong></span> <span class='ocrx_word' id='word_1_185' title='bbox 1679 2046 1776 2103; x_wconf 88' lang='lat' dir='ltr'><strong>est</strong></span> <span class='ocrx_word' id='word_1_186' title='bbox 1815 2040 1878 2101; x_wconf 89' lang='lat' dir='ltr'><strong>in</strong></span> <span class='ocrx_word' id='word_1_187' title='bbox 1918 2048 2064 2101; x_wconf 89' lang='lat' dir='ltr'><strong>actu</strong></span> <span class='ocrx_word' id='word_1_188' title='bbox 2095 2039 2365 2121; x_wconf 89' lang='lat' dir='ltr'><strong>peccati,</strong></span> 
     </span>
     <span class='ocr_line' id='line_1_30' title="bbox 865 2136 2368 2220; baseline 0 -21"><span class='ocrx_word' id='word_1_189' title='bbox 865 2137 1068 2219; x_wconf 86' lang='lat' dir='ltr'><strong>gratia</strong></span> <span class='ocrx_word' id='word_1_190' title='bbox 1116 2155 1245 2201; x_wconf 93' lang='lat' dir='ltr'><strong>non</strong></span> <span class='ocrx_word' id='word_1_191' title='bbox 1294 2139 1497 2220; x_wconf 90' lang='lat' dir='ltr'><strong>possit</strong></span> <span class='ocrx_word' id='word_1_192' title='bbox 1543 2136 1820 2212; x_wconf 87' lang='lat' dir='ltr'><strong>infundi,</strong></span> <span class='ocrx_word' id='word_1_193' title='bbox 1871 2156 1990 2200; x_wconf 91' lang='lat' dir='ltr'><strong>nec</strong></span> <span class='ocrx_word' id='word_1_194' title='bbox 2039 2136 2229 2220; x_wconf 88' lang='lat' dir='ltr'><strong>culpa</strong></span> <span class='ocrx_word' id='word_1_195' title='bbox 2274 2137 2368 2199; x_wconf 90' lang='lat' dir='ltr'><strong>di-</strong></span> 
     </span>
     <span class='ocr_line' id='line_1_31' title="bbox 869 2235 2365 2318; baseline 0 -21"><span class='ocrx_word' id='word_1_196' title='bbox 869 2235 1078 2314; x_wconf 85' lang='lat' dir='ltr'><strong>mitti3</strong></span> <span class='ocrx_word' id='word_1_197' title='bbox 1125 2236 1236 2297; x_wconf 88' lang='lat' dir='ltr'><strong>sed</strong></span> <span class='ocrx_word' id='word_1_198' title='bbox 1287 2235 1354 2298; x_wconf 89' lang='lat' dir='ltr'><strong>in</strong></span> <span class='ocrx_word' id='word_1_199' title='bbox 1404 2253 1628 2299; x_wconf 88' lang='lat' dir='ltr'><strong>somno</strong></span> <span class='ocrx_word' id='word_1_200' title='bbox 1678 2236 1796 2298; x_wconf 90' lang='lat' dir='ltr'><strong>boc</strong></span> <span class='ocrx_word' id='word_1_201' title='bbox 1842 2235 1988 2298; x_wconf 84' lang='lat' dir='ltr'><strong>fieri</strong></span> <span class='ocrx_word' id='word_1_202' title='bbox 2032 2236 2091 2298; x_wconf 90' lang='lat' dir='ltr'><strong>ei</strong></span> <span class='ocrx_word' id='word_1_203' title='bbox 2136 2242 2365 2318; x_wconf 89' lang='lat' dir='ltr'><strong>potest,</strong></span> 
     </span>
     <span class='ocr_line' id='line_1_32' title="bbox 870 2333 2367 2416; baseline 0 -21"><span class='ocrx_word' id='word_1_204' title='bbox 870 2352 1069 2416; x_wconf 91' lang='lat' dir='ltr'><strong>quum</strong></span> <span class='ocrx_word' id='word_1_205' title='bbox 1113 2340 1269 2395; x_wconf 88' lang='lat' dir='ltr'><strong>tunc</strong></span> <span class='ocrx_word' id='word_1_206' title='bbox 1307 2333 1472 2396; x_wconf 92' lang='lat' dir='ltr'><strong>nihil</strong></span> <span class='ocrx_word' id='word_1_207' title='bbox 1510 2333 1859 2415; x_wconf 89' lang='lat' dir='ltr'><strong>positivum</strong></span> <span class='ocrx_word' id='word_1_208' title='bbox 1899 2334 1983 2397; x_wconf 88' lang='lat' dir='ltr'><strong>sit</strong></span> <span class='ocrx_word' id='word_1_209' title='bbox 2021 2334 2087 2395; x_wconf 88' lang='lat' dir='ltr'><strong>in</strong></span> <span class='ocrx_word' id='word_1_210' title='bbox 2124 2351 2204 2396; x_wconf 92' lang='lat' dir='ltr'><strong>eo</strong></span> <span class='ocrx_word' id='word_1_211' title='bbox 2242 2333 2367 2395; x_wconf 89' lang='lat' dir='ltr'><strong>nisi</strong></span> 
     </span>
     <span class='ocr_line' id='line_1_33' title="bbox 869 2430 2371 2513; baseline 0.001 -22"><span class='ocrx_word' id='word_1_212' title='bbox 869 2431 1040 2511; x_wconf 91' lang='lat' dir='ltr'><strong>quod</strong></span> <span class='ocrx_word' id='word_1_213' title='bbox 1071 2430 1312 2493; x_wconf 91' lang='lat' dir='ltr'><strong>bonum</strong></span> <span class='ocrx_word' id='word_1_214' title='bbox 1352 2438 1451 2493; x_wconf 88' lang='lat' dir='ltr'><strong>est</strong></span> <span class='ocrx_word' id='word_1_215' title='bbox 1487 2437 1553 2493; x_wconf 91' lang='lat' dir='ltr'><strong>et</strong></span> <span class='ocrx_word' id='word_1_216' title='bbox 1589 2450 1628 2494; x_wconf 89' lang='lat' dir='ltr'><strong>a</strong></span> <span class='ocrx_word' id='word_1_217' title='bbox 1663 2431 1814 2505; x_wconf 92' lang='lat' dir='ltr'><strong>Deo,</strong></span> <span class='ocrx_word' id='word_1_218' title='bbox 1846 2439 1912 2493; x_wconf 91' lang='lat' dir='ltr'><strong>et</strong></span> <span class='ocrx_word' id='word_1_219' title='bbox 1939 2431 2107 2513; x_wconf 93' lang='lat' dir='ltr'><strong>quod</strong></span> <span class='ocrx_word' id='word_1_220' title='bbox 2141 2437 2371 2512; x_wconf 81' lang='lat' dir='ltr'><strong>praeter</strong></span> 
     </span>
     <span class='ocr_line' id='line_1_34' title="bbox 869 2526 2365 2611; baseline 0.001 -22"><span class='ocrx_word' id='word_1_221' title='bbox 869 2526 992 2590; x_wconf 94' lang='lat' dir='ltr'><strong>hoc</strong></span> <span class='ocrx_word' id='word_1_222' title='bbox 1023 2528 1088 2590; x_wconf 94' lang='lat' dir='ltr'><strong>in</strong></span> <span class='ocrx_word' id='word_1_223' title='bbox 1124 2528 1264 2611; x_wconf 88' lang='lat' dir='ltr'><strong>ipso</strong></span> <span class='ocrx_word' id='word_1_224' title='bbox 1303 2536 1421 2603; x_wconf 88' lang='grc'><strong>636,</strong></span> <span class='ocrx_word' id='word_1_225' title='bbox 1457 2546 1582 2592; x_wconf 91' lang='lat' dir='ltr'><strong>non</strong></span> <span class='ocrx_word' id='word_1_226' title='bbox 1621 2536 1718 2591; x_wconf 90' lang='lat' dir='ltr'><strong>est</strong></span> <span class='ocrx_word' id='word_1_227' title='bbox 1756 2528 1880 2591; x_wconf 88' lang='lat' dir='ltr'><strong>nisi</strong></span> <span class='ocrx_word' id='word_1_228' title='bbox 1920 2528 2193 2611; x_wconf 87' lang='lat' dir='ltr'><strong>privatio</strong></span> <span class='ocrx_word' id='word_1_229' title='bbox 2231 2546 2365 2610; x_wconf 85' lang='lat' dir='ltr'><strong>gra-</strong></span> 
     </span>
     <span class='ocr_line' id='line_1_35' title="bbox 867 2626 2002 2691; baseline -0.001 -2"><span class='ocrx_word' id='word_1_230' title='bbox 867 2627 972 2690; x_wconf 82' lang='lat' dir='ltr'><strong>tiae</strong></span> <span class='ocrx_word' id='word_1_231' title='bbox 1013 2645 1086 2690; x_wconf 94' lang='grc'><strong>66</strong></span> <span class='ocrx_word' id='word_1_232' title='bbox 1129 2626 1404 2689; x_wconf 79' lang='lat' dir='ltr'><strong>virtutiS.</strong></span> <span class='ocrx_word' id='word_1_233' title='bbox 1447 2628 1592 2691; x_wconf 81' lang='lat' dir='ltr'><strong>Haec</strong></span> <span class='ocrx_word' id='word_1_234' title='bbox 1631 2626 2002 2690; x_wconf 84' lang='lat' dir='ltr'><strong>Richardus.</strong></span> 
     </span>
    </p>

    <p class='ocr_par' dir='ltr' id='par_1_11' title="bbox 866 2723 2371 3003">
     <span class='ocr_line' id='line_1_36' title="bbox 948 2723 2371 2807; baseline 0 -20"><span class='ocrx_word' id='word_1_235' title='bbox 948 2726 1027 2788; x_wconf 88' lang='lat' dir='ltr'><strong>At</strong></span> <span class='ocrx_word' id='word_1_236' title='bbox 1057 2742 1208 2788; x_wconf 90' lang='lat' dir='ltr'><strong>vero</strong></span> <span class='ocrx_word' id='word_1_237' title='bbox 1236 2726 1680 2789; x_wconf 87' lang='lat' dir='ltr'><strong>Bonaventura</strong></span> <span class='ocrx_word' id='word_1_238' title='bbox 1710 2725 2154 2807; x_wconf 91' lang='lat' dir='ltr'><strong>respondendo</strong></span> <span class='ocrx_word' id='word_1_239' title='bbox 2183 2725 2260 2788; x_wconf 86' lang='lat' dir='ltr'><strong>ad</strong></span> <span class='ocrx_word' id='word_1_240' title='bbox 2291 2723 2371 2787; x_wconf 91' lang='lat' dir='ltr'><strong>is-</strong></span> 
     </span>
     <span class='ocr_line' id='line_1_37' title="bbox 866 2821 2369 2905; baseline 0.001 -22"><span class='ocrx_word' id='word_1_241' title='bbox 866 2822 1004 2896; x_wconf 87' lang='lat' dir='ltr'><strong>tud,</strong></span> <span class='ocrx_word' id='word_1_242' title='bbox 1045 2841 1127 2885; x_wconf 88' lang='lat' dir='ltr'><strong>an</strong></span> <span class='ocrx_word' id='word_1_243' title='bbox 1170 2823 1361 2886; x_wconf 90' lang='lat' dir='ltr'><strong>bomo</strong></span> <span class='ocrx_word' id='word_1_244' title='bbox 1399 2830 1591 2905; x_wconf 88' lang='lat' dir='ltr'><strong>queat</strong></span> <span class='ocrx_word' id='word_1_245' title='bbox 1627 2822 2026 2886; x_wconf 89' lang='lat' dir='ltr'><strong>reconciliari</strong></span> <span class='ocrx_word' id='word_1_246' title='bbox 2070 2840 2145 2885; x_wconf 89' lang='lat' dir='ltr'><strong>ac</strong></span> <span class='ocrx_word' id='word_1_247' title='bbox 2187 2821 2369 2885; x_wconf 86' lang='lat' dir='ltr'><strong>satis-</strong></span> 
     </span>
     <span class='ocr_line' id='line_1_38' title="bbox 867 2919 2368 3003; baseline 0.001 -22"><span class='ocrx_word' id='word_1_248' title='bbox 867 2919 1078 2982; x_wconf 83' lang='lat' dir='ltr'><strong>facere</strong></span> <span class='ocrx_word' id='word_1_249' title='bbox 1108 2921 1260 2996; x_wconf 88' lang='lat' dir='ltr'><strong>Deo‚</strong></span> <span class='ocrx_word' id='word_1_250' title='bbox 1293 2921 1476 3003; x_wconf 89' lang='lat' dir='ltr'><strong>ponit</strong></span> <span class='ocrx_word' id='word_1_251' title='bbox 1503 2921 1662 2996; x_wconf 90' lang='lat' dir='ltr'><strong>duas</strong></span> <span class='ocrx_word' id='word_1_252' title='bbox 1693 2920 2161 3002; x_wconf 87' lang='lat' dir='ltr'><strong>responsiones,</strong></span> <span class='ocrx_word' id='word_1_253' title='bbox 2194 2920 2368 2982; x_wconf 90' lang='lat' dir='ltr'><strong>vide-</strong></span> 
     </span>
    </p>
   </div>
   <div class='ocr_carea' id='block_1_11' title="bbox 2476 1936 3983 3005">
    <p class='ocr_par' dir='ltr' id='par_1_12' title="bbox 2476 1936 3983 3005">
     <span class='ocr_line' id='line_1_39' title="bbox 2476 1936 3981 2019; baseline -0.001 -18"><span class='ocrx_word' id='word_1_254' title='bbox 2476 1946 2812 2019; x_wconf 89' lang='lat' dir='ltr'><strong>peccatum</strong></span> <span class='ocrx_word' id='word_1_255' title='bbox 2846 1938 3109 2002; x_wconf 88' lang='lat' dir='ltr'><strong>mortale</strong></span> <span class='ocrx_word' id='word_1_256' title='bbox 3140 1956 3267 2002; x_wconf 89' lang='lat' dir='ltr'><strong>uon</strong></span> <span class='ocrx_word' id='word_1_257' title='bbox 3298 1937 3655 2000; x_wconf 86' lang='lat' dir='ltr'><strong>dimittatur</strong></span> <span class='ocrx_word' id='word_1_258' title='bbox 3685 1936 3823 1999; x_wconf 91' lang='lat' dir='ltr'><strong>sine</strong></span> <span class='ocrx_word' id='word_1_259' title='bbox 3855 1937 3981 1999; x_wconf 90' lang='lat' dir='ltr'><strong>dis-</strong></span> 
     </span>
     <span class='ocr_line' id='line_1_40' title="bbox 2477 2036 3980 2119; baseline 0.001 -22"><span class='ocrx_word' id='word_1_260' title='bbox 2477 2036 2783 2118; x_wconf 90' lang='lat' dir='ltr'><strong>plicentia</strong></span> <span class='ocrx_word' id='word_1_261' title='bbox 2830 2038 2909 2099; x_wconf 92' lang='lat' dir='ltr'><strong>de</strong></span> <span class='ocrx_word' id='word_1_262' title='bbox 2956 2044 3219 2119; x_wconf 89' lang='lat' dir='ltr'><strong>peccato</strong></span> <span class='ocrx_word' id='word_1_263' title='bbox 3264 2036 3649 2115; x_wconf 83' lang='lat' dir='ltr'><strong>commiss03</strong></span> <span class='ocrx_word' id='word_1_264' title='bbox 3695 2055 3841 2118; x_wconf 79' lang='lat' dir='ltr'><strong>quae</strong></span> <span class='ocrx_word' id='word_1_265' title='bbox 3884 2054 3980 2098; x_wconf 87' lang='lat' dir='ltr'><strong>re-</strong></span> 
     </span>
     <span class='ocr_line' id='line_1_41' title="bbox 2476 2133 3979 2218; baseline -0.001 -21"><span class='ocrx_word' id='word_1_266' title='bbox 2476 2134 2626 2215; x_wconf 85' lang='lat' dir='ltr'><strong>gula</strong></span> <span class='ocrx_word' id='word_1_267' title='bbox 2664 2142 2759 2197; x_wconf 90' lang='lat' dir='ltr'><strong>est</strong></span> <span class='ocrx_word' id='word_1_268' title='bbox 2799 2134 3195 2198; x_wconf 89' lang='lat' dir='ltr'><strong>rationabilis</strong></span> <span class='ocrx_word' id='word_1_269' title='bbox 3226 2135 3431 2208; x_wconf 89' lang='lat' dir='ltr'><strong>valde,</strong></span> <span class='ocrx_word' id='word_1_270' title='bbox 3463 2135 3769 2218; x_wconf 88' lang='lat' dir='ltr'><strong>quoniam</strong></span> <span class='ocrx_word' id='word_1_271' title='bbox 3806 2133 3979 2197; x_wconf 89' lang='lat' dir='ltr'><strong>sicut</strong></span> 
     </span>
     <span class='ocr_line' id='line_1_42' title="bbox 2478 2232 3979 2315; baseline 0.001 -21"><span class='ocrx_word' id='word_1_272' title='bbox 2478 2241 2813 2315; x_wconf 88' lang='lat' dir='ltr'><strong>peccatum</strong></span> <span class='ocrx_word' id='word_1_273' title='bbox 2859 2233 3088 2297; x_wconf 86' lang='lat' dir='ltr'><strong>avertit</strong></span> <span class='ocrx_word' id='word_1_274' title='bbox 3134 2253 3171 2296; x_wconf 98' lang='lat' dir='ltr'><strong>a</strong></span> <span class='ocrx_word' id='word_1_275' title='bbox 3215 2232 3351 2296; x_wconf 89' lang='lat' dir='ltr'><strong>fine</strong></span> <span class='ocrx_word' id='word_1_276' title='bbox 3406 2240 3472 2296; x_wconf 92' lang='lat' dir='ltr'><strong>et</strong></span> <span class='ocrx_word' id='word_1_277' title='bbox 3532 2232 3849 2296; x_wconf 88' lang='lat' dir='ltr'><strong>convertit</strong></span> <span class='ocrx_word' id='word_1_278' title='bbox 3897 2233 3979 2295; x_wconf 89' lang='lat' dir='ltr'><strong>ad</strong></span> 
     </span>
     <span class='ocr_line' id='line_1_43' title="bbox 2479 2331 3977 2414; baseline 0.001 -22"><span class='ocrx_word' id='word_1_279' title='bbox 2479 2336 2855 2404; x_wconf 88' lang='lat' dir='ltr'><strong>creaturam,</strong></span> <span class='ocrx_word' id='word_1_280' title='bbox 2906 2332 2992 2394; x_wconf 90' lang='lat' dir='ltr'><strong>ita</strong></span> <span class='ocrx_word' id='word_1_281' title='bbox 3050 2331 3424 2395; x_wconf 88' lang='lat' dir='ltr'><strong>rationabile</strong></span> <span class='ocrx_word' id='word_1_282' title='bbox 3480 2338 3579 2394; x_wconf 91' lang='lat' dir='ltr'><strong>est</strong></span> <span class='ocrx_word' id='word_1_283' title='bbox 3624 2332 3795 2414; x_wconf 91' lang='lat' dir='ltr'><strong>quod</strong></span> <span class='ocrx_word' id='word_1_284' title='bbox 3845 2348 3977 2394; x_wconf 91' lang='lat' dir='ltr'><strong>non</strong></span> 
     </span>
     <span class='ocr_line' id='line_1_44' title="bbox 2478 2429 3983 2513; baseline 0 -22"><span class='ocrx_word' id='word_1_285' title='bbox 2478 2429 2765 2493; x_wconf 86' lang='lat' dir='ltr'><strong>deleatur</strong></span> <span class='ocrx_word' id='word_1_286' title='bbox 2794 2430 2917 2499; x_wconf 86' lang='lat' dir='ltr'><strong>nisi</strong></span> <span class='ocrx_word' id='word_1_287' title='bbox 2949 2448 3064 2513; x_wconf 88' lang='lat' dir='ltr'><strong>per</strong></span> <span class='ocrx_word' id='word_1_288' title='bbox 3096 2438 3339 2494; x_wconf 91' lang='lat' dir='ltr'><strong>motum</strong></span> <span class='ocrx_word' id='word_1_289' title='bbox 3372 2430 3761 2493; x_wconf 87' lang='lat' dir='ltr'><strong>contrarium</strong></span> <span class='ocrx_word' id='word_1_290' title='bbox 3800 2448 3983 2492; x_wconf 89' lang='lat' dir='ltr'><strong>aver-</strong></span> 
     </span>
     <span class='ocr_line' id='line_1_45' title="bbox 2476 2528 3979 2610; baseline 0.001 -21"><span class='ocrx_word' id='word_1_291' title='bbox 2476 2535 2717 2589; x_wconf 89' lang='lat' dir='ltr'><strong>tentem</strong></span> <span class='ocrx_word' id='word_1_292' title='bbox 2760 2546 2797 2590; x_wconf 96' lang='lat' dir='ltr'><strong>a</strong></span> <span class='ocrx_word' id='word_1_293' title='bbox 2824 2536 3107 2610; x_wconf 71' lang='lat' dir='ltr'><strong>peccam,</strong></span> <span class='ocrx_word' id='word_1_294' title='bbox 3142 2536 3205 2591; x_wconf 91' lang='lat' dir='ltr'><strong>et</strong></span> <span class='ocrx_word' id='word_1_295' title='bbox 3233 2546 3271 2590; x_wconf 90' lang='lat' dir='ltr'><strong>a</strong></span> <span class='ocrx_word' id='word_1_296' title='bbox 3301 2536 3589 2591; x_wconf 87' lang='lat' dir='ltr'><strong>creatura</strong></span> <span class='ocrx_word' id='word_1_297' title='bbox 3618 2528 3979 2591; x_wconf 89' lang='lat' dir='ltr'><strong>secundum</strong></span> 
     </span>
     <span class='ocr_line' id='line_1_46' title="bbox 2479 2625 3983 2709; baseline 0.001 -22"><span class='ocrx_word' id='word_1_298' title='bbox 2479 2626 2649 2707; x_wconf 91' lang='lat' dir='ltr'><strong>quod</strong></span> <span class='ocrx_word' id='word_1_299' title='bbox 2680 2626 2851 2688; x_wconf 90' lang='lat' dir='ltr'><strong>circa</strong></span> <span class='ocrx_word' id='word_1_300' title='bbox 2881 2626 3054 2689; x_wconf 93' lang='lat' dir='ltr'><strong>illam</strong></span> <span class='ocrx_word' id='word_1_301' title='bbox 3089 2625 3213 2689; x_wconf 92' lang='lat' dir='ltr'><strong>fuit</strong></span> <span class='ocrx_word' id='word_1_302' title='bbox 3242 2633 3599 2709; x_wconf 89' lang='lat' dir='ltr'><strong>peccatum,</strong></span> <span class='ocrx_word' id='word_1_303' title='bbox 3623 2634 3688 2689; x_wconf 90' lang='lat' dir='ltr'><strong>et</strong></span> <span class='ocrx_word' id='word_1_304' title='bbox 3716 2642 3983 2689; x_wconf 89' lang='lat' dir='ltr'><strong>conver-</strong></span> 
     </span>
     <span class='ocr_line' id='line_1_47' title="bbox 2478 2725 3982 2790; baseline 0.001 -3"><span class='ocrx_word' id='word_1_305' title='bbox 2478 2732 2717 2787; x_wconf 85' lang='lat' dir='ltr'><strong>tentem</strong></span> <span class='ocrx_word' id='word_1_306' title='bbox 2766 2725 2843 2787; x_wconf 94' lang='lat' dir='ltr'><strong>ad</strong></span> <span class='ocrx_word' id='word_1_307' title='bbox 2893 2726 3116 2789; x_wconf 87' lang='lat' dir='ltr'><strong>Deum.</strong></span> <span class='ocrx_word' id='word_1_308' title='bbox 3168 2726 3312 2790; x_wconf 85' lang='lat' dir='ltr'><strong>Haec</strong></span> <span class='ocrx_word' id='word_1_309' title='bbox 3360 2726 3603 2789; x_wconf 78' lang='grc'><strong>866663.</strong></span> <span class='ocrx_word' id='word_1_310' title='bbox 3651 2761 3733 2771; x_wconf 93' lang='grc'>-</span> <span class='ocrx_word' id='word_1_311' title='bbox 3779 2726 3982 2788; x_wconf 89' lang='lat' dir='ltr'><strong>Intro-</strong></span> 
     </span>
     <span class='ocr_line' id='line_1_48' title="bbox 2478 2824 3982 2888; baseline 0 -3"><span class='ocrx_word' id='word_1_312' title='bbox 2478 2824 2686 2887; x_wconf 88' lang='lat' dir='ltr'><strong>ductis</strong></span> <span class='ocrx_word' id='word_1_313' title='bbox 2730 2831 2944 2887; x_wconf 89' lang='lat' dir='ltr'><strong>autem</strong></span> <span class='ocrx_word' id='word_1_314' title='bbox 2987 2843 3067 2887; x_wconf 86' lang='lat' dir='ltr'><strong>ex</strong></span> <span class='ocrx_word' id='word_1_315' title='bbox 3110 2824 3350 2887; x_wconf 83' lang='lat' dir='ltr'><strong>Thema</strong></span> <span class='ocrx_word' id='word_1_316' title='bbox 3396 2824 3785 2888; x_wconf 88' lang='lat' dir='ltr'><strong>concordant</strong></span> <span class='ocrx_word' id='word_1_317' title='bbox 3824 2825 3982 2887; x_wconf 88' lang='lat' dir='ltr'><strong>scri-</strong></span> 
     </span>
     <span class='ocr_line' id='line_1_49' title="bbox 2478 2921 3982 3005; baseline -0.001 -20"><span class='ocrx_word' id='word_1_318' title='bbox 2478 2930 2585 3005; x_wconf 92' lang='lat' dir='ltr'><strong>pta</strong></span> <span class='ocrx_word' id='word_1_319' title='bbox 2640 2921 3141 3004; x_wconf 80' lang='lat' dir='ltr'><strong>ArgentinensiS,</strong></span> <span class='ocrx_word' id='word_1_320' title='bbox 3194 2924 3495 2998; x_wconf 89' lang='lat' dir='ltr'><strong>Durandi,</strong></span> <span class='ocrx_word' id='word_1_321' title='bbox 3556 2942 3631 2986; x_wconf 88' lang='lat' dir='ltr'><strong>ac</strong></span> <span class='ocrx_word' id='word_1_322' title='bbox 3688 2922 3982 3004; x_wconf 88' lang='lat' dir='ltr'><strong>plurium</strong></span> 
     </span>
    </p>
   </div>
   <div class='ocr_carea' id='block_1_12' title="bbox 870 3017 2768 3101">
    <p class='ocr_par' dir='ltr' id='par_1_13' title="bbox 870 3017 2768 3101">
     <span class='ocr_line' id='line_1_50' title="bbox 870 3017 2768 3101; baseline 0.002 -22"><span class='ocrx_word' id='word_1_323' title='bbox 870 3017 1042 3093; x_wconf 89' lang='lat' dir='ltr'><strong>licet,</strong></span> <span class='ocrx_word' id='word_1_324' title='bbox 1093 3025 1225 3080; x_wconf 85' lang='lat' dir='ltr'><strong>tam</strong></span> <span class='ocrx_word' id='word_1_325' title='bbox 1273 3017 1450 3079; x_wconf 89' lang='lat' dir='ltr'><strong>illam</strong></span> <span class='ocrx_word' id='word_1_326' title='bbox 1499 3036 1694 3101; x_wconf 90' lang='lat' dir='ltr'><strong>quam</strong></span> <span class='ocrx_word' id='word_1_327' title='bbox 1743 3018 2014 3081; x_wconf 86' lang='lat' dir='ltr'><strong>Thomas</strong></span> <span class='ocrx_word' id='word_1_328' title='bbox 2065 3018 2247 3101; x_wconf 88' lang='lat' dir='ltr'><strong>ponit</strong></span> <span class='ocrx_word' id='word_1_329' title='bbox 2292 3036 2367 3080; x_wconf 90' lang='lat' dir='ltr'><strong>ac</strong></span> <span class='ocrx_word' id='word_1_330' title='bbox 2404 3020 2448 3086; x_wconf 91' lang='lat' dir='ltr'>C</span> <span class='ocrx_word' id='word_1_331' title='bbox 2476 3021 2768 3085; x_wconf 88' lang='lat' dir='ltr'><strong>aliorum.</strong></span> 
     </span>
    </p>
   </div>
   <div class='ocr_carea' id='block_1_13' title="bbox 869 3116 2370 4182">
    <p class='ocr_par' dir='ltr' id='par_1_14' title="bbox 869 3116 2370 4182">
     <span class='ocr_line' id='line_1_51' title="bbox 870 3116 2367 3199; baseline 0 -19"><span class='ocrx_word' id='word_1_332' title='bbox 870 3116 1182 3198; x_wconf 89' lang='lat' dir='ltr'><strong>sequitur,</strong></span> <span class='ocrx_word' id='word_1_333' title='bbox 1214 3134 1408 3199; x_wconf 85' lang='lat' dir='ltr'><strong>quam</strong></span> <span class='ocrx_word' id='word_1_334' title='bbox 1445 3117 1636 3180; x_wconf 88' lang='lat' dir='ltr'><strong>aliam</strong></span> <span class='ocrx_word' id='word_1_335' title='bbox 1676 3136 1870 3199; x_wconf 88' lang='lat' dir='ltr'><strong>quam</strong></span> <span class='ocrx_word' id='word_1_336' title='bbox 1909 3116 2191 3180; x_wconf 89' lang='lat' dir='ltr'><strong>breviter</strong></span> <span class='ocrx_word' id='word_1_337' title='bbox 2232 3123 2367 3180; x_wconf 92' lang='lat' dir='ltr'><strong>tan-</strong></span> 
     </span>
     <span class='ocr_line' id='line_1_52' title="bbox 869 3214 2368 3298; baseline 0.001 -21"><span class='ocrx_word' id='word_1_338' title='bbox 869 3215 963 3296; x_wconf 89' lang='lat' dir='ltr'><strong>git</strong></span> <span class='ocrx_word' id='word_1_339' title='bbox 998 3233 1073 3277; x_wconf 96' lang='grc'><strong>66</strong></span> <span class='ocrx_word' id='word_1_340' title='bbox 1111 3214 1426 3298; x_wconf 88' lang='lat' dir='ltr'><strong>reprobat.</strong></span> <span class='ocrx_word' id='word_1_341' title='bbox 1460 3214 1902 3280; x_wconf 89' lang='lat' dir='ltr'><strong>Bonaventura</strong></span> <span class='ocrx_word' id='word_1_342' title='bbox 1940 3233 2093 3279; x_wconf 87' lang='lat' dir='ltr'><strong>vero</strong></span> <span class='ocrx_word' id='word_1_343' title='bbox 2129 3223 2368 3278; x_wconf 90' lang='lat' dir='ltr'><strong>utram-</strong></span> 
     </span>
     <span class='ocr_line' id='line_1_53' title="bbox 872 3312 2367 3396; baseline 0.001 -21"><span class='ocrx_word' id='word_1_344' title='bbox 872 3332 999 3395; x_wconf 90' lang='lat' dir='ltr'><strong>que</strong></span> <span class='ocrx_word' id='word_1_345' title='bbox 1050 3313 1207 3376; x_wconf 89' lang='lat' dir='ltr'><strong>dicit</strong></span> <span class='ocrx_word' id='word_1_346' title='bbox 1253 3331 1392 3376; x_wconf 89' lang='lat' dir='ltr'><strong>esse</strong></span> <span class='ocrx_word' id='word_1_347' title='bbox 1442 3312 1862 3396; x_wconf 86' lang='lat' dir='ltr'><strong>probabilem.</strong></span> <span class='ocrx_word' id='word_1_348' title='bbox 1913 3314 2367 3378; x_wconf 86' lang='lat' dir='ltr'><strong>Verumtamen</strong></span> 
     </span>
     <span class='ocr_line' id='line_1_54' title="bbox 871 3411 2369 3493; baseline 0.001 -20"><span class='ocrx_word' id='word_1_349' title='bbox 871 3411 1200 3493; x_wconf 88' lang='lat' dir='ltr'><strong>responsio</strong></span> <span class='ocrx_word' id='word_1_350' title='bbox 1243 3411 1499 3474; x_wconf 81' lang='lat' dir='ltr'><strong>Thomae</strong></span> <span class='ocrx_word' id='word_1_351' title='bbox 1540 3411 1752 3474; x_wconf 88' lang='lat' dir='ltr'><strong>verior</strong></span> <span class='ocrx_word' id='word_1_352' title='bbox 1791 3430 1930 3474; x_wconf 89' lang='lat' dir='ltr'><strong>esse</strong></span> <span class='ocrx_word' id='word_1_353' title='bbox 1977 3412 2251 3486; x_wconf 89' lang='lat' dir='ltr'><strong>videtur,</strong></span> <span class='ocrx_word' id='word_1_354' title='bbox 2292 3428 2369 3475; x_wconf 92' lang='lat' dir='ltr'><strong>eo</strong></span> 
     </span>
     <span class='ocr_line' id='line_1_55' title="bbox 872 3509 2366 3593; baseline 0 -21"><span class='ocrx_word' id='word_1_355' title='bbox 872 3510 1132 3592; x_wconf 86' lang='lat' dir='ltr'><strong>dempto</strong></span> <span class='ocrx_word' id='word_1_356' title='bbox 1177 3509 1348 3590; x_wconf 90' lang='lat' dir='ltr'><strong>quod</strong></span> <span class='ocrx_word' id='word_1_357' title='bbox 1395 3509 1516 3582; x_wconf 91' lang='lat' dir='ltr'><strong>ait,·</strong></span> <span class='ocrx_word' id='word_1_358' title='bbox 1556 3517 1892 3593; x_wconf 87' lang='lat' dir='ltr'><strong>peccatum</strong></span> <span class='ocrx_word' id='word_1_359' title='bbox 1940 3510 2175 3573; x_wconf 89' lang='lat' dir='ltr'><strong>habere</strong></span> <span class='ocrx_word' id='word_1_360' title='bbox 2220 3510 2366 3573; x_wconf 87' lang='lat' dir='ltr'><strong>rati-</strong></span> 
     </span>
     <span class='ocr_line' id='line_1_56' title="bbox 871 3606 2367 3691; baseline -0.001 -19"><span class='ocrx_word' id='word_1_361' title='bbox 871 3625 1062 3672; x_wconf 91' lang='lat' dir='ltr'><strong>onem</strong></span> <span class='ocrx_word' id='word_1_362' title='bbox 1109 3606 1374 3672; x_wconf 82' lang='lat' dir='ltr'><strong>offensae</strong></span> <span class='ocrx_word' id='word_1_363' title='bbox 1419 3626 1493 3670; x_wconf 89' lang='lat' dir='ltr'><strong>ac</strong></span> <span class='ocrx_word' id='word_1_364' title='bbox 1541 3609 1748 3691; x_wconf 81' lang='lat' dir='ltr'><strong>culpae</strong></span> <span class='ocrx_word' id='word_1_365' title='bbox 1795 3608 2004 3672; x_wconf 88' lang='lat' dir='ltr'><strong>solum</strong></span> <span class='ocrx_word' id='word_1_366' title='bbox 2063 3625 2142 3671; x_wconf 86' lang='lat' dir='ltr'><strong>ex</strong></span> <span class='ocrx_word' id='word_1_367' title='bbox 2191 3616 2367 3690; x_wconf 90' lang='lat' dir='ltr'><strong>parte</strong></span> 
     </span>
     <span class='ocr_line' id='line_1_57' title="bbox 869 3706 2370 3781; baseline -0.001 -12"><span class='ocrx_word' id='word_1_368' title='bbox 869 3706 1221 3770; x_wconf 88' lang='lat' dir='ltr'><strong>aversionis</strong></span> <span class='ocrx_word' id='word_1_369' title='bbox 1267 3725 1304 3768; x_wconf 97' lang='lat' dir='ltr'><strong>a</strong></span> <span class='ocrx_word' id='word_1_370' title='bbox 1350 3707 1502 3781; x_wconf 91' lang='lat' dir='ltr'><strong>Deo,</strong></span> <span class='ocrx_word' id='word_1_371' title='bbox 1544 3713 1608 3768; x_wconf 91' lang='lat' dir='ltr'><strong>et</strong></span> <span class='ocrx_word' id='word_1_372' title='bbox 1655 3724 1783 3770; x_wconf 91' lang='lat' dir='ltr'><strong>non</strong></span> <span class='ocrx_word' id='word_1_373' title='bbox 1827 3707 2070 3769; x_wconf 91' lang='lat' dir='ltr'><strong>ratione</strong></span> <span class='ocrx_word' id='word_1_374' title='bbox 2113 3724 2370 3770; x_wconf 89' lang='lat' dir='ltr'><strong>conver-</strong></span> 
     </span>
     <span class='ocr_line' id='line_1_58' title="bbox 870 3805 2363 3889; baseline 0.001 -22"><span class='ocrx_word' id='word_1_375' title='bbox 870 3805 1069 3868; x_wconf 87' lang='lat' dir='ltr'><strong>sionis</strong></span> <span class='ocrx_word' id='word_1_376' title='bbox 1117 3805 1195 3867; x_wconf 98' lang='lat' dir='ltr'><strong>ad</strong></span> <span class='ocrx_word' id='word_1_377' title='bbox 1246 3812 1621 3868; x_wconf 89' lang='lat' dir='ltr'><strong>creaturam.</strong></span> <span class='ocrx_word' id='word_1_378' title='bbox 1675 3805 1850 3879; x_wconf 88' lang='lat' dir='ltr'><strong>Quod</strong></span> <span class='ocrx_word' id='word_1_379' title='bbox 1901 3823 2028 3867; x_wconf 89' lang='lat' dir='ltr'><strong>non</strong></span> <span class='ocrx_word' id='word_1_380' title='bbox 2079 3813 2363 3889; x_wconf 88' lang='lat' dir='ltr'><strong>apparet,</strong></span> 
     </span>
     <span class='ocr_line' id='line_1_59' title="bbox 872 3903 2367 3987; baseline 0.002 -23"><span class='ocrx_word' id='word_1_381' title='bbox 872 3922 1068 3985; x_wconf 90' lang='lat' dir='ltr'><strong>quum</strong></span> <span class='ocrx_word' id='word_1_382' title='bbox 1096 3911 1161 3965; x_wconf 88' lang='lat' dir='ltr'><strong>et</strong></span> <span class='ocrx_word' id='word_1_383' title='bbox 1189 3903 1522 3967; x_wconf 90' lang='lat' dir='ltr'><strong>conversio</strong></span> <span class='ocrx_word' id='word_1_384' title='bbox 1553 3903 1662 3965; x_wconf 90' lang='lat' dir='ltr'><strong>illa</strong></span> <span class='ocrx_word' id='word_1_385' title='bbox 1691 3903 1774 3966; x_wconf 89' lang='lat' dir='ltr'><strong>sit</strong></span> <span class='ocrx_word' id='word_1_386' title='bbox 1811 3923 1848 3966; x_wconf 97' lang='lat' dir='ltr'><strong>a</strong></span> <span class='ocrx_word' id='word_1_387' title='bbox 1885 3904 2014 3967; x_wconf 91' lang='lat' dir='ltr'><strong>Deo</strong></span> <span class='ocrx_word' id='word_1_388' title='bbox 2043 3904 2367 3987; x_wconf 87' lang='lat' dir='ltr'><strong>prohibita</strong></span> 
     </span>
     <span class='ocr_line' id='line_1_60' title="bbox 869 4002 2366 4085; baseline 0.001 -20"><span class='ocrx_word' id='word_1_389' title='bbox 869 4008 1060 4083; x_wconf 86' lang='lat' dir='ltr'><strong>atque</strong></span> <span class='ocrx_word' id='word_1_390' title='bbox 1117 4002 1183 4064; x_wconf 88' lang='lat' dir='ltr'><strong>in</strong></span> <span class='ocrx_word' id='word_1_391' title='bbox 1240 4020 1310 4064; x_wconf 91' lang='lat' dir='ltr'><strong>se</strong></span> <span class='ocrx_word' id='word_1_392' title='bbox 1366 4002 1744 4077; x_wconf 90' lang='lat' dir='ltr'><strong>inordinata,</strong></span> <span class='ocrx_word' id='word_1_393' title='bbox 1795 4009 1858 4064; x_wconf 86' lang='lat' dir='ltr'><strong>et</strong></span> <span class='ocrx_word' id='word_1_394' title='bbox 1905 4021 2095 4085; x_wconf 90' lang='lat' dir='ltr'><strong>poena</strong></span> <span class='ocrx_word' id='word_1_395' title='bbox 2140 4021 2366 4066; x_wconf 88' lang='grc'><strong>3611363</strong></span> 
     </span>
     <span class='ocr_line' id='line_1_61' title="bbox 873 4100 1482 4182; baseline -0.002 -20"><span class='ocrx_word' id='word_1_396' title='bbox 873 4100 1364 4182; x_wconf 88' lang='lat' dir='ltr'><strong>correspondeat</strong></span> <span class='ocrx_word' id='word_1_397' title='bbox 1403 4101 1482 4163; x_wconf 91' lang='lat' dir='ltr'><strong>ei.</strong></span> 
     </span>
    </p>
   </div>
   <div class='ocr_carea' id='block_1_14' title="bbox 2914 3337 3531 3412">
    <p class='ocr_par' dir='ltr' id='par_1_15' title="bbox 2914 3337 3531 3412">
     <span class='ocr_line' id='line_1_62' title="bbox 2914 3337 3531 3412; baseline 0 -10"><span class='ocrx_word' id='word_1_398' title='bbox 2914 3337 3388 3412; x_wconf 85' lang='lat' dir='ltr'>QUAESTIO</span> <span class='ocrx_word' id='word_1_399' title='bbox 3453 3339 3531 3402; x_wconf 89' lang='lat' dir='ltr'><strong>·II</strong></span> 
     </span>
    </p>
   </div>
   <div class='ocr_carea' id='block_1_15' title="bbox 2474 3610 3982 4184">
    <p class='ocr_par' dir='ltr' id='par_1_16' title="bbox 2474 3610 3982 4184">
     <span class='ocr_line' id='line_1_63' title="bbox 2622 3610 3977 3694; baseline 0.002 -20"><span class='ocrx_word' id='word_1_400' title='bbox 2622 3610 2890 3674; x_wconf 83' lang='lat' dir='ltr'><strong>Uaeritur</strong></span> <span class='ocrx_word' id='word_1_401' title='bbox 2937 3627 3212 3693; x_wconf 88' lang='lat' dir='ltr'><strong>quoque,</strong></span> <span class='ocrx_word' id='word_1_402' title='bbox 3262 3611 3392 3678; x_wconf 85' lang='lat' dir='ltr'><strong>An</strong></span> <span class='ocrx_word' id='word_1_403' title='bbox 3444 3611 3682 3679; x_wconf 87' lang='lat' dir='ltr'><strong>homo</strong></span> <span class='ocrx_word' id='word_1_404' title='bbox 3726 3613 3977 3694; x_wconf 76' lang='lat' dir='ltr'><strong>queat</strong></span> 
     </span>
     <span class='ocr_line' id='line_1_64' title="bbox 2648 3708 3979 3791; baseline 0 -15"><span class='ocrx_word' id='word_1_405' title='bbox 2648 3708 3103 3777; x_wconf 74' lang='lat' dir='ltr'><strong>satisfacere</strong></span> <span class='ocrx_word' id='word_1_406' title='bbox 3142 3724 3288 3790; x_wconf 85' lang='lat' dir='ltr'><strong>pro</strong></span> <span class='ocrx_word' id='word_1_407' title='bbox 3316 3725 3475 3777; x_wconf 92' lang='lat' dir='ltr'><strong>uno</strong></span> <span class='ocrx_word' id='word_1_408' title='bbox 3502 3713 3834 3791; x_wconf 86' lang='lat' dir='ltr'><strong>peccato</strong></span> <span class='ocrx_word' id='word_1_409' title='bbox 3866 3711 3979 3776; x_wconf 88' lang='lat' dir='ltr'><strong>si-</strong></span> 
     </span>
     <span class='ocr_line' id='line_1_65' title="bbox 2474 3807 3981 3890; baseline 0 -16"><span class='ocrx_word' id='word_1_410' title='bbox 2474 3822 2573 3874; x_wconf 89' lang='lat' dir='ltr'><strong>ne</strong></span> <span class='ocrx_word' id='word_1_411' title='bbox 2621 3808 2819 3890; x_wconf 84' lang='lat' dir='ltr'><strong>ali03</strong></span> <span class='ocrx_word' id='word_1_412' title='bbox 2866 3809 2951 3874; x_wconf 90' lang='grc'><strong>66</strong></span> <span class='ocrx_word' id='word_1_413' title='bbox 2998 3810 3273 3875; x_wconf 81' lang='lat' dir='ltr'><strong>utrum</strong></span> <span class='ocrx_word' id='word_1_414' title='bbox 3311 3807 3787 3890; x_wconf 74' lang='lat' dir='ltr'><strong>poenitentia</strong></span> <span class='ocrx_word' id='word_1_415' title='bbox 3830 3823 3981 3874; x_wconf 91' lang='grc'><strong>366</strong></span> 
     </span>
     <span class='ocr_line' id='line_1_66' title="bbox 2474 3904 3981 3988; baseline 0.001 -16"><span class='ocrx_word' id='word_1_416' title='bbox 2474 3904 2919 3972; x_wconf 76' lang='lat' dir='ltr'><strong>satisfactio</strong></span> <span class='ocrx_word' id='word_1_417' title='bbox 2974 3905 3062 3972; x_wconf 88' lang='lat' dir='ltr'><strong>in</strong></span> <span class='ocrx_word' id='word_1_418' title='bbox 3106 3907 3436 3974; x_wconf 85' lang='lat' dir='ltr'><strong>mortali</strong></span> <span class='ocrx_word' id='word_1_419' title='bbox 3482 3909 3812 3988; x_wconf 81' lang='lat' dir='ltr'><strong>peccato</strong></span> <span class='ocrx_word' id='word_1_420' title='bbox 3864 3906 3981 3974; x_wconf 74' lang='grc'><strong>66-</strong></span> 
     </span>
     <span class='ocr_line' id='line_1_67' title="bbox 2475 4005 3980 4085; baseline 0.002 -15"><span class='ocrx_word' id='word_1_421' title='bbox 2475 4005 2631 4083; x_wconf 88' lang='grc'><strong>666,</strong></span> <span class='ocrx_word' id='word_1_422' title='bbox 2682 4005 2793 4070; x_wconf 84' lang='grc'><strong>316</strong></span> <span class='ocrx_word' id='word_1_423' title='bbox 2836 4005 3116 4071; x_wconf 85' lang='lat' dir='ltr'><strong>valens</strong></span> <span class='ocrx_word' id='word_1_424' title='bbox 3172 4007 3316 4071; x_wconf 88' lang='grc'><strong>666</strong></span> <span class='ocrx_word' id='word_1_425' title='bbox 3364 4006 3633 4085; x_wconf 83' lang='lat' dir='ltr'><strong>potius</strong></span> <span class='ocrx_word' id='word_1_426' title='bbox 3678 4005 3980 4073; x_wconf 83' lang='lat' dir='ltr'><strong>iteran-</strong></span> 
     </span>
     <span class='ocr_line' id='line_1_68' title="bbox 2475 4101 3982 4184; baseline 0.002 -16"><span class='ocrx_word' id='word_1_427' title='bbox 2475 4101 2598 4184; x_wconf 87' lang='lat' dir='ltr'><strong>da,</strong></span> <span class='ocrx_word' id='word_1_428' title='bbox 2629 4103 2765 4169; x_wconf 85' lang='lat' dir='ltr'><strong>vel</strong></span> <span class='ocrx_word' id='word_1_429' title='bbox 2804 4103 3091 4169; x_wconf 87' lang='lat' dir='ltr'><strong>saltem</strong></span> <span class='ocrx_word' id='word_1_430' title='bbox 3129 4103 3477 4184; x_wconf 76' lang='lat' dir='ltr'><strong>alicujus</strong></span> <span class='ocrx_word' id='word_1_431' title='bbox 3505 4104 3982 4184; x_wconf 83' lang='lat' dir='ltr'><strong>temporalis</strong></span> 
     </span>
    </p>
   </div>
   <div class='ocr_carea' id='block_1_16' title="bbox 950 4197 3981 4284">
    <p class='ocr_par' dir='ltr' id='par_1_17' title="bbox 950 4197 3981 4284">
     <span class='ocr_line' id='line_1_69' title="bbox 950 4197 3981 4284; baseline 0.003 -24"><span class='ocrx_word' id='word_1_432' title='bbox 950 4199 1217 4280; x_wconf 89' lang='lat' dir='ltr'><strong>Insuper</strong></span> <span class='ocrx_word' id='word_1_433' title='bbox 1247 4197 1565 4281; x_wconf 66' lang='lat' dir='ltr'><strong>praetactis</strong></span> <span class='ocrx_word' id='word_1_434' title='bbox 1603 4216 1681 4261; x_wconf 84' lang='lat' dir='ltr'><strong>ex</strong></span> <span class='ocrx_word' id='word_1_435' title='bbox 1717 4197 2030 4263; x_wconf 86' lang='lat' dir='ltr'><strong>Richardo</strong></span> <span class='ocrx_word' id='word_1_436' title='bbox 2060 4217 2365 4264; x_wconf 87' lang='lat' dir='ltr'><strong>consona·</strong></span> <span class='ocrx_word' id='word_1_437' title='bbox 2395 4204 2444 4266; x_wconf 90' lang='lat' dir='ltr'>D</span> <span class='ocrx_word' id='word_1_438' title='bbox 2472 4201 2662 4268; x_wconf 81' lang='lat' dir='ltr'><strong>boni</strong></span> <span class='ocrx_word' id='word_1_439' title='bbox 2712 4203 2853 4269; x_wconf 82' lang='lat' dir='ltr'><strong>aut</strong></span> <span class='ocrx_word' id='word_1_440' title='bbox 2904 4201 3299 4268; x_wconf 80' lang='lat' dir='ltr'><strong>commodi</strong></span> <span class='ocrx_word' id='word_1_441' title='bbox 3346 4201 3792 4284; x_wconf 76' lang='lat' dir='ltr'><strong>meritoria,</strong></span> <span class='ocrx_word' id='word_1_442' title='bbox 3840 4203 3981 4270; x_wconf 78' lang='lat' dir='ltr'><strong>vel</strong></span> 
     </span>
    </p>
   </div>
   <div class='ocr_carea' id='block_1_17' title="bbox 868 4295 2368 4967">
    <p class='ocr_par' dir='ltr' id='par_1_18' title="bbox 868 4295 2368 4967">
     <span class='ocr_line' id='line_1_70' title="bbox 871 4295 2367 4370; baseline 0.003 -12"><span class='ocrx_word' id='word_1_443' title='bbox 871 4315 943 4360; x_wconf 89' lang='lat' dir='ltr'><strong>rc</strong></span> <span class='ocrx_word' id='word_1_444' title='bbox 979 4296 1280 4359; x_wconf 84' lang='lat' dir='ltr'><strong>videntur</strong></span> <span class='ocrx_word' id='word_1_445' title='bbox 1316 4296 1512 4358; x_wconf 89' lang='lat' dir='ltr'><strong>verba</strong></span> <span class='ocrx_word' id='word_1_446' title='bbox 1551 4295 1740 4370; x_wconf 87' lang='lat' dir='ltr'><strong>Scoti,</strong></span> <span class='ocrx_word' id='word_1_447' title='bbox 1773 4296 2046 4361; x_wconf 87' lang='lat' dir='ltr'><strong>dicentis</strong></span> <span class='ocrx_word' id='word_1_448' title='bbox 2079 4315 2094 4359; x_wconf 90' lang='lat'>:</span> <span class='ocrx_word' id='word_1_449' title='bbox 2127 4297 2222 4360; x_wconf 83' lang='lat' dir='ltr'><strong>Ad</strong></span> <span class='ocrx_word' id='word_1_450' title='bbox 2263 4299 2367 4363; x_wconf 90' lang='lat' dir='ltr'><strong>de-</strong></span> 
     </span>
     <span class='ocr_line' id='line_1_71' title="bbox 870 4393 2366 4477; baseline 0.003 -21"><span class='ocrx_word' id='word_1_451' title='bbox 870 4394 1174 4457; x_wconf 89' lang='lat' dir='ltr'><strong>letionem</strong></span> <span class='ocrx_word' id='word_1_452' title='bbox 1214 4393 1420 4475; x_wconf 78' lang='lat' dir='ltr'><strong>culpae</strong></span> <span class='ocrx_word' id='word_1_453' title='bbox 1459 4393 1739 4457; x_wconf 89' lang='lat' dir='ltr'><strong>mortalis</strong></span> <span class='ocrx_word' id='word_1_454' title='bbox 1783 4402 1927 4476; x_wconf 89' lang='lat' dir='ltr'><strong>post</strong></span> <span class='ocrx_word' id='word_1_455' title='bbox 1966 4396 2366 4477; x_wconf 90' lang='lat' dir='ltr'><strong>Baptismum</strong></span> 
     </span>
     <span class='ocr_line' id='line_1_72' title="bbox 874 4490 2367 4574; baseline 0.003 -20"><span class='ocrx_word' id='word_1_456' title='bbox 874 4491 1254 4564; x_wconf 82' lang='lat' dir='ltr'><strong>commissae,</strong></span> <span class='ocrx_word' id='word_1_457' title='bbox 1309 4490 1659 4573; x_wconf 88' lang='lat' dir='ltr'><strong>requiritur</strong></span> <span class='ocrx_word' id='word_1_458' title='bbox 1707 4492 1960 4574; x_wconf 90' lang='lat' dir='ltr'><strong>punitio</strong></span> <span class='ocrx_word' id='word_1_459' title='bbox 2005 4493 2367 4558; x_wconf 90' lang='lat' dir='ltr'><strong>voluntaria</strong></span> 
     </span>
     <span class='ocr_line' id='line_1_73' title="bbox 870 4588 2363 4672; baseline 0.001 -19"><span class='ocrx_word' id='word_1_460' title='bbox 870 4591 973 4653; x_wconf 88' lang='lat' dir='ltr'><strong>vel</strong></span> <span class='ocrx_word' id='word_1_461' title='bbox 1023 4588 1374 4672; x_wconf 88' lang='lat' dir='ltr'><strong>punitionis</strong></span> <span class='ocrx_word' id='word_1_462' title='bbox 1422 4589 1737 4664; x_wconf 79' lang='lat' dir='ltr'><strong>voluntaS,</strong></span> <span class='ocrx_word' id='word_1_463' title='bbox 1789 4608 2064 4672; x_wconf 88' lang='lat' dir='ltr'><strong>quornm</strong></span> <span class='ocrx_word' id='word_1_464' title='bbox 2113 4592 2363 4656; x_wconf 92' lang='lat' dir='ltr'><strong>nullum</strong></span> 
     </span>
     <span class='ocr_line' id='line_1_74' title="bbox 869 4687 2366 4771; baseline 0.003 -21"><span class='ocrx_word' id='word_1_465' title='bbox 869 4689 1008 4751; x_wconf 89' lang='lat' dir='ltr'><strong>sine</strong></span> <span class='ocrx_word' id='word_1_466' title='bbox 1058 4687 1432 4770; x_wconf 89' lang='lat' dir='ltr'><strong>poenitentia</strong></span> <span class='ocrx_word' id='word_1_467' title='bbox 1477 4705 1616 4750; x_wconf 88' lang='lat' dir='ltr'><strong>esse</strong></span> <span class='ocrx_word' id='word_1_468' title='bbox 1661 4695 1885 4771; x_wconf 87' lang='lat' dir='ltr'><strong>potest.</strong></span> <span class='ocrx_word' id='word_1_469' title='bbox 1927 4689 2104 4763; x_wconf 87' lang='lat' dir='ltr'><strong>Quod</strong></span> <span class='ocrx_word' id='word_1_470' title='bbox 2152 4698 2366 4755; x_wconf 88' lang='lat' dir='ltr'><strong>tamen</strong></span> 
     </span>
     <span class='ocr_line' id='line_1_75' title="bbox 869 4786 2368 4871; baseline 0.003 -22"><span class='ocrx_word' id='word_1_471' title='bbox 869 4805 996 4851; x_wconf 91' lang='lat' dir='ltr'><strong>non</strong></span> <span class='ocrx_word' id='word_1_472' title='bbox 1028 4786 1316 4868; x_wconf 81' lang='lat' dir='ltr'><strong>intelligo</strong></span> <span class='ocrx_word' id='word_1_473' title='bbox 1343 4787 1424 4848; x_wconf 91' lang='lat' dir='ltr'><strong>de</strong></span> <span class='ocrx_word' id='word_1_474' title='bbox 1455 4789 1718 4866; x_wconf 81' lang='lat' dir='ltr'><strong>requiri</strong></span> <span class='ocrx_word' id='word_1_475' title='bbox 1743 4787 2126 4871; x_wconf 90' lang='lat' dir='ltr'><strong>simpliciter</strong></span> <span class='ocrx_word' id='word_1_476' title='bbox 2155 4809 2368 4854; x_wconf 91' lang='lat' dir='ltr'><strong>neces·</strong></span> 
     </span>
     <span class='ocr_line' id='line_1_76' title="bbox 868 4884 2367 4967; baseline 0.002 -18"><span class='ocrx_word' id='word_1_477' title='bbox 868 4885 1056 4961; x_wconf 88' lang='lat' dir='ltr'><strong>sario,</strong></span> <span class='ocrx_word' id='word_1_478' title='bbox 1118 4884 1305 4966; x_wconf 84' lang='lat' dir='ltr'><strong>cujus</strong></span> <span class='ocrx_word' id='word_1_479' title='bbox 1363 4885 1732 4967; x_wconf 86' lang='lat' dir='ltr'><strong>oppositum</strong></span> <span class='ocrx_word' id='word_1_480' title='bbox 1797 4887 2367 4952; x_wconf 88' lang='lat' dir='ltr'><strong>contradictionem</strong></span> 
     </span>
    </p>
   </div>
   <div class='ocr_carea' id='block_1_18' title="bbox 797 4975 2367 5074">
    <p class='ocr_par' dir='ltr' id='par_1_19' title="bbox 797 4975 2367 5074">
     <span class='ocr_line' id='line_1_77' title="bbox 797 4975 2367 5074; baseline 0.002 -28"><span class='ocrx_word' id='word_1_481' title='bbox 797 5063 812 5074; x_wconf 20' lang='grc' dir='ltr'>ἱ</span> <span class='ocrx_word' id='word_1_482' title='bbox 869 4983 1176 5058; x_wconf 88' lang='lat' dir='ltr'><strong>includat,</strong></span> <span class='ocrx_word' id='word_1_483' title='bbox 1221 4983 1526 5066; x_wconf 87' lang='lat' dir='ltr'><strong>quoniam</strong></span> <span class='ocrx_word' id='word_1_484' title='bbox 1569 4991 1786 5066; x_wconf 90' lang='lat' dir='ltr'><strong>posset</strong></span> <span class='ocrx_word' id='word_1_485' title='bbox 1827 4975 1992 5047; x_wconf 84' lang='lat' dir='ltr'><strong>Deus</strong></span> <span class='ocrx_word' id='word_1_486' title='bbox 2042 4987 2367 5049; x_wconf 88' lang='lat' dir='ltr'><strong>remittere</strong></span> 
     </span>
    </p>
   </div>
   <div class='ocr_carea' id='block_1_19' title="bbox 869 5080 2369 5361">
    <p class='ocr_par' dir='ltr' id='par_1_20' title="bbox 869 5080 2369 5361">
     <span class='ocr_line' id='line_1_78' title="bbox 869 5080 2369 5162; baseline 0.001 -17"><span class='ocrx_word' id='word_1_487' title='bbox 869 5083 1008 5146; x_wconf 90' lang='lat' dir='ltr'><strong>sine</strong></span> <span class='ocrx_word' id='word_1_488' title='bbox 1037 5080 1216 5145; x_wconf 89' lang='lat' dir='ltr'><strong>omni</strong></span> <span class='ocrx_word' id='word_1_489' title='bbox 1245 5089 1391 5144; x_wconf 88' lang='lat' dir='ltr'><strong>actu</strong></span> <span class='ocrx_word' id='word_1_490' title='bbox 1423 5080 1598 5144; x_wconf 90' lang='lat' dir='ltr'><strong>illius</strong></span> <span class='ocrx_word' id='word_1_491' title='bbox 1627 5081 1732 5144; x_wconf 90' lang='grc'><strong>661</strong></span> <span class='ocrx_word' id='word_1_492' title='bbox 1765 5082 2073 5162; x_wconf 83' lang='grc'><strong>1·611116616;</strong></span> <span class='ocrx_word' id='word_1_493' title='bbox 2105 5083 2216 5146; x_wconf 89' lang='lat' dir='ltr'><strong>sed</strong></span> <span class='ocrx_word' id='word_1_494' title='bbox 2250 5103 2369 5148; x_wconf 94' lang='lat' dir='ltr'><strong>nec</strong></span> 
     </span>
     <span class='ocr_line' id='line_1_79' title="bbox 869 5178 2369 5262; baseline 0.003 -20"><span class='ocrx_word' id='word_1_495' title='bbox 869 5181 949 5242; x_wconf 92' lang='lat' dir='ltr'><strong>de</strong></span> <span class='ocrx_word' id='word_1_496' title='bbox 991 5180 1253 5258; x_wconf 79' lang='lat' dir='ltr'><strong>requiri</strong></span> <span class='ocrx_word' id='word_1_497' title='bbox 1287 5178 1669 5253; x_wconf 86' lang='lat' dir='ltr'><strong>necessario,</strong></span> <span class='ocrx_word' id='word_1_498' title='bbox 1711 5180 2043 5262; x_wconf 85' lang='lat' dir='ltr'><strong>supposito</strong></span> <span class='ocrx_word' id='word_1_499' title='bbox 2086 5180 2369 5246; x_wconf 86' lang='lat' dir='ltr'><strong>bominis</strong></span> 
     </span>
     <span class='ocr_line' id='line_1_80' title="bbox 869 5276 2366 5361; baseline 0.003 -22"><span class='ocrx_word' id='word_1_500' title='bbox 869 5284 1013 5339; x_wconf 93' lang='lat' dir='ltr'><strong>actu</strong></span> <span class='ocrx_word' id='word_1_501' title='bbox 1051 5276 1156 5339; x_wconf 90' lang='lat' dir='ltr'><strong>cui</strong></span> <span class='ocrx_word' id='word_1_502' title='bbox 1201 5277 1549 5340; x_wconf 88' lang='lat' dir='ltr'><strong>remittitur</strong></span> <span class='ocrx_word' id='word_1_503' title='bbox 1583 5295 1596 5340; x_wconf 75' lang='grc' dir='ltr'>ε</span> <span class='ocrx_word' id='word_1_504' title='bbox 1632 5285 1846 5360; x_wconf 86' lang='lat' dir='ltr'><strong>posset</strong></span> <span class='ocrx_word' id='word_1_505' title='bbox 1880 5296 2160 5361; x_wconf 85' lang='lat' dir='ltr'><strong>namque</strong></span> <span class='ocrx_word' id='word_1_506' title='bbox 2199 5280 2366 5343; x_wconf 90' lang='lat' dir='ltr'><strong>Deus</strong></span> 
     </span>
    </p>
   </div>
   <div class='ocr_carea' id='block_1_20' title="bbox 2472 4297 3983 5366">
    <p class='ocr_par' dir='ltr' id='par_1_21' title="bbox 2472 4297 3981 4466">
     <span class='ocr_line' id='line_1_81' title="bbox 2472 4297 3981 4380; baseline -0.001 -14"><span class='ocrx_word' id='word_1_507' title='bbox 2472 4297 2987 4366; x_wconf 85' lang='lat' dir='ltr'><strong>infernalium</strong></span> <span class='ocrx_word' id='word_1_508' title='bbox 3036 4300 3615 4380; x_wconf 77' lang='lat' dir='ltr'><strong>suppliciorum</strong></span> <span class='ocrx_word' id='word_1_509' title='bbox 3656 4301 3981 4379; x_wconf 73' lang='lat' dir='ltr'><strong>mitiga-</strong></span> 
     </span>
     <span class='ocr_line' id='line_1_82' title="bbox 2473 4398 2671 4466; baseline 0.015 -3"><span class='ocrx_word' id='word_1_510' title='bbox 2473 4398 2671 4466; x_wconf 84' lang='lat' dir='ltr'><strong>tiva.</strong></span> 
     </span>
    </p>

    <p class='ocr_par' dir='ltr' id='par_1_22' title="bbox 2475 4495 3983 4854">
     <span class='ocr_line' id='line_1_83' title="bbox 2554 4495 3983 4578; baseline 0.002 -21"><span class='ocrx_word' id='word_1_511' title='bbox 2554 4496 2624 4557; x_wconf 94' lang='lat' dir='ltr'><strong>In</strong></span> <span class='ocrx_word' id='word_1_512' title='bbox 2663 4496 2781 4559; x_wconf 91' lang='lat' dir='ltr'><strong>hac</strong></span> <span class='ocrx_word' id='word_1_513' title='bbox 2818 4496 3169 4578; x_wconf 85' lang='lat' dir='ltr'><strong>quaestione</strong></span> <span class='ocrx_word' id='word_1_514' title='bbox 3208 4495 3409 4560; x_wconf 88' lang='lat' dir='ltr'><strong>multa</strong></span> <span class='ocrx_word' id='word_1_515' title='bbox 3447 4502 3815 4578; x_wconf 87' lang='lat' dir='ltr'><strong>tanguntur.</strong></span> <span class='ocrx_word' id='word_1_516' title='bbox 3850 4499 3983 4562; x_wconf 86' lang='lat' dir='ltr'><strong>Pri-</strong></span> 
     </span>
     <span class='ocr_line' id='line_1_84' title="bbox 2476 4593 3982 4676; baseline 0.002 -21"><span class='ocrx_word' id='word_1_517' title='bbox 2476 4612 2654 4656; x_wconf 93' lang='lat' dir='ltr'><strong>mum</strong></span> <span class='ocrx_word' id='word_1_518' title='bbox 2702 4602 2820 4669; x_wconf 92' lang='lat' dir='ltr'><strong>est,</strong></span> <span class='ocrx_word' id='word_1_519' title='bbox 2862 4613 2942 4656; x_wconf 93' lang='lat' dir='ltr'><strong>an</strong></span> <span class='ocrx_word' id='word_1_520' title='bbox 2986 4594 3179 4658; x_wconf 92' lang='lat' dir='ltr'><strong>homo</strong></span> <span class='ocrx_word' id='word_1_521' title='bbox 3226 4595 3431 4676; x_wconf 89' lang='lat' dir='ltr'><strong>possit</strong></span> <span class='ocrx_word' id='word_1_522' title='bbox 3476 4593 3845 4659; x_wconf 88' lang='lat' dir='ltr'><strong>satisfacere</strong></span> <span class='ocrx_word' id='word_1_523' title='bbox 3886 4615 3982 4658; x_wconf 93' lang='lat' dir='ltr'><strong>re-</strong></span> 
     </span>
     <span class='ocr_line' id='line_1_85' title="bbox 2476 4691 3981 4776; baseline 0.002 -22"><span class='ocrx_word' id='word_1_524' title='bbox 2476 4691 2933 4776; x_wconf 87' lang='lat' dir='ltr'><strong>conciliarique</strong></span> <span class='ocrx_word' id='word_1_525' title='bbox 2984 4693 3113 4756; x_wconf 89' lang='lat' dir='ltr'><strong>Deo</strong></span> <span class='ocrx_word' id='word_1_526' title='bbox 3164 4711 3281 4774; x_wconf 86' lang='lat' dir='ltr'><strong>pro</strong></span> <span class='ocrx_word' id='word_1_527' title='bbox 3334 4710 3463 4756; x_wconf 91' lang='lat' dir='ltr'><strong>uno</strong></span> <span class='ocrx_word' id='word_1_528' title='bbox 3520 4701 3784 4774; x_wconf 88' lang='lat' dir='ltr'><strong>peccato</strong></span> <span class='ocrx_word' id='word_1_529' title='bbox 3834 4695 3981 4758; x_wconf 88' lang='grc'><strong>31116</strong></span> 
     </span>
     <span class='ocr_line' id='line_1_86' title="bbox 2475 4790 2619 4854; baseline 0 -2"><span class='ocrx_word' id='word_1_530' title='bbox 2475 4790 2619 4854; x_wconf 93' lang='lat' dir='ltr'><strong>alio.</strong></span> 
     </span>
    </p>

    <p class='ocr_par' dir='ltr' id='par_1_23' title="bbox 2474 4888 3982 5366">
     <span class='ocr_line' id='line_1_87' title="bbox 2554 4888 3982 4971; baseline 0.002 -21"><span class='ocrx_word' id='word_1_531' title='bbox 2554 4888 2819 4952; x_wconf 91' lang='lat' dir='ltr'><strong>Videtur</strong></span> <span class='ocrx_word' id='word_1_532' title='bbox 2856 4890 3028 4971; x_wconf 89' lang='lat' dir='ltr'><strong>quod</strong></span> <span class='ocrx_word' id='word_1_533' title='bbox 3065 4888 3177 4952; x_wconf 90' lang='lat' dir='ltr'><strong>sic.</strong></span> <span class='ocrx_word' id='word_1_534' title='bbox 3220 4889 3481 4952; x_wconf 88' lang='lat' dir='ltr'><strong>Peccata</strong></span> <span class='ocrx_word' id='word_1_535' title='bbox 3522 4888 3697 4952; x_wconf 87' lang='lat' dir='ltr'><strong>enim</strong></span> <span class='ocrx_word' id='word_1_536' title='bbox 3740 4889 3982 4971; x_wconf 83' lang='lat' dir='ltr'><strong>sigilla-</strong></span> 
     </span>
     <span class='ocr_line' id='line_1_88' title="bbox 2474 4986 3981 5069; baseline 0.001 -21"><span class='ocrx_word' id='word_1_537' title='bbox 2474 4986 2593 5049; x_wconf 93' lang='lat' dir='ltr'><strong>tim</strong></span> <span class='ocrx_word' id='word_1_538' title='bbox 2644 5005 2719 5049; x_wconf 88' lang='lat' dir='ltr'><strong>ac</strong></span> <span class='ocrx_word' id='word_1_539' title='bbox 2768 4987 3038 5050; x_wconf 90' lang='lat' dir='ltr'><strong>diversis</strong></span> <span class='ocrx_word' id='word_1_540' title='bbox 3084 4986 3487 5069; x_wconf 89' lang='lat' dir='ltr'><strong>temporibus</strong></span> <span class='ocrx_word' id='word_1_541' title='bbox 3533 4987 3725 5061; x_wconf 89' lang='lat' dir='ltr'><strong>fiunt,</strong></span> <span class='ocrx_word' id='word_1_542' title='bbox 3772 4995 3838 5051; x_wconf 90' lang='lat' dir='ltr'><strong>et</strong></span> <span class='ocrx_word' id='word_1_543' title='bbox 3886 4989 3981 5050; x_wconf 89' lang='lat' dir='ltr'><strong>di-</strong></span> 
     </span>
     <span class='ocr_line' id='line_1_89' title="bbox 2476 5085 3979 5167; baseline 0.001 -19"><span class='ocrx_word' id='word_1_544' title='bbox 2476 5104 2691 5148; x_wconf 87' lang='lat' dir='ltr'><strong>versas</strong></span> <span class='ocrx_word' id='word_1_545' title='bbox 2732 5103 2952 5167; x_wconf 84' lang='lat' dir='ltr'><strong>poenas</strong></span> <span class='ocrx_word' id='word_1_546' title='bbox 2991 5093 3341 5160; x_wconf 88' lang='lat' dir='ltr'><strong>merentur,</strong></span> <span class='ocrx_word' id='word_1_547' title='bbox 3384 5105 3503 5148; x_wconf 93' lang='lat' dir='ltr'><strong>nec</strong></span> <span class='ocrx_word' id='word_1_548' title='bbox 3542 5085 3784 5149; x_wconf 91' lang='lat' dir='ltr'><strong>habent</strong></span> <span class='ocrx_word' id='word_1_549' title='bbox 3826 5103 3979 5150; x_wconf 89' lang='grc'><strong>6611-</strong></span> 
     </span>
     <span class='ocr_line' id='line_1_90' title="bbox 2476 5183 3979 5266; baseline 0.001 -20"><span class='ocrx_word' id='word_1_550' title='bbox 2476 5183 2816 5246; x_wconf 87' lang='lat' dir='ltr'><strong>nexionem</strong></span> <span class='ocrx_word' id='word_1_551' title='bbox 2859 5201 2873 5245; x_wconf 87' lang='lat'><strong>:</strong></span> <span class='ocrx_word' id='word_1_552' title='bbox 2916 5201 3067 5266; x_wconf 89' lang='lat' dir='ltr'><strong>ergo</strong></span> <span class='ocrx_word' id='word_1_553' title='bbox 3104 5183 3431 5266; x_wconf 84' lang='lat' dir='ltr'><strong>sigillatim</strong></span> <span class='ocrx_word' id='word_1_554' title='bbox 3470 5193 3739 5266; x_wconf 89' lang='lat' dir='ltr'><strong>possunt</strong></span> <span class='ocrx_word' id='word_1_555' title='bbox 3775 5185 3979 5249; x_wconf 89' lang='lat' dir='ltr'><strong>deleri</strong></span> 
     </span>
     <span class='ocr_line' id='line_1_91' title="bbox 2477 5282 3978 5366; baseline 0.002 -21"><span class='ocrx_word' id='word_1_556' title='bbox 2477 5289 2543 5345; x_wconf 89' lang='lat' dir='ltr'><strong>et</strong></span> <span class='ocrx_word' id='word_1_557' title='bbox 2581 5282 2845 5364; x_wconf 83' lang='lat' dir='ltr'><strong>expiari.</strong></span> <span class='ocrx_word' id='word_1_558' title='bbox 2878 5282 3037 5346; x_wconf 90' lang='lat' dir='ltr'><strong>Nam</strong></span> <span class='ocrx_word' id='word_1_559' title='bbox 3077 5290 3142 5351; x_wconf 86' lang='lat' dir='ltr'><strong>et</strong></span> <span class='ocrx_word' id='word_1_560' title='bbox 3179 5284 3371 5346; x_wconf 91' lang='lat' dir='ltr'><strong>homo</strong></span> <span class='ocrx_word' id='word_1_561' title='bbox 3406 5289 3613 5366; x_wconf 83' lang='lat' dir='ltr'><strong>potest</strong></span> <span class='ocrx_word' id='word_1_562' title='bbox 3650 5302 3721 5347; x_wconf 88' lang='lat' dir='ltr'><strong>se</strong></span> <span class='ocrx_word' id='word_1_563' title='bbox 3760 5301 3978 5348; x_wconf 88' lang='lat' dir='ltr'><strong>emen·</strong></span> 
     </span>
    </p>
   </div>
  </div>
 </body>
</html>
