4267 6250
783 500 905 566 480
1403 517 1466 563 m
1505 516 1728 564 Lunum
1769 516 1830 563 lv
1872 514 2356 562 snmmlamm.
2398 532 2480 543 —
2518 513 2672 562 msr.
2714 514 2882 577 xvu3
2926 514 3152 571 QUAEST.
3192 514 3280 561 vu

868 690 1341 772 consequenter
1379 688 1728 752 Richardus
1771 687 2164 770 respondens
2202 685 2280 749 ad
2313 686 2366 751 A
2393 685 2446 747 si
2487 703 2614 749 non
2649 684 2732 748 sit
2771 686 3080 748 insertum
3125 684 3292 748 inter
3325 683 3482 747 alias
3513 681 3902 747 decretales.

788 788 980 863 istud,
1016 795 1229 851 utrum
1270 786 1336 849 hi
1378 787 1489 869 qui
1520 786 1909 849 confitentur
1945 784 2140 848 alicui
2179 784 2285 846 ha·
2391 784 2599 859 Quum
2639 802 2789 866 ergo
2827 784 3168 866 episcopus
3211 801 3338 847 non
3377 783 3462 845 sit
3495 801 3688 865 super
3725 782 3907 847 illud

787 886 963 949 beuti
1005 893 1381 969 potestatem
1412 884 1719 967 episcopi,
1752 891 2089 947 teneantur
2116 899 2285 945 anno
2393 890 2722 958 statutum,
2757 883 3033 947 confessi
3073 881 3195 945 sibi
3234 888 3344 945 aut
3379 881 3562 945 alteri
3600 881 3739 962 ejus
3778 901 3910 945 au-

786 986 1009 1049 eodem
1052 984 1346 1049 confiteri
1388 1002 1505 1047 suo
1549 983 1919 1066 presbytero
1961 981 2286 1064 parochia·
2395 981 2704 1055 ctoritate,
2738 989 3038 1045 tenentur
3065 981 3288 1044 eodem
3329 998 3498 1043 anno
3524 998 3640 1043 suo
3669 988 3910 1043 curato

788 1082 833 1145 li
882 1101 897 1145 ε
949 1082 1323 1166 Episcopus,
1378 1081 1608 1163 inquit,
1658 1080 2045 1144 ordinariam
2093 1077 2287 1141 habet
2394 1079 2681 1143 inferiori
2731 1079 3045 1143 confiteri.
3089 1079 3226 1143 Non
3273 1079 3366 1141 sic
3415 1086 3627 1141 autem
3675 1078 3910 1141 dicen-

781 1182 1297 1264 jurisdictionem
1347 1199 1540 1263 super
1580 1179 1869 1242 subditos
1914 1176 2288 1262 parochiali-
2395 1179 2546 1240 dum
2581 1186 2678 1241 est
2708 1178 2786 1241 de
2811 1177 3271 1242 confitentibus
3301 1178 3482 1259 Papae
3511 1177 3612 1239 vel
3649 1176 3910 1240 haben-

788 1299 900 1343 um
948 1280 1368 1342 sacerdotum.
1411 1279 1587 1353 Quod
1633 1286 1847 1341 autem
1895 1277 2088 1339 alicui
2139 1294 2286 1339 con·
2395 1275 2567 1338 tibus
2601 1276 2742 1358 ejus
2775 1276 3216 1339 auctoritatem
3245 1274 3554 1350 absolute,
3581 1275 3902 1358 quoniam

788 1378 965 1441 venit
992 1396 1070 1440 ex
1099 1377 1416 1441 ordinaria
1440 1376 2049 1457 jurisdictione,ipse
2078 1381 2288 1457 potest
2396 1375 2560 1457 Papa
2589 1382 2685 1436 est
2711 1393 2906 1456 super
2934 1374 3228 1455 generale
3257 1373 3622 1436 concilium.
3644 1372 3904 1437 —Haec

791 1478 1191 1539 committere
1220 1476 1400 1539 alteri
1441 1475 1700 1538 habenti
1732 1475 2021 1538 ordinem
2062 1492 2288 1537 conve·
2395 1474 2764 1537 RicharduS.
2799 1474 2917 1547 Qui
2946 1479 3156 1535 tamen
3189 1472 3462 1555 primam
3499 1473 3724 1535 harum
3754 1474 3910 1556 opi-

789 1576 1069 1639 nientem
1120 1576 1199 1637 ad
1258 1575 1416 1637 illud
1464 1573 1758 1637 officium
1807 1572 2285 1655 exsequendum
2397 1572 2665 1635 nionum
2696 1572 2842 1654 plus
2870 1570 3198 1654 approbat.
3235 1570 3688 1634 Verumtamen
3717 1572 3904 1653 quod

788 1675 1010 1756 (extra
1054 1674 1132 1737 de
1177 1673 1665 1737 consecratione
1706 1672 2015 1745 ecclesiae,
2056 1671 2282 1753 Aqua).
2397 1672 2507 1747 ait,
2538 1672 2768 1753 Papam
2800 1689 2940 1734 esse
2969 1689 3163 1753 supra
3189 1669 3485 1752 generale
3515 1670 3898 1745 concilium,

789 1774 953 1855 Ergo
981 1790 1130 1835 vere
1163 1771 1583 1836 absolvuntur
1610 1772 1721 1853 qui
1757 1769 2146 1835 confitentur
2185 1770 2288 1831 ha-
2400 1770 2726 1833 recitative
2753 1769 3006 1843 induco,
3029 1777 3094 1831 et
3122 1769 3376 1831 dimitto
3405 1768 3524 1831 hoc
3553 1769 3722 1831 sicut
3749 1778 3850 1832 est
3875 1786 3898 1832 ε

789 1871 965 1934 benti
1024 1871 1465 1934 auctoritatem
1521 1870 1831 1952 episcopi,
1885 1887 2003 1931 nec
2060 1868 2280 1931 eadem
2324 1865 2371 1928 B
2399 1887 2634 1952 nempe
2687 1869 2752 1930 in
2803 1867 3267 1932 constantiensi
3325 1867 3597 1931 concilio
3645 1875 3906 1931 constat

792 1977 1050 2052 peccata
1088 1987 1357 2032 numero
1396 1970 1528 2031 suis
1569 1967 2043 2051 parochialibus
2080 1986 2286 2029 sacer·
2397 1966 2890 2030 determinatum
2931 1984 3071 2029 esse
3113 1966 3497 2048 oppositum.

790 2068 1047 2132 dotibus
1088 2067 1378 2130 confiteri
1419 2075 1733 2131 tenentur.
1770 2067 1890 2129 Sed
1930 2074 2144 2128 utrum
2184 2084 2287 2129 eo·
2477 2066 2658 2129 Circa
2687 2066 2820 2129 haec
2851 2065 3072 2128 scribit
3101 2065 3430 2129 Albertus:
3454 2065 3656 2129 Nemo
3683 2073 3906 2149 potest

792 2168 939 2229 dem
978 2183 1147 2229 anno
1183 2173 1522 2229 teneantur
1560 2165 1949 2248 presbyteris
1988 2165 2097 2227 illa
2142 2184 2286 2247 pec·
2395 2164 2724 2227 absolvere
2767 2164 2890 2227 nisi
2933 2163 3231 2246 proprius
3273 2164 3587 2241 sacerdos„
3620 2183 3742 2228 nec
3785 2182 3906 2247 po-

792 2271 930 2327 cata
990 2284 1131 2347 quae
1194 2272 1337 2346 post
1396 2263 1859 2327 absolutionem
1925 2264 2283 2339 incurrunt,
2397 2270 2519 2327 test
2547 2263 2779 2345 aliquis
2813 2261 3110 2325 confiteri
3149 2262 3274 2325 nisi
3316 2262 3573 2344 proprio
3601 2263 3904 2326 sacerdo—

791 2362 1108 2436 confiteri,
1140 2363 1473 2445 opiniones
1512 2370 1678 2424 sunt.
1714 2362 1791 2424 Et
1825 2362 2023 2443 aliqui
2062 2362 2287 2424 dicunt
2396 2362 2463 2424 ti.
2499 2363 2687 2425 Porro
2717 2361 2885 2443 quod
2917 2360 3204 2425 Christus
3234 2360 3343 2436 ait,
3375 2361 3661 2443 Accipite
3691 2361 3904 2444 Spiri—
3957 2380 4252 2430 ,ro-amn,

791 2462 961 2544 quod
1006 2478 1155 2535 non,
1190 2461 1490 2543 quoniam
1537 2478 1653 2543 per
1692 2460 2133 2543 presbyterum
2177 2480 2285 2543 pa·
2394 2468 2532 2523 tum
2562 2461 3171 2542 Sanctum‚quorum
3206 2460 3580 2523 remiseritis
3609 2468 3902 2543 peccata,
3939 2445 4130 2496 ²²⁹²³·

791 2559 1137 2624 rochialem
1181 2576 1309 2623 non
1357 2558 1565 2623 solum
1610 2558 1986 2641 intelligitur
2028 2567 2286 2621 curatus
2395 2567 2542 2633 etc.,
2585 2577 2712 2621 non
2759 2558 3160 2639 distinguens
3211 2577 3328 2621 nec
3373 2559 3674 2622 ordinans
3725 2560 3905 2624 inter

793 2659 1076 2734 inferior,
1120 2659 1230 2721 sed
1274 2658 1467 2721 etiam
1516 2658 1874 2741 episcopus.
1918 2659 2094 2733 Quod
2143 2676 2286 2740 pro·
2396 2676 2526 2733 003,
2569 2658 2688 2721 1100
2731 2658 2912 2731 dixit,
2953 2674 3452 2739 praesupponens
3490 2656 3785 2721 ordinem
3825 2658 3902 2720 in

792 2758 930 2821 bari
964 2758 1213 2821 videtur
1249 2776 1366 2840 per
1404 2757 1469 2820 id
1509 2757 1677 2839 quod
1717 2757 1951 2819 dicitur
1983 2766 2179 2818 emcra
2207 2757 2285 2820 de
2397 2756 2730 2840 discipulis
2785 2774 2980 2839 quem
3035 2763 3184 2818 ante
3226 2756 3360 2837 jam
3413 2755 3669 2819 fecerat.
3731 2757 3902 2821 Nam

791 2855 1110 2919 Parochiis
1158 2863 1222 2918 et
1267 2854 1493 2917 alienis
1543 2855 1964 2937 parochianiS,
2006 2854 2287 2937 capitulo
2396 2857 2648 2919 Petrum
2696 2854 2996 2918 omnibus
3039 2855 3405 2936 praeposuit,
3442 2855 3664 2917 dicens
3697 2856 3900 2919 :Tibi
3941 2872 4146 2919 unuh.
4163 2888 4250 2927 m.

499 2972 762 3028 noemam.
792 2956 1040 3017 Nullus
1066 2955 1417 3029 episcopus,
1448 2958 1511 3014 et
1550 2952 1610 3026 9,
1642 2952 1990 3034 quaestione
2028 2952 2087 3027 2,
2122 2953 2288 3035 capi·
2395 2954 2557 3017 dabo
2595 2954 2804 3017 claves
2851 2953 3031 3034 regni
3079 2952 3423 3032 coelorum3
3465 2960 3530 3015 et
3569 2953 3725 3016 alibi
3772 2954 3898 3017 ubi
3943 2938 4026 2980 ¹⁹·

790 3053 928 3115 tulo
974 3054 1221 3116 Nullus
1268 3053 1569 3123 alteria-3,
1608 3059 1673 3113 et
1714 3052 1991 3134 capitulo
2038 3055 2287 3116 Nullus
2318 3047 2362 3112 C
2394 3053 2626 3116 effatus
2654 3059 2752 3116 est
2785 3068 2799 3115 :
2834 3052 2924 3114 Tu
2955 3051 3298 3135 aliquando
3337 3070 3702 3129 conversuS‚
3735 3071 3898 3116 con·
3967 3070 4102 3115 Luc.
4135 3085 4246 3121 un,

782 3154 1060 3230 primas
1094 3150 1220 3212 Alii
1255 3150 1497 3224 dicunt,
1536 3169 1650 3233 per
1688 3150 2130 3233 presbyterum
2182 3171 2286 3234 pa·
2394 3153 2586 3216 firma
2628 3151 2852 3214 fratres
2893 3159 3055 3214 tuos.
3935 3137 4020 3180 ⁸²·

790 3249 1139 3314 rochialem
1168 3266 1296 3311 non
1328 3249 1597 3330 intelligi
1624 3250 1747 3312 nisi
1780 3249 2148 3312 inferiorem
2181 3269 2286 3312 cu·
2473 3251 2742 3331 Insuper
2779 3247 3139 3312 sciscitatur
3172 3246 3490 3323 AlbertuS‚
3521 3268 3600 3312 an
3641 3250 3894 3314 eisdem

792 3357 1024 3424 ratum,
1086 3347 1386 3430 quoniam
1450 3348 1645 3410 verba
1704 3348 2072 3431 accipienda
2135 3355 2286 3411 sunt
2397 3349 2645 3431 possint
2670 3367 2808 3411 esse
2839 3347 3054 3430 plures
3089 3347 3330 3429 proprii
3367 3348 3742 3412 sacerdotes.
3777 3351 3906 3413 Re-

792 3445 1147 3509 secundum
1198 3445 1368 3527 quod
1418 3453 1645 3508 sonant
1700 3444 1766 3506 in
1825 3465 1944 3508 usu
1998 3463 2284 3508 commu·
2397 3446 3002 3531 spondetzNon‚sed
3032 3464 3200 3509 unus
3229 3445 3404 3508 solus
3433 3453 3528 3509 est
3559 3448 3904 3531 proprius3

794 3545 880 3607 ni.
927 3544 1233 3607 Praeterea
1278 3543 1441 3625 Papa
1489 3542 1552 3604 in
1604 3542 1940 3624 privilegio
1982 3560 2286 3607 concesso
2398 3553 2665 3630 possunt
2694 3552 2904 3607 tamen
2943 3543 3050 3606 alii
3094 3543 3188 3606 illi
3227 3544 3338 3606 uni
3373 3545 3634 3627 proprio
3667 3563 3910 3630 coope-

789 3642 1139 3707 Minoribus
1196 3648 1261 3704 et
1309 3639 1831 3704 Praedicatoribus
1889 3659 2083 3722 super
2142 3658 2288 3703 con·
2398 3645 2542 3708 rari.
2568 3644 2920 3727 Episcopus
2951 3643 3192 3724 quippe
3223 3661 3350 3706 non
3381 3650 3590 3726 potest
3617 3653 3908 3727 potesta-

790 3740 1175 3804 fessionibus
1212 3738 1567 3813 audiendiS,
1609 3738 1987 3801 declarando
2037 3740 2288 3802 videtur
2399 3751 2459 3805 te
2499 3742 2664 3823 juris
2707 3740 3096 3805 constituere
3141 3739 3356 3821 plures
3401 3743 3714 3824 proprioS,
3745 3743 3912 3824 quia

793 3840 1005 3902 dicere
1036 3838 1206 3920 quod
1247 3838 1313 3899 in
1354 3837 1465 3899 illo
1502 3843 1759 3912 statuto,
1794 3837 2013 3901 Omnis
2054 3838 2287 3900 utrius·
2399 3841 2490 3904 sic
2518 3859 2640 3902 una
2665 3839 2948 3902 Ecclesia
2975 3837 3234 3900 haberet
3261 3839 3493 3902 multos
3518 3841 3623 3923 qui
3647 3859 3912 3922 aequum

792 3957 917 4022 que
965 3955 1154 4000 sexus
1195 3936 1302 4018 (de
1350 3936 1743 3998 Poenitentiis
1792 3943 1855 3999 et
1904 3936 2292 3999 remissioni·
2394 3941 2502 4023 jus
2551 3937 2856 4001 haberent
2904 3937 2970 3998 in
3020 3936 3150 4012 illa,
3193 3944 3259 3999 et
3297 3956 3466 4000 unus
3509 3947 3674 4002 esset
3713 3959 3907 4024 aeque

792 4037 962 4118 bus),
996 4034 1377 4116 intelligitur
1406 4033 1735 4118 presbyter
1765 4034 2148 4118 parochialis
2178 4035 2289 4116 qui
2399 4039 2737 4101 adstrictus
2768 4034 3038 4110 duobuS,
3063 4053 3141 4098 ex
3170 4052 3300 4117 quo
3329 4045 3542 4117 posset
3569 4037 3722 4099 oriri
3752 4057 3908 4120 per-

792 4137 857 4198 in
890 4134 1217 4198 communi
1256 4152 1377 4196 usu
1418 4134 1503 4196 ita
1532 4140 1812 4208 vocatur,
1848 4132 1913 4196 in
1955 4132 2076 4196 hoc
2118 4133 2288 4215 quod
2399 4135 2687 4219 plexitaS.
2722 4134 3076 4216 Episcopus
3118 4151 3271 4196 vero
3321 4140 3529 4216 potest
3571 4135 3904 4217 adjutores

792 4233 968 4308 dicit,
1017 4231 1189 4314 quod
1237 4230 1513 4294 confessi
1564 4230 1907 4306 Fratribus,
1955 4238 2292 4294 teneantur
2321 4234 2371 4296 D
2401 4236 2551 4298 dare
2590 4233 2847 4316 proprio
2889 4232 3236 4312 sacerdoti3
3272 4240 3338 4295 et
3373 4232 3494 4296 hoc
3529 4234 3900 4317 tripliciter,

792 4331 991 4396 semel
1025 4330 1091 4393 in
1120 4347 1289 4392 anno
1318 4329 1453 4391 suis
1489 4328 1876 4412 presbyteris
1914 4329 2291 4412 parochiali-
2402 4342 2473 4396 ut
2518 4333 2676 4396 mihi
2719 4333 2990 4395 videtur.
3026 4332 3256 4407 Primo,
3291 4334 3357 4396 in
3399 4333 3652 4396 casibus
3692 4337 3908 4416 gravi-

794 4431 915 4493 bus
962 4429 1279 4504 confiteri,
1323 4436 1511 4510 prout
1546 4427 1765 4490 statuit
1802 4429 2148 4492 concilium
2191 4447 2294 4510 ge-
2401 4432 2522 4495 bus
2563 4432 2628 4494 in
2669 4431 2904 4514 qulbus
2945 4438 3014 4492 ut
3049 4430 3248 4511 magis
3286 4430 3767 4507 abhorreantur,
3802 4453 3905 4498 re—

794 4528 1027 4593 nerale.
1071 4527 1278 4601 Quum
1326 4525 1499 4588 enim
1544 4525 1833 4600 dicendo,
1876 4525 2287 4609 PresbyteriS,
2403 4538 2611 4594 servat
2639 4529 2762 4591 sibi
2793 4536 3166 4612 potestatem
3200 4528 3591 4605 absolvendi,
3623 4539 3688 4593 et
3719 4531 3902 4597 illam

792 4626 1090 4692 excludat
1116 4644 1244 4689 non
1270 4623 1787 4708 presbyteros3et
1806 4622 2111 4700 addendo,
2128 4625 2289 4700 Saia,
2403 4635 2610 4712 potest
2655 4627 3053 4690 committere
3111 4627 3223 4689 uni
3269 4627 3374 4692 vel
3432 4628 3728 4710 pluribus
3787 4633 3904 4715 qui

795 4726 1090 4791 excludat
1127 4743 1255 4788 non
1293 4724 1601 4788 habentes
1639 4723 2152 4805 jurisdictionem
2193 4743 2294 4786 su·
2401 4726 2765 4806 absolvant;
2807 4733 2870 4788 et
2910 4725 3036 4789 illis
3081 4733 3378 4789 tenentur
3418 4727 3542 4809 ipsi
3589 4729 3904 4794 confiten-

796 4845 912 4911 per
967 4844 1075 4889 eos
1126 4842 1141 4887 :
1191 4824 1447 4888 videtur
1495 4823 1665 4906 quod
1714 4823 1835 4885 hoc
1883 4824 2052 4905 quod
2112 4823 2288 4899 dicit,
2402 4833 2498 4888 tes
2527 4825 2728 4905 magis
2755 4823 3015 4887 obedire
3046 4843 3237 4906 quam
3273 4825 3534 4907 proprio
3561 4829 3900 4893 sacerdoti.

795 4924 1287 4997 ParochialibuS,
1353 4922 1649 4985 excludat
1716 4921 2073 5004 episcopos,
2138 4921 2293 4984 alias
2402 4924 2936 5005 Secund0,potest
2963 4922 3302 5005 episcopus
3329 4923 3576 5006 aliquos
3605 4925 3758 4991 dare
3789 4929 3904 5012 qui

795 5023 1066 5087 verbum
1097 5022 1278 5096 illud,
1312 5019 1807 5103 parochialibuS,
1829 5027 2173 5102 poneretur
2201 5019 2294 5082 ibi
2404 5023 2769 5105 praedicent,
2820 5029 2884 5084 et
2928 5021 3308 5102 generaliter
3357 5033 3656 5086 moneant
3703 5045 3905 5110 popu·

796 5123 1051 5186 frustra.
1104 5121 1502 5202 Ubicumque
1560 5127 1773 5181 autem
1833 5119 1998 5201 Papa
2050 5118 2296 5201 aliquid
2404 5121 2561 5196 lum,
2615 5119 3122 5202 confitentesque
3178 5119 3461 5195 audiant,
3509 5139 3638 5185 non
3687 5131 3902 5188 tamen

798 5222 955 5285 dicit
1006 5239 1123 5304 per
1180 5220 1441 5282 modum
1502 5217 1949 5281 declarationis
2001 5216 2188 5297 juris,
2241 5218 2294 5281 si
2404 5219 2728 5302 excipiant
2772 5218 2853 5281 ab
2901 5218 3267 5282 obedientia
3322 5219 3568 5302 proprii
3615 5223 3903 5288 sacerdo-

798 5319 1116 5383 bullatum
1145 5326 1263 5394 est,
1295 5318 1373 5380 ad
1401 5335 1626 5381 omnes
1655 5335 1723 5379 se
1752 5315 2057 5391 extendit,
2078 5316 2298 5380 etiam·
2404 5319 2488 5380 tis
2516 5335 2530 5380 :
2565 5318 2708 5381 ideo
2737 5317 2804 5380 in
2832 5317 3207 5401 poenitentia
3229 5317 3363 5400 jam
3393 5318 3475 5381 ab
3506 5318 3636 5382 illis
3665 5322 3899 5386 consti·
