4267 6250
666 514 821 561 msr.
863 516 905 562 v
948 512 1199 575 suuu3
1241 513 1470 570 ouzsr.
1512 514 1533 559 1
1577 513 1592 558 ε
1634 512 1837 561 uranx
1878 513 2178 563 mamm
2219 514 2468 563 rossa-rr
2509 514 2670 562 vana
2709 514 3047 562 nari-[zm
3297 495 3410 561 141

323 687 641 751 Dominus
668 705 819 753 cum
849 706 1041 753 servo
1072 690 1137 753 et
1171 689 1241 753 in
1277 706 1493 771 servo,
1524 689 1697 753 sicut
1732 690 1802 753 in
1832 690 2140 755 exteriori
2168 689 2534 756 ministerio
2571 692 2900 757 Dominus
2929 690 3237 773 operatur
3261 708 3413 755 cum

324 822 498 869 servo
545 807 715 870 etin
766 824 980 871 servo,
1023 807 1211 871 Unde
1265 808 1331 870 et
1369 806 1699 871 Dominus
1748 808 1989 872 dicitur
2034 794 2462 889 sanctificare,
2495 812 2560 873 et
2617 826 2887 890 servus;
2934 808 3049 873 sed
3085 808 3416 873 Dominus

322 920 629 985 invisibili
674 922 906 1003 gratia,
947 940 1179 986 servus
1234 921 1483 986 visibili
1539 924 1969 986 sacramento.
2020 922 2211 988 Unde
2265 924 2680 1005 Augustinus
2727 942 2928 1007 super
2978 923 3351 988 Leviticum
3393 943 3408 986 :

320 1038 637 1102 Dominus
663 1040 780 1119 ait,
816 1040 957 1121 Ego
996 1040 1327 1103 Dominus
1364 1040 1480 1120 qui
1517 1039 1896 1121 sanctifico;
1938 1041 2002 1103 et
2038 1039 2119 1103 de
2156 1040 2386 1122 Moyse
2425 1041 2621 1105 etiam
2661 1041 2911 1104 dictum
2951 1042 3050 1105 est
3081 1060 3096 1103 ε
3131 1042 3214 1103 Et
3261 1058 3411 1105 san-
3438 1056 3706 1131 insonat

320 1154 624 1218 ctificabis
672 1173 849 1220 eum.
892 1155 1023 1220 Sed
1062 1157 1325 1236 Moyses
1372 1154 1818 1219 sanctificabat
1863 1155 2240 1219 visibilibus
2289 1158 2716 1221 sacramentis
2761 1176 2878 1240 per
2921 1158 3364 1221 ministerium
3391 1178 3408 1239 3
3437 1122 3704 1233 ἷζεῖῗμιῖἐ.

317 1272 633 1336 Dominus
690 1274 912 1337 autem
969 1272 1290 1336 invisibili
1354 1272 1565 1355 gratia
1613 1289 1731 1353 per
1776 1271 2121 1355 Spiritum,
2180 1272 2294 1337 ubi
2345 1275 2443 1337 est
2502 1276 2683 1338 totus
2738 1273 2991 1337 fructus
3044 1272 3410 1337 visibilium
3437 1259 3480 1289 ¹¹¹

320 1504 459 1585 quis
504 1506 631 1570 hoc
677 1506 919 1571 melius
959 1506 1211 1588 aperire
1254 1505 1521 1588 poterit,
1569 1521 1703 1570 non
1748 1504 2035 1569 invideo,

1831 1772 1884 1836 A
1911 1773 2082 1837 datio
2130 1774 2503 1857 spiritualiS,
2535 1778 2616 1840 ab
2669 1778 3021 1844 immundis
3064 1788 3128 1844 et
3163 1781 3411 1845 vitiosis

875 1850 1233 1916 SUMMA
1912 1871 2208 1963 conferri·
2235 1891 2362 1937 non
2413 1876 2663 1957 poterit.
2709 1912 2791 1923 —
2831 1878 3062 1954 Tertio,
3115 1880 3411 1944 ecclesia-

561 2017 641 2072 m
656 2016 967 2074 STINCTI
982 2020 1116 2075 om
1131 2018 1167 2075 S
1225 2016 1531 2083 QUINTAE
1912 1970 2070 2033 stica
2094 1981 2489 2084 sacram-enta
2521 1992 2649 2037 non
2685 1976 2810 2038 nisi
2841 1975 2923 2087 ab
2961 1978 3410 2041 ecclesiasticis

1913 2076 2062 2131 sunt
2108 2070 2610 2135 administranda
2664 2092 2973 2156 personis.
3024 2112 3106 2123 —
3153 2078 3406 2153 QuartO,

1912 2185 2101 2229 nemo
2139 2169 2322 2232 alteri
2362 2170 2611 2233 confert
2650 2172 2820 2254 quod
2861 2173 3000 2256 ipse
3038 2194 3164 2239 non
3196 2176 3406 2239 habet.

1910 2264 2115 2339 Quum
2162 2286 2312 2349 ergo
2349 2268 2676 2351 baptizans
2715 2271 2932 2354 aliquo
2973 2276 3159 2339 modo
3197 2275 3413 2339 confe-

1910 2371 2007 2425 rat
2033 2366 2300 2447 gratiam
2331 2366 2670 2450 baptizatO,
2704 2377 2768 2432 et
2795 2371 3012 2454 aliquo
3051 2374 3240 2437 modo
3269 2374 3410 2455 ejus

1909 2472 2286 2544 cooperetur
2327 2465 2538 2541 saluti,
2581 2486 2842 2531 necesse
2879 2478 2976 2533 est
3019 2471 3232 2553 ipsum
3270 2489 3410 2536 esse

1911 2560 1976 2624 in
2020 2570 2186 2626 statu
2227 2563 2443 2645 gratiae
2484 2584 2558 2628 ac
2601 2566 2844 2630 salutis.

401 2266 507 2329 AM
562 2268 1061 2331 determinatum
1117 2276 1215 2331 est
1272 2269 1351 2331 de
1406 2272 1802 2330 sacramento

428 2365 733 2448 Baptismi
787 2366 853 2429 in
903 2386 995 2442 se,
1044 2366 1275 2429 deinde
1326 2367 1405 2429 de
1460 2365 1683 2429 eodem
1734 2364 1799 2426 in

317 2463 523 2527 ordine
552 2465 631 2527 ad
664 2465 1119 2547 suscipientes3
1152 2465 1258 2528 hic
1285 2472 1589 2528 tractatur
1617 2465 1697 2527 de
1726 2481 1803 2527 eo

316 2579 421 2642 per
460 2572 823 2647 respectum
872 2564 950 2627 ad
1001 2564 1243 2639 dantes,
1289 2572 1443 2646 puta
1482 2583 1520 2626 a
1566 2564 1801 2647 quibus

318 2660 507 2723 valeat
548 2662 862 2738 exhiberi,
896 2681 1011 2727 seu
1053 2664 1165 2746 qui
1206 2663 1337 2725 sint
1384 2664 1496 2746 qui
1535 2670 1802 2745 possunt

316 2756 640 2841 baptizare.
675 2762 983 2836 Quocirca
1020 2760 1317 2837 declarat,
1352 2762 1521 2844 quod
1549 2781 1587 2824 a
1616 2761 1799 2824 bonis
1975 2760 2069 2823 Ad
2099 2760 2236 2825 haec
2267 2764 2607 2845 respondet
2634 2763 3170 2831 Antisiodorensis
3191 2770 3403 2853 :Apud

314 2874 380 2919 ac
410 2860 610 2935 malis,
634 2880 672 2923 a
701 2859 1033 2923 catholicis
1063 2868 1127 2923 et
1152 2860 1233 2923 ab
1264 2860 1580 2925 haereticis
1610 2867 1799 2942 atque
1907 2857 2238 2921 haereticos
2285 2878 2510 2922 verum
2557 2870 2655 2923 est
2703 2862 3046 2946 Baptisma,
3087 2886 3404 2951 verusque

314 2957 721 3021 schismaticis
750 2960 953 3041 possit
980 2960 1263 3042 praestari
1293 2977 1307 3022 :
1336 2960 1638 3042 quoniam
1669 2978 1797 3023 non
1826 2957 1875 3019 B
1907 2955 2071 3019 Ordo
2102 2964 2164 3019 et
2195 2958 2618 3022 sacerdotium
2649 2980 2896 3038 verum,
2931 2964 3168 3028 idcirco
3207 2974 3272 3029 et
3300 2986 3404 3030 ve-

319 1372 889 1453 sacramentorum.
930 1389 1089 1453 Sine
1141 1389 1265 1453 hac
1314 1388 1829 1453 sanctificatione
1872 1387 2165 1453 visibilia
2209 1390 2618 1455 sacramenta
2658 1391 2826 1455 nihil
2874 1392 3172 1473 prosunt.
3214 1427 3300 1437 —
3338 1392 3410 1455 Si
3436 1374 3709 1489 Zodnu.

3439 1503 3508 1547 2⁴·

313 3055 586 3119 consistit
642 3076 763 3120 nec
819 3058 1007 3120 datur
1056 3058 1119 3120 in
1166 3058 1401 3121 virtute
1457 3066 1523 3121 et
1570 3059 1796 3121 merito

314 3152 679 3236 baptizantis
711 3157 1011 3231 ministri,
1045 3157 1155 3220 sed
1191 3156 1447 3233 Christi,
1481 3164 1545 3220 et
1580 3157 1644 3220 in
1675 3157 1796 3220 vir-

313 3259 437 3316 tute
466 3260 527 3316 et
552 3254 1020 3336 omnipotentia
1047 3255 1179 3318 Dei.
1200 3253 1439 3318 Deinde
1470 3256 1795 3338 prosequi-

312 3357 429 3426 tur,
476 3352 748 3435 qualiter
793 3352 1080 3416 Christus
1138 3353 1566 3417 ministerium
1619 3355 1794 3418 dedit

312 3449 521 3524 servis,
578 3469 707 3515 non
766 3451 973 3534 ipsam
1029 3459 1406 3534 potestatem
1462 3453 1789 3536 Baptismi,

313 3555 491 3629 prout
515 3549 633 3612 hoc
662 3549 833 3613 infra
860 3558 1231 3634 exponetur.
1266 3551 1476 3614 Tertio
1504 3570 1793 3634 perscru-

311 3653 489 3722 tatur,
520 3667 659 3730 quae
688 3648 773 3711 sit
802 3649 912 3711 illa
946 3649 1257 3732 Baptismi
1286 3657 1563 3732 potestas
1596 3670 1789 3734 quam

311 3743 583 3808 Christus
619 3745 745 3808 sibi
786 3747 1072 3822 retinuit,
1105 3766 1225 3810 nec
1264 3749 1533 3812 contulit
1562 3749 1784 3826 serviS,

310 3859 501 3923 quum
539 3851 751 3908 tamen
793 3845 959 3909 hanc
1000 3845 1094 3909 eis
1137 3847 1285 3910 dare
1326 3847 1623 3930 potuerit.

604 4161 1080 4238 QUAESTIO
1148 4161 1478 4228 PRIMA

442 4437 503 4500 Ic
532 4435 841 4519 quaeritur
869 4435 1090 4517 prime,
1105 4435 1398 4503 Utrum
1424 4435 1785 4503 haeretloi

467 4539 553 4603 et
594 4533 1095 4601 schismatici
1132 4550 1225 4602 ac
1266 4534 1580 4616 pag-ani,
1611 4534 1783 4602 alii-

306 4647 443 4714 que
499 4635 979 4718 quicumque
1038 4634 1347 4715 possint
1404 4647 1593 4699 vere
1654 4633 1786 4701 ba-

306 4733 617 4812 ptizare.

380 4829 632 4894 Videtur
674 4830 847 4913 quod
892 4845 1039 4892 non.
1074 4830 1305 4906 Prim0,
1337 4831 1641 4913 quoniam
1680 4831 1786 4894 ba-

310 4927 527 5006 ptizare
572 4936 671 4992 est
715 4927 1137 5010 spiritualiter
1182 4947 1555 5010 regenerare
1607 4947 1623 4992 ε
1674 4929 1786 5012 qui

310 5033 471 5090 actus
526 5027 871 5091 convenire
925 5045 1056 5090 non
1108 5035 1316 5110 potest
1372 5029 1789 5110 spiritualiter

312 5127 579 5190 mortuis.
612 5163 695 5173 —
735 5127 1051 5202 Secundo,
1098 5127 1165 5188 in
1215 5127 1658 5192 Ecclesiastico
1707 5129 1790 5191 le-

1906 3074 1975 3117 ra
2004 3063 2282 3138 potestas
2311 3056 2676 3121 conferendi
2708 3059 3043 3144 Baptisma.
3063 3063 3225 3127 Dum
3256 3083 3406 3149 ergo
3435 3127 3440 3132 .

1905 3152 2249 3236 baptizant,
2296 3157 2560 3220 servatis
2603 3158 2818 3222 debita
2862 3161 3067 3226 forma
3102 3181 3177 3226 ac
3216 3172 3408 3229 mate—

1905 3252 2019 3327 ria,
2058 3271 2206 3315 vere
2255 3261 2354 3316 est
2399 3253 2808 3338 baptizatum.
2853 3260 3139 3343 Insuper,
3181 3282 3406 3326 secun-

1904 3350 2057 3412 dum
2088 3350 2538 3432 Augustinum,
2571 3355 2733 3418 nulli
2765 3367 3160 3423 sacramento
3193 3368 3289 3423 est
3318 3360 3405 3425 sa-

1904 3448 2129 3510 cienda
2191 3448 2446 3530 injuria.
2509 3451 2916 3517 Sacramento
2975 3463 3188 3520 autem
3250 3457 3403 3521 iacit

1905 3545 2207 3626 injuriam
2254 3547 2364 3629 qui
2408 3549 2564 3611 dicit
2613 3550 2826 3632 ipsum
2875 3552 3076 3635 pollui
3123 3574 3238 3637 per
3284 3557 3402 3620 im-

1902 3645 2243 3727 puritatem
2273 3653 2338 3708 et
2361 3646 2804 3729 indignitatem
2837 3650 3110 3714 ministri
3132 3671 3400 3737 :nempe

1899 3743 1953 3806 si
1994 3744 2208 3807 radius
2247 3744 2397 3808 solis
2438 3754 2952 3830 quantacumque
2992 3750 3400 3816 immunditia

1896 3842 2340 3925 perfundatur,
2373 3862 2776 3926 nequaquam
2809 3845 3136 3929 polluitur,
3161 3859 3399 3933 quanto

1898 3941 2116 4004 minus
2159 3946 2672 4006 sacramentum?

1978 4040 2040 4104 Si
2082 4049 2298 4104 autem
2337 4039 2681 4123 objiciatur
2714 4059 2728 4104 ε
2761 4042 3048 4108 Haeretici
3085 4047 3394 4128 quosdam

1821 4141 1864 4206 G
1895 4137 2236 4221 baptizant.
2270 4138 2396 4201 Aut
2433 4158 2582 4221 ergo
2627 4139 2868 4204 faciunt
2911 4161 3018 4207 eos
3063 4142 3234 4207 filios
3280 4145 3394 4208 Ec-

1897 4237 2105 4301 clesiae
2144 4245 2208 4300 et
2245 4236 2417 4301 filios
2461 4239 2664 4320 regni,
2696 4247 2807 4303 aut
2849 4259 2975 4304 non
3011 4258 3025 4304 τ
3057 4241 3111 4304 si
3155 4243 3269 4318 sic,
3303 4263 3396 4306 er-

1894 4353 1974 4416 go
2002 4334 2127 4398 filii
2168 4336 2612 4400 haereticorum
2640 4338 2889 4420 (utpote
2933 4342 3283 4421 regenerati
3313 4343 3394 4406 ab

1896 4433 2196 4514 eis),sunt
2225 4434 2346 4497 filii
2379 4435 2701 4511 Ecclesiae,
2735 4445 2797 4500 et
2841 4439 2928 4500 ita
2958 4438 3080 4522 ipsi
3112 4440 3394 4504 haeretici

1895 4533 2212 4596 exsistunt
2241 4534 2556 4616 Ecclesia3
2589 4537 2642 4598 si
2670 4555 2821 4612 non,
2856 4555 3006 4619 ergo
3033 4538 3393 4621 Baptismus

1894 4650 2021 4695 non
2067 4640 2163 4695 est
2205 4633 2555 4715 spiritualis
2601 4637 2923 4716 generatio
2971 4637 3049 4699 ad
3097 4637 3386 4701 salutem.

1893 4767 1975 4777 —
2016 4731 2109 4793 Ad
2159 4732 2326 4814 quod
2376 4731 2672 4808 dicimus,
2727 4735 2896 4816 quod
2943 4734 3264 4818 Baptisma
3309 4737 3390 4800 ab

1896 4831 2211 4895 haereticis
2259 4832 2769 4896 administratum
2813 4841 3072 4914 generat
3116 4834 3387 4916 aliquos,

1896 4930 2198 4994 videlicet
2227 4931 2546 5013 parvuIOS,
2565 4932 2674 5013 qui
2705 4949 2832 4994 non
2863 4939 3110 5014 ponunt
3139 4931 3390 4996 obicem

1896 5030 2111 5112 gratiae
2169 5029 2318 5109 Dei3
2368 5031 2674 5113 quosdam
2733 5047 2881 5104 non,
2934 5038 3087 5112 puta
3142 5031 3392 5094 adultos

1900 5129 2214 5192 haereticis
2272 5129 2576 5192 doctrinis
2634 5128 2933 5203 imbutos,
2996 5129 3106 5210 qui
3163 5147 3391 5194 verum

120 5233 230 5282 Βαιε.
312 5225 471 5304 gitur
514 5243 529 5288 :
576 5227 673 5289 Ab
726 5226 1065 5289 immundo
1120 5226 1275 5308 quid
1332 5227 1789 5291 mundabitur?
1899 5227 2296 5310 Baptismum
2341 5227 2659 5310 recipiunt
2703 5235 2892 5309 atque
2935 5227 3387 5304 characterem,

312 5321 506 5396 Quum
532 5343 681 5408 ergo
706 5325 1072 5408 Baptismus
1100 5325 1182 5388 sit
1212 5324 1365 5389 lotio
1392 5333 1583 5409 atque
1612 5346 1792 5391 mun·
1821 5328 1871 5391 D
1900 5345 2027 5391 non
2057 5328 2430 5410 gratiam,eo
2459 5327 2628 5410 quod
2659 5327 2909 5391 obicem
2941 5335 3218 5410 ponant:
3244 5327 3388 5393 ideo

84 5305 183 5354 ²¹³³,
194 5304 228 5346 t.
