4267 6250
1252 499 1429 548 mim
1466 500 1529 546 1v
1571 497 2055 547 smum-mou.
2095 513 2177 526 —
2217 495 2371 544 msr.
2412 497 2453 543 x
3280 475 3403 542 249

327 681 625 762 constare,
657 677 911 746 visibili
947 677 1422 743 elementorum
1460 674 1700 758 specie,
1734 674 1800 739 et
1833 672 2153 738 invisibili
2188 671 2461 738 Domini
2496 671 2705 738 nostri
2738 671 2781 737 J
2780 689 2898 738 esu
2934 670 3179 737 Christi
3215 688 3407 736 carne

325 800 384 864 et
423 796 736 879 sanguine
777 815 794 857 τ
835 793 1267 872 sacramento,
1317 793 1383 856 et
1439 809 1509 856 re
1561 789 1976 869 sacramenti,
2015 787 2086 853 id
2141 792 2240 852 est
2296 806 2566 872 corpore
2621 789 2900 871 Christi3
2952 788 3125 853 sicut
3162 787 3408 852 Christi

324 932 582 998 persona
625 913 886 977 constat
920 912 987 976 et
1026 905 1370 974 conficitur
1411 926 1494 973 ex
1536 909 1678 972 Deo
1726 908 1790 972 et
1836 906 2127 987 homine,
2169 924 2377 988 quum
2418 905 2719 970 Christus
2766 906 2855 970 sit
2888 923 3086 970 verus
3120 905 3302 970 Deus
3342 907 3409 970 et

323 1031 506 1095 homo
539 1049 553 1090 :
584 1030 742 1111 quia
771 1028 991 1092 omnis
1026 1045 1133 1091 res
1167 1025 1432 1089 illarum
1469 1041 1690 1090 rerum
1727 1024 2031 1087 naturam
2060 1023 2126 1085 et
2156 1023 2498 1087 veritatem
2530 1024 2597 1086 in
2626 1040 2698 1087 se
2736 1022 3028 1086 continet
3056 1040 3138 1086 ex
3166 1021 3409 1104 quibus

323 1145 664 1210 conficitur.
701 1139 1062 1208 Conficitur
1103 1142 1327 1206 autem
1373 1140 1766 1205 sacrificium
1805 1139 2116 1204 Ecclesiae
2164 1138 2423 1204 duobus
2465 1159 2481 1200 :
2522 1140 2952 1220 sacramento,
2991 1140 3056 1203 et
3090 1157 3160 1202 re
3198 1156 3412 1202 sacra-

323 1262 534 1338 menti,
557 1261 624 1324 id
652 1264 754 1324 est
781 1277 1054 1342 corpore
1081 1259 1349 1323 Christi.
1383 1259 1503 1322 Est
1530 1257 1684 1339 ergo
1721 1254 2227 1336 sacramentum,
2253 1257 2318 1319 et
2350 1273 2457 1320 res
2492 1256 2907 1337 sacramenti,
2939 1256 3009 1320 id
3038 1257 3138 1320 est
3172 1271 3411 1337 corpus

323 1377 569 1441 Christi.
601 1410 684 1423 —
714 1377 884 1440 Ecce
912 1374 1318 1439 invisibilem
1345 1373 1518 1438 dixit
1547 1389 1809 1438 carnem
1838 1371 2108 1454 Christi,
2127 1372 2285 1454 quia
2316 1372 2527 1436 forma
2554 1373 2745 1454 panis
2774 1373 3001 1455 operta
3028 1371 3316 1436 sumitur
3344 1373 3407 1436 et

324 1494 638 1556 tractatur.
681 1492 999 1574 Idemque
1038 1509 1278 1574 corpus
1322 1490 1568 1556 Christi
1609 1489 1783 1553 dixit
1828 1507 1971 1554 esse
2018 1490 2502 1553 sacramentum
2542 1490 2607 1554 et
2642 1506 2783 1553 rem
2826 1507 2841 1550 :
2884 1507 2966 1554 ex
3004 1506 3136 1571 quo
3176 1489 3407 1553 confir-

327 1610 528 1672 matur
553 1609 732 1690 quod
768 1626 970 1690 supra
1000 1609 1319 1672 diximus.
1343 1606 1598 1672 Deinde
1626 1605 1810 1669 addit
1836 1605 2016 1687 quod
2043 1605 2257 1686 magis
2292 1605 2515 1668 movet
2551 1603 2860 1669 lectorem
2896 1624 2911 1666 :
2943 1605 3107 1668 Caro
3138 1602 3408 1687 (inquit)
3437 1627 3497 1672 οε
3508 1626 3703 1672 eon-oa.

327 1724 456 1803 ejus
489 1724 610 1804 est,
636 1741 836 1806 quam
875 1724 1002 1788 sub
1039 1725 1252 1790 forma
1285 1725 1476 1808 panis
1515 1725 1808 1806 opertam
1847 1722 1916 1786 in
1955 1721 2361 1785 sacramento
2398 1721 2795 1802 accipimus;
2834 1721 2901 1785 et
2928 1720 3197 1802 sanguis
3234 1719 3400 1801 eJuS,
3432 1691 3701 1742 ‘¹³⁸¹''¹'⁰'⁴⁸'

326 1859 508 1923 quem
549 1840 676 1904 sub
712 1840 854 1903 vini
899 1841 1118 1922 specie
1163 1857 1240 1904 ac
1285 1857 1518 1922 sapore
1565 1839 1895 1921 potamus.
1939 1837 2103 1901 Caro
2146 1837 2453 1901 videlicet
2496 1836 2733 1917 carnis,
2770 1837 2836 1901 et
2880 1837 3149 1919 sanguis
3194 1854 3409 1900 sacra-

327 1959 606 2021 mentum
642 1957 743 2020 ost
789 1956 1134 2038 sanguinis
1173 1975 1188 2018 :
1233 1973 1424 2020 carne
1471 1958 1554 2020 et·
1583 1955 1925 2036 sanguine,
1955 1954 2237 2035 utroque
2284 1953 2627 2032 invisibili,
2666 1953 3067 2035 intelligibili
3111 1954 3178 2017 et
3212 1952 3412 2035 spiri-

329 2073 497 2153 tuali,
553 2072 963 2154 significatur
1021 2088 1260 2154 corpus
1314 2071 1558 2138 Christi
1618 2070 1880 2135 visibile
1939 2071 2006 2136 et
2064 2068 2415 2152 palpabile,
2472 2069 2744 2152 plenum
2802 2070 3011 2152 gratia
3066 2069 3133 2134 et
3189 2068 3415 2131 divina

330 2187 677 2270 majestate.

1067 2411 1140 2476 C.
1187 2415 1353 2482 Ouae
1397 2416 1495 2478 sit
1539 2413 2032 2490 interimentia
2071 2414 2661 2487 praemissorum.

447 2637 724 2702 Attende
774 2637 882 2700 his
933 2635 1302 2717 diligenter,
1345 2635 1503 2717 quia
1549 2636 1738 2717 tropo
1787 2633 2078 2718 quodam
2131 2632 2339 2697 utitur
2384 2632 2493 2696 hic
2537 2632 2971 2715 AugustinuS‚
3016 2649 3148 2716 quo
3200 2633 3418 2698 solent

329 2769 420 2816 res
463 2748 904 2834 significantes
951 2769 1172 2816 rerum
1208 2750 1430 2816 sortiri
1467 2750 1784 2815 vocabula
1831 2768 1998 2832 quas
2035 2748 2428 2831 significant.
2470 2749 2596 2812 Hic
2638 2749 2814 2813 enim
2846 2748 3128 2813 visibilis
3162 2727 3417 2831 species

329 2869 501 2950 panis
551 2871 824 2934 vocatur
871 2870 1139 2934 nomine
1189 2869 1440 2952 carnis;
1490 2870 1556 2932 et
1598 2867 1882 2931 visibilis
1931 2867 2186 2948 species
2232 2864 2395 2946 vini,
2444 2865 2710 2929 nomine
2757 2865 3120 2947 sanguinis.
3170 2865 3416 2929 Invisi-

331 2981 467 3047 bilis
510 3001 666 3048 vero
713 2985 782 3048 et
824 2982 1264 3065 intelligibilis
1311 2983 1555 3047 dicitur
1599 2998 1748 3046 caro
1791 2981 2058 3062 Christi,
2104 2981 2263 3063 quia
2308 2982 2671 3046 secundum
2715 2982 2901 3045 illam
2948 2981 3235 3064 speciem
3280 2997 3414 3046 non

331 3099 572 3165 videtur
608 3118 782 3182 caro,
823 3099 940 3165 sed
991 3099 1418 3181 intelligitur;
1463 3099 1556 3163 ita
1597 3100 1663 3164 et
1697 3097 1989 3179 sanguis.
2031 3096 2196 3161 Caro
2236 3114 2391 3180 ergo
2432 3096 2788 3162 invisibilis
2832 3096 3073 3162 dicitur
3116 3114 3259 3162 esse
3304 3114 3413 3161 sa-

332 3220 719 3282 cramentum
765 3216 981 3281 carnis
1025 3215 1311 3280 visibilis
1358 3235 1373 3276 ε
1421 3215 1580 3297 quia
1627 3214 1880 3297 species
1916 3215 2128 3297 paniS,
2174 3215 2539 3279 secundum
2585 3232 2785 3296 quam
2831 3214 2947 3277 illa
2981 3232 3114 3278 non
3154 3213 3416 3279 videtur

333 3349 486 3416 caro,
509 3336 609 3399 aet
635 3332 1119 3398 sacramentum
1159 3332 1374 3396 carnis
1409 3330 1712 3412 visibilis,
1743 3329 1900 3412 quia
1937 3348 2126 3394 carne
2165 3331 2507 3411 invisibili,
2544 3330 2613 3393 id
2648 3333 2749 3396 est
2784 3332 3023 3414 specie,
3052 3329 3415 3395 secundum

329 3464 506 3530 quam
563 3468 710 3514 caro
755 3449 999 3514 Christi
1046 3466 1176 3513 non
1216 3449 1478 3514 videtur
1523 3464 1698 3529 caro,
1739 3442 2147 3529 significatur
2191 3465 2430 3529 corpus
2474 3447 2741 3527 Christi,
2786 3447 2965 3529 quod
3010 3449 3110 3512 est
3154 3446 3416 3510 visibile

333 3566 388 3627 et
427 3565 748 3647 palpabile
793 3565 910 3629 ubi
967 3566 1034 3629 in
1085 3583 1207 3630 sua
1261 3565 1474 3628 forma
1528 3563 1816 3647 apparet.
1879 3564 1981 3627 Ita
2033 3564 2100 3627 et
2155 3564 2236 3627 de
2292 3564 2611 3645 sanguine
2666 3562 2875 3643 accipi
2938 3561 3150 3626 debet.
3202 3562 3417 3636 Quem

331 3697 582 3746 sensum
633 3681 978 3747 confirmat
1027 3682 1466 3764 AugustinuS,
1518 3680 1817 3761 aperiens
1871 3679 2154 3762 qualiter
2206 3679 2519 3760 praedicta
2577 3678 3002 3761 intelligenda
3053 3678 3208 3754 sint,
3260 3678 3417 3759 quia

332 3797 588 3863 obscure
628 3799 916 3881 dixerat3
958 3797 1432 3879 consequenter
1477 3798 1723 3877 dicens,
1765 3798 1858 3861 ita
1903 3813 2143 3879 panem
2179 3794 2401 3858 vocari
2438 3812 2674 3876 corpus
2712 3794 2979 3876 Christi,
3020 3812 3227 3876 quum
3264 3812 3417 3859 vere
3490 3816 3665 3860 isidem.

331 3914 408 3977 sit
438 3918 918 3981 sacramentum
961 3915 1254 3997 corporis
1291 3912 1536 3978 Christi
1573 3914 1752 3996 quod
1790 3914 1857 3977 in
1895 3931 2085 3978 cruce
2123 3912 2415 3995 positum
2455 3912 2555 3976 est
2595 3931 2609 3973 :
2653 3911 2826 3974 sicut
2865 3912 3009 3993 ipsa
3044 3909 3413 3973 immolatio

331 4048 463 4111 quae
491 4028 568 4095 fit
593 4033 898 4097 manibus
925 4032 1307 4113 sacerdotis,
1331 4032 1604 4095 vocatur
1633 4031 1876 4095 Christi
1905 4031 2151 4113 passio,
2191 4046 2325 4093 non
2360 4030 2457 4094 rei
2485 4030 2779 4110 veritate,
2812 4027 2926 4092 sed
2963 4021 3415 4109 significandi*
3471 4060 3489 4081 ·
3516 4057 3681 4113 dvm-

333 4150 652 4230 mysterio,
685 4152 750 4214 et
778 4149 951 4213 sicut
985 4149 1483 4213 Sacramentum
1512 4143 1664 4213 fidei
1701 4148 1943 4211 dicitur
1969 4144 2153 4211 fides.
2182 4180 2263 4193 —
2294 4146 2469 4211 Satis
2504 4162 2909 4228 responsum.
2930 4145 3029 4208 est
3065 4144 3415 4225 haereticis,
3446 4124 3569 4164 ‘²⁰²⁰

333 4264 390 4326 et
422 4265 896 4346 objectionibus
944 4282 1174 4329 eorum
1222 4266 1338 4346 qui
1386 4265 1625 4345 negant
1663 4282 1893 4327 verum
1941 4281 2179 4345 corpus
2217 4263 2460 4327 Christi
2508 4263 2577 4325 in
2624 4262 2813 4326 altari
2861 4279 3027 4342 esse,
3070 4262 3135 4324 et
3180 4278 3418 4341 panem

333 4378 395 4440 in
429 4397 682 4463 corpus,
717 4381 821 4446 vel
854 4382 1088 4443 vinum
1129 4380 1198 4443 in
1235 4380 1625 4461 sanguinem
1663 4380 1946 4461 mystica
1985 4379 2472 4443 consecratione
2511 4378 2826 4459 converti,
2866 4377 3157 4441 dicentes
3198 4396 3213 4437 :
3255 4375 3420 4449 Quis

335 4496 554 4560 audeat
599 4496 994 4561 manducare
1047 4496 1414 4560 Dominum
1463 4513 1661 4559 suum
1685 4495 1716 4558 ?
1763 4495 1929 4569 Quis
1977 4494 2177 4558 etiam
2234 4495 2470 4558 audeat
2517 4495 2754 4575 dicere,
2804 4494 3099 4576 quotidie
3151 4492 3417 4556 formari

336 4626 555 4695 corpus
598 4613 845 4679 Christi
889 4613 969 4678 de
1017 4612 1293 4677 materia
1339 4612 1444 4678 vel
1493 4610 1860 4677 substantia
1898 4628 2046 4693 quae
2092 4628 2226 4675 non
2274 4610 2403 4675 fuit
2448 4629 2597 4676 caro
2644 4610 2939 4692 Virginis
2962 4609 2993 4673 ἱ)

557 4855 642 4919 D.
681 4856 1270 4920 Auctor-uatibus
1298 4856 1599 4930 probat,
1641 4869 1902 4918 verum
1946 4868 2217 4929 corpus
2268 4855 2541 4918 Christi
2586 4868 2740 4916 esse
2788 4856 2867 4917 in
2912 4854 3178 4929 altari,

1349 4973 1421 5035 et
1466 4976 1546 5037 in
1591 4975 1668 5035 id
1703 4987 1981 5047 panem
2031 4972 2386 5036 converti.

453 5184 608 5249 Haec
655 5186 722 5248 et
773 5184 879 5248 his
925 5185 1175 5249 similia
1220 5186 1541 5268 objiciunt
1586 5185 1709 5267 illi,
1761 5186 1832 5249 in
1876 5184 2102 5249 divino
2150 5183 2467 5266 mysterio
2514 5184 2725 5265 legem
2773 5184 3024 5246 naturae
3068 5184 3414 5265 sectante8‚
3445 5194 3718 5301 2:⁸05&-

335 5314 598 5378 quorum
643 5300 990 5383 perfidiam
1037 5302 1300 5367 subdita
1338 5302 1737 5367 convincunt
1770 5302 2171 5367 testimonia.
2214 5299 2329 5363 Ait
2374 5300 2548 5365 enim
2588 5299 2846 5365 Veritas
2888 5319 2903 5362 :
2944 5298 3263 5382 Accipite,
3294 5298 3421 5365 hoc
3444 5322 3715 5373 m02.v=,e.s.
