4267 6250
69 4631 79 4644 .
68 4461 79 4604 --r—
67 4249 79 4409 1.-

179 3634 284 3675 ΙΝ.

683 496 772 544 An
810 497 1036 546 racem
1073 500 1473 558 mauman,
1514 500 1616 556 0111
1656 501 1720 546 m
1761 501 2026 548 nonum
2067 500 2304 550 Acciri-r
2344 501 2569 550 coneus
2610 501 2869 560 cums-ri,
2912 502 3039 549 erc.
3303 481 3429 548 239

334 685 470 728 cens
513 668 836 750 spirituali
883 677 1162 752 peccato.
1217 669 1594 746 Dicendum,
1645 670 1816 753 quod
1850 669 1902 732 A
1929 670 2040 732 tud
2081 677 2416 754 peccatum
2462 670 2527 733 in
2576 671 2961 753 quibusdam
3011 677 3108 733 est
3144 669 3423 750 graviuS,

333 765 402 826 ad
427 765 678 847 dignam
709 768 909 849 hujus
937 769 1315 832 sacramenti
1346 769 1816 852 susceptionem
1931 768 1993 830 in
2043 768 2189 832 aliis
2238 769 2459 832 levius.
2504 769 2620 843 Qui
2664 769 2838 832 enim
2880 787 2959 832 ex
3006 767 3239 831 actuali
3282 785 3429 831 con·

334 863 448 926 duo
487 866 906 948 requiruntur
937 885 952 930 :
987 887 1212 942 unum,
1245 869 1416 950 quod
1459 868 1818 951 suscipiens
1928 874 2179 949 temptu
2218 885 2367 930 cum
2416 867 2807 932 conscientia
2852 866 3137 930 mortalis
3180 865 3425 948 peccati

335 961 491 1025 sitin
521 971 686 1026 statu
717 965 1103 1048 gratiae,qu0
1134 966 1383 1030 Christo
1415 966 1702 1046 uniatur;
1725 985 1819 1028 se·
1927 966 2193 1040 accedit,
2236 965 2491 1047 gravius
2539 973 2760 1049 peccat
2800 983 2877 1029 eo
2926 966 3035 1048 qui
3080 984 3158 1026 ex
3198 965 3427 1028 timore

335 1061 622 1134 cundum,
656 1063 828 1144 quod
861 1083 1045 1127 mens
1073 1065 1215 1145 ejus
1246 1064 1578 1127 actualiter
1609 1065 1673 1126 in
1707 1066 1819 1128 De·
1928 1064 2175 1127 accedit
2220 1084 2369 1128 cum
2417 1065 2807 1129 conscientia
2863 1064 3069 1147 culpae
3118 1062 3423 1137 mortaliS,

336 1178 432 1220 um
470 1158 729 1224 feratur.
763 1162 1103 1244 Quumque
1143 1170 1400 1246 peccata
1437 1163 1814 1246 spiritualia,
1931 1181 2010 1224 ne
2059 1163 2573 1246 deprehendatur
2618 1183 2759 1226 esse
2808 1163 2874 1226 in
2922 1163 3115 1226 vitiis.
3168 1162 3310 1226 Haec
3361 1163 3426 1224 in

335 1257 636 1339 loquendo
676 1260 744 1321 in
779 1278 1034 1342 genere,
1068 1262 1198 1324 sint
1236 1263 1514 1344 peccatis
1553 1262 1818 1325 carnali·
1931 1262 2211 1324 Summa.

337 1354 444 1418 bus
478 1358 786 1437 graviora,
821 1359 1174 1422 secundum
1211 1360 1584 1441 Gregorium
1621 1377 1634 1422 :
1673 1359 1817 1421 ideo
2011 1359 2363 1423 Concordat
2416 1360 2655 1434 PetruS,
2706 1368 2771 1422 et
2816 1359 2991 1422 addit
3042 1377 3055 1421 :
3105 1358 3429 1422 Accedens

337 1463 624 1536 quantum
658 1457 738 1518 ad
772 1457 1054 1539 primum
1085 1458 1340 1520 illorum
1375 1459 1820 1540 duorum,pec·
1927 1458 2005 1520 ad
2049 1458 2515 1521 Eucharistiam
2559 1477 2707 1520 cum
2751 1457 3139 1522 conscientia
3186 1456 3430 1540 peccati

337 1561 460 1614 cata
503 1553 864 1636 spiritualia
911 1556 1188 1618 reddunt
1239 1557 1566 1620 hominem
1615 1557 1817 1638 magis
1931 1556 2217 1619 mortalis
2248 1575 2325 1618 ex
2362 1555 2745 1619 certitudine
2774 1554 3125 1618 sufficienti
3168 1574 3281 1618 seu
3320 1555 3429 1617 ab·

339 1651 652 1733 indignum
690 1652 770 1715 ad
813 1653 932 1716 hoc
979 1663 1472 1728 sacramentum,
1512 1655 1815 1737 quoniam
1931 1655 2157 1729 soluta,
2190 1655 2359 1717 sicut
2400 1655 2511 1737 qui
2560 1654 2682 1717 scit
2722 1673 2789 1717 se
2835 1672 2973 1717 esse
3015 1653 3425 1726 fornicatum,

339 1750 524 1830 magis
569 1751 866 1833 elongant
913 1771 950 1814 a
990 1752 1150 1833 Deo;
1193 1760 1503 1836 quantum
1543 1771 1694 1816 vero
1733 1753 1812 1816 ad
1934 1759 2156 1835 peccat
2186 1752 2569 1831 mortaliter;
2605 1752 2921 1826 similiter,
2954 1753 3007 1814 si
3040 1751 3431 1814 conscientia

339 1849 973 1932 secundum,peccata
1001 1852 1298 1925 carnalia,
1315 1853 1466 1934 quia
1495 1852 1816 1935 praecipue
1855 1851 1902 1913 B
1933 1850 2076 1912 talis
2125 1850 2209 1913 sit
2254 1869 2331 1913 ex
2379 1851 2759 1913 certitudine
2807 1848 3147 1932 probabili,
3199 1857 3269 1911 ut
3314 1849 3427 1932 qui

340 1946 687 2028 deprimunt
734 1956 1040 2012 mentem.
1081 1950 1430 2031 Indignitas
1479 1957 1692 2014 tamen
1737 1969 1817 2013 ex
1933 1967 2183 2012 morose
2224 1949 2571 2012 delectatus
2620 1957 2717 2012 est
2756 1949 2822 2012 in
2868 1948 3247 2030 cogitatione
3288 1947 3429 2010 libi-

341 2051 502 2125 parte
539 2046 729 2127 primi
765 2054 864 2109 est
894 2047 1116 2128 major.
1152 2047 1273 2111 Sed
1313 2055 1572 2131 peccata
1609 2067 1822 2111 carna·
1928 2047 2119 2122 dinis,
2143 2056 2208 2111 et
2236 2048 2418 2112 timet
2448 2046 2645 2111 fuisse
2676 2065 3079 2111 consensum.
3115 2047 3179 2110 Si
3210 2054 3424 2111 autem

342 2142 416 2204 lia
451 2163 610 2226 saepe
639 2153 794 2207 sunt
821 2146 1116 2220 certiora,
1147 2153 1212 2208 et
1241 2148 1449 2228 quoad
1489 2147 1610 2210 hoc
1645 2147 1818 2210 inex-

341 2241 768 2306 cusabiliorem
800 2245 1196 2308 constituunt
1224 2245 1658 2308 hominem.—
1677 2247 1820 2310 Haec

343 2337 592 2404 Thomas
635 2341 700 2403 in
743 2341 1010 2424 Scripto.

411 2438 704 2510 Quocirca
731 2439 988 2503 videtur
1016 2440 1404 2516 addendum,
1426 2442 1596 2524 quod
1630 2441 1694 2504 in
1725 2463 1820 2506 sa-

344 2536 704 2612 cerdotibuS,
756 2539 1111 2620 praesertim
1171 2539 1508 2622 religiosiS,
1559 2549 1820 2623 peccata

345 2635 598 2698 carnalia
633 2643 887 2699 exstant
924 2638 1302 2719 gravissima
1344 2647 1602 2722 propter
1639 2639 1824 2722 spiri-

347 2733 518 2796 tualia
544 2734 636 2797 eis
663 2753 935 2809 annexa,
963 2755 1163 2818 quum
1197 2737 1262 2799 in
1295 2737 1454 2820 ipsis
1485 2738 1566 2800 sit
1597 2738 1823 2801 fractio

345 2830 460 2892 voti
485 2839 588 2894 aut
611 2832 984 2913 juramenti,
1007 2841 1071 2895 et
1101 2834 1530 2916 sacrilegium,
1553 2844 1618 2898 et
1647 2854 1822 2899 scan-

347 2929 538 2992 dalum
576 2931 758 2994 valde
797 2949 991 3013 grave
1025 2949 1040 2992 :
1076 2931 1218 2995 ideo
1257 2933 1530 2996 reddunt
1561 2951 1670 2997 eos
1710 2935 1819 3015 qui

1929 2147 2320 2209 conscientia
2367 2146 2509 2208 talis
2568 2164 2695 2210 non
2755 2146 2839 2208 sit
2886 2164 2963 2208 ex
3022 2145 3425 2221 certitudine,

1930 2245 2039 2307 sed
2074 2245 2287 2327 potius
2324 2245 2691 2328 suspicione
2727 2244 2876 2319 levi,
2911 2252 2981 2306 ut
3018 2243 3212 2308 homo
3252 2263 3427 2308 scru-

1931 2343 2197 2424 pulosus
2255 2343 2365 2425 qui
2426 2344 2611 2406 timet
2670 2343 2877 2407 levem
2938 2362 3052 2406 seu
3112 2343 3427 2407 modicam

1930 2441 2419 2504 delectationem
2467 2442 2669 2506 fuisse
2720 2441 3085 2520 mortalem3
3134 2442 3278 2504 talis
3324 2461 3427 2504 ac·

1931 2539 2216 2603 cedendo
2258 2558 2385 2603 non
2429 2548 2651 2622 peccat
2692 2540 3058 2602 mortaliter.
3102 2540 3257 2602 Nam
3303 2540 3429 2622 pri-

1931 2655 2074 2700 mus
2104 2638 2334 2700 horum
2368 2638 2739 2713 contemnit,
2764 2637 3083 2700 secundus
3112 2637 3427 2700 discrimi-

1931 2735 1998 2798 ni
2030 2754 2096 2797 se
2127 2736 2719 2808 committittertius
2750 2736 2944 2799 nimis
2976 2734 3429 2800 formidolosus

1931 2841 2044 2896 est.
2079 2834 2223 2897 Haec
2263 2834 2501 2896 PetruS.

2009 2931 2126 3005 Qui
2166 2932 2359 2995 etiam
2399 2932 2777 3007 sciscitatur,
2810 2952 2890 2994 an
2930 2941 3150 3015 peccet
3179 2933 3292 3016 qui
3333 2952 3431 2996 ac-

349 3026 406 3088 in
446 3028 628 3090 sacris
669 3037 821 3092 sunt
863 3030 1188 3093 constituti
1235 3031 1588 3106 ordinibuS,
1625 3033 1820 3096 maxi·
1859 3036 1901 3099 C
1933 3030 2102 3093 cedit
2160 3031 2493 3106 contritus,
2554 3032 2665 3094 sed
2726 3031 3013 3095 nondum
3074 3032 3425 3096 confessus.

350 3144 444 3187 me
471 3126 749 3209 indignos
779 3128 857 3191 ad
891 3128 1010 3192 hoc
1041 3128 1297 3193 coeleste
1327 3130 1824 3195 divinissimum-

349 3242 464 3305 que
502 3226 888 3309 mysterium.

425 3323 502 3386 De
535 3324 630 3387 his
667 3325 864 3387 etiam
903 3324 1188 3408 loquitur
1223 3326 1492 3390 Thomas
1535 3327 1600 3390 in
1638 3329 1825 3391 tertia

351 3429 532 3503 parte,
561 3425 908 3506 quaestione
938 3425 1346 3505 octogesima,
1369 3432 1434 3488 et
1463 3425 1824 3509 specialiter

351 3520 424 3581 de
461 3522 751 3601 gravitate
811 3522 1054 3605 peccati
1116 3522 1374 3605 indigne
1430 3524 1822 3587 sumentium

351 3617 802 3683 Sacramentum
829 3638 844 3683 ε
873 3620 1248 3703 Dupliciter,
1275 3621 1595 3704 inquiens,
1619 3641 1821 3685 unum

351 3726 656 3796 peccatum
686 3717 924 3781 dicitur
949 3719 1204 3800 gravius
1233 3719 1360 3783 alio
1395 3739 1410 3783 :
1445 3720 1676 3802 primo,
1709 3740 1824 3804 per

350 3831 444 3892 se;
480 3818 770 3891 secundo,
814 3836 930 3900 per
971 3818 1286 3881 accidens.
1330 3818 1446 3882 Per
1487 3838 1578 3893 se,
1624 3819 1689 3882 id
1726 3828 1824 3883 est

351 3915 674 3977 secundum
717 3916 1030 3979 rationem
1074 3916 1347 3999 propriae
1384 3917 1646 3999 speciei,
1679 3938 1822 4001 quae

348 4013 666 4076 attenditur
701 4033 780 4077 ex
824 4022 1001 4097 parte
1040 4014 1276 4096 objecti
1313 4034 1326 4078 :
1361 4024 1426 4078 et
1454 4016 1547 4078 sic
1585 4025 1824 4099 quanto

351 4108 406 4169 id
440 4119 642 4174 contra
679 4113 850 4195 quod
890 4119 1212 4195 peccatur,
1244 4121 1342 4177 est
1384 4114 1594 4195 majus
1633 4123 1696 4177 et
1728 4115 1821 4177 di-

1932 3130 2293 3212 Respondet
2330 3148 2343 3193 ε
2387 3132 2703 3195 Contritus
2749 3139 2897 3196 ante
2936 3131 3427 3208 confessionem,

1932 3229 2187 3309 quando
2230 3229 2369 3292 vult
2411 3230 2906 3305 communicare,
2948 3238 3057 3293 aut
3098 3230 3291 3294 habet
3332 3249 3434 3294 co-

1934 3324 2106 3406 piam
2155 3325 2560 3399 confessoriS,
2602 3333 2667 3388 et
2702 3326 2795 3388 sic
2839 3335 3061 3409 peccat
3105 3327 3243 3391 sine
3286 3346 3433 3391 con-

1935 3422 2209 3485 fessione
2259 3423 2494 3505 praevia
2540 3425 3094 3500 communicando,
3144 3427 3295 3509 quia
3350 3428 3430 3490 ad

1932 3521 2405 3603 susceptionem
2454 3523 2833 3585 sacramenti
2878 3523 3176 3588 Ecclesiae
3222 3525 3434 3608 requi·

1932 3620 2096 3681 ritur
2131 3621 2569 3683 reconciliatio
2597 3621 2789 3683 etiam
2830 3624 3183 3686 secundum
3215 3623 3428 3685 Eccle-

1933 3717 2044 3781 siae
2075 3718 2325 3797 forum3
2356 3726 2465 3781 aut
2494 3736 2619 3782 non
2652 3719 2861 3781 habet.
2893 3720 2969 3781 Et
3001 3728 3173 3795 tunc,
3195 3727 3307 3783 aut
3333 3729 3431 3784 est

1933 3817 2275 3879 necessitas
2326 3816 2690 3880 celebrandi
2740 3817 2840 3880 vel
2889 3818 3427 3893 communicandi,

1933 3923 2004 3976 ut
2048 3914 2347 3998 quoniam
2399 3915 2582 3978 timet
2622 3914 2991 3978 scandalum
3040 3915 3285 3997 populi,
3326 3917 3431 3980 vel

1929 4013 2062 4094 jam
2128 4013 2371 4096 incepit
2430 4014 2802 4096 mysterium
2862 4016 3265 4088 sacramenti,
3326 4015 3429 4077 vel

1931 4112 2150 4175 amisit
2194 4111 2533 4193 loquelam,
2568 4120 2633 4175 et
2676 4121 2827 4175 tunc
2871 4130 2999 4176 non
3045 4121 3285 4195 peccat,
3328 4132 3429 4177 ac-

347 4207 532 4285 gnius,
562 4218 734 4274 tanto
773 4219 1107 4293 peccatum
1147 4220 1245 4274 est
1279 4212 1554 4293 gravius.
1591 4214 1824 4287 Quum·
1853 4217 1904 4279 D
1932 4210 2217 4273 cedendo
2260 4228 2407 4272 cum
2456 4210 2781 4292 proposito
2828 4211 3177 4274 confitendi
3227 4231 3427 4294 quum

351 4322 458 4384 que
483 4307 672 4371 deitas
703 4308 938 4372 Christi
973 4309 1178 4391 maior
1207 4310 1291 4371 sit
1319 4329 1434 4373 sua
1462 4310 1820 4374 humanita-

351 4409 420 4475 te,
437 4405 650 4487 etipsa
677 4407 1038 4469 humanitas
1067 4408 1152 4469 sit
1181 4408 1390 4489 potior
1417 4410 1821 4473 sacramentis

353 4499 730 4568 humanitatis
763 4523 778 4567 ε
815 4504 970 4567 hinc
1007 4506 1384 4586 gravissima
1421 4514 1570 4569 sunt
1607 4526 1822 4590 pecca-

353 4606 404 4661 ta
441 4621 572 4684 quae
615 4604 1106 4668 committuntur
1147 4604 1212 4666 in
1256 4605 1577 4679 deitatem,
1612 4613 1680 4667 ut
1724 4606 1818 4668 in-

353 4697 632 4785 fidelitas3
691 4702 948 4777 deinde,
1001 4722 1144 4785 quae
1203 4704 1693 4767 committuntur
1752 4705 1818 4769 in

355 4796 470 4877 ejus
507 4802 987 4875 humanitatem,
1021 4810 1168 4877 etc„
1205 4810 1274 4865 ut
1315 4821 1526 4885 supra.
1563 4803 1676 4865 Per
1716 4823 1817 4867 ac-

355 4894 542 4961 cidens
586 4918 737 4964 vero
787 4918 984 4962 unum
1040 4908 1372 4982 peccatum
1421 4906 1517 4963 est
1563 4902 1819 4981 gravius

353 4992 541 5070 altero,
589 5016 668 5061 ex
725 5006 904 5080 parte
959 4998 1312 5081 peccantis,
1372 4999 1540 5061 sicut
1599 5018 1818 5081 pecca-

353 5097 468 5155 tum
508 5114 583 5157 ex
626 5096 1086 5159 deliberatione
1133 5114 1245 5158 seu
1294 5096 1516 5159 habitu
1563 5097 1818 5178 gravius

353 5198 432 5251 est
470 5202 720 5275 peccato
767 5212 848 5257 ex
896 5194 1290 5257 infirmitate.
1337 5195 1415 5257 Et
1455 5196 1678 5259 eadem
1728 5216 1819 5260 ra-

353 5288 428 5351 tio
459 5300 549 5355 est
585 5294 662 5357 de
702 5293 1202 5359 circumstantiis
1249 5294 1394 5357 aliis
1426 5311 1442 5356 ι
1475 5294 1696 5377 sicque
1735 5295 1817 5359 is-

1933 4308 2203 4391 poterit;
2235 4316 2343 4372 aut
2380 4326 2508 4372 non
2552 4308 2843 4372 imminet
2874 4310 3019 4373 talis
3059 4311 3425 4387 necessitas,

1931 4414 1995 4469 et
2037 4414 2191 4468 tunc
2236 4414 2475 4489 peccat.
2509 4407 2653 4471 Haec
2697 4407 2935 4470 Petrus.
2967 4444 3049 4453 —
3078 4409 3429 4474 Concordat

1931 4503 2303 4579 RicharduS,
2336 4506 2522 4586 cujus
2562 4506 2730 4569 dicta
2774 4506 2841 4570 in
2882 4508 3248 4589 praehabitis
3289 4528 3429 4572 sen-

1932 4603 2279 4666 tentialiter
2336 4605 2794 4686 continentur-3
2852 4605 3149 4670 similiter
3204 4616 3269 4670 et
3322 4608 3427 4671 Al·

1932 4702 2115 4765 berti.

2009 4801 2278 4882 Insuper
2306 4800 2743 4864 Bonavcntura
2766 4818 2781 4863 :
2805 4801 3283 4865 Sacramentum
3301 4804 3425 4884 (in-

1930 4899 2097 4981 quit)
2128 4899 2248 4962 hoc
2279 4899 2497 4962 volens
2534 4899 2846 4981 accipere,
2878 4907 3131 4963 tenetur
3165 4919 3232 4964 se
3272 4921 3427 4983 prae-

1930 5016 2173 5081 parare,
2216 4998 2518 5080 quoniam
2566 4998 2875 5062 Dominus
2913 4999 3091 5062 venit
3125 5000 3210 5063 ad
3250 5000 3427 5065 habi-

1929 5097 2191 5160 tandum
2228 5097 2293 5159 in
2329 5096 2605 5160 homine.
2640 5097 3013 5179 Praeparatio
3041 5106 3257 5163 autem
3296 5120 3423 5165 nou

1927 5215 2183 5278 semper
2240 5214 2359 5258 nec
2416 5195 2719 5278 quaelibet
2762 5204 2859 5259 est
2906 5197 3261 5275 sufficienS,
3308 5202 3420 5265 sed

1929 5296 2039 5360 illa
2075 5314 2205 5377 qua
2240 5294 2582 5377 expellitur
2619 5294 2939 5360 inimicus,
2973 5298 3235 5375 Rursus,
3268 5300 3443 5384 quia.
