4267 6250
544 2955 587 2997 p.
607 2943 753 2987 3300'.

809 473 932 539 332
1451 493 1516 540 m
1554 493 1778 541 amnuit
1818 494 1879 541 iv
1922 491 2406 541 SENTENTIARUH.
2448 509 2529 521 —
2568 492 2727 540 msr.
2764 493 2895 556 1113
2937 491 3161 549 otmar.
3205 491 3275 538 ιιι
3348 531 3357 534 .

809 662 1047 726 Christi
1108 683 1248 727 esse
1307 665 1425 728 sub
1487 664 1824 748 speciebus
1887 664 2070 748 panis
2129 663 2313 727 aliter
2341 662 2391 725 A
2420 662 2737 726 fantulum
2796 663 2915 726 sub
2976 663 3182 727 hostia
3237 671 3651 747 apparentem
3700 681 3717 726 t
3770 681 3932 745 ergo

813 780 1005 844 quam
1038 781 1152 845 per
1181 764 1662 827 conversionem
1695 764 1878 847 panis
1909 763 1974 825 in
2007 763 2314 838 illud,aut
2422 762 2529 825 tali
2560 763 2945 845 apparitioni
2974 762 3214 845 aliquid
3247 763 3699 845 correspondet
3724 763 3929 836 reale,

813 881 928 945 per
968 862 1233 925 localem
1273 863 1414 944 ejus
1451 871 1696 926 motum
1738 863 1874 926 sive
1908 863 2307 926 descensum.
2421 860 2661 942 alioqui
2702 860 2881 924 fictio
2924 867 3093 924 esset
3134 861 3269 924 sive
3313 860 3624 942 deceptio.

811 961 1062 1049 Etenim
1114 969 1328 1043 posset
1374 962 1496 1024 hoc
1552 961 1765 1025 forsan
1825 962 1960 1025 solo
2017 961 2310 1043 imperio,
2503 958 2980 1033 Contra,formae
3010 958 3135 1022 illae
3164 958 3649 1022 sacramentales
3677 975 3805 1020 non
3832 959 3935 1021 vi-

811 1058 1052 1141 absque
1080 1059 1355 1140 alicujus
1395 1060 1810 1124 conversione
1842 1058 1905 1121 in
1943 1060 2175 1142 ipsum.
2208 1059 2316 1121 At·
2422 1057 2653 1120 dentur
2697 1057 2897 1120 dividi
2941 1075 3149 1139 posse,
3182 1076 3383 1139 quum
3429 1056 3635 1120 forma
3675 1055 3939 1119 dicatur

812 1164 1028 1220 tamen
1073 1157 1242 1222 idem
1289 1176 1520 1241 corpus
1562 1177 1852 1232 numer0,
1895 1175 2082 1241 posse
2119 1156 2315 1220 simul
2424 1155 2704 1238 simplici
2734 1164 2797 1219 et
2829 1155 3189 1218 invariabili
3234 1155 3583 1218 consistere
3622 1155 3929 1218 essentia.

811 1274 951 1318 esse
993 1256 1056 1318 in
1101 1256 1392 1339 pluribus
1439 1257 1593 1319 locis
1639 1256 1941 1330 localiter,
1975 1274 2104 1319 non
2145 1256 2317 1319 vide-

811 1363 916 1417 tur
960 1354 1288 1437 possibile,
1321 1373 1448 1419 non
1494 1374 1571 1418 ex
1618 1355 1992 1438 impotentia
2035 1355 2169 1429 Dei,
2202 1355 2313 1417 sed

813 1472 890 1515 ex
922 1451 1340 1535 incapacitate
1369 1452 1663 1528 effectuS,
1687 1461 1749 1516 et
1778 1452 2315 1535 incompossibili-

811 1558 938 1613 tate
967 1558 1032 1613 et
1059 1552 1480 1633 repugnantia
1508 1552 2034 1634 consequentium
2065 1551 2143 1614 ad
2173 1551 2307 1614 hoc.

813 1649 893 1712 Et
920 1669 1062 1732 quae
1092 1657 1310 1713 contra
1339 1650 1458 1714 hoc
1489 1651 1678 1713 modo
1707 1649 1960 1731 objecta
1991 1657 2161 1724 sunt,
2184 1667 2312 1713 non

814 1748 1222 1811 concludunt.
1269 1748 1514 1831 Nempe
1563 1749 1818 1831 quando
1865 1749 2153 1829 arguitur
2200 1748 2308 1821 ita,

2503 1352 2597 1415 Ad
2626 1353 2761 1416 haec
2790 1353 3231 1416 Bonaventura
3261 1352 3635 1435 respondet:
3654 1351 3937 1427 Quidam

2420 1452 2521 1533 (ut
2550 1450 2744 1514 refert
2772 1451 3091 1532 Magister)
3110 1451 3428 1526 dixerunt,
3443 1469 3663 1513 verum
3692 1468 3937 1532 corpus

2423 1549 2653 1613 Christi
2701 1548 2909 1632 frangi
2959 1548 3027 1611 in
3074 1556 3491 1624 sacramento,
3534 1567 3663 1612 non
3705 1556 3937 1611 tamen

2423 1648 2565 1711 laedi
2597 1667 2805 1730 neque
2837 1648 3201 1730 corrumpi3
3234 1655 3298 1710 et
3326 1647 3446 1710 hoc
3476 1654 3939 1729 supernatura-

2423 1746 2568 1810 liter
2615 1746 2783 1821 fieri,
2835 1746 3001 1809 sicut
3054 1745 3120 1808 in
3172 1746 3366 1809 Coena
3411 1745 3699 1810 Christus
3747 1746 3941 1809 dedit

812 1846 1016 1920 Quum
1046 1846 1212 1919 dico,
1247 1847 1417 1909 idem
1447 1864 1678 1930 corpus
1719 1847 1912 1909 simul
1951 1865 2090 1910 esse
2125 1845 2191 1908 in
2224 1846 2311 1909 lo·
2348 1846 2395 1907 B
2423 1837 2759 1927 discipulis
2818 1862 3051 1928 corpus
3100 1864 3286 1908 suum
3335 1844 3544 1907 adhuc
3598 1844 3933 1926 passibile,

811 1943 904 2006 cis
955 1945 1246 2018 diversiS,
1278 1945 1438 2007 nihil
1483 1945 1626 2009 dico
1670 1965 1863 2028 supra
1905 1962 2136 2026 corpus
2187 1944 2310 2006 nisi

815 2051 1176 2124 respectum
1225 2044 1678 2119 extrinsecum,
1729 2051 1886 2123 etc.;
1933 2044 2309 2126 respondeo,

811 2142 983 2222 quod
1023 2140 1292 2205 dicendo
1336 2161 1534 2204 unum
1581 2149 1644 2204 et
1688 2141 1858 2204 idem
1905 2159 2135 2223 corpus
2175 2161 2313 2204 esse

813 2237 1006 2301 simul
1056 2239 1122 2302 in
1174 2239 1330 2302 locis
1378 2240 1670 2316 diversis,
1715 2239 1877 2302 dicis
1927 2247 1991 2302 et
2037 2239 2313 2303 includis

817 2336 1033 2400 omnia
1081 2337 1192 2400 illa
1236 2357 1378 2420 quae
1427 2339 1786 2402 necessario
1836 2345 2316 2420 consequuntur

813 2437 893 2499 ad
931 2455 1070 2500 esse
1117 2436 1183 2500 in
1227 2437 1522 2520 pluribus
1567 2437 1723 2501 locis
1767 2437 1960 2500 simul
2007 2436 2311 2512 localiter,

820 2543 1061 2616 utpote,
1097 2535 1354 2618 propria
1381 2535 1780 2599 dimensione
1811 2535 2315 2599 commensurari

816 2633 970 2696 locis
1000 2633 1293 2708 diversiS,
1327 2642 1389 2696 et
1420 2634 1640 2698 haberi
1676 2635 1926 2698 diversa
1956 2633 2090 2708 ubi,
2123 2641 2315 2716 atque

814 2749 931 2813 per
959 2751 1026 2794 se
1065 2731 1334 2795 diversis
1372 2732 1758 2796 differentiis
1799 2739 2089 2796 motuum
2128 2750 2202 2793 ac
2233 2731 2316 2793 al-

813 2828 1197 2892 terationum
1245 2831 1486 2894 moveri
1527 2831 1719 2893 simul
1765 2838 1830 2893 et
1865 2830 2067 2904 affici,
2099 2847 2175 2892 ac
2216 2848 2315 2892 ce-

813 2935 950 2989 tera
1007 2946 1085 2990 ex
1131 2927 1404 2991 Henrico
1457 2928 1589 3009 jam
1651 2936 1838 3003 tacta,
1889 2947 2030 3011 quae
2089 2927 2203 2990 uni
2254 2935 2319 2990 et

2423 1944 2591 2026 quod
2624 1943 2763 2006 sine
2792 1943 2933 2024 ejus
2966 1942 3221 2007 laesione
3252 1942 3543 2006 edebant.
3579 1942 3657 2005 Et
3682 1962 3939 2006 assum-

2422 2050 2690 2126 pserunt
2749 2052 2886 2124 pro'
2922 2060 2989 2104 se
3051 2040 3319 2105 verbum
3383 2041 3505 2105 hoc
3562 2041 3935 2122 Augustini,

2422 2140 2872 2222 Unusquisque
2917 2141 2996 2203 de
3040 2139 3221 2202 altari
3262 2139 3497 2222 accipit
3536 2135 3780 2221 partem
3820 2159 3941 2202 su-

2422 2257 2560 2318 am3
2592 2239 2788 2302 verba
2828 2256 3083 2321 quoque
3118 2237 3505 2320 Berengarii,
3540 2238 3650 2320 qui
3688 2237 3767 2300 de
3807 2255 3942 2302 suo

2424 2337 3020 2420 errore·poenitens,
3056 2337 3305 2400 locutus
3350 2343 3448 2399 est
3488 2353 3702 2399 coram
3738 2336 3941 2400 Nico-

2425 2437 2525 2500 lao
2553 2438 2719 2519 Papa
2752 2453 2765 2498 :
2800 2435 3123 2500 Confiteor
3155 2454 3381 2499 verum
3421 2452 3653 2518 corpus
3692 2434 3940 2499 Christi

2426 2535 2725 2599 manibus
2768 2536 3165 2598 sacerdotum
3213 2533 3535 2597 attrectari
3576 2553 3651 2596 ac
3693 2534 3932 2616 frangi.

2425 2635 2600 2708 Quod
2630 2633 2900 2697 verbum
2939 2653 2978 2696 a
3005 2635 3169 2716 Papa
3205 2640 3396 2715 atque
3426 2632 3701 2696 concilio
3737 2633 3941 2696 exsti-

2424 2732 2501 2794 tit
2530 2739 2877 2814 acceptum.
2900 2731 3020 2795 Sed
3053 2731 3220 2794 istud
3252 2748 3592 2794 erroneum
3622 2737 3735 2794 est.
3750 2731 3939 2804 Quod

2425 2831 2599 2894 enim
2632 2829 3121 2913 incorruptibile
3149 2837 3268 2905 est,
3286 2847 3414 2893 non
3439 2837 3647 2912 potest
3676 2828 3944 2892 realiter

2426 2929 2645 2993 dividi.
2693 2927 2901 2991 Verba
2942 2946 3095 2992 vero
3136 2927 3476 3010 Augustini
3523 2935 3588 2990 et
3622 2928 3945 3009 Berenga-

811 3025 1023 3088 eidem
1069 3026 1320 3107 corpori
1365 3026 1559 3090 simul
1600 3034 1929 3108 nequeunt
1973 3026 2317 3088 convenire
2350 3028 2393 3091 C
2426 3029 2504 3090 rii
2538 3027 2982 3109 intelliguntur
3019 3025 3189 3088 dicta
3226 3025 3470 3089 ratione
3508 3034 3941 3088 sacramenta-

812 3125 1178 3208 pariterque
1218 3125 1444 3188 inesse.
1476 3126 1606 3189 Nec
1647 3126 1856 3208 ipsum
1891 3128 2008 3187 ubi
2033 3125 2190 3187 dicit
2218 3142 2313 3187 so-

816 3224 951 3287 lum
998 3232 1383 3307 respectum,
1417 3245 1615 3307 quum
1663 3224 1745 3287 sit
1793 3224 1960 3287 reale
2010 3224 2315 3307 praedica-

817 3332 1129 3395 mentum,
1167 3343 1204 3386 a
1239 3323 1730 3406 praedicamento
1765 3322 2088 3386 relationis
2134 3322 2315 3385 reali·

813 3428 910 3484 ter
945 3421 1340 3486 distinctum.
1371 3422 1558 3485 Juxta
1596 3423 1768 3485 hunc
1808 3423 2066 3485 modum
2111 3421 2313 3484 multa

813 3520 995 3583 valde
1026 3520 1091 3583 in
1136 3519 1323 3584 dictis
1362 3521 1546 3584 istius
1579 3521 1658 3584 de
1696 3521 1814 3584 hac
1853 3519 2203 3603 quaestione
2238 3538 2308 3582 ac

812 3618 955 3681 aliis
1003 3619 1411 3682 continentur
1462 3638 1476 3681 :
1530 3639 1672 3703 quae
1719 3619 1839 3682 etsi
1889 3620 2097 3702 prima
2145 3617 2309 3680 facie

809 3716 1084 3799 alicujus
1109 3719 1496 3800 apparentiae
1525 3717 1785 3781 forsitan
1814 3718 2165 3791 videantur,
2180 3735 2313 3779 acu·

812 3816 938 3880 tius
981 3826 1192 3881 tamen
1234 3818 1540 3901 inspecta,
1574 3817 1761 3882 facile
1801 3818 2255 3882 dissolvuntur.

1227 4138 1703 4211 QUAESTIO
1771 4137 1896 4201 III

975 4411 1106 4474 Odo
1137 4410 1575 4493 quaerendum‚
1609 4412 1737 4477 An
1767 4426 2055 4493 eorpus
2083 4412 2309 4479 Chi-1-

1001 4511 1110 4576 sti
1157 4508 1574 4588 frangatur
1615 4509 1700 4576 111
1741 4513 2264 4579 sacramento.

893 4608 1158 4671 Videtur
1204 4608 1374 4690 quod
1434 4607 1548 4683 sic,
1600 4606 1751 4689 quia
1799 4606 1884 4669 ita
1931 4607 2187 4671 videtur
2232 4610 2311 4670 ad

815 4724 1112 4785 sensum3
1143 4713 1208 4769 et
1237 4706 1361 4769 nisi
1391 4704 1484 4769 sic
1523 4713 1712 4779 esset,
1744 4706 2067 4769 videretur
2098 4706 2188 4768 ibi
2219 4725 2313 4769 es-

812 4825 880 4869 se
922 4805 1215 4887 deceptio
1257 4822 1690 4887 sensuumque
1740 4804 1974 4879 illusio,
2009 4824 2201 4887 quam
2246 4805 2312 4867 in

810 4912 987 4967 tanto
1014 4903 1298 4967 veritatis
1331 4904 1633 4986 mysterio
1661 4921 1801 4966 esse
1840 4920 1966 4966 non
1999 4904 2199 4966 decet.
2232 4940 2315 4949 —

811 5005 1074 5077 RursuS,
1127 5019 1356 5084 corpus
1407 5000 1637 5065 Christi
1686 5020 1836 5064 vere
1885 5001 2243 5065 comeditur
2294 5020 2308 5064 :

814 5118 964 5182 ergo
1013 5098 1380 5163 masticatur
1427 5117 1499 5161 ac
1548 5098 1876 5179 frangitur.
1924 5136 2007 5145 —
2048 5100 2309 5173 Iterum,

816 5199 1187 5281 frequenter
1225 5198 1289 5260 in
1332 5196 1473 5280 ipso
1509 5196 1711 5261 Missae
1748 5196 1970 5261 officio
2006 5198 2185 5260 visus
2218 5206 2315 5261 est

817 5296 1079 5380 angelus
1110 5298 1220 5360 Dei
1250 5296 1433 5379 quasi
1473 5314 1622 5361 cum
1651 5296 1863 5379 gladio
1897 5296 2192 5361 divisisse
2223 5296 2315 5359 in-

2426 3129 2586 3191 lium
2636 3127 3019 3210 specierum,
3059 3146 3201 3209 quae
3246 3125 3643 3201 dividuntur,
3675 3125 3743 3187 in
3789 3126 3944 3208 qui-

2425 3227 2545 3289 bus
2584 3226 2941 3290 consistunt
2977 3225 3227 3299 divisio,
3252 3224 3627 3298 masticatio,
3660 3224 3931 3288 attritio.

2422 3325 2747 3399 Quomodo
2788 3332 3002 3387 autem
3047 3323 3295 3406 corpori
3339 3322 3573 3386 Christi
3618 3324 3941 3405 competit

2424 3421 2815 3507 manducari,
2861 3422 3105 3483 dictum
3150 3428 3248 3483 est
3288 3427 3452 3483 ante.

2496 3522 2686 3584 Porro
2714 3520 2870 3582 dum
2901 3519 3321 3602 quaeritur,an
3352 3518 3690 3602 speciebus
3721 3538 3937 3582 sacra-

2422 3618 2806 3682 mentalibus
2856 3623 3176 3700 competat
3224 3617 3489 3697 fracti03
3540 3618 3937 3699 responden-

2420 3720 2598 3793 dum,
2633 3717 2800 3799 quod
2833 3717 3095 3800 quidam
3126 3716 3445 3790 dixerunt,
3471 3717 3640 3798 quod
3670 3715 3761 3778 ibi
3792 3734 3933 3779 non

2420 3818 2505 3879 sit
2547 3835 2697 3879 vera
2739 3815 2965 3879 fractio
3012 3832 3221 3896 neque
3271 3814 3524 3888 divisio,
3558 3815 3670 3878 sed
3712 3813 3934 3878 solum

2419 3933 2771 3998 apparens3
2821 3933 2940 3977 nec
2992 3920 3206 3975 tamen
3264 3921 3361 4001 est
3414 3913 3659 4000 falsitas
3712 3932 3937 3996 neque

2420 4012 2897 4096 decepti0,quia
2924 4029 3053 4075 non
3083 4011 3411 4074 ordinatur
3438 4012 3516 4075 ad
3547 4010 3933 4087 fallendum,

2425 4114 2535 4176 sed
2576 4111 3044 4185 instruendum,
3077 4111 3245 4174 sicut
3279 4112 3449 4193 quod
3480 4111 3767 4174 Christus
3799 4109 3935 4173 fin-

2340 4211 2389 4273 D
2420 4212 2513 4275 xit
2543 4230 2611 4273 se
2652 4210 2901 4291 longius
2933 4209 3047 4285 ire,
3080 4229 3153 4272 ac
3193 4208 3443 4272 duobus
3476 4209 3815 4292 discipulis
3856 4211 3933 4274 in

2420 4309 2544 4373 alia
2590 4307 2935 4392 apparebat
2977 4306 3217 4389 effigie.
3251 4307 3395 4371 Haec
3441 4307 3663 4389 opinio
3707 4327 3935 4392 repro-

2422 4409 2629 4483 batur,
2662 4408 2813 4489 quia
2842 4407 2899 4469 si
2930 4425 3055 4470 non
3087 4414 3185 4469 est
3214 4405 3303 4469 ibi
3343 4405 3590 4483 fractio,
3622 4426 3773 4490 ergo
3802 4427 3935 4472 nec

2422 4506 2778 4570 masticatio
2824 4524 2943 4569 nec
2992 4505 3351 4588 specierum
3400 4506 3638 4569 attritio
3689 4524 3704 4568 :
3752 4510 3935 4589 quod

2422 4614 2521 4669 est
2549 4612 2769 4668 contra
2802 4604 3283 4686 experientiam.
3316 4639 3398 4649 —
3426 4604 3572 4667 ldeo
3608 4604 3733 4667 alia
3760 4605 3937 4668 dixit

2422 4704 2663 4787 opinio,
2699 4704 2866 4786 quod
2898 4722 2976 4765 ex
3007 4710 3185 4785 parte
3216 4703 3560 4765 sacerdotis
3593 4702 3682 4766 ibi
3712 4704 3797 4767 sit
3825 4723 3935 4767 ac-

2420 4812 2524 4867 tus
2565 4822 2678 4866 seu
2722 4802 2981 4881 fractio;
3013 4808 3291 4864 attamen
3332 4801 3422 4863 nil
3462 4799 3776 4884 frangitur
3806 4801 3931 4878 ibi,

2421 4903 2574 4985 quia
2601 4920 2720 4964 nec
2751 4918 2981 4982 corpus
3013 4899 3267 4974 Christi,
3302 4918 3421 4963 nec
3451 4900 3716 4981 species.
3744 4900 3933 4974 Quod

2422 5009 2589 5064 stare
2620 5018 2746 5062 non
2777 4999 2966 5073 valet,
3000 4997 3303 5081 quoniam
3334 4998 3559 5062 fractio
3593 4998 3798 5062 activa
3828 5000 3931 5062 in-

2420 5098 2547 5162 fert
2574 5098 2949 5161 fractionem
2981 5096 3530 5180 passivam—Est
3556 5114 3706 5179 ergo
3735 5099 3933 5161 tertia

2423 5196 2655 5280 positio
2694 5214 2864 5270 vera,
2899 5195 3067 5278 quod
3107 5194 3273 5257 sicut
3314 5194 3404 5257 ibi
3445 5202 3597 5259 sunt
3631 5213 3795 5259 verae
3834 5197 3935 5259 di-

2426 5296 2787 5359 mensiones
2818 5294 3003 5376 panis
3033 5293 3628 5370 transsubstantiati,
3648 5312 3935 5379 veraque

3972 3345 4067 3400 Cf.
4086 3346 4257 3391 distas

3974 4200 4065 4242 2⁸.
4116 4168 4135 4181 '
