4267 6250
1542 512 1637 561 cm
1682 511 1775 559 sir
1816 510 2243 561 comm-runnu
3321 493 3443 559 479

337 683 776 748 sacerdotibus
806 684 1040 768 aliquis
1078 684 1446 758 confitetur,
1478 690 1655 747 tanto
1688 682 1837 766 plus
1864 682 1917 747 A
1946 682 2290 759 similibus,
2332 684 2606 767 petenda
2653 690 2748 747 est
2793 683 3052 745 licentia
3099 703 3136 747 a
3184 681 3444 766 proprio

336 781 395 844 ei
446 782 525 844 de
572 801 766 866 poena
810 782 1180 859 remittitur,
1213 790 1351 846 tum
1399 790 1658 865 propter
1699 800 1839 844 eru-

336 880 730 945 bescentiam
780 881 1223 956 confessioniS,
1276 901 1417 964 quae
1466 882 1530 943 in
1580 900 1835 964 poenam

335 977 825 1043 satisfactoriam
864 987 1292 1062 computatur,
1322 987 1461 1041 tum
1502 998 1580 1041 ex
1616 980 1681 1043 vi
1714 978 1837 1041 cla-

336 1077 534 1140 vium.
572 1080 747 1143 Unde
777 1087 993 1163 posset
1028 1079 1173 1162 quis
1214 1080 1399 1143 toties
1432 1079 1659 1141 iterare
1690 1096 1835 1141 con-

338 1175 695 1252 fessionem,
716 1180 887 1260 quod
916 1177 997 1241 ab
1026 1178 1197 1241 omni
1230 1196 1413 1259 poena
1441 1177 1833 1240 liberaretur.

336 1274 463 1337 Nec
514 1276 801 1339 iterando
858 1276 1015 1339 facit
1068 1276 1371 1356 injuriam
1420 1283 1836 1349 sacrament0,

336 1372 461 1435 nisi
494 1372 589 1436 illi
622 1374 689 1436 in
718 1392 847 1457 quo
886 1374 1309 1438 sanctificatio
1350 1373 1691 1437 adhibetur
1724 1391 1839 1455 per

338 1470 723 1534 characteris
752 1473 1241 1554 impressionem
1272 1472 1374 1535 vel
1414 1491 1529 1554 per
1560 1470 1838 1535 materiae

337 1571 881 1634 consecrationem
918 1589 933 1634 :
965 1590 1239 1653 quorum
1282 1577 1581 1634 neutrum
1630 1577 1728 1633 est
1772 1569 1839 1633 in

336 1668 731 1731 Poenitentia.
766 1669 915 1733 Ideo
953 1669 1195 1733 bonum
1238 1676 1335 1733 est
1372 1670 1543 1751 quod
1586 1668 1693 1731 ille
1728 1668 1839 1751 qui

335 1768 713 1832 auctoritate
765 1770 1051 1854 episcopi
1110 1770 1287 1833 audit
1344 1769 1836 1842 confessionem,

1946 783 2272 847 sacerdote
2301 784 2401 846 vel
2433 782 2574 864 ejus
2604 783 2956 865 superiore,
2980 781 3330 845 confitendi
3359 780 3445 843 al-

1946 882 2089 943 teri.
2123 881 2322 956 Quam
2353 882 2403 944 si
2437 882 2586 944 dare
2617 881 2920 955 renuerit,
2954 880 3202 943 sufficit
3233 880 3442 943 solum

1952 980 2147 1061 petita
2165 996 2182 1059 ;
2210 980 2312 1043 vel
2343 980 2398 1042 si
2430 999 2556 1044 non
2595 979 2826 1042 habeat
2861 979 3134 1041 alterum
3164 978 3268 1040 cui
3298 995 3444 1040 con·

1951 1077 2230 1151 fimatur,
2265 1078 2642 1159 intelligitur
2671 1077 2735 1141 in
2767 1079 2887 1141 hoc
2918 1096 3068 1140 casu
3097 1093 3225 1139 non
3255 1075 3445 1137 habe-

1950 1194 2017 1237 re
2047 1176 2298 1259 copiam
2327 1176 2689 1240 sacerdotis,
2713 1176 2903 1239 Porro
2935 1176 3208 1258 praelatis
3237 1194 3274 1237 a
3298 1174 3444 1256 jure

1950 1292 2325 1337 concessum
2376 1281 2472 1337 est
2517 1275 2753 1355 eligere
2802 1274 3254 1347 confessorem,
3297 1272 3452 1355 quia

1951 1372 2312 1454 frequenter
2338 1372 2570 1435 habent
2598 1380 2985 1435 sacramenta
3014 1379 3298 1446 tractare,
3312 1391 3451 1453 quae

1951 1489 2073 1533 non
2104 1471 2228 1533 nisi
2259 1490 2296 1535 a
2323 1471 2570 1534 mundis
2599 1490 2672 1533 ac
2702 1472 2911 1552 dignis
2941 1471 3259 1533 tractanda
3287 1477 3448 1533 sunt.

1952 1570 2095 1633 Haec
2136 1569 2377 1632 Petrus,

2030 1668 2382 1732 Richardus
2413 1668 2672 1731 demum
2705 1666 2874 1730 circa
2903 1667 3037 1731 haec
3070 1666 3284 1729 addit:
3310 1667 3449 1730 Pro-

1953 1766 2131 1847 prius
2189 1766 2481 1829 sacerdos
2540 1765 3043 1848 quadrupliciter
3089 1765 3295 1847 accipi
3345 1784 3452 1847 po-

338 1866 601 1929 inducat
629 1867 1045 1931 confitentem
1077 1870 1247 1951 quod
1285 1868 1667 1931 confiteatur
1697 1884 1836 1950 pro·
1875 1858 1923 1921 B
1952 1870 2092 1926 test.
2110 1863 2338 1937 Prim0,
2354 1862 2465 1945 qui
2496 1861 2688 1925 habet
2712 1862 3226 1943 jurisdictionem
3259 1881 3452 1946 super

337 1966 479 2047 prio
518 1966 851 2030 sacerdoti.
884 1967 1061 2041 Quod
1091 1967 1146 2029 si
1185 1966 1501 2031 confitens
1540 1966 1837 2039 noluerit,

338 2062 542 2125 nihilo
574 2063 789 2125 minus
827 2063 1155 2127 confessor
1182 2084 1333 2127 eum
1374 2062 1703 2127 absolvere
1734 2064 1839 2126 de-

340 2160 465 2223 bet.
499 2198 582 2207 —
614 2162 757 2225 Haec
798 2162 1089 2225 Thomas.

418 2260 774 2323 Concordat
828 2261 1049 2325 Petrus
1110 2279 1224 2343 per
1280 2260 1519 2333 omnia,
1570 2268 1636 2323 et
1692 2260 1841 2323 sub-

336 2358 573 2439 jungit,
606 2360 777 2442 quod
826 2367 892 2423 et
928 2360 1199 2423 Thomas
1248 2358 1402 2421 alibi
1446 2359 1672 2422 scribit
1704 2360 1839 2423 :Ad

334 2456 643 2519 effectum
674 2458 803 2521 duo
832 2458 1247 2539 requiruntur
1276 2475 1289 2520 ε
1324 2458 1607 2540 potentia
1635 2458 1841 2521 activa

334 2555 601 2635 agentis,
636 2563 703 2617 et
746 2554 1013 2619 materia
1053 2554 1267 2619 debita
1306 2575 1379 2618 ac
1422 2555 1730 2638 disposita
1773 2556 1839 2619 in

336 2652 747 2735 suscipiente.
780 2654 943 2717 Hinc
986 2654 1065 2716 ad
1110 2653 1438 2735 ligandum
1484 2661 1548 2717 et
1595 2654 1841 2717 solven-

336 2751 489 2813 dum
533 2752 887 2834 requiritur
926 2758 1205 2835 potestas
1251 2752 1527 2815 clavium
1579 2752 1646 2815 in
1696 2770 1842 2816 con-

338 2849 599 2924 fessore,
648 2858 711 2913 et
769 2849 1067 2914 subditus
1116 2851 1231 2939 qui
1285 2850 1556 2913 habetur
1610 2870 1687 2914 ex
1738 2851 1839 2931 ju-

336 2946 725 3010 risdictione.
779 2947 1023 3010 Idcirco
1072 2965 1199 3010 non
1248 2946 1496 3010 sufficit
1542 2948 1838 3011 confiteri

1951 1961 2149 2024 alium
2190 1962 2574 2025 ordinariam
2621 1963 2688 2024 in
2729 1961 2866 2026 foro
2915 1962 3328 2045 poenitentiae,
3361 1970 3450 2025 ta-

1952 2080 2098 2123 men
2134 2061 2322 2124 modo
2357 2059 2668 2135 inferiori,
2701 2068 2773 2123 ut
2800 2068 3014 2143 pastor
3044 2060 3443 2143 parochialis

1950 2160 2264 2235 Secundo,
2299 2160 2409 2242 qui
2449 2159 2641 2225 habet
2679 2178 2816 2222 eam
2861 2160 3048 2223 modo
3081 2159 3445 2243 principali,

1948 2266 2015 2320 ut
2042 2258 2522 2342 episcopus,qui
2553 2266 2651 2322 est
2680 2259 2972 2342 proprius
3001 2260 3292 2323 sacerdos
3319 2278 3450 2323 om-

1951 2356 2127 2419 nium
2162 2356 2605 2419 exsistentium
2639 2358 2704 2420 in
2742 2375 2859 2420 suo
2895 2357 3290 2440 episcopatu,
3322 2356 3446 2420 nisi

1948 2454 2150 2537 aliqui
2186 2455 2315 2517 sint
2343 2455 2664 2537 exempti3
2695 2455 2797 2517 vel
2831 2456 3018 2519 modo
3049 2456 3448 2538 principalis-

1949 2553 2135 2629 simo,
2189 2554 2410 2636 sicque
2458 2554 2620 2636 Papa
2669 2561 2766 2617 est
2812 2553 3108 2637 proprius
3155 2555 3448 2617 sacerdos

1952 2653 2240 2715 omnium
2275 2652 2800 2717 Christianorum.
2843 2652 3054 2715 Tertio
3097 2653 3307 2727 mod0‚
3340 2652 3448 2715 ha-

1950 2752 2109 2815 bens
2144 2750 2660 2834 jurisdictionem
2709 2751 3060 2832 delegatam
3107 2751 3189 2814 ab
3231 2750 3450 2833 aliquo

1950 2850 2180 2913 horum
2229 2849 2332 2913 vel
2381 2869 2418 2911 a
2469 2849 2672 2931 legato
2711 2850 2914 2932 Papae.
2955 2849 3186 2923 Quarto
3235 2849 3445 2924 mod0‚

1951 2948 2193 3012 habens
2237 2947 2750 3029 jurisdictionem
2803 2966 2882 3010 ex
2931 2948 3258 3011 communi
3301 2967 3448 3012 con-

336 3046 602 3110 cuilibet
628 3046 967 3121 sacerdoti,
987 3047 1097 3110 sed
1127 3053 1378 3130 oportet
1407 3046 1667 3130 proprio
1696 3065 1839 3110 con·
1869 3047 1913 3112 C
1950 3046 2240 3111 cessione
2268 3047 2371 3110 vel
2406 3047 2827 3131 permissione
2853 3046 3040 3128 juriS,
3074 3054 3137 3109 et
3173 3047 3266 3109 sic
3305 3065 3449 3131 pro-

338 3144 525 3208 fiteri.
561 3146 861 3228 Proprius
894 3163 1046 3208 vero
1084 3147 1377 3210 sacerdos
1415 3154 1511 3208 est
1549 3146 1785 3228 duplex
1820 3163 1835 3208 :

338 3263 501 3306 unus
547 3262 627 3307 ex
667 3243 1117 3326 jurisdictione
1164 3243 1505 3318 ordinaria,
1545 3251 1615 3305 ut
1658 3262 1838 3326 paro-

338 3342 563 3405 chialis
597 3342 913 3418 sacerdos,
946 3350 1009 3405 et
1038 3341 1380 3425 episcopus
1421 3341 1584 3422 ejus,
1618 3360 1691 3403 ac
1732 3341 1837 3404 Pa-

336 3459 450 3522 pa3
480 3441 649 3504 alius
696 3458 776 3503 ex
818 3440 1268 3521 jurisdictione
1314 3439 1620 3521 delegata,
1663 3446 1735 3501 ut
1786 3440 1838 3502 is

336 3540 437 3601 cui
480 3537 830 3602 committit
870 3538 1313 3600 auctoritatem
1355 3537 1656 3600 audiendi
1696 3555 1839 3600 con·

333 3637 682 3701 fessionem
712 3636 949 3719 aliquis
987 3636 1436 3718 praedictorum
1479 3636 1696 3711 trium,
1730 3644 1839 3699 aut

333 3737 525 3799 etiam
558 3735 804 3817 legatus
843 3734 1087 3798 domiui
1128 3735 1327 3816 Papae.
1360 3770 1441 3780 —
1469 3734 1705 3796 Verum
1736 3735 1837 3797 his

331 3835 529 3917 objici
577 3841 795 3916 posset
840 3833 1071 3916 primo,
1104 3834 1407 3915 quoniam
1445 3832 1836 3913 Augustinus

331 3935 419 3996 ait
451 3953 467 3997 :
501 3932 785 4016 Cupiens
822 3931 1140 4007 confiteri,
1174 3931 1568 3995 sacerdotem
1597 3937 1840 4013 quaerat

332 4033 645 4096 scientem
692 4031 889 4113 ligare
931 4037 997 4093 et
1035 4030 1300 4093 solvere.
1337 4030 1499 4111 Ergo
1548 4028 1838 4092 consistit

336 4132 400 4194 in
449 4129 825 4196 confitentis
871 4129 1184 4193 electione
1240 4147 1313 4191 ac
1362 4129 1677 4203 libertate,
1730 4129 1834 4191 cui

1952 3145 2075 3227 prii
2122 3146 2481 3209 sacerdotes
2525 3154 2675 3209 sunt
2718 3147 2813 3209 illi
2856 3162 3016 3227 quos
3057 3145 3344 3228 episcopi
3387 3153 3450 3208 et

1948 3242 2210 3304 abbates
2242 3244 2522 3325 exempti
2553 3244 2798 3325 eligunt
2827 3244 2892 3306 in
2923 3243 3347 3307 confessores:
3369 3250 3449 3307 ta-

1950 3341 2117 3402 libus
2143 3341 2318 3403 enim
2344 3342 2747 3423 permittitur.
2767 3341 2872 3404 Sic
2896 3359 3150 3423 quoque
3181 3349 3278 3404 est
3307 3359 3448 3424 pro-

1951 3439 2127 3520 prius
2163 3438 2454 3500 sacerdos
2489 3438 2821 3520 presbyter
2850 3438 3242 3522 quicumque
3273 3440 3444 3502 illius

1948 3555 2142 3618 quem
2173 3536 2370 3611 audit,
2404 3535 2730 3598 constituti
2771 3536 2838 3598 in
2876 3536 3146 3600 articulo
3175 3538 3446 3600 necessi-

1949 3635 2114 3697 tatis.
2132 3635 2234 3697 Sic
2265 3634 2458 3696 etiam
2485 3634 2782 3717 proprius
2813 3634 3104 3698 sacerdos
3133 3636 3448 3717 vagabun-

1948 3734 2175 3796 dorum
2209 3740 2305 3794 est
2333 3732 2726 3815 quicumque
2761 3732 3092 3816 presbyter
3122 3734 3447 3816 parochia-

1949 3831 2051 3905 lis,
2088 3831 2155 3892 in
2187 3830 2373 3910 cujus
2405 3831 2706 3912 parochia
2741 3830 3060 3894 voluerint
3099 3832 3393 3895 confiteri
3427 3848 3443 3896 ε

1948 3929 2250 4012 quoniam
2295 3929 2453 3992 tales
2497 3929 2728 3992 nullibi
2769 3930 3007 3992 habent
3045 3931 3445 3995 domicilium

1948 4028 2302 4111 proprium.
2348 4028 2524 4090 Idem
2565 4029 2708 4091 dico
2757 4029 2836 4091 de
2884 4028 3015 4091 illis
3062 4029 3174 4111 qui
3223 4031 3445 4094 relicto

1948 4126 2277 4191 domicilio
2317 4126 2600 4209 propri0,
2642 4126 2942 4208 navigant
2983 4135 3092 4190 aut
3135 4128 3255 4191 iter
3295 4128 3447 4193 faci-

336 4231 613 4295 voluerit
642 4228 956 4293 confiteri.
990 4229 1255 4301 RursuS,
1288 4234 1360 4290 ut
1388 4235 1642 4290 sanctus
1683 4227 1835 4291 fate·
1865 4223 1915 4286 D
1947 4232 2081 4300 unt,
2116 4233 2472 4307 quaerentes
2503 4242 2630 4307 quo
2660 4243 2728 4288 se
2766 4224 3113 4288 conferant.
3147 4226 3320 4289 Idem
3360 4229 3446 4291 di·

338 4337 439 4393 tur
466 4327 851 4402 BernarduS,
871 4327 1040 4409 quod
1074 4325 1435 4388 institutum
1468 4333 1564 4388 est
1595 4343 1711 4408 pro
1739 4344 1837 4389 ca-

338 4428 521 4490 ritate
570 4434 638 4488 et
684 4425 911 4498 salute,
963 4431 1182 4488 contra
1230 4441 1337 4485 eas
1387 4422 1660 4486 militare
1708 4442 1833 4487 non

334 4526 545 4591 debet.
596 4523 859 4607 Proprio
914 4531 1129 4586 autem
1179 4523 1489 4586 sacerdoti
1539 4522 1834 4586 confiteri

332 4627 706 4708 frequenter
734 4630 902 4686 esset
941 4621 1397 4705 periculosum,
1433 4628 1501 4683 ut
1538 4621 1591 4684 si
1632 4640 1834 4684 sacer-

333 4726 447 4788 dos
491 4723 577 4786 sit
620 4721 895 4785 lascivus
938 4727 1003 4783 et
1045 4719 1287 4783 femina
1330 4719 1593 4800 fragilis.
1628 4720 1705 4782 Et
1751 4720 1840 4782 di·

333 4823 635 4894 cendum,
668 4820 855 4902 quod.
878 4819 1149 4882 verbum
1188 4819 1253 4880 B.
1289 4817 1627 4898 Augustini
1658 4818 1838 4880 intel-

333 4921 661 5003 ligendum
690 4923 789 4982 est
819 4917 1015 4999 petita
1044 4925 1107 4980 et
1136 4917 1393 4980 obtenta
1424 4916 1713 4996 licentia3
1736 4917 1838 4979 vel

334 5022 389 5084 si
429 5019 731 5103 proprius
770 5016 1063 5080 sacerdos
1105 5015 1367 5078 omnino
1415 5015 1671 5097 ignarus
1718 5022 1835 5090 est,

334 5126 447 5182 aut
472 5119 625 5181 dare
655 5133 785 5179 non
815 5114 974 5188 vult,
992 5132 1111 5176 nec
1141 5113 1326 5195 copia
1356 5113 1703 5194 superioris
1736 5112 1842 5176 ha-

339 5218 545 5292 betur,
606 5213 855 5278 sufficit
913 5213 1129 5295 petita,
1190 5209 1483 5293 quamvis
1542 5228 1670 5272 non
1734 5210 1841 5274 ob-

339 5323 529 5380 tenta.
581 5315 655 5377 ln
702 5331 854 5376 casu
903 5328 1159 5394 quoque
1206 5308 1533 5392 proposito
1580 5314 1644 5370 et
1692 5325 1839 5374 con-

1946 4323 2214 4386 cendum
2244 4324 2322 4386 de
2353 4323 2902 4406 peregrinantibus
2929 4325 3008 4387 ad
3039 4332 3254 4388 sancta
3285 4326 3438 4390 loca.

1946 4423 2163 4503 ltaque
2202 4440 2460 4484 necesse
2497 4428 2594 4484 est
2632 4422 2924 4486 confiteri
2954 4425 3214 4506 proprio
3243 4444 3446 4489 sacer-

1948 4520 2079 4583 doti
2106 4519 2322 4602 aliquo
2351 4520 2578 4583 horum
2615 4521 3239 4604 modorum20portet
3267 4525 3442 4588 enim

1949 4618 2119 4700 quod
2157 4618 2386 4680 habeat
2420 4618 2934 4698 jurisdictionem
2976 4619 3040 4682 in
3071 4639 3220 4683 eum
3248 4641 3444 4705 quem

1948 4715 2127 4778 audit
2155 4723 2219 4778 et
2246 4715 2577 4778 absolvere
2606 4715 2812 4779 debet.
2847 4751 2928 4762 —
2955 4717 3068 4780 His
3095 4719 3308 4782 verbis
3341 4722 3447 4785 ad-

1948 4813 2043 4876 dit
2068 4813 2420 4877 Richardus
2455 4830 2468 4875 :
2503 4813 2804 4886 Quamvis
2843 4821 3220 4896 potestatem
3253 4818 3446 4882 clavi-

1949 4933 2059 4975 um
2086 4929 2310 4975 omnes
2341 4911 2642 4993 discipuli
2667 4920 3049 4994 receperunt
3078 4914 3446 4982 immediate

1949 5031 1986 5075 a
2014 5011 2284 5086 Christo,
2318 5018 2530 5073 tamen
2572 5017 2948 5092 potestatem
2974 5011 3446 5092 jurisdictionis

1950 5115 2333 5191 receperunt
2397 5107 2732 5170 inferiores
2791 5107 3222 5175 mediantibus
3279 5115 3445 5196 Apo-

1950 5208 2151 5281 stoliS,
2184 5206 2422 5288 aliique
2460 5206 2746 5288 Apostoli
2787 5207 3106 5271 mediante
3145 5209 3346 5288 Petro,
3379 5221 3445 5276 et

1950 5315 2220 5389 utraque
2260 5312 2534 5388 potestas
2579 5305 2646 5368 in
2693 5304 3094 5370 confessione
3141 5310 3437 5393 exigitur.
