4267 6250
844 454 961 521 120
1588 502 1595 508 .
1776 470 1954 519 11111111
1992 470 2055 517 1v
2097 468 2582 517 summanum
2622 488 2704 499 —
2742 470 2898 517 msr.
2939 470 3002 517 xv

838 666 1034 732 posse
1088 649 1419 732 prodesse.
1478 648 1617 712 Nec
1670 648 1891 711 tamen
1949 645 2210 711 visibile
2269 646 2750 710 sacramentum
2799 646 2947 709 ideo
3002 643 3554 709 contemnendum
3611 645 3732 726 est,
3781 644 3952 727 quia

566 780 814 834 11031314,
842 766 1253 847 contemptor
1294 765 1439 846 ejns
1480 763 1901 828 invisibiliter
1938 758 2328 827 sanctificari
2365 780 2500 825 non
2536 763 2776 844 potest.
2817 762 2990 825 Hinc
3025 761 3370 825 Cornelius
3413 762 3479 825 et
3513 761 3627 843 qui
3667 779 3820 825 cum
3867 778 3950 825 eo

548 844 619 885 ω’
842 884 1047 961 013111,
1070 882 1212 963 jam
1240 881 1491 963 Spiritu
1519 880 1927 960 sanctificati,
1950 880 2260 961 baptizati
2289 879 2466 941 sunt.
2487 879 2623 943 Nec
2652 878 2983 961 superflua
3003 878 3360 960 Judicanda
3387 880 3488 943 est
3513 880 3950 943 sanctificatio

842 998 1125 1062 visibilis
1181 999 1338 1079 quia
1385 996 1741 1062 invisibilis
1788 997 2146 1079 praecessit.
2207 996 2361 1059 Sine
2417 995 2663 1059 visibili
2715 1012 2869 1077 ergo
2919 994 3274 1059 invisibilis
3320 995 3746 1059 sanctificatio
3795 1013 3950 1059 esse

840 1114 1059 1194 potest
1094 1116 1160 1178 et
1194 1114 1542 1195 prodesse3
1582 1112 1865 1176 visibilis
1893 1114 2113 1175 autem
2143 1129 2292 1193 quae
2322 1111 2399 1175 fit
2425 1113 2832 1175 sacramento
2865 1112 3080 1191 tenuS,
3111 1112 3255 1175 sine
3285 1110 3604 1175 invisibili
3631 1111 3952 1193 prodesse

573 1244 691 1289 111-α.
726 1258 814 1298 vm,
841 1246 974 1292 non
1012 1230 1251 1312 potest,
1277 1246 1485 1311 quum
1518 1228 1635 1291 illa
1669 1227 1757 1291 sit
1794 1227 2010 1290 omnis
2047 1227 2229 1290 illius
2266 1227 2540 1289 utilitas.
2575 1227 2830 1291 Simoni
2861 1244 3054 1308 mago
3091 1226 3374 1291 visibilis
3401 1227 3782 1308 Baptismus
3808 1243 3950 1289 non

550 1311 616 1359 ¹³’
640 1310 776 1353 ¹⁸³⁴·
839 1346 1113 1429 profuit,
1154 1347 1309 1427 quia
1361 1345 1713 1409 invisibilis
1748 1362 1881 1408 non
1919 1343 2164 1425 adfuit3
2205 1344 2322 1407 sed
2367 1343 2610 1425 quibus
2644 1343 3000 1407 invisibilis
3036 1344 3270 1424 adfuit,
3317 1343 3586 1426 profuit.
3627 1343 3764 1407 Nec
3799 1344 3952 1405 tan-

838 1464 983 1526 tum
1021 1464 1194 1527 valet
1230 1459 1392 1527 fides
1428 1462 1641 1526 aliena
1679 1461 1978 1543 parvulo,
2020 1462 2342 1541 quantum
2380 1461 2646 1542 propria
2683 1460 2930 1523 adulto,
2971 1460 3276 1524 Parvulis
3313 1460 3488 1525 enim
3528 1478 3662 1523 non
3701 1459 3952 1523 sufficit

839 1575 1000 1643 fides
1030 1580 1338 1643 Ecclesiae
1367 1580 1509 1643 sine
1538 1579 1969 1657 sacramento,
1994 1578 2109 1658 qui
2139 1578 2196 1640 si
2225 1576 2472 1657 absque
2501 1577 2841 1658 Baptismo
2880 1577 3124 1640 fuerint
3149 1577 3465 1655 defuncti,
3504 1577 3702 1640 etiam
3731 1594 3948 1657 quum

838 1695 1220 1760 deferuntur
1272 1696 1353 1758 ad
1410 1695 1851 1776 Baptismum,
1910 1693 2419 1773 damnabuntur,
2459 1694 2631 1757 sicut
2695 1692 2924 1756 multis
2989 1694 3376 1756 Sanctorum
3443 1693 3952 1756 auctoritatibus

548 1835 744 1893 Fulgent.
758 1837 812 1880 (10
839 1812 1321 1894 comprobatur.
1366 1812 1468 1875 Ad
1515 1812 1692 1893 quod
1741 1812 1867 1873 hoc
1915 1828 2124 1874 unum
2177 1810 2457 1873 sufficiat
2505 1809 2857 1891 Augustini
2903 1830 2917 1869 ε
2957 1808 3371 1873 Firmissime
3419 1810 3591 1889 tene,
3629 1809 3952 1890 parvulos

540 1896 813 2013 ῗὲἓιῗιῗξῖ
840 1930 955 2008 qui
992 1928 1095 1991 vel
1143 1928 1212 1991 in
1252 1930 1455 1993 uteris
1502 1928 1789 1991 matrum
1840 1926 2061 1989 vivere
2110 1925 2438 2005 incipiunt
2475 1926 2540 1989 et
2576 1924 2668 1987 ihi
2715 1925 3112 2003 moriuntur,
3152 1923 3256 1988 vel
3295 1925 3376 1989 de
3417 1923 3738 1987 matribus
3774 1924 3946 2003 nati,

837 2046 979 2107 sine
1039 2045 1445 2108 sacramento
1495 2043 1821 2125 Baptismi
1876 2042 1957 2104 de
2012 2042 2139 2104 11οο
2185 2040 2427 2104 saeculo
2476 2041 2838 2122 transeunt,
2880 2042 3123 2105 aeterno
3169 2040 3496 2123 supplicio
3542 2041 3946 2122 puniendOS,

837 2161 994 2242 quia
1037 2162 1161 2224 etsi
1198 2159 1481 2242 propriae
1523 2160 1801 2223 actionis
1836 2159 2101 2241 peccata
2141 2174 2274 2221 non
2311 2157 2703 2237 habuerunt,
2739 2144 3055 2239 originale
3091 2158 3311 2221 tamen
3348 2158 3690 2239 peccatum
3725 2161 3952 2221 traxe-

836 2278 991 2340 runt
1031 2276 1273 2339 carnali
1312 2276 1857 2357 concupiscentiae
1895 2274 2342 2355 conceptione.
2395 2276 2481 2337 Et
2516 2274 2686 2337 sicut
2734 2274 2993 2356 parvuli
3045 2276 3160 2356 qui
3209 2276 3351 2339 sine
3401 2275 3742 2357 Baptismo
3795 2292 3951 2339 mo-

832 2392 1115 2471 riuntur,
1148 2387 1513 2454 infidelium
1552 2390 2011 2453 adscribuntur
2045 2407 2356 2471 numero;
2395 2391 2489 2452 ita
2517 2391 2632 2471 qui
2661 2390 3094 2473 baptizantur,
3126 2391 3351 2455 fideles
3385 2391 3715 2471 dicuntur,
3757 2392 3876 2474 qui
3908 2410 3950 2455 a

834 2507 1131 2572 fidelium
1196 2507 1525 2571 consortio
1588 2523 1719 2568 non
1774 2506 2182 2588 separantur,
2244 2524 2451 2587 quum
2510 2508 2652 2570 orat
2699 2506 2992 2570 Ecclesia
3043 2524 3163 2587 pro
3219 2507 3524 2572 fidelibus
3581 2507 3944 2572 defunctis·

833 2624 1093 2689 Fideles
1144 2642 1297 2706 ergo
1348 2625 1504 2688 sunt
1549 2640 1682 2687 non
1732 2624 1999 2704 propter
2043 2623 2380 2701 virtutem,
2429 2624 2546 2687 sed
2591 2624 2742 2687 fidei
2792 2625 3296 2688 sacramentum.
3338 2624 3528 2689 Unde
3577 2626 3672 2687 ait
3717 2624 3952 2706 Augu-

548 2760 803 2817 AugAEpist.
834 2741 1049 2804 stinus
1082 2762 1096 2801 ε
1138 2740 1522 2820 Parvulum,
1565 2741 1687 2804 etsi
1725 2740 2019 2804 nondum
2058 2740 2221 2803 fides
2267 2740 2381 2802 illa
2421 2758 2569 2820 quae
2617 2741 2814 2803 etiam
2853 2740 2923 2802 in
2962 2740 3366 2804 credentium
3401 2740 3738 2805 voluntate
3787 2759 3954 2805 con-

536 2827 602 2876 ⁹⁸’
624 2836 668 2866 '¹'
692 2828 758 2868 ¹⁰'
834 2856 1033 2935 sistit,
1067 2857 1209 2937 jam
1258 2858 1479 2919 tamen
1530 2855 1683 2919 fidei
1730 2856 1941 2937 ipsius
1987 2858 2494 2935 sacramentum,
2529 2855 2597 2919 id
2646 2858 2746 2919 est
2792 2856 3198 2939 BaptismuS,
3243 2858 3502 2923 fidelem
3551 2858 3728 2921 facit.
3769 2858 3952 2921 Nam

835 2972 1007 3035 sicut
1035 2973 1293 3036 credere
1324 2972 1777 3053 respondetur,
1805 2972 1898 3033 ita
1934 2972 2132 3035 etiam
2171 2967 2384 3035 fidelis
2414 2973 2704 3051 vocatur,
2733 2990 2867 3037 non
2905 2990 3044 3037 rem
3075 2974 3288 3055 ipsam
3318 2976 3539 3039 mente
3567 2975 3949 3055 annuendo,

834 3088 952 3152 sed
997 3088 1209 3171 ipsius
1253 3088 1347 3152 rei
1384 3087 1805 3170 percipiendo
1845 3090 2353 3153 sacramentum.

1278 3321 1355 3384 F.
1414 3323 1595 3390 Quid
1632 3323 1881 3396 prosit
1922 3323 2348 3396 Baptismus
2391 3325 2506 3386 his
2552 3326 2678 3399 qui
2724 3339 2892 3387 cum
2935 3326 3071 3396 fide
3120 3327 3494 3390 accedunt.

548 3561 813 3618 11380,οω-
975 3536 1155 3600 Solet
1205 3535 1399 3600 etiam
1448 3535 1655 3616 quaeri
1692 3534 1773 3598 de
1810 3533 1946 3596 illis
1996 3535 2110 3614 qui
2152 3534 2293 3615 jam
2335 3535 2722 3598 sanctificati
2759 3535 3033 3617 Spiritu,
3075 3553 3226 3600 cum
3265 3537 3393 3601 fide
3440 3540 3504 3604 et
3551 3541 3820 3606 caritate
3869 3545 3960 3607 ad

542 3624 813 3738 Ξξαῗῗῗ7
840 3653 1257 3734 Baptismum
1296 3651 1635 3732 accedunt,
1669 3651 1829 3732 quid
1866 3650 1962 3713 eis
1991 3650 2283 3714 conferat
2320 3650 2722 3733 Baptismus.
2747 3652 2932 3716 Nihil
2969 3653 3144 3717 enim
3183 3654 3280 3717 eis
3316 3654 3578 3720 videtur
3610 3661 3956 3740 praestare,

840 3787 1048 3853 quum
1077 3785 1194 3850 per
1220 3768 1421 3831 fidem
1458 3767 1523 3831 et
1552 3767 2012 3830 contritionem
2037 3767 2178 3848 jam
2211 3767 2509 3831 remissis
2542 3768 2850 3848 peccatis,
2878 3768 3223 3849 justificati
3251 3771 3426 3834 sunt.
3449 3771 3556 3835 Ad
3583 3775 3766 3855 quod
3793 3793 3960 3841 sane

838 3886 967 3949 dici
1005 3886 1246 3968 potest,
1282 3901 1395 3948 eos
1429 3884 1697 3965 quidem
1735 3900 1853 3964 per
1892 3882 2087 3946 fidem
2128 3884 2194 3946 et
2231 3883 2690 3947 contritionem
2727 3884 3146 3964 justificatoS,
3185 3885 3255 3949 id
3291 3887 3390 3950 est
3426 3904 3466 3950 3
3500 3890 3760 3953 macula
3795 3909 3962 3973 pec-

841 4005 967 4067 cati
1006 4005 1322 4085 purgatos
1360 4002 1423 4067 et
1470 4018 1509 4064 a
1549 4000 1770 4065 debito
1809 4001 2069 4064 aeternae
2106 4017 2318 4081 poenae
2355 3999 2717 4080 absolutos,
2759 4002 2978 4064 tamen
3017 4002 3231 4065 adbuc
3267 4003 3473 4067 teneri
3503 4006 3962 4074 satisfactione

837 4120 1187 4201 temporali
1226 4135 1357 4198 qua
1383 4117 1775 4198 poenitentes
1810 4116 2098 4198 ligantur
2133 4117 2204 4179 in
2232 4117 2546 4180 Ecclesia.
2581 4117 2802 4189 Quum
2841 4119 3060 4181 autem
3099 4117 3514 4200 Baptismum
3552 4125 3958 4213 percipiunt,

841 4239 907 4299 et
962 4253 1001 4298 a
1046 4233 1354 4317 peccatiS,
1396 4234 1453 4296 si
1502 4249 1632 4312 qua
1688 4232 1947 4295 interim
2002 4235 2155 4314 post
2202 4233 2698 4296 conversionem
2744 4234 3232 4316 contraxerunt,
3273 4237 3698 4320 mundantur,
3747 4243 3818 4304 et
3871 4245 3962 4310 ab

839 4351 1150 4417 exteriori
1187 4348 1632 4442 satisfactione
1662 4347 2115 4429 absolvuntur,
2149 4350 2215 4412 et
2243 4349 2533 4429 adjutrix
2569 4350 2778 4429 gratia
2816 4350 3163 4430 omnisque
3201 4351 3411 4416 virtus
3442 4354 3511 4416 in
3540 4370 3616 4418 οο
3647 4360 3956 4442 augetur,

840 4470 914 4532 ut
950 4484 1103 4530 vere
1139 4481 1353 4528 novus
1376 4465 1577 4528 homo
1615 4465 1771 4527 tunc
1807 4464 1937 4526 dici
1974 4465 2208 4545 possit.
2241 4465 2483 4528 Fomes
2518 4482 2783 4546 quoque
2813 4465 3059 4547 peccati
3090 4467 3160 4529 in
3197 4484 3273 4530 eo
3307 4471 3518 4550 magis
3545 4471 3956 4542 debilitatur.

842 4585 998 4648 Ideo
1036 4582 1486 4661 Hieronymus
1538 4580 1721 4660 dicit,
1762 4581 1941 4660 quod
1992 4580 2156 4644 fides
2207 4598 2356 4662 quae
2407 4577 2631 4645 fideles
2675 4581 2852 4660 facit,
2894 4582 2963 4644 in
3009 4583 3200 4664 aquis
3245 4584 3569 4666 Baptismi
3613 4587 3808 4652 datur
3846 4593 3958 4656 vel

840 4700 1129 4764 nutritur
1171 4719 1185 4760 ε
1226 4698 1385 4780 quia
1428 4713 1563 4760 non
1600 4696 1866 4760 habenti
1904 4697 2258 4777 aliquando
2297 4697 2389 4761 ibi
2427 4698 2641 4778 datur,
2689 4700 2754 4762 et
2788 4698 2927 4779 jam
2975 4699 3264 4780 habenti,
3305 4701 3380 4763 ut
3415 4701 3675 4782 plenius
3711 4705 3961 4771 11311031

841 4818 1053 4880 datur.
1087 4816 1197 4880 Sic
1233 4816 1301 4879 et
1334 4815 1414 4878 de
1446 4813 1595 4877 aliis
1627 4811 2127 4893 intelligendum
2161 4816 2282 4877 est.
2319 4815 2447 4888 Qui
2487 4832 2640 4897 ergo
2678 4815 2968 4878 mundus
2992 4816 3263 4894 accedit,
3296 4816 3389 4879 ibi
3418 4817 3505 4880 fit·
3520 4820 3854 4902 mundior,
3890 4827 3960 4887 et

842 4934 1024 4997 omni
1052 4932 1341 5011 habenti,
1383 4929 1476 4993 ibi
1506 4929 1793 5011 amplius
1823 4930 2036 4992 datur.
2078 4929 2273 5004 Quod
2309 4949 2464 4995 vero
2502 4932 2724 4995 omnis
2761 4931 3044 4994 exterior
3072 4931 3432 4997 satisfactio
3471 4933 3564 4997 ibi
3593 4936 3953 5020 relaxetur,

544 5069 809 5121 ammae.
841 5049 1232 5114 Ambrosius
1270 5047 1556 5112 ostendit
1596 5064 1795 5128 super
1831 5046 2021 5109 illum
2072 5047 2318 5128 locum,
2361 5049 2514 5112 Sine
2550 5048 2936 5129 poenitentia
2981 5049 3136 5110 sunt
3177 5048 3350 5111 dona
3389 5050 3512 5114 Dei
3553 5053 3618 5115 et
3653 5055 3955 5138 vocatio,

532 5186 811 5230 Ambmmt.
838 5168 1063 5231 dicens
1105 5186 1119 5226 ε
1163 5165 1388 5228 Gratia
1436 5164 1560 5227 Dei
1616 5163 1683 5225 in
1739 5163 2080 5244 Baptismo
2129 5179 2265 5226 non
2314 5165 2591 5244 requirit
2633 5165 2957 5245 gemitum
2987 5163 3092 5227 vel
3144 5163 3481 5244 planctum
3527 5168 3632 5231 vel
3675 5169 3954 5252 aliquod

538 5248 584 5290 in
610 5248 731 5292 Rom.
750 5261 792 5291 xz

546 5312 613 5354 29,
796 5280 807 5300 ’
838 5300 1028 5367 opuS,
1068 5281 1184 5346 sed
1222 5283 1285 5344 et
1326 5280 1547 5345 omnia
1587 5279 1791 5361 gratis
1835 5279 2182 5342 condonat.
2215 5279 2407 5354 Quod
2455 5281 2723 5362 quidem
2753 5282 2832 5344 de
2881 5281 3189 5345 exteriori
3230 5282 3482 5362 gemitu
3520 5285 3624 5348 vel
3670 5285 3948 5366 planctu
