4267 6250
1143 499 1340 548 mnu
1379 498 1494 547 ssu
1531 499 1808 548 nonum:
1847 499 2008 546 unm
2047 500 2110 547 tv
2152 497 2622 548 sturmi-unm·
3350 476 3435 544 28

413 674 484 740 Si
529 673 777 741 suflicit
819 676 950 742 soli
993 677 1136 741 Deo
1183 670 1500 742 confiteri.

412 781 604 856 Quod
639 799 777 848 non
812 783 1056 848 sufficit
1087 784 1212 848 soli
1247 785 1392 850 Deo
1422 779 1739 866 confiteri,
1769 785 1830 848 si

330 889 536 970 poffiit
581 891 910 955 sacerdoti
957 891 1274 956 confiteri.

414 997 521 1060 An
569 997 856 1062 sufficiat
901 999 1195 1064 confiteri
1239 999 1429 1062 laico.

415 1103 518 1166 Ad
565 1105 730 1186 quid
776 1105 992 1170 valeat
1037 1105 1386 1170 confessio.

413 1212 792 1276 D1srmcrm
820 1212 1072 1276 XVIII.
1090 1213 1191 1276 De
1217 1213 1604 1278 remissione
1626 1230 1828 1295 quam

330 1319 597 1401 praestat
637 1319 968 1384 sacerdos.

413 1428 512 1490 ΒΘ
559 1426 884 1492 clavibus,

415 1535 514 1599 ΒΘ
559 1553 689 1599 usu
737 1535 1050 1600 clavium.

415 1643 484 1707 Si
529 1643 840 1707 sacerdos
885 1645 1106 1726 potest
1149 1642 1480 1710 dimittere
1535 1646 1822 1727 peccata,

335 1750 432 1814 vel
475 1752 780 1816 retinere.

1858 670 1911 735 A
1935 675 2226 759 lapidem
2260 676 2651 759 pretiosum,
2684 675 2963 759 lignum,
3002 674 3280 756 sterium,
3318 671 3439 740 sti·

1936 783 2187 866 pulam.

2025 891 2122 956 De
2160 891 2313 974 igne
2340 892 2742 975 purgatorio,
2764 908 2897 975 quo
2926 891 3040 956 alii
3077 891 3297 970 citius,
3320 889 3436 954 alii

1935 1000 2191 1063 tardius
2234 1001 2617 1083 purgantur.

2026 1106 2203 1180 Quid
2240 1108 2329 1172 sit
2363 1108 2687 1173 aedificare
2714 1107 2995 1188 lignum,
3014 1106 3291 1186 foennm,
3321 1107 3439 1169 aut

1935 1213 2275 1296 stipulam.

2024 1321 2202 1396 Quid
2250 1323 2340 1386 sit
2387 1322 2709 1387 aedificare
2753 1338 3013 1402 aurum,
3060 1320 3431 1402 argentum,

1935 1428 2225 1510 lapidem
2260 1429 2646 1511 pretiosum.

2023 1537 2219 1612 Quod
2269 1538 2557 1620 aliquem
2600 1555 2751 1604 vere
2789 1538 3087 1620 poenitet,
3131 1537 3257 1601 etsi
3300 1553 3435 1601 non

1936 1646 2016 1710 de
2065 1647 2249 1710 omni
2294 1647 2559 1710 veniali.

2026 1753 2205 1827 Quid
2248 1755 2338 1819 sit
2380 1754 2703 1836 generalis
2748 1752 3097 1818 confessio.

415 1859 766 1933 Quomodo
803 1860 1176 1924 sacerdotes
1215 1859 1560 1924 dimittunt
1601 1879 1828 1943 pecca·
1854 1857 1901 1920 B
2026 1861 2220 1936 Quod
2296 1878 2491 1926 nemo
2547 1861 2738 1926 debet
2806 1860 3099 1926 confiteri
3169 1859 3435 1940 peccata

337 1967 420 2046 ta,
449 1968 554 2031 vel
592 1969 898 2031 retinent.

418 2075 764 2148 Quomodo
795 2065 1165 2139 sacerdotes
1192 2074 1400 2156 ligant
1425 2074 1532 2140 vel
1561 2075 1830 2140 solvunt

338 2203 374 2250 a
413 2187 718 2269 peccatis.

419 2294 766 2369 Quomodo
839 2294 1340 2377 intelligendum
1413 2295 1504 2359 sit
1572 2295 1740 2359 illud
1805 2315 1822 2358 ε

336 2402 806 2484 Quodcumque
843 2402 1120 2466 solveris
1156 2419 1355 2484 super
1393 2403 1658 2484 terram,
1699 2404 1823 2468 etc.

418 2510 577 2584 Quae
628 2512 788 2574 sunt
829 2508 1174 2574 interiores
1217 2508 1504 2576 tenebrae
1552 2511 1618 2575 et
1663 2511 1830 2575 inte-

337 2618 462 2681 rior
503 2617 786 2682 macula.

416 2725 792 2788 Drs'rmcno
855 2724 1044 2788 XIX.
1103 2723 1378 2799 Quando
1438 2725 1544 2790 hae
1612 2725 1828 2791 claves

335 2831 584 2913 dantur,
635 2834 701 2896 et
755 2831 1022 2914 quibus.
1127 2863 1136 2870 ·

416 2939 656 3003 Utrum
683 2957 804 3021 per
831 2940 1138 3021 indignos
1167 2939 1664 3004 transfundatur
1683 2958 1830 3024 gra-

337 3046 422 3109 tia
461 3047 706 3128 dignis.

415 3155 764 3228 Quomodo
821 3154 1324 3236 intelligendum
1369 3156 1458 3219 sit
1497 3174 1514 3218 z
1553 3156 1830 3221 Maledi-

337 3279 468 3325 cam
513 3260 1086 3327 benedictionibus
1129 3264 1388 3328 vestris.

417 3368 646 3443 Qualis
669 3386 816 3434 aese
837 3368 1071 3433 debeat
1090 3368 1298 3450 jndex
1320 3370 1822 3435 ecclesiasticus.

415 3478 792 3542 Drsnncno
829 3477 986 3541 XX.
1010 3478 1111 3541 ΒΘ
1139 3477 1246 3541 his
1271 3478 1388 3559 qui
1419 3478 1489 3541 in
1524 3478 1654 3543 fine
1682 3497 1826 3560 poe-

332 3584 555 3648 nitent.

413 3691 510 3756 De
566 3692 674 3756 his
737 3692 856 3774 qui
926 3692 1378 3773 poenitentiam
1453 3709 1586 3756 non
1649 3710 1828 3757 com-

329 3797 524 3879 plent.

411 3907 510 3969 ΒΘ
547 3904 666 3969 illo
704 3904 814 3969 cni
847 3904 1154 3970 sacerdos
1189 3905 1584 3970 indiscretus
1607 3904 1828 3988 inJun-

330 4012 423 4094 git
463 4012 922 4095 poenitentiam
968 4030 1263 4095 parvam.

411 4120 605 4194 Quod
645 4118 1084 4185 morientibus
1117 4136 1250 4184 non
1292 4120 1392 4185 est
1427 4120 1828 4203 imponenda

331 4228 710 4310 satisfactio,
759 4227 878 4292 sed
923 4226 1412 4292 innotescenda.

415 4335 608 4410 Quod
645 4352 784 4399 non
819 4337 921 4400 est
965 4335 1351 4417 poenitentia
1385 4337 1682 4418 neganda
1717 4336 1822 4401 vel

329 4442 794 4523 reconciliatio,
843 4444 914 4506 in
958 4443 1370 4508 necessitate.

411 4550 604 4624 Quod
666 4548 1011 4630 presbyter
1062 4566 1196 4614 non
1256 4551 1634 4616 reconciliet
1695 4554 1822 4616 ali-

330 4674 546 4738 quem,
593 4656 970 4721 inconsulto
1021 4658 1328 4740 episcopo
1335 4706 1353 4739 ,
1389 4658 1536 4723 'nisi
1591 4660 1663 4723 in
1711 4678 1824 4727 ne-

331 4764 646 4828 cessitate.

413 4870 516 4935 An
553 4870 801 4937 oblatio
839 4871 987 4954 ejus
1012 4872 1104 4937 sit
1129 4873 1504 4956 recipienda
1537 4874 1656 4956 qni
1678 4893 1824 4940 cur-

325 4994 472 5044 rens
507 4979 591 5043 ad
633 4978 1114 5061 poenitentiam,
1150 4982 1552 5063 praevenitur
1583 4984 1818 5049 morte.

409 5086 783 5151 D1srmcrro
820 5086 1008 5149 XXI.
1041 5087 1142 5153 De
1177 5090 1462 5171 peccatis
1490 5107 1640 5171 quae
1671 5092 1824 5172 post

327 5193 488 5259 hanc
523 5196 733 5258 vitam
781 5194 1230 5261 dimittuntur.

409 5300 508 5365 De
535 5302 644 5367 his
669 5302 788 5385 qui
817 5300 1144 5368 aedificant
1165 5320 1424 5387 aurum,
1447 5307 1816 5388 argentum,

1855 4229 1906 4292 D

1935 1986 2082 2050 quae
2128 1987 2263 2033 non
2312 1969 2487 2034 fecit.

2023 2077 2122 2141 ΒΘ
2159 2094 2354 2159 poena
2389 2075 2746 2142 sacerdotis
2782 2075 2897 2157 qui
2933 2075 3199 2158 peccata
3232 2073 3434 2142 confi-

1934 2185 2134 2249 tentis
2179 2183 2493 2267 publicat.
3400 2241 3410 2250 .

2023 2291 2399 2356 Drs‘rmc'no
2444 2291 2665 2356 XXII.
2716 2291 2789 2356 Si
2842 2292 3109 2373 peccata
3159 2291 3436 2356 dimissa

1933 2399 2223 2464 redeant.

2025 2507 2203 2581 Quid
2247 2508 2337 2572 sit
2380 2507 2863 2572 sacramentum
2910 2507 2978 2571 et
3012 2523 3138 2572 res.

2024 2616 2401 2680 Drsrmcmo
2437 2615 2692 2679 XXIII.
2726 2616 2825 2679 De
2862 2615 3268 2679 sacramento
3297 2614 3437 2679 Un-

1935 2722 2176 2788 ctionis
2219 2723 2575 2788 Extremae.

2023 2830 2122 2896 De
2170 2829 2383 2894 tribus
2427 2828 2777 2913 generibus
2820 2829 3175 2894 unctionis.

2024 2938 2084 3002 A
2119 2938 2365 3020 quibus
2407 2937 2607 3002 fuerit
2649 2937 2776 3002 hoc
2810 2938 3293 3002 sacramentum
3333 2937 3435 3000 in-

1857 3047 1901 3112 C
1936 3047 2268 3111 stitutum.

2025 3155 2126 3219 ΒΘ
2169 3155 2513 3219 iteratione
2557 3154 2761 3236 hujus
2804 3152 3218 3219 sacramenti.

2023 3261 2399 3326 D1s‘rmcr10
2436 3261 2686 3325 XXIV.
2714 3262 2815 3325 De
2842 3259 3200 3326 Ordinibus
3228 3258 3435 3325 eccle-

1936 3368 2245 3451 siasticis,
2295 3371 2361 3433 et
2405 3370 2568 3451 quot
2611 3368 2767 3433 sint.

2023 3477 2239 3552 Quare
2284 3478 2440 3542 sunt
2483 3478 2760 3560 septem.

2023 3584 2268 3659 Quales
2313 3584 2693 3649 assumendi
2738 3584 2872 3649 sint
2914 3585 2999 3649 ad
3044 3584 3315 3648 clerum.

2023 3694 2122 3758 ΒΘ
2170 3710 2413 3757 corona
2457 3694 2523 3757 et
2565 3693 2858 3757 tonsura.

2023 3801 2124 3864 De
2170 3800 2481 3865 ostiariis,

2022 3909 2122 3973 De
2168 3906 2543 3973 lectoribus.

2023 4015 2122 4079 ΒΘ
2170 4014 2536 4079 exorcistis

2022 4123 2122 4187 ΒΘ
2169 4121 2518 4204 acolythis.

2021 4229 2120 4294 ΒΘ
2166 4228 2608 4294 subdiaconis.

2021 4338 2122 4403 De
2171 4337 2487 4402 diaconis.

2020 4447 2120 4509 De
2164 4444 2586 4527 presbyteris.
2658 4450 2665 4459 ’

2020 4554 2153 4628 Qui
2198 4553 2507 4618 dicuntur
2552 4551 2833 4617 Ordines
2877 4552 3069 4616 sacri.

2019 4660 2198 4735 Quid
2242 4660 2608 4742 appelletur
2650 4658 2851 4724 Ordo.

2019 4767 2120 4833 De
2166 4768 2547 4833 nominibus
2591 4766 2933 4849 dignitatis
2978 4768 3046 4833 et
3092 4764 3311 4831 officii.

2019 4875 2120 4939 ΒΘ
2166 4875 2499 4958 episcopo.

2019 4984 2120 5047 ΒΘ
2164 4984 2497 5066 pontifice.

2017 5091 2116 5155 ΒΘ
2154 5090 2629 5175 quadripartito
2667 5089 3127 5173 episcoporum
3157 5088 3423 5155 Ordine.

2017 5200 2116 5263 De
2162 5199 2334 5263 vate.

2015 5306 2116 5372 De
2162 5306 2445 5372 cantore.
