4267 6250
94 3743 137 3786 lv
148 3745 317 3801 Reqm,

78 3809 208 3856 ita-1.

84 4039 317 4097 liu-cha,

76 4105 133 4154 20,
151 4107 213 4149 to.

1548 515 2248 564 (1⁰18leOE

336 685 499 753 tuta,
530 679 773 743 debent
815 680 1215 746 innotescere
1256 684 1519 767 proprio
1558 685 1845 749 sacerdo-
1872 686 1925 749 A
1952 706 2170 750 arcere
2229 687 2580 769 potentiam
2635 688 3070 762 inimicorum,
3127 688 3450 751 Virtutum

336 776 410 851 ti,
455 784 519 840 et
562 797 680 859 per
724 780 1256 861 approbationem
1308 780 1481 843 illius
1530 782 1843 864 poenitcn-

336 874 497 937 tiam
554 896 763 957 agere.
815 878 1051 951 Tertio,
1098 879 1355 961 quando
1404 880 1586 962 plebs
1644 882 1847 944 multa

335 981 461 1047 est,
508 993 631 1037 nec
678 995 849 1037 unus
908 984 1117 1058 potest
1171 995 1395 1040 omnes
1446 978 1691 1053 audire,
1739 980 1843 1041 vel

334 1072 531 1135 etiam
560 1074 857 1137 sacerdos
884 1076 1187 1158 proprius
1212 1076 1291 1138 ad
1319 1076 1669 1139 audiendos
1696 1096 1845 1141 suos

336 1170 763 1252 parochianos
792 1171 1115 1256 impotens
1144 1181 1243 1237 est
1268 1192 1345 1235 ac
1374 1174 1607 1237 debilis
1640 1192 1656 1237 :
1688 1183 1843 1238 tune

336 1268 421 1331 ab
461 1269 771 1352 episcopo
806 1278 919 1333 aut
954 1271 1271 1353 superiori
1312 1280 1581 1354 possunt
1616 1274 1845 1335 consti-

336 1367 433 1429 tui
482 1367 685 1450 aliqui
738 1369 851 1451 qui
909 1369 1173 1431 audiant
1218 1378 1281 1432 et
1326 1369 1679 1443 absolvant,
1730 1372 1841 1453 qui

338 1482 469 1528 non
514 1472 821 1529 tenentur
868 1484 1197 1531 recurrere
1239 1475 1393 1531 tunc
1440 1470 1515 1531 ad
1558 1470 1845 1532 sacerdo-

340 1570 471 1626 tem
512 1564 627 1645 qui
676 1571 777 1627 est
817 1566 1135 1647 proprius.
1176 1566 1306 1629 Neo
1348 1576 1561 1629 tamen
1610 1568 1704 1629 illi
1748 1568 1843 1630 sic

340 1662 697 1735 constituti,
720 1671 873 1725 sunt
902 1663 1169 1746 praelati,
1202 1664 1313 1725 sed
1343 1666 1557 1747 potius
1588 1665 1843 1745 coadju-

337 1768 509 1823 tores
564 1762 975 1842 propriorum
1024 1762 1451 1845 praelatorum.
1501 1765 1707 1845 Atque
1756 1764 1845 1825 id-

1954 803 2107 847 vero
2135 786 2432 848 resistere
2463 787 2753 850 hostibus
2787 806 2902 870 per
2935 787 3266 859 miracula,
3297 794 3454 869 puta

1954 884 2330 947 excaecando
2385 885 2550 959 illos,
2597 886 3138 967 Archangelorum
3195 902 3452 968 quoque

1954 982 2240 1045 revelare
2285 982 2567 1047 hostium
2617 985 3156 1063 machinationes3
3197 984 3342 1046 ideo
3381 982 3451 1044 hi

1953 1085 2083 1141 tres
2120 1080 2294 1143 circa
2330 1099 2479 1143 eum
2511 1081 2792 1144 suerunt.
2826 1082 3192 1145 Secundum
3221 1082 3454 1163 Diony-

1954 1177 2125 1238 sium
2183 1196 2459 1261 namque
2507 1178 2670 1241 nulli
2715 1180 2844 1242 duo
2897 1179 3108 1261 angeli
3164 1180 3232 1241 in
3289 1178 3454 1241 coelo

1952 1283 2105 1337 sunt
2131 1276 2426 1356 ejusdem
2451 1276 2810 1340 altitudinis
2843 1296 2858 1339 ε
2894 1278 3038 1340 ideo
3067 1297 3234 1339 unus
3261 1294 3452 1358 ange-

1956 1372 2057 1435 lus
2100 1392 2228 1437 non
2276 1382 2484 1457 potest
2521 1375 2758 1438 habere
2797 1376 2958 1439 duos
2995 1394 3178 1459 aeque
3214 1374 3450 1457 prinei-

1954 1471 2131 1553 pales
2189 1491 2384 1555 supra
2429 1492 2521 1546 se,
2571 1475 2894 1557 quomodo
2937 1474 3274 1537 hominum
3321 1490 3450 1535 non

1956 1578 2224 1652 possunt
2250 1572 2378 1635 duo
2415 1590 2556 1635 esse
2597 1573 2838 1657 proprii
2876 1573 3234 1636 sacerdotes
3269 1589 3452 1654 aeque

1954 1668 2218 1750 praelati.
2258 1670 2526 1743 Quidam
2571 1680 2786 1734 tamen
2825 1672 3138 1746 doctoncS,
3173 1688 3300 1733 non
3343 1689 3452 1732 au·

1954 1766 2244 1829 ctoritate
2289 1766 2504 1849 aliqua
2551 1767 2720 1841 sulti,
2769 1769 2993 1831 dicunt
3039 1768 3209 1851 quod
3263 1766 3452 1830 multi

338 1877 435 1934 eo,
466 1858 525 1921 si
556 1861 801 1941 proprii
833 1861 1076 1943 praelati
1107 1861 1570 1925 rationabiliter
1598 1862 1842 1945 aliquid
1876 1864 1925 1928 Β
1952 1873 2103 1926 sunt
2141 1866 2417 1947 aequales
2455 1866 2522 1929 in
2561 1884 2863 1949 suprema
2896 1874 2962 1929 et
2999 1866 3215 1929 media
3245 1885 3322 1929 ac
3358 1866 3454 1929 in·

337 1958 473 2019 suis
518 1958 899 2040 praecipiant
934 1960 1362 2041 parochiani3‚
1396 1960 1489 2022 illi
1531 1961 1839 2023 contradi-

340 2074 487 2118 cere
516 2073 645 2119 non
686 2065 973 2139 possunt.
1008 2058 1187 2119 Sicut
1212 2060 1389 2121 enim
1417 2059 1611 2122 homo
1642 2078 1843 2122 unum

336 2162 585 2217 tantum
616 2154 806 2218 habet
834 2155 1181 2219 daemonem
1208 2158 1535 2239 proprium
1562 2158 1641 2219 ad
1671 2176 1845 2221 exer-

340 2254 567 2315 citium
608 2253 737 2315 sibi
774 2255 1019 2329 datum,
1048 2255 1159 2317 alii
1193 2273 1347 2319 vero
1385 2256 1705 2319 daemones
1743 2275 1845 2321 co-

340 2351 665 2432 adjutores
694 2360 847 2415 sunt
874 2352 1087 2433 illius3
1117 2362 1182 2416 et
1208 2354 1375 2416 sicut
1406 2354 1613 2417 cuivis
1642 2355 1843 2419 homi-

340 2468 495 2511 num
530 2469 699 2512 unus
728 2458 978 2513 tantum
1014 2452 1311 2534 proprius
1340 2452 1603 2534 angelus
1636 2452 1841 2516 bonus

341 2556 437 2610 est
482 2548 843 2628 assignatus
890 2549 957 2611 in
1005 2551 1357 2624 custodem,
1406 2550 1638 2633 reliqui
1689 2570 1842 2615 vero

340 2645 544 2708 sancti
596 2646 807 2727 angeli
858 2646 1207 2709 adveniunt
1246 2656 1357 2710 aut
1398 2656 1699 2731 tanquam
1743 2667 1844 2712 co·

340 2744 688 2824 adjutores,
728 2752 841 2806 aut
884 2752 1185 2828 tanquam
1234 2746 1475 2828 praelati
1522 2747 1695 2809 illius
1737 2767 1843 2809 au-

340 2842 467 2923 geli
494 2842 609 2925 qui
646 2850 745 2905 est
774 2850 987 2906 eustos
1026 2845 1325 2926 proprius
1358 2862 1373 2906 :
1408 2845 1495 2907 ita
1531 2846 1597 2907 in
1628 2846 1843 2909 Eccle-

340 2942 434 3003 sia
464 2940 801 3015 militante,
825 2960 967 3023 quae
995 2943 1499 3025 triumphantem
1530 2943 1837 3019 imitatur,

1954 1962 2110 2025 lima
2151 1963 2533 2038 hierarchia,
2566 1964 2698 2028 imo
2735 1964 2896 2028 etin
2935 1982 3064 2027 uno
3101 1964 3298 2027 choro
3331 1983 3450 2027 seu

1952 2061 2195 2124 ordine.

2032 2160 2319 2242 Insuper,
2353 2162 2408 2223 si
2445 2161 2592 2243 quis
2635 2163 2716 2225 de
2759 2161 3016 2225 licentia
3063 2161 3308 2244 proprii
3353 2180 3452 2225 sa·

1952 2258 2228 2321 cerdotis
2257 2258 2643 2322 confiteatur
2675 2259 2882 2333 alteri,
2913 2278 3042 2323 non
3069 2268 3326 2323 tenetur
3351 2278 3454 2323 eo·

1952 2357 2097 2418 dem
2132 2374 2302 2419 anno
2329 2358 2638 2421 sacerdoti
2685 2359 2942 2440 proprio
2975 2358 3292 2433 confiteri,
3325 2358 3452 2421 nisi

1952 2456 2314 2536 periculum
2365 2455 2764 2518 infirmitatis
2821 2464 2932 2518 aut
2977 2455 3152 2519 aliud
3209 2474 3452 2520 novum

1949 2562 2260 2616 occurrat.
2305 2555 2368 2617 Si
2413 2562 2628 2616 autem
2677 2554 3060 2618 confiteatur
3103 2555 3296 2617 alicui
3347 2573 3450 2619 co-

1950 2652 2224 2732 adjutori
2275 2652 2519 2736 proprii
2571 2653 2938 2727 sacerdotiS,
2987 2653 3276 2717 ordinato
3323 2653 3450 2736 ipsi

1950 2751 2261 2813 sacerdoti
2305 2770 2342 2813 a
2389 2750 2727 2833 superiori,
2759 2759 2914 2833 puta
2961 2752 3286 2834 episcopo,
3320 2768 3450 2816 non

1951 2849 2029 2910 de
2080 2848 2340 2911 licentia
2383 2850 2629 2931 proprii
2679 2849 3048 2923 sacerdotis,
3089 2848 3234 2913 dico
3277 2850 3449 2933 quod

1950 2946 2158 3009 adhuc
2198 2955 2452 3010 tenetur
2493 2948 2754 3030 proprio
2789 2948 3140 3027 sacerdoti3
3179 2966 3300 3011 nec
3340 2948 3450 3012 ille

342 3058 507 3101 unus
536 3047 638 3101 est
664 3039 837 3102 solus
868 3039 1196 3102 hominum
1227 3042 1515 3103 sacerdos
1545 3043 1841 3126 proprius
1877 3044 1922 3107 C
1951 3044 2207 3126 adjutor
2233 3044 2423 3109 debet
2451 3046 2784 3129 imponere
2823 3046 3291 3130 poenitentiam,
3321 3046 3451 3109 nisi

338 3139 474 3202 sive
504 3139 825 3221 praelatuS,
845 3157 963 3201 nec
994 3147 1262 3222 possunt
1288 3159 1427 3202 esse
1458 3141 1673 3222 plures
1704 3160 1843 3224 pro-

340 3237 466 3318 prii
509 3245 813 3320 tanquam
856 3237 1137 3320 praelati3
1178 3239 1289 3301 sed
1332 3239 1447 3321 qui
1495 3239 1583 3301 ita
1624 3241 1690 3302 in
1731 3241 1838 3302 ad-

336 3334 649 3415 jutorium
698 3335 1197 3410 constituuntur,
1248 3343 1495 3399 tantum
1542 3345 1694 3401 sunt
1738 3356 1839 3401 co-

340 3434 664 3515 adjutores
729 3434 905 3496 illius
972 3435 1087 3516 qui
1154 3442 1251 3498 est
1316 3436 1633 3519 proprius,
1701 3437 1837 3500 sive

342 3531 661 3614 praelatus.

290 3688 301 3696 .
422 3630 499 3692 Et
526 3630 585 3693 si
622 3637 845 3693 contra
884 3630 1375 3694 similitudinem
1412 3632 1836 3695 introductam

344 3727 707 3810 objiciatur,
724 3728 895 3810 quod
926 3727 995 3790 in
1022 3729 1293 3792 circuitu
1324 3729 1516 3791 Elisei
1544 3731 1840 3813 apparuit

346 3846 527 3892 mons
572 3826 805 3909 plenus
842 3843 1155 3908 equorum
1194 3835 1259 3890 et
1287 3845 1592 3891 curruum
1631 3828 1841 3911 igneo-

344 3945 485 3989 rum
518 3926 603 3988 ad
640 3923 816 3987 illius
854 3925 1238 4005 custodiam3
1270 3933 1333 3988 et
1368 3928 1448 3988 ad
1486 3927 1838 3990 custodiam

344 4023 682 4088 Machabaei
714 4023 1001 4106 quinque
1029 4032 1461 4106 apparuerunt
1483 4025 1605 4086 viri
1630 4045 1645 4088 :
1670 4025 1837 4087 unde

344 4124 597 4186 videtur
634 4121 853 4204 plures
890 4141 1031 4185 esse
1070 4123 1359 4205 proprios
1398 4121 1689 4186 custodes
1726 4124 1837 4187 ho-

1952 3144 2295 3207 iudicando
2335 3145 2628 3209 confesso
2666 3146 2836 3227 quod
2875 3166 3070 3228 quam
3107 3147 3298 3209 citius
3341 3165 3451 3229 po-

1951 3243 2117 3316 terit,
2170 3263 2238 3305 se
2287 3245 2547 3326 proprio
2595 3244 2894 3307 exhibeat
2939 3245 3274 3318 sacerdoti,
3323 3245 3450 3308 nisi

1954 3340 2017 3402 iu
2076 3340 2332 3403 casibus
2387 3341 2676 3423 quinque
2733 3343 3041 3424 exceptiS,
3095 3342 3162 3404 in
3211 3343 3452 3425 quibus

1952 3437 2246 3500 subditus
2285 3439 2476 3500 debet
2515 3438 2838 3501 licentiam
2876 3446 3094 3522 petere
3122 3459 3161 3501 a
3190 3440 3450 3523 proprio

1950 3536 2274 3599 sacerdote
2315 3535 2666 3599 confitendi
2702 3537 2904 3599 alteri.
2940 3537 3188 3600 Primus
3225 3545 3344 3610 est,
3379 3545 3452 3599 ut

1950 3635 2175 3696 dicunt
2199 3633 2578 3716 jurisperiti,
2611 3635 2664 3696 si
2699 3635 2994 3698 sacerdos
3025 3635 3110 3697 sit
3136 3634 3448 3698 deficiens

1952 3733 2240 3806 scientia,
2259 3740 2366 3795 aut
2397 3733 2642 3795 malitia
2667 3733 3068 3815 depravatus.
3093 3734 3446 3808 SecunduS,

1952 3830 2006 3893 si
2047 3838 2269 3912 peccet
2310 3829 2374 3892 in
2418 3831 2719 3912 parochia
2757 3831 3020 3893 alterius
3053 3832 3254 3913 :quia
3292 3838 3446 3894 tunc

1952 3929 2192 3993 ratione
2222 3929 2460 4005 delicti,
2483 3930 2578 3992 efl'
2581 3930 2769 3993 icitur
2796 3931 2874 3993 de
2903 3930 3042 3993 foro
3073 3930 3266 3993 illius.
3299 3931 3446 3995 Ter-

1951 4029 2099 4102 tiuS,
2133 4027 2186 4089 si
2233 4028 2299 4090 in
2342 4028 2643 4109 parochia
2681 4027 2944 4091 alterius
2993 4037 3440 4092 commoretur.

1949 4127 2240 4201 Quartus,
2272 4127 2325 4188 si
2361 4135 2622 4207 vagetur
2651 4145 2765 4208 per
2795 4127 3052 4207 longum
3085 4127 3220 4189 iter.
3255 4127 3446 4201 Quin·

342 4223 536 4285 minis
567 4219 827 4302 angelos
860 4219 1079 4283 bonos.
1115 4220 1491 4297 Dicendum,
1524 4223 1695 4304 quod
1726 4242 1836 4285 an·
1867 4223 1915 4285 D
1948 4232 2071 4299 tuS,
2107 4225 2170 4287 in
2203 4224 2470 4287 articulo
2509 4225 2904 4287 necessitatis
2935 4242 2950 4288 ε
2985 4233 3049 4288 et
3089 4225 3154 4287 in
3193 4225 3314 4288 hoc
3351 4225 3448 4288 ul-

338 4320 461 4402 geli
493 4318 610 4401 qui
640 4318 811 4381 circa
850 4316 1131 4381 Eliseum
1172 4327 1626 4401 apparuerunt,
1660 4328 1839 4384 erant

340 4419 741 4500 coadjutores
778 4415 987 4498 angeli
1032 4415 1182 4479 boni
1224 4416 1541 4496 custodis3
1581 4419 1693 4500 qui
1732 4439 1838 4484 ve-

338 4535 407 4582 ro
436 4519 613 4579 circa
639 4514 1069 4580 Machabaeum
1106 4523 1561 4597 apparuerunt,
1594 4517 1838 4598 praelati

338 4623 535 4682 erant.
552 4615 945 4679 Machabaeus
971 4614 1335 4696 enim,quia
1364 4613 1705 4695 singularis
1732 4617 1839 4680 ho-

338 4735 443 4780 mo
471 4721 633 4789 erat,
668 4714 999 4797 proprium
1036 4713 1263 4776 habuit
1290 4714 1589 4794 angelum
1630 4723 1839 4779 custo-

336 4814 521 4894 dem3
558 4813 710 4894 quia
747 4829 901 4874 vero
935 4818 1072 4874 erat
1108 4819 1173 4873 et
1211 4811 1509 4894 princeps
1552 4812 1839 4879 Hebraeo-

336 4931 503 4986 rum,
540 4911 684 4973 ideo
730 4909 913 4972 illum
963 4909 1261 4990 angelum
1309 4927 1565 4993 quoque
1612 4931 1836 4976 secum

336 5009 565 5073 hahuit
592 5009 705 5091 qui
736 5015 873 5070 erat
902 5009 1201 5090 princeps
1241 5008 1414 5072 illius
1452 5010 1684 5090 gentiS,
1716 5012 1837 5074 sic-

336 5127 461 5191 que
499 5109 631 5170 duo
670 5106 767 5169 illi
805 5107 1015 5188 angeli
1044 5107 1351 5171 tenebant
1378 5127 1529 5172 eum
1564 5109 1837 5174 circum-

333 5214 612 5289 septum.
670 5205 801 5268 Alii
858 5223 1011 5269 vero
1065 5213 1195 5269 tres
1256 5206 1337 5270 de
1394 5208 1835 5289 superioribus

335 5305 547 5368 choris
595 5310 795 5368 erant.
845 5303 1003 5368 Nam
1061 5305 1213 5388 quia
1258 5305 1643 5368 Potestatum
1701 5314 1836 5370 erat

583 5437 651 5490 T.
687 5437 769 5490 24.

1946 4324 2105 4387 timo
2169 4343 2320 4386 casu
2382 4323 2732 4407 unicuique
2795 4324 2934 4387 sive
2993 4325 3254 4388 habenti
3313 4325 3445 4388 alas

1947 4424 2167 4505 ligatas
2209 4424 2344 4486 sive
2389 4422 2651 4497 solutaS,
2689 4422 2825 4487 sive
2869 4423 3123 4499 clerico,
3157 4425 3292 4489 sive
3333 4424 3445 4488 lai·

1946 4540 2042 4595 cc,
2079 4521 2520 4585 confitendum
2561 4528 2678 4596 est,
2713 4521 3060 4586 dummodo
3095 4522 3178 4584 sit
3205 4522 3438 4586 fidelis.

1943 4621 2242 4703 Proprius
2285 4628 2500 4683 autem
2541 4622 2834 4684 sacerdos
2873 4639 3002 4685 non
3045 4627 3254 4704 potest
3292 4622 3442 4685 dare

1946 4719 2271 4781 licentiam
2315 4719 2510 4781 eundi
2553 4719 2630 4782 ad
2672 4719 2894 4794 alium,
2937 4738 3127 4802 quam
3169 4718 3250 4781 ad
3291 4739 3442 4782 eum

1946 4816 2057 4899 qui
2102 4815 2294 4878 habet
2335 4823 2710 4900 potestatem
2753 4816 3055 4879 audiendi
3097 4815 3442 4881 confessio-

1946 4933 2097 4977 nem
2138 4933 2175 4975 a
2219 4913 2534 4996 superiori
2576 4914 2900 4997 episcopo,
2933 4913 3036 4978 vel
3081 4915 3307 4996 legato,
3339 4915 3443 4978 vel

1946 5014 2127 5094 Papa.
2181 5012 2259 5074 Et
2305 5030 2495 5075 causa
2542 5012 2738 5094 hujus
2786 5020 2902 5087 est,
2953 5011 3106 5095 quia
3151 5014 3444 5095 quamvis

1946 5111 2238 5174 sacerdos
2286 5110 2488 5192 possit
2527 5110 2858 5174 subditum
2901 5111 3183 5174 relaxare
3222 5118 3292 5173 ut
3331 5112 3442 5175 alii

1949 5208 2350 5284 confiteatur,
2382 5225 2510 5272 non
2547 5217 2762 5272 tamen
2809 5216 3020 5293 potest
3054 5209 3444 5292 jurisdictio-

1948 5325 2095 5370 nem
2136 5305 2480 5370 transferre
2525 5307 2592 5370 in
2629 5325 2776 5370 eum
2814 5307 2923 5390 qui
2965 5306 3097 5372 alas
3137 5306 3330 5373 habet
3369 5308 3442 5372 li-

3127 5441 3186 5494 31
