4267 6250
107 2461 298 2516 &pilic-

383 499 472 545 AN
509 500 718 548 FORHA
759 499 1270 551 consmanloms
1307 503 1468 550 vmut
1507 503 1790 552 PoNATtm
1829 501 1966 549 uc
2005 501 2153 549 Essa
2194 501 2209 547 :
2250 499 2369 548 HOC
2410 501 2520 550 EST
2560 501 2711 549 nnn!
2749 500 2975 550 GORPUS
3015 501 3188 550 nm!
3274 484 3390 550 221

307 668 453 732 tioni
489 671 814 753 proprius,
845 679 912 734 et
945 672 1244 736 similiter
1283 671 1503 738 formae
1541 673 1792 756 sangui·
1819 674 1872 739 A
1901 671 2321 754 prolationem
2363 671 2983 736 transsubstantiatio
3030 671 3197 737 facta
3238 679 3336 736 est
3376 691 3393 738 ε

305 767 416 841 nis,
445 786 576 831 non
613 776 830 834 tamen
867 790 905 833 a
946 772 1188 835 ratione
1228 780 1326 836 est
1363 772 1628 836 alienus.
1663 773 1790 836 Nec

303 866 586 928 videatur
639 867 1100 933 inconveniens
1155 871 1392 946 dicere,
1442 872 1613 953 quod
1670 871 1790 933 hoc

305 963 586 1038 verbum,
635 973 755 1040 est,
808 985 936 1030 non
997 966 1392 1032 identitatem
1453 969 1630 1042 dicit,
1679 967 1790 1030 sed

307 1063 494 1144 magis
525 1065 1014 1128 conversionem
1055 1066 1120 1129 in
1159 1067 1276 1130 hac
1311 1068 1618 1141 oratione,
1650 1086 1792 1148 quae

305 1179 420 1224 non
467 1168 720 1224 tantum
779 1163 1205 1245 significativa
1261 1173 1377 1240 est,
1429 1167 1539 1228 sed
1597 1165 1791 1228 etiam

307 1260 636 1341 operativa.
683 1261 880 1342 Magis
925 1270 1140 1326 tamen
1188 1262 1410 1326 debuit
1459 1263 1610 1346 poni
1653 1281 1791 1326 ver-

307 1357 448 1420 bum
505 1358 764 1422 essendi
811 1379 1004 1442 quam
1066 1361 1366 1443 operandi
1421 1378 1435 1422 :
1489 1361 1789 1444 quoniam

309 1455 494 1536 magis
537 1457 948 1539 competebat
989 1458 1230 1534 formae,
1274 1467 1342 1521 ut
1385 1459 1578 1522 simul
1626 1465 1795 1522 esset

309 1553 588 1616 efficacia
641 1573 794 1617 cum
850 1556 1136 1620 veritatis
1196 1557 1652 1620 enuntiatione.
1713 1591 1794 1604 --

309 1651 436 1714 Haec
481 1653 948 1730 Bonaventura,
994 1655 1228 1737 quibus
1277 1655 1660 1719 concordare
1706 1655 1797 1717 vi·

310 1749 478 1811 detur
530 1749 854 1814 eubertus,
896 1753 1240 1816 Durandus
1298 1772 1450 1818 vero
1507 1753 1797 1836 sequitur

1899 769 2070 852 quod
2113 787 2306 833 nemo
2348 770 2660 834 concedit.

1986 867 2252 950 Insuper
2310 867 2534 932 Scotus
2584 885 2599 931 ε
2651 868 2837 932 Nulla
2884 867 3153 950 (inquit)
3202 868 3399 933 verba

1899 974 2051 1029 sunt
2094 966 2299 1030 forma
2347 966 2779 1042 Eucharistiae,
2830 985 2949 1030 nec
2997 966 3076 1030 de
3124 967 3399 1030 essentia

1900 1064 2063 1145 ejuS,
2097 1065 2209 1128 sed
2251 1065 2465 1146 aliqua
2505 1065 2703 1128 verba
2744 1073 2892 1128 sunt
2934 1064 3139 1129 forma
3180 1083 3398 1129 conse-

1901 1163 2201 1226 crationis
2230 1162 2656 1226 Eucharistiae.
2674 1164 2803 1227 Hoc
2830 1164 3025 1226 etiam
3053 1183 3402 1227 sacramen-

1901 1268 2038 1322 tum
2087 1278 2215 1322 non
2267 1260 2461 1323 habet
2505 1261 2720 1343 aliqua
2766 1260 2959 1324 verba
3006 1281 3123 1345 pro
3170 1263 3395 1338 forma,

1903 1359 2054 1441 quia
2100 1359 2195 1420 sic
2242 1376 2370 1422 non
2418 1368 2586 1422 esset
2631 1367 3101 1424 sacramentum
3151 1379 3399 1443 perma-

1903 1475 2084 1532 nenS,
2136 1474 2337 1537 quum
2387 1454 2583 1519 verba
2628 1473 2769 1519 esse
2816 1473 2943 1519 non
2992 1464 3229 1540 queant
3272 1458 3399 1521 nisi

1903 1554 1970 1616 in
2009 1554 2430 1617 successione.
2465 1554 2609 1636 Ipsa
2636 1561 2849 1616 tamen
2886 1555 3275 1618 consecratio
3304 1574 3399 1618 sa-

1903 1653 2212 1715 cramenti
2246 1652 2439 1733 hujus
2468 1652 2761 1715 consistit
2790 1651 2855 1714 in
2885 1650 3053 1727 fieri,
3076 1653 3401 1736 exigitque

1905 1759 2145 1814 certam
2174 1749 2445 1815 formam
2476 1750 2839 1814 verborum.
2866 1751 3103 1814 Verum
3134 1752 3242 1813 illa
3271 1769 3399 1815 non

311 1849 676 1928 positionem
723 1849 1002 1926 Thomna,
1034 1853 1452 1935 exprimendo
1493 1852 1648 1935 quid
1687 1853 1794 1915 de·
1821 1852 1869 1916 B
1907 1858 2004 1912 est
2031 1849 2240 1913 forma
2267 1849 2671 1923 sacramenti,
2704 1848 2816 1913 sed
2845 1848 3049 1912 forma
3078 1867 3403 1913 consecra-

313 1954 685 2010 monstrctur
727 1967 842 2031 per
885 1949 949 2032 ly
990 1949 1130 2013 hoc.

381 2045 648 2109 Thomas
687 2064 840 2110 vero
882 2049 962 2110 de
999 2051 1346 2131 Argentina
1387 2049 1570 2112 aliter
1607 2050 1798 2113 senti-

315 2163 432 2218 ens,
449 2145 708 2208 recitata
735 2145 802 2208 B.
821 2145 1070 2212 Thomae
1098 2148 1801 2231 responsione,subjun-

315 2243 400 2324 git
424 2260 440 2303 ε
465 2243 647 2306 Salva
677 2243 864 2307 istius
895 2246 1098 2309 sancti
1130 2246 1414 2310 Doctoris
1445 2247 1800 2310 reverentia

317 2360 384 2402 ae
419 2342 774 2418 sanctitate,
815 2360 946 2406 non
989 2345 1243 2408 videtur
1282 2345 1424 2427 ejus
1470 2345 1799 2428 responsio

323 2447 492 2502 stare.
516 2439 581 2503 Si
611 2441 788 2503 enim
816 2443 920 2524 (ut
949 2443 1086 2525 ipse
1115 2444 1230 2526 ait)
1258 2462 1632 2527 pronomen,
1653 2444 1796 2520 hoc,

319 2538 694 2602 demonstrat
731 2539 796 2602 id
830 2541 1002 2622 quod
1037 2549 1136 2604 est
1164 2560 1506 2606 commune
1543 2542 1798 2625 utrique

319 2637 574 2700 termino
621 2637 1368 2716 transsubstantiationiS,
1411 2647 1476 2702 et
1518 2640 1582 2702 id
1628 2641 1795 2723 quod

319 2752 640 2799 commune
683 2744 784 2800 est
825 2737 890 2798 in
935 2737 1662 2813 transsubstantiatione,
1702 2746 1800 2801 est

317 2833 652 2898 accidentia
678 2834 1013 2898 sensibilia
1042 2856 1182 2918 quae
1212 2844 1565 2913 remanent,
1589 2838 1798 2919 sequi—

321 2939 412 2992 tur
435 2934 601 3014 quod
631 2933 802 2996 istud
833 2952 1206 3016 pronomen,
1233 2936 1375 3011 hoc,
1408 2936 1800 3000 demonstret

1905 1948 2097 2012 tionis
2146 1948 2547 2023 sacramenti,
2600 1956 2664 2011 et
2710 1966 2826 2031 pro
2872 1956 3047 2012 tanto
3097 1948 3206 2012 illa
3260 1965 3401 2032 pos·

1903 2053 2054 2108 sunt
2108 2046 2239 2109 dici
2296 2045 2493 2110 verba
2550 2047 3053 2123 sacramentalia,
3112 2048 3263 2130 quia
3322 2046 3401 2109 ad

1904 2153 2375 2208 sacramentum
2436 2153 2586 2208 sunt
2646 2146 3033 2228 pertinentia
3096 2155 3399 2229 tanquam

1905 2243 2110 2308 forma
2158 2243 2652 2308 consecrationis
2701 2245 2927 2327 ipsius,
2978 2265 3119 2328 quae
3165 2252 3263 2308 est
3310 2245 3403 2308 in-

1907 2344 2117 2425 ceptio
2160 2342 2653 2406 sacramentalis.
2686 2343 2825 2407 Non
2866 2352 3081 2407 autem
3125 2351 3273 2407 sunt
3310 2362 3405 2405 sa·

1907 2441 2319 2504 eramentalia
2357 2441 2521 2504 sicut
2550 2440 2746 2504 verba
2774 2443 3103 2525 Baptismi‚
3139 2461 3278 2525 quae
3308 2461 3405 2504 sa-

1907 2539 2320 2603 cramentalia
2364 2539 2770 2623 appellantur
2812 2542 2963 2622 quia
3009 2548 3159 2604 sunt
3200 2541 3407 2604 forma

1907 2638 2235 2721 Baptismi‚
2268 2674 2352 2684 -
2391 2639 2456 2701 Si
2498 2647 2710 2702 autem
2758 2645 3097 2721 quaeratur,
3140 2657 3281 2720 quaa
3322 2639 3407 2700 sit

1907 2737 2107 2800 forma
2135 2738 2629 2802 consecrationis
2659 2737 3069 2802 Eucharistiae
3099 2746 3163 2800 et
3190 2756 3270 2800 an
3301 2738 3407 2800 ha·

1909 2835 2055 2899 beat
2085 2855 2277 2898 unam
2308 2836 2615 2916 formam3
2646 2836 3011 2912 dicendum,
3039 2837 3210 2919 quod
3240 2836 3407 2899 sicut

1901 2935 2307 2998 Eucharistia
2354 2943 2451 2998 est
2492 2942 2961 2998 sacramentum
3010 2954 3235 3010 unum,
3278 2953 3405 2999 non

319 3031 673 3106 accidentia,
723 3032 948 3115 sicque
991 3041 1121 3097 tota
1169 3033 1404 3098 locutio
1454 3043 1623 3098 esset
1669 3053 1797 3098 non
1834 3037 1878 3102 C
1911 3032 2152 3095 unitate
2212 3032 2763 3107 indivisibilitatis,
2828 3032 2936 3096 sed
3000 3033 3402 3115 integritatiS‚

321 3147 476 3205 vera,
507 3132 808 3213 quoniam
833 3134 1196 3207 ,accidentia
1229 3152 1356 3201 non
1389 3143 1539 3198 sunt
1567 3152 1798 3217 corpus

321 3228 556 3292 Christi.
589 3230 768 3306 ltem,
789 3238 1382 3315 quantumcumque
1411 3233 1646 3315 aliquis
1675 3239 1800 3295 ter-

323 3328 519 3390 minus
573 3329 656 3392 sit
702 3331 1066 3393 communis
1123 3339 1188 3394 et
1245 3331 1794 3407 indeterminatuS,

323 3433 516 3489 tamen
563 3429 818 3510 quando
876 3429 1288 3511 conjungitur
1334 3430 1394 3493 ei
1443 3448 1795 3513 pronomen

321 3524 894 3604 demonstrativum,
925 3527 1384 3592 determinatur
1421 3537 1485 3593 θῖ
1521 3529 1800 3611 singula-

323 3624 538 3687 rizatur
573 3626 636 3689 in
667 3632 940 3701 tantum,
971 3628 1142 3710 quod
1183 3628 1532 3711 propositio
1570 3628 1636 3691 in
1673 3646 1798 3710 qua

321 3723 645 3804 subjicitur
699 3744 828 3789 non
878 3734 978 3789 est
1021 3727 1400 3791 universalis
1455 3747 1574 3791 nec
1624 3728 1797 3790 inde-

327 3822 660 3897 terminata,
703 3824 818 3887 sed
867 3824 1226 3906 singularis.
1258 3860 1341 3872 —
1377 3826 1522 3889 Haec
1569 3826 1801 3906 Argen-

327 3920 596 3997 tinensis,
642 3923 756 4005 qui
815 3924 1107 4006 sequitur
1162 3924 1642 4007 responsionem
1701 3924 1801 3987 Ri-

325 4018 526 4081 chardi
564 4021 644 4083 de
684 4021 744 4084 S.
779 4021 1032 4085 Victore
1073 4022 1508 4105 praehabitam.

395 4117 731 4181 Richardus
772 4137 1030 4201 quoque
1065 4120 1146 4183 de
1183 4120 1540 4184 Mediavilla
1583 4126 1801 4183 contra

1909 3133 2058 3216 quia
2097 3134 2165 3195 in
2198 3152 2266 3195 se
2300 3133 2571 3196 includit
2599 3133 2726 3197 duo
2755 3134 3164 3216 particularia
3200 3134 3402 3216 signa,

1910 3251 2050 3313 quae
2087 3231 2297 3314 primo
2336 3231 2670 3313 designant
2702 3231 2829 3296 duo
2866 3233 3125 3316 propria
3161 3233 3407 3314 signata

1905 3349 1980 3392 ac
2027 3330 2320 3412 proxima
2357 3332 2529 3413 (quae
2577 3336 2728 3393 sunt
2772 3349 3003 3413 corpus
3044 3340 3107 3395 et
3148 3332 3407 3412 sanguis
3440 3326 3449 3333 ’

1909 3430 2191 3511 Christi),
2224 3438 2289 3493 et
2324 3430 2450 3493 duo
2494 3436 2734 3493 remota
2770 3431 2941 3513 (quae
2982 3438 3131 3494 sunt
3171 3430 3407 3494 cibatio

1907 3536 1971 3591 et
2000 3529 2242 3611 potatio
2274 3528 2696 3612 spirituales);
2720 3528 2815 3591 sic
2847 3547 3102 3612 quoque
3135 3536 3232 3592 θεῖ
3260 3547 3407 3592 con·

1907 3628 2177 3691 secratio
2224 3647 2351 3689 una
2404 3627 2644 3692 unitate
2703 3627 3103 3708 integr-itam,
3152 3635 3215 3690 et
3262 3628 3405 3691 duae

1907 3726 2225 3808 partiales
2268 3726 2447 3789 Sicut
2484 3725 2660 3789 enim
2706 3725 2921 3807 aliqua
2968 3744 3069 3789 res
3118 3732 3213 3789 θεῖ
3254 3743 3401 3800 una,

1907 3826 2001 3888 sic
2039 3833 2136 3888 est
2164 3843 2291 3887 una
2326 3823 2469 3905 ejus
2509 3823 2821 3905 inceptio;
2852 3831 2917 3885 et
2954 3824 3120 3885 sicut
3160 3822 3399 3905 plureS‚

1908 3924 2002 3986 sic
2041 3923 2257 4006 plures
2296 3930 2447 3985 sunt
2483 3922 2625 4003 ejus
2665 3922 3059 4004 inceptiones
3092 3938 3107 3983 ε
3139 3928 3205 3984 θῖ
3237 3921 3405 3984 sicut

1909 4021 2301 4085 consecratio
2331 4028 2427 4084 est
2456 4039 2602 4097 una,
2627 4021 2714 4083 ita
2742 4038 2869 4082 una
2895 4026 2993 4082 est
3022 4019 3226 4082 forma
3254 4037 3402 4082 con-

1909 4120 2316 4199 secrationis3
2367 4126 2431 4181 et
2477 4120 2644 4182 sicut
2690 4118 3196 4182 consecrationes
3254 4124 3403 4181 sunt

325 4217 685 4297 positionem
747 4218 926 4281 illam
971 4220 1031 4283 S.
1075 4220 1330 4283 Thomae
1379 4220 1472 4283 sic
1521 4220 1730 4301 arguit
1781 4227 1882 4290 :D
1912 4218 2152 4301 plure8‚
2209 4219 2295 4281 ita
2351 4225 2416 4280 et
2473 4218 2687 4300 plures
2744 4216 2967 4281 formae
3022 4236 3263 4280 earum.
3330 4216 3406 4279 Et

325 4314 499 4377 Nulla
539 4317 888 4401 propositio
934 4318 1274 4381 indefinita
1319 4327 1416 4382 est
1461 4337 1633 4393 vera,
1675 4320 1801 4383 nisi

328 4430 434 4495 pro
458 4414 664 4499 aliquo
693 4416 1112 4479 determinato
1139 4416 1524 4480 verificetur.
1541 4418 1606 4480 Si
1637 4438 1804 4482 nam·

327 4531 444 4593 que
479 4513 590 4577 ista
625 4524 722 4577 est
758 4534 930 4589 vera,
961 4515 1164 4580 Homo
1201 4516 1522 4600 praedicat,
1554 4525 1803 4600 oportet

329 4613 488 4693 quod
521 4614 594 4677 de
629 4614 849 4698 aliquo
885 4615 1146 4679 homine
1185 4616 1609 4679 determinato
1638 4617 1800 4679 veri-

326 4709 559 4774 ficetur.
610 4713 772 4795 Ergo
817 4714 872 4775 si
923 4713 1044 4775 ista
1090 4713 1600 4788 indeterminata,
1645 4713 1800 4777 Con-

329 4816 558 4873 tentum
593 4811 714 4875 sub
749 4812 870 4875 hac
909 4811 1126 4894 specie
1163 4819 1259 4875 θεῖ
1289 4830 1520 4894 corpus
1559 4831 1798 4890 meum,

327 4914 416 4968 est
443 4926 603 4984 vera,
631 4917 883 4993 oportet
919 4911 1093 4993 quod
1129 4910 1502 4974 verificetur
1540 4929 1654 4994 pro
1691 4913 1804 4975 ali-

327 5024 446 5087 quo
483 5006 891 5073 determinato
929 5017 1246 5074 contento.
1281 5010 1357 5072 Et
1397 5030 1610 5093 quaero
1646 5013 1801 5093 quid

328 5106 406 5166 sit
443 5105 612 5171 illud.
646 5109 710 5172 Si
749 5109 944 5184 dicas,
978 5110 1149 5191 quod
1190 5110 1394 5191 paniS,
1425 5110 1560 5191 ,iam
1599 5111 1801 5192 patuit

331 5204 443 5267 hoc
471 5205 590 5269 dici
625 5225 750 5272 non
791 5226 1014 5290 posse3
1055 5208 1110 5271 si
1141 5208 1338 5283 dicas,
1368 5209 1538 5291 quod
1570 5226 1801 5291 corpus

333 5302 570 5382 Christi,
586 5325 728 5390 ergo
755 5314 902 5371 ante
932 5307 1320 5390 completam
1347 5307 1803 5371 enuntiationis

1911 4318 2078 4381 sieut
2133 4336 2262 4379 una
2318 4325 2415 4379 est
2461 4316 2666 4380 forma
2724 4316 2988 4398 integra,
3041 4316 3127 4380 ita
3186 4316 3401 4399 plures

1910 4432 2023 4475 seu
2066 4412 2223 4474 duas
2267 4411 2333 4474 in
2378 4430 2447 4475 se
2484 4412 2764 4474 continet
2800 4410 3039 4475 formas
3080 4410 3401 4494 partialeS,

1911 4530 2183 4595 quarum
2222 4510 2548 4574 distinctio
2585 4517 2759 4594 patet
2794 4529 2872 4573 ex
2910 4511 3031 4574 hoc
3070 4511 3241 4592 quod
3280 4528 3406 4573 una

1911 4619 2008 4675 est
2051 4610 2287 4673 efficax
2334 4610 2473 4673 sine
2519 4610 2645 4673 alia
2696 4628 2710 4672 :
2762 4610 2999 4693 alioqui
3050 4609 3407 4673 idololatria

1911 4717 2077 4772 esset
2118 4710 2378 4773 adorare
2422 4727 2652 4791 corpus
2698 4716 2845 4772 ante
2887 4708 3216 4790 sanguinis
3258 4726 3405 4772 eon-

1912 4809 2352 4873 sectationem.

1990 4910 2216 4971 Forma
2262 4907 2520 4969 demum
2580 4903 3071 4969 consecrationis
3120 4906 3404 4988 corporis

1911 5013 2060 5070 sunt
2106 5013 2379 5087 quatuor
2423 5003 2617 5067 verba
2666 5004 2807 5077 ista,
2852 5003 2981 5066 Hoc
3028 5011 3126 5065 est
3172 5022 3405 5087 corpus

1913 5125 2149 5169 meum.
2196 5106 2273 5168 Et
2318 5104 2483 5177 dico,
2525 5103 2695 5186 quod
2735 5121 2959 5167 omnes
3009 5110 3220 5186 partes
3267 5121 3405 5166 ora-

1910 5205 2102 5267 tionis
2146 5204 2351 5277 istius,
2382 5209 2448 5264 et
2488 5200 2848 5283 significata
2888 5218 3133 5277 earum,
3176 5202 3405 5265 intelli-

1909 5305 2130 5388 gendae
2169 5323 2241 5368 ac
2280 5301 2627 5367 referendae
2665 5310 2814 5365 sunt
2850 5302 2929 5367 ad
2970 5302 3271 5367 ultimum
3306 5303 3401 5367 in·
