<?xml version="1.0" encoding="UTF-8"?>
<!DOCTYPE html PUBLIC "-//W3C//DTD XHTML 1.0 Transitional//EN"
    "http://www.w3.org/TR/xhtml1/DTD/xhtml1-transitional.dtd">
<html xmlns="http://www.w3.org/1999/xhtml" xml:lang="en" lang="en">
 <head>
  <title>
</title>
<meta http-equiv="Content-Type" content="text/html;charset=utf-8" />
  <meta name='ocr-system' content='tesseract 3.04.00' />
  <meta name='ocr-capabilities' content='ocr_page ocr_carea ocr_par ocr_line ocrx_word'/>
</head>
<body>
  <div class='ocr_page' id='page_1' title='image "./doctorisecstati04unkngoog_0624.png"; bbox 0 0 4267 6250; ppageno 0'>
   <div class='ocr_carea' id='block_1_1' title="bbox 477 3125 731 3180">
    <p class='ocr_par' dir='ltr' id='par_1_1' title="bbox 477 3125 731 3180">
     <span class='ocr_line' id='line_1_1' title="bbox 477 3125 731 3180; baseline 0 -10"><span class='ocrx_word' id='word_1_1' title='bbox 477 3125 652 3172; x_wconf 70' lang='lat' dir='ltr'><strong>March.</strong></span> <span class='ocrx_word' id='word_1_2' title='bbox 660 3140 731 3180; x_wconf 81' lang='lat' dir='ltr'><strong>vu,</strong></span> 
     </span>
    </p>
   </div>
   <div class='ocr_carea' id='block_1_2' title="bbox 768 464 892 535">
    <p class='ocr_par' dir='ltr' id='par_1_2' title="bbox 768 464 892 535">
     <span class='ocr_line' id='line_1_2' title="bbox 768 464 892 535; baseline 0 0"><span class='ocrx_word' id='word_1_3' title='bbox 768 464 892 535; x_wconf 75' lang='lat'><strong>582</strong></span> 
     </span>
    </p>
   </div>
   <div class='ocr_carea' id='block_1_3' title="bbox 1420 478 3232 543">
    <p class='ocr_par' dir='ltr' id='par_1_3' title="bbox 1420 478 3232 543">
     <span class='ocr_line' id='line_1_3' title="bbox 1420 478 3232 543; baseline -0.002 -17"><span class='ocrx_word' id='word_1_4' title='bbox 1420 480 1485 526; x_wconf 77' lang='lat' dir='ltr'><strong>m</strong></span> <span class='ocrx_word' id='word_1_5' title='bbox 1522 480 1745 527; x_wconf 65' lang='lat' dir='ltr'><strong>LIBRUM</strong></span> <span class='ocrx_word' id='word_1_6' title='bbox 1788 479 1849 526; x_wconf 77' lang='lat' dir='ltr'><strong>IV</strong></span> <span class='ocrx_word' id='word_1_7' title='bbox 1888 478 2370 526; x_wconf 67' lang='lat' dir='ltr'><strong>SENTENTIARUM.</strong></span> <span class='ocrx_word' id='word_1_8' title='bbox 2413 495 2495 507; x_wconf 89' lang='lat'><strong>—·</strong></span> <span class='ocrx_word' id='word_1_9' title='bbox 2535 478 2690 525; x_wconf 79' lang='lat' dir='ltr'><strong>ms&#39;r.</strong></span> <span class='ocrx_word' id='word_1_10' title='bbox 2730 478 2900 543; x_wconf 83' lang='lat' dir='ltr'>xxu3</span> <span class='ocrx_word' id='word_1_11' title='bbox 2944 478 3169 535; x_wconf 75' lang='lat' dir='ltr'><strong>QUAEST.</strong></span> <span class='ocrx_word' id='word_1_12' title='bbox 3209 478 3232 523; x_wconf 90' lang='lat'>1</span> 
     </span>
    </p>
   </div>
   <div class='ocr_carea' id='block_1_4' title="bbox 771 646 3876 737">
    <p class='ocr_par' dir='ltr' id='par_1_4' title="bbox 771 646 3876 737">
     <span class='ocr_line' id='line_1_4' title="bbox 771 646 3876 737; baseline -0.003 -21"><span class='ocrx_word' id='word_1_13' title='bbox 771 654 1015 737; x_wconf 88' lang='lat' dir='ltr'><strong>piosius</strong></span> <span class='ocrx_word' id='word_1_14' title='bbox 1053 658 1493 737; x_wconf 88' lang='lat' dir='ltr'><strong>susceperunt,</strong></span> <span class='ocrx_word' id='word_1_15' title='bbox 1526 651 1689 713; x_wconf 89' lang='lat' dir='ltr'><strong>hanc</strong></span> <span class='ocrx_word' id='word_1_16' title='bbox 1726 649 1869 712; x_wconf 87' lang='lat' dir='ltr'><strong>aliis</strong></span> <span class='ocrx_word' id='word_1_17' title='bbox 1908 650 2109 730; x_wconf 89' lang='lat' dir='ltr'><strong>magis</strong></span> <span class='ocrx_word' id='word_1_18' title='bbox 2148 649 2270 712; x_wconf 88' lang='lat' dir='ltr'><strong>lar·</strong></span> <span class='ocrx_word' id='word_1_19' title='bbox 2297 649 2349 712; x_wconf 89' lang='lat' dir='ltr'>A</span> <span class='ocrx_word' id='word_1_20' title='bbox 2379 655 2585 732; x_wconf 87' lang='lat' dir='ltr'><strong>potest</strong></span> <span class='ocrx_word' id='word_1_21' title='bbox 2628 648 2910 732; x_wconf 80' lang='lat' dir='ltr'><strong>praestari</strong></span> <span class='ocrx_word' id='word_1_22' title='bbox 2951 656 3357 732; x_wconf 87' lang='lat' dir='ltr'><strong>peccatorum</strong></span> <span class='ocrx_word' id='word_1_23' title='bbox 3401 647 3694 711; x_wconf 81' lang='lat' dir='ltr'>remissio</span> <span class='ocrx_word' id='word_1_24' title='bbox 3732 646 3876 711; x_wconf 90' lang='lat' dir='ltr'><strong>sine</strong></span> 
     </span>
    </p>
   </div>
   <div class='ocr_carea' id='block_1_5' title="bbox 762 748 2268 1814">
    <p class='ocr_par' dir='ltr' id='par_1_5' title="bbox 762 748 2268 1814">
     <span class='ocr_line' id='line_1_5' title="bbox 769 748 2268 833; baseline -0.003 -19"><span class='ocrx_word' id='word_1_25' title='bbox 769 751 971 833; x_wconf 89' lang='lat' dir='ltr'><strong>giflue</strong></span> <span class='ocrx_word' id='word_1_26' title='bbox 1018 750 1495 815; x_wconf 88' lang='lat' dir='ltr'><strong>communicant</strong></span> <span class='ocrx_word' id='word_1_27' title='bbox 1542 756 1606 811; x_wconf 89' lang='lat' dir='ltr'><strong>et</strong></span> <span class='ocrx_word' id='word_1_28' title='bbox 1650 748 2122 811; x_wconf 88' lang='lat' dir='ltr'><strong>transfundunt.</strong></span> <span class='ocrx_word' id='word_1_29' title='bbox 2177 749 2268 810; x_wconf 92' lang='lat' dir='ltr'><strong>Ita</strong></span> 
     </span>
     <span class='ocr_line' id='line_1_6' title="bbox 768 845 2266 929; baseline -0.003 -17"><span class='ocrx_word' id='word_1_30' title='bbox 768 850 847 913; x_wconf 89' lang='lat' dir='ltr'><strong>de</strong></span> <span class='ocrx_word' id='word_1_31' title='bbox 896 850 1123 923; x_wconf 89' lang='lat' dir='ltr'><strong>calore,</strong></span> <span class='ocrx_word' id='word_1_32' title='bbox 1176 849 1389 922; x_wconf 90' lang='lat' dir='ltr'><strong>odore,</strong></span> <span class='ocrx_word' id='word_1_33' title='bbox 1441 864 1665 929; x_wconf 87' lang='lat' dir='ltr'><strong>sapore</strong></span> <span class='ocrx_word' id='word_1_34' title='bbox 1712 853 1775 909; x_wconf 90' lang='lat' dir='ltr'><strong>et</strong></span> <span class='ocrx_word' id='word_1_35' title='bbox 1821 845 2266 909; x_wconf 85' lang='lat' dir='ltr'><strong>consimilibus</strong></span> 
     </span>
     <span class='ocr_line' id='line_1_7' title="bbox 768 943 2264 1031; baseline -0.004 -20"><span class='ocrx_word' id='word_1_36' title='bbox 768 956 975 1031; x_wconf 89' lang='lat' dir='ltr'><strong>potest</strong></span> <span class='ocrx_word' id='word_1_37' title='bbox 1014 945 1345 1030; x_wconf 81' lang='lat' dir='ltr'><strong>perpendi,</strong></span> <span class='ocrx_word' id='word_1_38' title='bbox 1379 946 1467 1008; x_wconf 88' lang='lat' dir='ltr'><strong>ita</strong></span> <span class='ocrx_word' id='word_1_39' title='bbox 1497 954 1567 1007; x_wconf 91' lang='lat' dir='ltr'><strong>ut</strong></span> <span class='ocrx_word' id='word_1_40' title='bbox 1607 944 1782 1007; x_wconf 88' lang='lat' dir='ltr'><strong>nulla</strong></span> <span class='ocrx_word' id='word_1_41' title='bbox 1820 951 2107 1007; x_wconf 87' lang='lat' dir='ltr'><strong>creatura</strong></span> <span class='ocrx_word' id='word_1_42' title='bbox 2141 943 2264 1006; x_wconf 92' lang='lat' dir='ltr'><strong>sibi</strong></span> 
     </span>
     <span class='ocr_line' id='line_1_8' title="bbox 764 1042 2262 1126; baseline -0.004 -17"><span class='ocrx_word' id='word_1_43' title='bbox 764 1045 883 1109; x_wconf 89' lang='lat' dir='ltr'><strong>soli</strong></span> <span class='ocrx_word' id='word_1_44' title='bbox 933 1046 1171 1109; x_wconf 90' lang='lat' dir='ltr'><strong>donum</strong></span> <span class='ocrx_word' id='word_1_45' title='bbox 1229 1043 1487 1126; x_wconf 83' lang='lat' dir='ltr'><strong>aliquod</strong></span> <span class='ocrx_word' id='word_1_46' title='bbox 1544 1043 1903 1126; x_wconf 78' lang='lat' dir='ltr'><strong>suscepisse</strong></span> <span class='ocrx_word' id='word_1_47' title='bbox 1949 1042 2262 1116; x_wconf 87' lang='lat' dir='ltr'><strong>videatur,</strong></span> 
     </span>
     <span class='ocr_line' id='line_1_9' title="bbox 764 1140 2264 1225; baseline -0.004 -18"><span class='ocrx_word' id='word_1_48' title='bbox 764 1144 873 1207; x_wconf 90' lang='lat' dir='ltr'><strong>sed</strong></span> <span class='ocrx_word' id='word_1_49' title='bbox 918 1144 1133 1225; x_wconf 88' lang='lat' dir='ltr'><strong>potius</strong></span> <span class='ocrx_word' id='word_1_50' title='bbox 1176 1142 1411 1224; x_wconf 90' lang='lat' dir='ltr'><strong>quibus</strong></span> <span class='ocrx_word' id='word_1_51' title='bbox 1456 1141 1615 1204; x_wconf 92' lang='lat' dir='ltr'><strong>illud</strong></span> <span class='ocrx_word' id='word_1_52' title='bbox 1660 1148 1867 1223; x_wconf 88' lang='lat' dir='ltr'><strong>potest</strong></span> <span class='ocrx_word' id='word_1_53' title='bbox 1910 1140 2264 1203; x_wconf 89' lang='lat' dir='ltr'><strong>communi·</strong></span> 
     </span>
     <span class='ocr_line' id='line_1_10' title="bbox 764 1230 2264 1321; baseline -0.003 -16"><span class='ocrx_word' id='word_1_54' title='bbox 764 1230 927 1305; x_wconf 86' lang='lat' dir='ltr'><strong>care.</strong></span> <span class='ocrx_word' id='word_1_55' title='bbox 962 1242 1123 1303; x_wconf 87' lang='lat' dir='ltr'><strong>Hinc</strong></span> <span class='ocrx_word' id='word_1_56' title='bbox 1168 1260 1313 1303; x_wconf 90' lang='lat' dir='ltr'><strong>reus</strong></span> <span class='ocrx_word' id='word_1_57' title='bbox 1356 1247 1453 1303; x_wconf 91' lang='lat' dir='ltr'><strong>est</strong></span> <span class='ocrx_word' id='word_1_58' title='bbox 1494 1240 1645 1301; x_wconf 93' lang='lat' dir='ltr'><strong>furti</strong></span> <span class='ocrx_word' id='word_1_59' title='bbox 1680 1240 1747 1301; x_wconf 92' lang='lat' dir='ltr'><strong>in</strong></span> <span class='ocrx_word' id='word_1_60' title='bbox 1783 1239 1963 1313; x_wconf 82' lang='lat' dir='ltr'><strong>alios,</strong></span> <span class='ocrx_word' id='word_1_61' title='bbox 2006 1239 2115 1321; x_wconf 93' lang='lat' dir='ltr'><strong>qui</strong></span> <span class='ocrx_word' id='word_1_62' title='bbox 2158 1238 2264 1301; x_wconf 89' lang='lat' dir='ltr'><strong>bo-</strong></span> 
     </span>
     <span class='ocr_line' id='line_1_11' title="bbox 762 1336 2266 1422; baseline -0.003 -20"><span class='ocrx_word' id='word_1_63' title='bbox 762 1359 918 1402; x_wconf 89' lang='lat' dir='ltr'><strong>num</strong></span> <span class='ocrx_word' id='word_1_64' title='bbox 964 1340 1239 1422; x_wconf 87' lang='lat' dir='ltr'><strong>desuper</strong></span> <span class='ocrx_word' id='word_1_65' title='bbox 1277 1338 1400 1400; x_wconf 89' lang='lat' dir='ltr'><strong>sibi</strong></span> <span class='ocrx_word' id='word_1_66' title='bbox 1446 1337 1769 1412; x_wconf 89' lang='lat' dir='ltr'><strong>collatum,</strong></span> <span class='ocrx_word' id='word_1_67' title='bbox 1803 1336 2085 1403; x_wconf 65' lang='lat' dir='ltr'><strong>sibi,soli</strong></span> <span class='ocrx_word' id='word_1_68' title='bbox 2126 1337 2266 1399; x_wconf 90' lang='lat' dir='ltr'><strong>vult</strong></span> 
     </span>
     <span class='ocr_line' id='line_1_12' title="bbox 764 1436 2264 1519; baseline 0 -20"><span class='ocrx_word' id='word_1_69' title='bbox 764 1439 1061 1511; x_wconf 89' lang='lat' dir='ltr'><strong>retinere,</strong></span> <span class='ocrx_word' id='word_1_70' title='bbox 1093 1444 1282 1519; x_wconf 88' lang='lat' dir='ltr'><strong>atque</strong></span> <span class='ocrx_word' id='word_1_71' title='bbox 1314 1437 1550 1518; x_wconf 85' lang='lat' dir='ltr'><strong>injuste</strong></span> <span class='ocrx_word' id='word_1_72' title='bbox 1580 1436 1991 1519; x_wconf 90' lang='lat' dir='ltr'><strong>appropriare</strong></span> <span class='ocrx_word' id='word_1_73' title='bbox 2020 1436 2264 1499; x_wconf 88' lang='lat' dir='ltr'><strong>deside-</strong></span> 
     </span>
     <span class='ocr_line' id='line_1_13' title="bbox 762 1534 2262 1617; baseline -0.001 -19"><span class='ocrx_word' id='word_1_74' title='bbox 762 1545 876 1599; x_wconf 90' lang='lat' dir='ltr'><strong>rat.</strong></span> <span class='ocrx_word' id='word_1_75' title='bbox 910 1536 1056 1600; x_wconf 90' lang='lat' dir='ltr'><strong>Ideo</strong></span> <span class='ocrx_word' id='word_1_76' title='bbox 1084 1536 1195 1617; x_wconf 91' lang='lat' dir='ltr'><strong>qui</strong></span> <span class='ocrx_word' id='word_1_77' title='bbox 1228 1534 1730 1598; x_wconf 82' lang='lat' dir='ltr'><strong>misericordiam</strong></span> <span class='ocrx_word' id='word_1_78' title='bbox 1760 1534 1904 1596; x_wconf 92' lang='lat' dir='ltr'><strong>aliis</strong></span> <span class='ocrx_word' id='word_1_79' title='bbox 1936 1534 2262 1617; x_wconf 87' lang='lat' dir='ltr'><strong>impende-</strong></span> 
     </span>
     <span class='ocr_line' id='line_1_14' title="bbox 763 1632 2264 1708; baseline -0.003 -11"><span class='ocrx_word' id='word_1_80' title='bbox 763 1654 833 1697; x_wconf 90' lang='lat' dir='ltr'><strong>re</strong></span> <span class='ocrx_word' id='word_1_81' title='bbox 891 1634 1123 1708; x_wconf 91' lang='lat' dir='ltr'><strong>renuit,</strong></span> <span class='ocrx_word' id='word_1_82' title='bbox 1179 1632 1419 1695; x_wconf 87' lang='lat' dir='ltr'><strong>fontem</strong></span> <span class='ocrx_word' id='word_1_83' title='bbox 1482 1632 1933 1695; x_wconf 61' lang='lat' dir='ltr'><strong>misericordias</strong></span> <span class='ocrx_word' id='word_1_84' title='bbox 1989 1632 2264 1695; x_wconf 89' lang='lat' dir='ltr'><strong>obstruit</strong></span> 
     </span>
     <span class='ocr_line' id='line_1_15' title="bbox 764 1731 2260 1814; baseline -0.003 -19"><span class='ocrx_word' id='word_1_85' title='bbox 764 1732 888 1796; x_wconf 89' lang='lat' dir='ltr'><strong>sibi</strong></span> <span class='ocrx_word' id='word_1_86' title='bbox 939 1732 1061 1814; x_wconf 90' lang='lat' dir='ltr'><strong>ipsi</strong></span> <span class='ocrx_word' id='word_1_87' title='bbox 1108 1750 1121 1793; x_wconf 92' lang='lat'>:</span> <span class='ocrx_word' id='word_1_88' title='bbox 1165 1731 1336 1794; x_wconf 91' lang='lat' dir='ltr'><strong>unde</strong></span> <span class='ocrx_word' id='word_1_89' title='bbox 1385 1732 1540 1793; x_wconf 91' lang='lat' dir='ltr'><strong>dum</strong></span> <span class='ocrx_word' id='word_1_90' title='bbox 1594 1731 1885 1813; x_wconf 83' lang='lat' dir='ltr'><strong>proximo</strong></span> <span class='ocrx_word' id='word_1_91' title='bbox 1932 1731 2260 1812; x_wconf 82' lang='lat' dir='ltr'><strong>ignoscere</strong></span> 
     </span>
    </p>
   </div>
   <div class='ocr_carea' id='block_1_6' title="bbox 2369 745 3875 1793">
    <p class='ocr_par' dir='ltr' id='par_1_6' title="bbox 2369 745 3875 1793">
     <span class='ocr_line' id='line_1_16' title="bbox 2374 745 3874 830; baseline -0.001 -22"><span class='ocrx_word' id='word_1_92' title='bbox 2374 748 2595 829; x_wconf 86' lang='lat' dir='ltr'><strong>gratia,</strong></span> <span class='ocrx_word' id='word_1_93' title='bbox 2630 747 2715 809; x_wconf 88' lang='lat' dir='ltr'><strong>ita</strong></span> <span class='ocrx_word' id='word_1_94' title='bbox 2759 766 2878 811; x_wconf 89' lang='lat' dir='ltr'><strong>nec</strong></span> <span class='ocrx_word' id='word_1_95' title='bbox 2921 767 3079 811; x_wconf 92' lang='lat' dir='ltr'><strong>esse.</strong></span> <span class='ocrx_word' id='word_1_96' title='bbox 3111 747 3426 830; x_wconf 80' lang='lat' dir='ltr'><strong>AmpliuS,</strong></span> <span class='ocrx_word' id='word_1_97' title='bbox 3459 746 3627 809; x_wconf 90' lang='lat' dir='ltr'><strong>sicut</strong></span> <span class='ocrx_word' id='word_1_98' title='bbox 3668 745 3874 808; x_wconf 88' lang='lat' dir='ltr'><strong>dividi</strong></span> 
     </span>
     <span class='ocr_line' id='line_1_17' title="bbox 2373 843 3874 927; baseline 0 -22"><span class='ocrx_word' id='word_1_99' title='bbox 2373 844 2573 925; x_wconf 88' lang='lat' dir='ltr'><strong>gratia</strong></span> <span class='ocrx_word' id='word_1_100' title='bbox 2609 861 2730 908; x_wconf 90' lang='lat' dir='ltr'><strong>non</strong></span> <span class='ocrx_word' id='word_1_101' title='bbox 2770 853 3000 927; x_wconf 90' lang='lat' dir='ltr'><strong>potest,</strong></span> <span class='ocrx_word' id='word_1_102' title='bbox 3033 846 3120 908; x_wconf 88' lang='lat' dir='ltr'><strong>ita</strong></span> <span class='ocrx_word' id='word_1_103' title='bbox 3149 852 3220 907; x_wconf 93' lang='lat' dir='ltr'><strong>ut</strong></span> <span class='ocrx_word' id='word_1_104' title='bbox 3247 844 3480 927; x_wconf 88' lang='lat' dir='ltr'><strong>aliquis</strong></span> <span class='ocrx_word' id='word_1_105' title='bbox 3515 843 3748 927; x_wconf 86' lang='lat' dir='ltr'><strong>partim</strong></span> <span class='ocrx_word' id='word_1_106' title='bbox 3786 843 3874 905; x_wconf 90' lang='lat' dir='ltr'><strong>sit</strong></span> 
     </span>
     <span class='ocr_line' id='line_1_18' title="bbox 2374 941 3874 1026; baseline 0 -23"><span class='ocrx_word' id='word_1_107' title='bbox 2374 950 2653 1017; x_wconf 87' lang='lat' dir='ltr'><strong>sanctus,</strong></span> <span class='ocrx_word' id='word_1_108' title='bbox 2705 951 2768 1005; x_wconf 90' lang='lat' dir='ltr'><strong>et</strong></span> <span class='ocrx_word' id='word_1_109' title='bbox 2815 943 3046 1026; x_wconf 89' lang='lat' dir='ltr'><strong>partim</strong></span> <span class='ocrx_word' id='word_1_110' title='bbox 3095 950 3420 1026; x_wconf 83' lang='lat' dir='ltr'><strong>peccator3</strong></span> <span class='ocrx_word' id='word_1_111' title='bbox 3471 941 3558 1003; x_wconf 87' lang='lat' dir='ltr'><strong>ita</strong></span> <span class='ocrx_word' id='word_1_112' title='bbox 3603 960 3724 1004; x_wconf 90' lang='lat' dir='ltr'><strong>nec</strong></span> <span class='ocrx_word' id='word_1_113' title='bbox 3773 960 3874 1004; x_wconf 89' lang='lat' dir='ltr'><strong>re-</strong></span> 
     </span>
     <span class='ocr_line' id='line_1_19' title="bbox 2375 1040 3872 1123; baseline -0.001 -21"><span class='ocrx_word' id='word_1_114' title='bbox 2375 1040 2595 1103; x_wconf 89' lang='lat' dir='ltr'><strong>missio</strong></span> <span class='ocrx_word' id='word_1_115' title='bbox 2625 1050 3054 1123; x_wconf 87' lang='lat' dir='ltr'><strong>peccatorum,</strong></span> <span class='ocrx_word' id='word_1_116' title='bbox 3090 1043 3175 1104; x_wconf 89' lang='lat' dir='ltr'><strong>ita</strong></span> <span class='ocrx_word' id='word_1_117' title='bbox 3206 1050 3276 1103; x_wconf 90' lang='lat' dir='ltr'><strong>ut</strong></span> <span class='ocrx_word' id='word_1_118' title='bbox 3306 1042 3372 1103; x_wconf 92' lang='lat' dir='ltr'><strong>in</strong></span> <span class='ocrx_word' id='word_1_119' title='bbox 3405 1047 3582 1123; x_wconf 87' lang='lat' dir='ltr'><strong>parte</strong></span> <span class='ocrx_word' id='word_1_120' title='bbox 3608 1048 3872 1102; x_wconf 89' lang='lat' dir='ltr'><strong>tenean-</strong></span> 
     </span>
     <span class='ocr_line' id='line_1_20' title="bbox 2372 1138 3872 1223; baseline -0.001 -23"><span class='ocrx_word' id='word_1_121' title='bbox 2372 1145 2477 1201; x_wconf 89' lang='lat' dir='ltr'><strong>tur</strong></span> <span class='ocrx_word' id='word_1_122' title='bbox 2523 1148 2588 1201; x_wconf 91' lang='lat' dir='ltr'><strong>et</strong></span> <span class='ocrx_word' id='word_1_123' title='bbox 2635 1140 2700 1202; x_wconf 91' lang='lat' dir='ltr'><strong>in</strong></span> <span class='ocrx_word' id='word_1_124' title='bbox 2751 1148 2928 1223; x_wconf 90' lang='lat' dir='ltr'><strong>parte</strong></span> <span class='ocrx_word' id='word_1_125' title='bbox 2976 1140 3397 1203; x_wconf 78' lang='lat' dir='ltr'><strong>dimittantur.</strong></span> <span class='ocrx_word' id='word_1_126' title='bbox 3451 1138 3762 1220; x_wconf 88' lang='lat' dir='ltr'><strong>Denique,</strong></span> <span class='ocrx_word' id='word_1_127' title='bbox 3813 1138 3872 1201; x_wconf 90' lang='lat' dir='ltr'><strong>si</strong></span> 
     </span>
     <span class='ocr_line' id='line_1_21' title="bbox 2373 1237 3874 1322; baseline 0 -23"><span class='ocrx_word' id='word_1_128' title='bbox 2373 1238 2518 1319; x_wconf 89' lang='lat' dir='ltr'><strong>quis</strong></span> <span class='ocrx_word' id='word_1_129' title='bbox 2549 1238 2852 1313; x_wconf 89' lang='lat' dir='ltr'><strong>hostium,</strong></span> <span class='ocrx_word' id='word_1_130' title='bbox 2887 1238 3163 1322; x_wconf 89' lang='lat' dir='ltr'><strong>principi</strong></span> <span class='ocrx_word' id='word_1_131' title='bbox 3191 1237 3645 1317; x_wconf 57' lang='lat' dir='ltr'><strong>⁸reconcilietur</strong></span> <span class='ocrx_word' id='word_1_132' title='bbox 3675 1244 3874 1318; x_wconf 83' lang='lat' dir='ltr'><strong>atque</strong></span> 
     </span>
     <span class='ocr_line' id='line_1_22' title="bbox 2372 1335 3872 1419; baseline 0.001 -24"><span class='ocrx_word' id='word_1_133' title='bbox 2372 1354 2408 1396; x_wconf 88' lang='lat' dir='ltr'><strong>a</strong></span> <span class='ocrx_word' id='word_1_134' title='bbox 2439 1336 2730 1417; x_wconf 85' lang='lat' dir='ltr'><strong>principe</strong></span> <span class='ocrx_word' id='word_1_135' title='bbox 2761 1336 2824 1398; x_wconf 91' lang='lat' dir='ltr'><strong>in</strong></span> <span class='ocrx_word' id='word_1_136' title='bbox 2856 1337 3093 1399; x_wconf 91' lang='lat' dir='ltr'><strong>donum</strong></span> <span class='ocrx_word' id='word_1_137' title='bbox 3134 1336 3400 1419; x_wconf 87' lang='lat' dir='ltr'><strong>recipiat</strong></span> <span class='ocrx_word' id='word_1_138' title='bbox 3427 1342 3728 1408; x_wconf 84' lang='lat' dir='ltr'><strong>castrum,</strong></span> <span class='ocrx_word' id='word_1_139' title='bbox 3760 1335 3872 1397; x_wconf 91' lang='lat' dir='ltr'><strong>de-</strong></span> 
     </span>
     <span class='ocr_line' id='line_1_23' title="bbox 2372 1433 3868 1515; baseline 0 -21"><span class='ocrx_word' id='word_1_140' title='bbox 2372 1434 2521 1496; x_wconf 90' lang='lat' dir='ltr'><strong>inde</strong></span> <span class='ocrx_word' id='word_1_141' title='bbox 2565 1452 2711 1515; x_wconf 91' lang='lat' dir='ltr'><strong>rege</strong></span> <span class='ocrx_word' id='word_1_142' title='bbox 2743 1433 2994 1498; x_wconf 81' lang='lat' dir='ltr'><strong>offenso</strong></span> <span class='ocrx_word' id='word_1_143' title='bbox 3023 1436 3238 1497; x_wconf 88' lang='lat' dir='ltr'><strong>redeat</strong></span> <span class='ocrx_word' id='word_1_144' title='bbox 3268 1435 3345 1496; x_wconf 90' lang='lat' dir='ltr'><strong>ad</strong></span> <span class='ocrx_word' id='word_1_145' title='bbox 3385 1434 3596 1496; x_wconf 88' lang='lat' dir='ltr'><strong>hostes</strong></span> <span class='ocrx_word' id='word_1_146' title='bbox 3637 1433 3868 1515; x_wconf 91' lang='lat' dir='ltr'><strong>ipsius,</strong></span> 
     </span>
     <span class='ocr_line' id='line_1_24' title="bbox 2374 1532 3870 1614; baseline 0 -21"><span class='ocrx_word' id='word_1_147' title='bbox 2374 1532 2685 1614; x_wconf 90' lang='lat' dir='ltr'><strong>numquid</strong></span> <span class='ocrx_word' id='word_1_148' title='bbox 2743 1533 2950 1595; x_wconf 91' lang='lat' dir='ltr'><strong>solum</strong></span> <span class='ocrx_word' id='word_1_149' title='bbox 3010 1533 3168 1596; x_wconf 90' lang='lat' dir='ltr'><strong>illud</strong></span> <span class='ocrx_word' id='word_1_150' title='bbox 3227 1540 3504 1595; x_wconf 81' lang='lat' dir='ltr'><strong>castrum</strong></span> <span class='ocrx_word' id='word_1_151' title='bbox 3563 1532 3870 1594; x_wconf 67' lang='lat' dir='ltr'><strong>amittet?</strong></span> 
     </span>
     <span class='ocr_line' id='line_1_25' title="bbox 2369 1628 3868 1713; baseline -0.001 -21"><span class='ocrx_word' id='word_1_152' title='bbox 2369 1628 2590 1693; x_wconf 92' lang='lat' dir='ltr'><strong>Nonne</strong></span> <span class='ocrx_word' id='word_1_153' title='bbox 2630 1632 2846 1693; x_wconf 91' lang='lat' dir='ltr'><strong>omnia</strong></span> <span class='ocrx_word' id='word_1_154' title='bbox 2895 1631 3018 1693; x_wconf 89' lang='lat' dir='ltr'><strong>sibi</strong></span> <span class='ocrx_word' id='word_1_155' title='bbox 3055 1650 3092 1694; x_wconf 88' lang='lat' dir='ltr'><strong>a</strong></span> <span class='ocrx_word' id='word_1_156' title='bbox 3130 1650 3278 1713; x_wconf 89' lang='lat' dir='ltr'><strong>rege</strong></span> <span class='ocrx_word' id='word_1_157' title='bbox 3320 1630 3547 1694; x_wconf 88' lang='lat' dir='ltr'><strong>collata</strong></span> <span class='ocrx_word' id='word_1_158' title='bbox 3593 1630 3868 1704; x_wconf 88' lang='lat' dir='ltr'><strong>amittet,</strong></span> 
     </span>
     <span class='ocr_line' id='line_1_26' title="bbox 2370 1728 3875 1793; baseline 0.001 -4"><span class='ocrx_word' id='word_1_159' title='bbox 2370 1736 2435 1789; x_wconf 91' lang='lat' dir='ltr'><strong>et</strong></span> <span class='ocrx_word' id='word_1_160' title='bbox 2474 1730 2850 1793; x_wconf 89' lang='lat' dir='ltr'><strong>remissione</strong></span> <span class='ocrx_word' id='word_1_161' title='bbox 2893 1748 2968 1792; x_wconf 87' lang='lat' dir='ltr'><strong>ac</strong></span> <span class='ocrx_word' id='word_1_162' title='bbox 3015 1730 3474 1793; x_wconf 88' lang='lat' dir='ltr'><strong>condonatione</strong></span> <span class='ocrx_word' id='word_1_163' title='bbox 3520 1728 3647 1791; x_wconf 89' lang='lat' dir='ltr'><strong>sibi</strong></span> <span class='ocrx_word' id='word_1_164' title='bbox 3691 1729 3875 1792; x_wconf 87' lang='lat' dir='ltr'><strong>exbi-</strong></span> 
     </span>
    </p>
   </div>
   <div class='ocr_carea' id='block_1_7' title="bbox 763 1824 3874 1910">
    <p class='ocr_par' dir='ltr' id='par_1_7' title="bbox 763 1824 3874 1910">
     <span class='ocr_line' id='line_1_27' title="bbox 763 1824 3874 1910; baseline -0.001 -18"><span class='ocrx_word' id='word_1_165' title='bbox 763 1829 1005 1904; x_wconf 91' lang='lat' dir='ltr'><strong>differt,</strong></span> <span class='ocrx_word' id='word_1_166' title='bbox 1040 1847 1158 1891; x_wconf 88' lang='lat' dir='ltr'><strong>nec</strong></span> <span class='ocrx_word' id='word_1_167' title='bbox 1186 1847 1223 1890; x_wconf 86' lang='lat' dir='ltr'><strong>a</strong></span> <span class='ocrx_word' id='word_1_168' title='bbox 1261 1829 1388 1892; x_wconf 91' lang='lat' dir='ltr'><strong>Deo</strong></span> <span class='ocrx_word' id='word_1_169' title='bbox 1425 1828 1923 1903; x_wconf 80' lang='lat' dir='ltr'><strong>miserationem,</strong></span> <span class='ocrx_word' id='word_1_170' title='bbox 1957 1829 2067 1891; x_wconf 93' lang='lat' dir='ltr'><strong>sed</strong></span> <span class='ocrx_word' id='word_1_171' title='bbox 2098 1829 2259 1891; x_wconf 91' lang='lat' dir='ltr'><strong>iram</strong></span> <span class='ocrx_word' id='word_1_172' title='bbox 2296 1824 2344 1886; x_wconf 92' lang='lat' dir='ltr'>B</span> <span class='ocrx_word' id='word_1_173' title='bbox 2373 1828 2522 1889; x_wconf 92' lang='lat' dir='ltr'><strong>bitis</strong></span> <span class='ocrx_word' id='word_1_174' title='bbox 2553 1828 2851 1908; x_wconf 89' lang='lat' dir='ltr'><strong>indignus</strong></span> <span class='ocrx_word' id='word_1_175' title='bbox 2881 1829 3266 1903; x_wconf 87' lang='lat' dir='ltr'><strong>censebitur,</strong></span> <span class='ocrx_word' id='word_1_176' title='bbox 3291 1828 3619 1910; x_wconf 82' lang='lat' dir='ltr'><strong>magisque</strong></span> <span class='ocrx_word' id='word_1_177' title='bbox 3647 1828 3874 1910; x_wconf 90' lang='lat' dir='ltr'><strong>displi-</strong></span> 
     </span>
    </p>
   </div>
   <div class='ocr_carea' id='block_1_8' title="bbox 758 1927 2262 2988">
    <p class='ocr_par' dir='ltr' id='par_1_8' title="bbox 758 1927 2262 2988">
     <span class='ocr_line' id='line_1_28' title="bbox 762 1927 2257 2010; baseline -0.002 -20"><span class='ocrx_word' id='word_1_178' title='bbox 762 1928 1054 2010; x_wconf 90' lang='lat' dir='ltr'><strong>accipere</strong></span> <span class='ocrx_word' id='word_1_179' title='bbox 1103 1934 1519 2009; x_wconf 85' lang='lat' dir='ltr'><strong>promeretur.</strong></span> <span class='ocrx_word' id='word_1_180' title='bbox 1556 1927 1730 2001; x_wconf 87' lang='lat' dir='ltr'><strong>Quod</strong></span> <span class='ocrx_word' id='word_1_181' title='bbox 1780 1944 1928 2008; x_wconf 90' lang='lat' dir='ltr'><strong>ergo</strong></span> <span class='ocrx_word' id='word_1_182' title='bbox 1976 1934 2257 2008; x_wconf 88' lang='lat' dir='ltr'><strong>peccata,</strong></span> 
     </span>
     <span class='ocr_line' id='line_1_29' title="bbox 762 2024 2261 2100; baseline -0.001 -12"><span class='ocrx_word' id='word_1_183' title='bbox 762 2033 832 2089; x_wconf 88' lang='lat' dir='ltr'><strong>ut</strong></span> <span class='ocrx_word' id='word_1_184' title='bbox 890 2025 1130 2100; x_wconf 91' lang='lat' dir='ltr'><strong>odium,</strong></span> <span class='ocrx_word' id='word_1_185' title='bbox 1193 2024 1746 2100; x_wconf 84' lang='lat' dir='ltr'><strong>immisericordia,</strong></span> <span class='ocrx_word' id='word_1_186' title='bbox 1806 2034 1953 2100; x_wconf 89' lang='lat' dir='ltr'><strong>etc.,</strong></span> <span class='ocrx_word' id='word_1_187' title='bbox 2018 2024 2261 2087; x_wconf 90' lang='lat' dir='ltr'><strong>faciunt</strong></span> 
     </span>
     <span class='ocr_line' id='line_1_30' title="bbox 761 2123 2260 2206; baseline -0.001 -20"><span class='ocrx_word' id='word_1_188' title='bbox 761 2131 1021 2206; x_wconf 88' lang='lat' dir='ltr'><strong>peccata</strong></span> <span class='ocrx_word' id='word_1_189' title='bbox 1069 2123 1298 2195; x_wconf 90' lang='lat' dir='ltr'><strong>redire,</strong></span> <span class='ocrx_word' id='word_1_190' title='bbox 1332 2141 1459 2185; x_wconf 92' lang='lat' dir='ltr'><strong>non</strong></span> <span class='ocrx_word' id='word_1_191' title='bbox 1503 2130 1601 2185; x_wconf 91' lang='lat' dir='ltr'><strong>est</strong></span> <span class='ocrx_word' id='word_1_192' title='bbox 1646 2142 1775 2206; x_wconf 81' lang='lat' dir='ltr'><strong>prae</strong></span> <span class='ocrx_word' id='word_1_193' title='bbox 1824 2142 1939 2185; x_wconf 87' lang='lat' dir='ltr'><strong>sua</strong></span> <span class='ocrx_word' id='word_1_194' title='bbox 1984 2124 2260 2185; x_wconf 91' lang='lat' dir='ltr'><strong>enormi-</strong></span> 
     </span>
     <span class='ocr_line' id='line_1_31' title="bbox 760 2221 2262 2303; baseline -0.001 -20"><span class='ocrx_word' id='word_1_195' title='bbox 760 2228 912 2296; x_wconf 88' lang='lat' dir='ltr'><strong>tate,</strong></span> <span class='ocrx_word' id='word_1_196' title='bbox 946 2221 1057 2285; x_wconf 87' lang='lat' dir='ltr'><strong>sed</strong></span> <span class='ocrx_word' id='word_1_197' title='bbox 1087 2239 1165 2284; x_wconf 85' lang='lat' dir='ltr'><strong>ex</strong></span> <span class='ocrx_word' id='word_1_198' title='bbox 1195 2240 1309 2283; x_wconf 90' lang='lat' dir='ltr'><strong>sua</strong></span> <span class='ocrx_word' id='word_1_199' title='bbox 1343 2228 1588 2295; x_wconf 90' lang='lat' dir='ltr'><strong>natura,</strong></span> <span class='ocrx_word' id='word_1_200' title='bbox 1622 2240 1747 2303; x_wconf 91' lang='lat' dir='ltr'><strong>qua</strong></span> <span class='ocrx_word' id='word_1_201' title='bbox 1787 2221 1986 2283; x_wconf 91' lang='lat' dir='ltr'><strong>Deum</strong></span> <span class='ocrx_word' id='word_1_202' title='bbox 2027 2229 2091 2282; x_wconf 92' lang='lat' dir='ltr'><strong>et</strong></span> <span class='ocrx_word' id='word_1_203' title='bbox 2125 2239 2262 2302; x_wconf 88' lang='lat' dir='ltr'><strong>gra-</strong></span> 
     </span>
     <span class='ocr_line' id='line_1_32' title="bbox 758 2318 2258 2401; baseline 0 -20"><span class='ocrx_word' id='word_1_204' title='bbox 758 2320 917 2382; x_wconf 86' lang='lat' dir='ltr'><strong>tiam</strong></span> <span class='ocrx_word' id='word_1_205' title='bbox 946 2327 1136 2401; x_wconf 88' lang='lat' dir='ltr'><strong>atque</strong></span> <span class='ocrx_word' id='word_1_206' title='bbox 1166 2318 1571 2381; x_wconf 88' lang='lat' dir='ltr'><strong>clementiam</strong></span> <span class='ocrx_word' id='word_1_207' title='bbox 1602 2319 1742 2400; x_wconf 85' lang='lat' dir='ltr'><strong>ejus</strong></span> <span class='ocrx_word' id='word_1_208' title='bbox 1783 2318 2163 2401; x_wconf 83' lang='lat' dir='ltr'><strong>impugnant</strong></span> <span class='ocrx_word' id='word_1_209' title='bbox 2192 2320 2258 2381; x_wconf 92' lang='lat' dir='ltr'><strong>in</strong></span> 
     </span>
     <span class='ocr_line' id='line_1_33' title="bbox 761 2415 2258 2497; baseline 0 -18"><span class='ocrx_word' id='word_1_210' title='bbox 761 2415 895 2479; x_wconf 90' lang='lat' dir='ltr'><strong>suis</strong></span> <span class='ocrx_word' id='word_1_211' title='bbox 937 2416 1248 2478; x_wconf 83' lang='lat' dir='ltr'><strong>ministris</strong></span> <span class='ocrx_word' id='word_1_212' title='bbox 1284 2432 1298 2478; x_wconf 90' lang='lat'>:</span> <span class='ocrx_word' id='word_1_213' title='bbox 1332 2416 1871 2497; x_wconf 87' lang='lat' dir='ltr'><strong>quemadmodum</strong></span> <span class='ocrx_word' id='word_1_214' title='bbox 1914 2435 2025 2479; x_wconf 85' lang='lat' dir='ltr'><strong>rex</strong></span> <span class='ocrx_word' id='word_1_215' title='bbox 2066 2423 2258 2479; x_wconf 89' lang='lat' dir='ltr'><strong>terre-</strong></span> 
     </span>
     <span class='ocr_line' id='line_1_34' title="bbox 760 2513 2258 2597; baseline 0.001 -20"><span class='ocrx_word' id='word_1_216' title='bbox 760 2534 883 2577; x_wconf 88' lang='lat' dir='ltr'><strong>nus</strong></span> <span class='ocrx_word' id='word_1_217' title='bbox 914 2514 1232 2577; x_wconf 87' lang='lat' dir='ltr'><strong>interdum</strong></span> <span class='ocrx_word' id='word_1_218' title='bbox 1266 2514 1676 2597; x_wconf 87' lang='lat' dir='ltr'><strong>impugnatur</strong></span> <span class='ocrx_word' id='word_1_219' title='bbox 1715 2514 1782 2576; x_wconf 92' lang='lat' dir='ltr'><strong>in</strong></span> <span class='ocrx_word' id='word_1_220' title='bbox 1820 2513 2094 2578; x_wconf 88' lang='lat' dir='ltr'><strong>subditis</strong></span> <span class='ocrx_word' id='word_1_221' title='bbox 2124 2514 2258 2578; x_wconf 91' lang='lat' dir='ltr'><strong>suis</strong></span> 
     </span>
     <span class='ocr_line' id='line_1_35' title="bbox 760 2611 2256 2694; baseline 0 -20"><span class='ocrx_word' id='word_1_222' title='bbox 760 2612 840 2675; x_wconf 90' lang='lat' dir='ltr'><strong>ab</strong></span> <span class='ocrx_word' id='word_1_223' title='bbox 886 2613 1249 2675; x_wconf 87' lang='lat' dir='ltr'><strong>adversario</strong></span> <span class='ocrx_word' id='word_1_224' title='bbox 1292 2629 1428 2675; x_wconf 87' lang='lat' dir='ltr'><strong>suo.</strong></span> <span class='ocrx_word' id='word_1_225' title='bbox 1462 2611 1630 2675; x_wconf 88' lang='lat' dir='ltr'><strong>Talis</strong></span> <span class='ocrx_word' id='word_1_226' title='bbox 1671 2614 1823 2694; x_wconf 80' lang='lat' dir='ltr'><strong>ergo</strong></span> <span class='ocrx_word' id='word_1_227' title='bbox 1862 2612 2017 2675; x_wconf 89' lang='lat' dir='ltr'><strong>facit</strong></span> <span class='ocrx_word' id='word_1_228' title='bbox 2060 2612 2256 2675; x_wconf 91' lang='lat' dir='ltr'><strong>Deum</strong></span> 
     </span>
     <span class='ocr_line' id='line_1_36' title="bbox 760 2710 2256 2786; baseline -0.001 -12"><span class='ocrx_word' id='word_1_229' title='bbox 760 2728 898 2774; x_wconf 91' lang='lat' dir='ltr'><strong>esse</strong></span> <span class='ocrx_word' id='word_1_230' title='bbox 926 2710 1361 2774; x_wconf 84' lang='lat' dir='ltr'><strong>adversarium</strong></span> <span class='ocrx_word' id='word_1_231' title='bbox 1392 2730 1601 2773; x_wconf 90' lang='lat' dir='ltr'><strong>suum.</strong></span> <span class='ocrx_word' id='word_1_232' title='bbox 1623 2711 1699 2773; x_wconf 88' lang='lat' dir='ltr'><strong>Et</strong></span> <span class='ocrx_word' id='word_1_233' title='bbox 1729 2711 1781 2773; x_wconf 92' lang='lat' dir='ltr'><strong>si</strong></span> <span class='ocrx_word' id='word_1_234' title='bbox 1815 2711 2256 2786; x_wconf 81' lang='lat' dir='ltr'><strong>dicaS,Verum</strong></span> 
     </span>
     <span class='ocr_line' id='line_1_37' title="bbox 761 2808 2258 2891; baseline -0.001 -19"><span class='ocrx_word' id='word_1_235' title='bbox 761 2816 858 2872; x_wconf 89' lang='lat' dir='ltr'><strong>est</strong></span> <span class='ocrx_word' id='word_1_236' title='bbox 906 2809 973 2871; x_wconf 89' lang='lat' dir='ltr'><strong>in</strong></span> <span class='ocrx_word' id='word_1_237' title='bbox 1022 2808 1121 2871; x_wconf 91' lang='lat' dir='ltr'><strong>his</strong></span> <span class='ocrx_word' id='word_1_238' title='bbox 1172 2809 1237 2870; x_wconf 93' lang='lat' dir='ltr'><strong>in</strong></span> <span class='ocrx_word' id='word_1_239' title='bbox 1288 2808 1525 2890; x_wconf 91' lang='lat' dir='ltr'><strong>quibus</strong></span> <span class='ocrx_word' id='word_1_240' title='bbox 1570 2817 1813 2891; x_wconf 89' lang='lat' dir='ltr'><strong>peccat,</strong></span> <span class='ocrx_word' id='word_1_241' title='bbox 1865 2827 1992 2871; x_wconf 92' lang='lat' dir='ltr'><strong>non</strong></span> <span class='ocrx_word' id='word_1_242' title='bbox 2042 2810 2106 2871; x_wconf 91' lang='lat' dir='ltr'><strong>in</strong></span> <span class='ocrx_word' id='word_1_243' title='bbox 2156 2809 2258 2871; x_wconf 91' lang='lat' dir='ltr'><strong>his</strong></span> 
     </span>
     <span class='ocr_line' id='line_1_38' title="bbox 760 2906 2258 2988; baseline 0 -19"><span class='ocrx_word' id='word_1_244' title='bbox 760 2926 903 2988; x_wconf 81' lang='lat' dir='ltr'><strong>quae</strong></span> <span class='ocrx_word' id='word_1_245' title='bbox 935 2906 1099 2969; x_wconf 85' lang='lat' dir='ltr'><strong>Deus</strong></span> <span class='ocrx_word' id='word_1_246' title='bbox 1126 2906 1262 2987; x_wconf 87' lang='lat' dir='ltr'><strong>jam</strong></span> <span class='ocrx_word' id='word_1_247' title='bbox 1291 2914 1437 2969; x_wconf 87' lang='lat' dir='ltr'><strong>ante</strong></span> <span class='ocrx_word' id='word_1_248' title='bbox 1471 2926 1549 2968; x_wconf 84' lang='lat' dir='ltr'><strong>ex</strong></span> <span class='ocrx_word' id='word_1_249' title='bbox 1579 2926 1693 2969; x_wconf 88' lang='lat' dir='ltr'><strong>sua</strong></span> <span class='ocrx_word' id='word_1_250' title='bbox 1732 2906 2169 2969; x_wconf 89' lang='lat' dir='ltr'><strong>misericordia</strong></span> <span class='ocrx_word' id='word_1_251' title='bbox 2198 2908 2258 2969; x_wconf 93' lang='lat' dir='ltr'><strong>ei</strong></span> 
     </span>
    </p>
   </div>
   <div class='ocr_carea' id='block_1_9' title="bbox 2364 1925 3871 2975">
    <p class='ocr_par' dir='ltr' id='par_1_9' title="bbox 2364 1925 3871 2975">
     <span class='ocr_line' id='line_1_39' title="bbox 2371 1925 3870 2010; baseline 0.001 -22"><span class='ocrx_word' id='word_1_252' title='bbox 2371 1925 2542 1989; x_wconf 89' lang='lat' dir='ltr'><strong>cebit</strong></span> <span class='ocrx_word' id='word_1_253' title='bbox 2571 1945 2762 2010; x_wconf 89' lang='lat' dir='ltr'><strong>quam</strong></span> <span class='ocrx_word' id='word_1_254' title='bbox 2799 1931 2990 1991; x_wconf 66' lang='lat' dir='ltr'><strong>ante?</strong></span> <span class='ocrx_word' id='word_1_255' title='bbox 3019 1926 3148 1991; x_wconf 85' lang='lat' dir='ltr'><strong>Hoc</strong></span> <span class='ocrx_word' id='word_1_256' title='bbox 3180 1927 3478 2010; x_wconf 84' lang='lat' dir='ltr'><strong>exemplo</strong></span> <span class='ocrx_word' id='word_1_257' title='bbox 3516 1926 3870 2009; x_wconf 87' lang='lat' dir='ltr'><strong>multisque</strong></span> 
     </span>
     <span class='ocr_line' id='line_1_40' title="bbox 2369 2025 3870 2108; baseline -0.001 -21"><span class='ocrx_word' id='word_1_258' title='bbox 2369 2025 2690 2088; x_wconf 83' lang='lat' dir='ltr'><strong>similibus</strong></span> <span class='ocrx_word' id='word_1_259' title='bbox 2723 2044 2939 2108; x_wconf 89' lang='lat' dir='ltr'><strong>pensa,</strong></span> <span class='ocrx_word' id='word_1_260' title='bbox 2954 2026 3125 2108; x_wconf 92' lang='lat' dir='ltr'><strong>quod</strong></span> <span class='ocrx_word' id='word_1_261' title='bbox 3154 2026 3592 2099; x_wconf 79' lang='lat' dir='ltr'><strong>recidivanteS,</strong></span> <span class='ocrx_word' id='word_1_262' title='bbox 3607 2025 3674 2087; x_wconf 92' lang='lat' dir='ltr'><strong>in</strong></span> <span class='ocrx_word' id='word_1_263' title='bbox 3701 2026 3870 2087; x_wconf 88' lang='lat' dir='ltr'><strong>iram</strong></span> 
     </span>
     <span class='ocr_line' id='line_1_41' title="bbox 2369 2122 3864 2205; baseline 0 -20"><span class='ocrx_word' id='word_1_264' title='bbox 2369 2142 2562 2205; x_wconf 88' lang='lat' dir='ltr'><strong>quam</strong></span> <span class='ocrx_word' id='word_1_265' title='bbox 2621 2123 2989 2205; x_wconf 89' lang='lat' dir='ltr'><strong>poenitendo</strong></span> <span class='ocrx_word' id='word_1_266' title='bbox 3039 2122 3419 2205; x_wconf 76' lang='lat' dir='ltr'><strong>effugerant,</strong></span> <span class='ocrx_word' id='word_1_267' title='bbox 3467 2123 3864 2186; x_wconf 89' lang='lat' dir='ltr'><strong>relabuntur.</strong></span> 
     </span>
     <span class='ocr_line' id='line_1_42' title="bbox 2369 2222 3871 2304; baseline 0.001 -21"><span class='ocrx_word' id='word_1_268' title='bbox 2369 2222 2633 2284; x_wconf 91' lang='lat' dir='ltr'><strong>Summa</strong></span> <span class='ocrx_word' id='word_1_269' title='bbox 2663 2229 2875 2285; x_wconf 87' lang='lat' dir='ltr'><strong>autem</strong></span> <span class='ocrx_word' id='word_1_270' title='bbox 2905 2223 3195 2285; x_wconf 91' lang='lat' dir='ltr'><strong>omnium</strong></span> <span class='ocrx_word' id='word_1_271' title='bbox 3233 2222 3462 2285; x_wconf 91' lang='lat' dir='ltr'><strong>horum</strong></span> <span class='ocrx_word' id='word_1_272' title='bbox 3493 2229 3610 2297; x_wconf 92' lang='lat' dir='ltr'><strong>est,</strong></span> <span class='ocrx_word' id='word_1_273' title='bbox 3643 2240 3871 2304; x_wconf 87' lang='lat' dir='ltr'><strong>poenas</strong></span> 
     </span>
     <span class='ocr_line' id='line_1_43' title="bbox 2367 2321 3870 2403; baseline 0.001 -21"><span class='ocrx_word' id='word_1_274' title='bbox 2367 2327 2775 2402; x_wconf 91' lang='lat' dir='ltr'><strong>peccatorum</strong></span> <span class='ocrx_word' id='word_1_275' title='bbox 2811 2321 2946 2403; x_wconf 85' lang='lat' dir='ltr'><strong>jam</strong></span> <span class='ocrx_word' id='word_1_276' title='bbox 2976 2321 3387 2383; x_wconf 89' lang='lat' dir='ltr'><strong>dimissorum</strong></span> <span class='ocrx_word' id='word_1_277' title='bbox 3422 2321 3630 2383; x_wconf 88' lang='lat' dir='ltr'><strong>redire</strong></span> <span class='ocrx_word' id='word_1_278' title='bbox 3659 2340 3738 2383; x_wconf 87' lang='lat' dir='ltr'><strong>ex</strong></span> <span class='ocrx_word' id='word_1_279' title='bbox 3771 2321 3870 2383; x_wconf 91' lang='lat' dir='ltr'><strong>in-</strong></span> 
     </span>
     <span class='ocr_line' id='line_1_44' title="bbox 2366 2417 3869 2501; baseline 0 -20"><span class='ocrx_word' id='word_1_280' title='bbox 2366 2425 2546 2499; x_wconf 90' lang='lat' dir='ltr'><strong>tegro</strong></span> <span class='ocrx_word' id='word_1_281' title='bbox 2591 2419 2670 2481; x_wconf 90' lang='lat' dir='ltr'><strong>de</strong></span> <span class='ocrx_word' id='word_1_282' title='bbox 2715 2419 2861 2500; x_wconf 86' lang='lat' dir='ltr'><strong>jure</strong></span> <span class='ocrx_word' id='word_1_283' title='bbox 2919 2427 3109 2501; x_wconf 89' lang='lat' dir='ltr'><strong>atque</strong></span> <span class='ocrx_word' id='word_1_284' title='bbox 3164 2418 3435 2501; x_wconf 86' lang='lat' dir='ltr'><strong>justitia,</strong></span> <span class='ocrx_word' id='word_1_285' title='bbox 3489 2417 3589 2482; x_wconf 92' lang='lat' dir='ltr'><strong>vel</strong></span> <span class='ocrx_word' id='word_1_286' title='bbox 3652 2420 3869 2501; x_wconf 90' lang='lat' dir='ltr'><strong>potius</strong></span> 
     </span>
     <span class='ocr_line' id='line_1_45' title="bbox 2369 2516 3870 2599; baseline 0.001 -21"><span class='ocrx_word' id='word_1_287' title='bbox 2369 2516 2540 2598; x_wconf 91' lang='lat' dir='ltr'><strong>ipsos</strong></span> <span class='ocrx_word' id='word_1_288' title='bbox 2585 2526 2948 2599; x_wconf 88' lang='lat' dir='ltr'><strong>peccatores</strong></span> <span class='ocrx_word' id='word_1_289' title='bbox 2996 2517 3418 2581; x_wconf 89' lang='lat' dir='ltr'><strong>recidivantes</strong></span> <span class='ocrx_word' id='word_1_290' title='bbox 3467 2518 3750 2581; x_wconf 88' lang='lat' dir='ltr'><strong>recidere</strong></span> <span class='ocrx_word' id='word_1_291' title='bbox 3789 2536 3870 2580; x_wconf 89' lang='lat' dir='ltr'><strong>ac</strong></span> 
     </span>
     <span class='ocr_line' id='line_1_46' title="bbox 2369 2614 3870 2698; baseline 0.001 -23"><span class='ocrx_word' id='word_1_292' title='bbox 2369 2614 2576 2677; x_wconf 88' lang='lat' dir='ltr'><strong>redire</strong></span> <span class='ocrx_word' id='word_1_293' title='bbox 2627 2615 2692 2677; x_wconf 91' lang='lat' dir='ltr'><strong>in</strong></span> <span class='ocrx_word' id='word_1_294' title='bbox 2741 2616 2934 2697; x_wconf 92' lang='lat' dir='ltr'><strong>ipsas,</strong></span> <span class='ocrx_word' id='word_1_295' title='bbox 2976 2623 3287 2698; x_wconf 88' lang='lat' dir='ltr'><strong>quantum</strong></span> <span class='ocrx_word' id='word_1_296' title='bbox 3339 2622 3437 2677; x_wconf 92' lang='lat' dir='ltr'><strong>est</strong></span> <span class='ocrx_word' id='word_1_297' title='bbox 3476 2616 3555 2677; x_wconf 91' lang='lat' dir='ltr'><strong>de</strong></span> <span class='ocrx_word' id='word_1_298' title='bbox 3595 2616 3742 2696; x_wconf 89' lang='lat' dir='ltr'><strong>jure</strong></span> <span class='ocrx_word' id='word_1_299' title='bbox 3790 2633 3870 2677; x_wconf 89' lang='lat' dir='ltr'><strong>ac</strong></span> 
     </span>
     <span class='ocr_line' id='line_1_47' title="bbox 2364 2712 3869 2792; baseline 0.003 -20"><span class='ocrx_word' id='word_1_300' title='bbox 2364 2712 2614 2792; x_wconf 85' lang='lat' dir='ltr'><strong>justitia</strong></span> <span class='ocrx_word' id='word_1_301' title='bbox 2649 2714 3043 2777; x_wconf 88' lang='lat' dir='ltr'><strong>meritorum.</strong></span> <span class='ocrx_word' id='word_1_302' title='bbox 3080 2714 3265 2777; x_wconf 88' lang='lat' dir='ltr'><strong>Fines</strong></span> <span class='ocrx_word' id='word_1_303' title='bbox 3297 2730 3448 2776; x_wconf 89' lang='lat' dir='ltr'><strong>vero</strong></span> <span class='ocrx_word' id='word_1_304' title='bbox 3477 2733 3590 2777; x_wconf 90' lang='lat' dir='ltr'><strong>seu</strong></span> <span class='ocrx_word' id='word_1_305' title='bbox 3625 2713 3869 2777; x_wconf 91' lang='lat' dir='ltr'><strong>limites</strong></span> 
     </span>
     <span class='ocr_line' id='line_1_48' title="bbox 2369 2811 3869 2895; baseline 0.002 -22"><span class='ocrx_word' id='word_1_306' title='bbox 2369 2811 2822 2875; x_wconf 88' lang='lat' dir='ltr'><strong>misericordiae</strong></span> <span class='ocrx_word' id='word_1_307' title='bbox 2865 2812 2998 2887; x_wconf 91' lang='lat' dir='ltr'><strong>Dei,</strong></span> <span class='ocrx_word' id='word_1_308' title='bbox 3031 2830 3149 2875; x_wconf 91' lang='lat' dir='ltr'><strong>nec</strong></span> <span class='ocrx_word' id='word_1_309' title='bbox 3191 2812 3296 2875; x_wconf 91' lang='lat' dir='ltr'><strong>hic</strong></span> <span class='ocrx_word' id='word_1_310' title='bbox 3343 2831 3462 2875; x_wconf 90' lang='lat' dir='ltr'><strong>nec</strong></span> <span class='ocrx_word' id='word_1_311' title='bbox 3504 2812 3658 2876; x_wconf 84' lang='lat' dir='ltr'><strong>alibi</strong></span> <span class='ocrx_word' id='word_1_312' title='bbox 3707 2832 3869 2895; x_wconf 78' lang='lat' dir='ltr'><strong>prae-</strong></span> 
     </span>
     <span class='ocr_line' id='line_1_49' title="bbox 2367 2908 3868 2975; baseline 0.001 -4"><span class='ocrx_word' id='word_1_313' title='bbox 2367 2908 2713 2972; x_wconf 90' lang='lat' dir='ltr'><strong>scribimus</strong></span> <span class='ocrx_word' id='word_1_314' title='bbox 2750 2918 2861 2972; x_wconf 87' lang='lat' dir='ltr'><strong>aut</strong></span> <span class='ocrx_word' id='word_1_315' title='bbox 2898 2919 3216 2973; x_wconf 89' lang='lat' dir='ltr'><strong>arctamus</strong></span> <span class='ocrx_word' id='word_1_316' title='bbox 3250 2930 3265 2975; x_wconf 76' lang='grc' dir='ltr'><strong><em>ε</em></strong></span> <span class='ocrx_word' id='word_1_317' title='bbox 3301 2912 3431 2973; x_wconf 91' lang='lat' dir='ltr'><strong>imo</strong></span> <span class='ocrx_word' id='word_1_318' title='bbox 3472 2912 3868 2974; x_wconf 88' lang='lat' dir='ltr'><strong>immensita-</strong></span> 
     </span>
    </p>
   </div>
   <div class='ocr_carea' id='block_1_10' title="bbox 760 3002 3872 3091">
    <p class='ocr_par' dir='ltr' id='par_1_10' title="bbox 760 3002 3872 3091">
     <span class='ocr_line' id='line_1_50' title="bbox 760 3002 3872 3091; baseline 0.002 -26"><span class='ocrx_word' id='word_1_319' title='bbox 760 3002 1061 3083; x_wconf 84' lang='lat' dir='ltr'><strong>indulsit3</strong></span> <span class='ocrx_word' id='word_1_320' title='bbox 1094 3004 1553 3086; x_wconf 89' lang='lat' dir='ltr'><strong>respondemus</strong></span> <span class='ocrx_word' id='word_1_321' title='bbox 1582 3005 1753 3086; x_wconf 89' lang='lat' dir='ltr'><strong>quod</strong></span> <span class='ocrx_word' id='word_1_322' title='bbox 1784 3005 1934 3077; x_wconf 91' lang='lat' dir='ltr'><strong>im0,</strong></span> <span class='ocrx_word' id='word_1_323' title='bbox 1954 3006 2256 3087; x_wconf 90' lang='lat' dir='ltr'><strong>quoniam</strong></span> <span class='ocrx_word' id='word_1_324' title='bbox 2295 3004 2338 3069; x_wconf 91' lang='lat' dir='ltr'>C</span> <span class='ocrx_word' id='word_1_325' title='bbox 2368 3015 2498 3069; x_wconf 89' lang='lat' dir='ltr'><strong>tem</strong></span> <span class='ocrx_word' id='word_1_326' title='bbox 2547 3008 2688 3088; x_wconf 89' lang='lat' dir='ltr'><strong>ejus</strong></span> <span class='ocrx_word' id='word_1_327' title='bbox 2732 3008 2972 3090; x_wconf 84' lang='lat' dir='ltr'><strong>jugiter</strong></span> <span class='ocrx_word' id='word_1_328' title='bbox 3016 3027 3400 3071; x_wconf 88' lang='lat' dir='ltr'><strong>veneramur</strong></span> <span class='ocrx_word' id='word_1_329' title='bbox 3443 3028 3518 3073; x_wconf 90' lang='lat' dir='ltr'><strong>ac</strong></span> <span class='ocrx_word' id='word_1_330' title='bbox 3566 3010 3872 3091; x_wconf 81' lang='lat' dir='ltr'><strong>praedica-</strong></span> 
     </span>
    </p>
   </div>
   <div class='ocr_carea' id='block_1_11' title="bbox 753 3102 2258 4166">
    <p class='ocr_par' dir='ltr' id='par_1_11' title="bbox 756 3102 2258 3559">
     <span class='ocr_line' id='line_1_51' title="bbox 762 3102 2258 3186; baseline 0.001 -21"><span class='ocrx_word' id='word_1_331' title='bbox 762 3102 900 3186; x_wconf 90' lang='lat' dir='ltr'><strong>ipse</strong></span> <span class='ocrx_word' id='word_1_332' title='bbox 931 3104 1098 3166; x_wconf 89' lang='lat' dir='ltr'><strong>Deus</strong></span> <span class='ocrx_word' id='word_1_333' title='bbox 1128 3110 1393 3165; x_wconf 89' lang='lat' dir='ltr'><strong>testatus</strong></span> <span class='ocrx_word' id='word_1_334' title='bbox 1424 3110 1539 3178; x_wconf 90' lang='lat' dir='ltr'><strong>est,</strong></span> <span class='ocrx_word' id='word_1_335' title='bbox 1563 3103 1693 3178; x_wconf 90' lang='lat' dir='ltr'><strong>Qua</strong></span> <span class='ocrx_word' id='word_1_336' title='bbox 1724 3122 2022 3167; x_wconf 88' lang='lat' dir='ltr'><strong>mensura</strong></span> <span class='ocrx_word' id='word_1_337' title='bbox 2051 3104 2258 3167; x_wconf 88' lang='lat' dir='ltr'><strong>mensi</strong></span> 
     </span>
     <span class='ocr_line' id='line_1_52' title="bbox 758 3201 2258 3285; baseline 0.001 -21"><span class='ocrx_word' id='word_1_338' title='bbox 758 3201 1033 3276; x_wconf 90' lang='lat' dir='ltr'><strong>fueritis,</strong></span> <span class='ocrx_word' id='word_1_339' title='bbox 1084 3202 1457 3264; x_wconf 88' lang='lat' dir='ltr'><strong>remetietur</strong></span> <span class='ocrx_word' id='word_1_340' title='bbox 1504 3201 1706 3265; x_wconf 89' lang='lat' dir='ltr'><strong>vobis.</strong></span> <span class='ocrx_word' id='word_1_341' title='bbox 1758 3203 1902 3266; x_wconf 82' lang='lat' dir='ltr'><strong>Haec</strong></span> <span class='ocrx_word' id='word_1_342' title='bbox 1959 3211 2055 3266; x_wconf 91' lang='lat' dir='ltr'><strong>est</strong></span> <span class='ocrx_word' id='word_1_343' title='bbox 2106 3222 2258 3285; x_wconf 89' lang='lat' dir='ltr'><strong>ergo</strong></span> 
     </span>
     <span class='ocr_line' id='line_1_53' title="bbox 756 3299 2258 3383; baseline 0.001 -21"><span class='ocrx_word' id='word_1_344' title='bbox 756 3300 1004 3382; x_wconf 87' lang='lat' dir='ltr'><strong>justitia</strong></span> <span class='ocrx_word' id='word_1_345' title='bbox 1052 3306 1311 3383; x_wconf 89' lang='lat' dir='ltr'><strong>propter</strong></span> <span class='ocrx_word' id='word_1_346' title='bbox 1358 3319 1551 3382; x_wconf 91' lang='lat' dir='ltr'><strong>quam</strong></span> <span class='ocrx_word' id='word_1_347' title='bbox 1594 3299 1859 3363; x_wconf 84' lang='lat' dir='ltr'><strong>dimissa</strong></span> <span class='ocrx_word' id='word_1_348' title='bbox 1904 3301 2116 3365; x_wconf 88' lang='lat' dir='ltr'><strong>debita</strong></span> <span class='ocrx_word' id='word_1_349' title='bbox 2165 3321 2258 3364; x_wconf 92' lang='lat' dir='ltr'><strong>re-</strong></span> 
     </span>
     <span class='ocr_line' id='line_1_54' title="bbox 760 3399 2255 3482; baseline 0.002 -22"><span class='ocrx_word' id='word_1_350' title='bbox 760 3406 1086 3482; x_wconf 90' lang='lat' dir='ltr'><strong>petuntur,</strong></span> <span class='ocrx_word' id='word_1_351' title='bbox 1120 3399 1422 3481; x_wconf 84' lang='lat' dir='ltr'><strong>quoniam</strong></span> <span class='ocrx_word' id='word_1_352' title='bbox 1462 3399 1839 3462; x_wconf 88' lang='lat' dir='ltr'><strong>dimittenda</strong></span> <span class='ocrx_word' id='word_1_353' title='bbox 1878 3418 2004 3463; x_wconf 91' lang='lat' dir='ltr'><strong>non</strong></span> <span class='ocrx_word' id='word_1_354' title='bbox 2043 3401 2255 3463; x_wconf 91' lang='lat' dir='ltr'><strong>dimit-</strong></span> 
     </span>
     <span class='ocr_line' id='line_1_55' title="bbox 758 3504 1000 3559; baseline -0.004 0"><span class='ocrx_word' id='word_1_355' title='bbox 758 3504 1000 3559; x_wconf 91' lang='lat' dir='ltr'><strong>tuntur.</strong></span> 
     </span>
    </p>

    <p class='ocr_par' dir='ltr' id='par_1_12' title="bbox 753 3594 2256 4166">
     <span class='ocr_line' id='line_1_56' title="bbox 838 3594 2255 3678; baseline 0.001 -20"><span class='ocrx_word' id='word_1_356' title='bbox 838 3594 1101 3658; x_wconf 88' lang='lat' dir='ltr'><strong>Accedit</strong></span> <span class='ocrx_word' id='word_1_357' title='bbox 1131 3595 1208 3657; x_wconf 88' lang='lat' dir='ltr'><strong>ad</strong></span> <span class='ocrx_word' id='word_1_358' title='bbox 1248 3595 1367 3658; x_wconf 92' lang='lat' dir='ltr'><strong>hoc</strong></span> <span class='ocrx_word' id='word_1_359' title='bbox 1398 3603 1461 3658; x_wconf 90' lang='lat' dir='ltr'><strong>et</strong></span> <span class='ocrx_word' id='word_1_360' title='bbox 1489 3595 1898 3676; x_wconf 85' lang='lat' dir='ltr'><strong>ingratitudo,</strong></span> <span class='ocrx_word' id='word_1_361' title='bbox 1931 3597 2117 3677; x_wconf 88' lang='lat' dir='ltr'><strong>cujus</strong></span> <span class='ocrx_word' id='word_1_362' title='bbox 2152 3597 2255 3678; x_wconf 85' lang='lat' dir='ltr'><strong>ju-</strong></span> 
     </span>
     <span class='ocr_line' id='line_1_57' title="bbox 758 3691 2256 3775; baseline 0.001 -21"><span class='ocrx_word' id='word_1_363' title='bbox 758 3691 1041 3754; x_wconf 89' lang='lat' dir='ltr'><strong>stissima</strong></span> <span class='ocrx_word' id='word_1_364' title='bbox 1084 3710 1273 3773; x_wconf 88' lang='lat' dir='ltr'><strong>poena</strong></span> <span class='ocrx_word' id='word_1_365' title='bbox 1314 3699 1430 3766; x_wconf 91' lang='lat' dir='ltr'><strong>est,</strong></span> <span class='ocrx_word' id='word_1_366' title='bbox 1466 3699 1535 3754; x_wconf 91' lang='lat' dir='ltr'><strong>ut</strong></span> <span class='ocrx_word' id='word_1_367' title='bbox 1576 3691 1897 3756; x_wconf 89' lang='lat' dir='ltr'><strong>beneficio</strong></span> <span class='ocrx_word' id='word_1_368' title='bbox 1938 3693 2083 3755; x_wconf 88' lang='lat' dir='ltr'><strong>dato</strong></span> <span class='ocrx_word' id='word_1_369' title='bbox 2126 3693 2256 3775; x_wconf 91' lang='lat' dir='ltr'><strong>pri-</strong></span> 
     </span>
     <span class='ocr_line' id='line_1_58' title="bbox 757 3789 2254 3872; baseline 0.001 -20"><span class='ocrx_word' id='word_1_370' title='bbox 757 3797 965 3852; x_wconf 84' lang='lat' dir='ltr'><strong>vetur.</strong></span> <span class='ocrx_word' id='word_1_371' title='bbox 1001 3789 1075 3851; x_wconf 82' lang='lat' dir='ltr'><strong>Et</strong></span> <span class='ocrx_word' id='word_1_372' title='bbox 1106 3789 1193 3852; x_wconf 89' lang='lat' dir='ltr'><strong>ita</strong></span> <span class='ocrx_word' id='word_1_373' title='bbox 1220 3790 1480 3872; x_wconf 78' lang='lat' dir='ltr'><strong>aequalis</strong></span> <span class='ocrx_word' id='word_1_374' title='bbox 1510 3790 1835 3872; x_wconf 87' lang='lat' dir='ltr'><strong>gravitatis</strong></span> <span class='ocrx_word' id='word_1_375' title='bbox 1866 3809 2003 3854; x_wconf 92' lang='lat' dir='ltr'><strong>esse</strong></span> <span class='ocrx_word' id='word_1_376' title='bbox 2032 3791 2254 3854; x_wconf 91' lang='lat' dir='ltr'><strong>viden-</strong></span> 
     </span>
     <span class='ocr_line' id='line_1_59' title="bbox 755 3888 2254 3971; baseline 0.003 -22"><span class='ocrx_word' id='word_1_377' title='bbox 755 3894 861 3949; x_wconf 91' lang='lat' dir='ltr'><strong>tur</strong></span> <span class='ocrx_word' id='word_1_378' title='bbox 892 3888 1392 3970; x_wconf 91' lang='lat' dir='ltr'><strong>unumquodque</strong></span> <span class='ocrx_word' id='word_1_379' title='bbox 1422 3895 1753 3970; x_wconf 87' lang='lat' dir='ltr'><strong>peccatum</strong></span> <span class='ocrx_word' id='word_1_380' title='bbox 1786 3897 1849 3951; x_wconf 90' lang='lat' dir='ltr'><strong>et</strong></span> <span class='ocrx_word' id='word_1_381' title='bbox 1881 3889 2254 3971; x_wconf 88' lang='lat' dir='ltr'><strong>ingratitudo</strong></span> 
     </span>
     <span class='ocr_line' id='line_1_60' title="bbox 756 3985 2254 4070; baseline 0.001 -21"><span class='ocrx_word' id='word_1_382' title='bbox 756 3987 835 4049; x_wconf 90' lang='lat' dir='ltr'><strong>de</strong></span> <span class='ocrx_word' id='word_1_383' title='bbox 885 3985 1260 4048; x_wconf 88' lang='lat' dir='ltr'><strong>remissione</strong></span> <span class='ocrx_word' id='word_1_384' title='bbox 1307 3987 1509 4068; x_wconf 90' lang='lat' dir='ltr'><strong>ipsius</strong></span> <span class='ocrx_word' id='word_1_385' title='bbox 1552 4004 1567 4048; x_wconf 91' lang='lat'><strong>:</strong></span> <span class='ocrx_word' id='word_1_386' title='bbox 1610 3996 1675 4049; x_wconf 92' lang='lat' dir='ltr'><strong>et</strong></span> <span class='ocrx_word' id='word_1_387' title='bbox 1717 3988 1803 4050; x_wconf 86' lang='lat' dir='ltr'><strong>ita</strong></span> <span class='ocrx_word' id='word_1_388' title='bbox 1850 3997 2111 4070; x_wconf 89' lang='lat' dir='ltr'><strong>propter</strong></span> <span class='ocrx_word' id='word_1_389' title='bbox 2159 3989 2254 4050; x_wconf 92' lang='lat' dir='ltr'><strong>in-</strong></span> 
     </span>
     <span class='ocr_line' id='line_1_61' title="bbox 753 4083 2254 4166; baseline 0.001 -20"><span class='ocrx_word' id='word_1_390' title='bbox 753 4083 1209 4166; x_wconf 86' lang='lat' dir='ltr'><strong>gratitudinem</strong></span> <span class='ocrx_word' id='word_1_391' title='bbox 1252 4084 1423 4165; x_wconf 84' lang='lat' dir='ltr'><strong>juste</strong></span> <span class='ocrx_word' id='word_1_392' title='bbox 1471 4084 1758 4147; x_wconf 78' lang='lat' dir='ltr'><strong>aufertur</strong></span> <span class='ocrx_word' id='word_1_393' title='bbox 1802 4104 1877 4147; x_wconf 91' lang='lat' dir='ltr'><strong>ac</strong></span> <span class='ocrx_word' id='word_1_394' title='bbox 1922 4095 2254 4150; x_wconf 87' lang='lat' dir='ltr'><strong>revocatur</strong></span> 
     </span>
    </p>
   </div>
   <div class='ocr_carea' id='block_1_12' title="bbox 2362 3106 3870 4172">
    <p class='ocr_par' dir='ltr' id='par_1_13' title="bbox 2367 3106 3256 3172">
     <span class='ocr_line' id='line_1_62' title="bbox 2367 3106 3256 3172; baseline 0.002 -4"><span class='ocrx_word' id='word_1_395' title='bbox 2367 3126 2531 3170; x_wconf 89' lang='lat' dir='ltr'><strong>mus.</strong></span> <span class='ocrx_word' id='word_1_396' title='bbox 2565 3143 2646 3152; x_wconf 91' lang='lat'><strong>—</strong></span> <span class='ocrx_word' id='word_1_397' title='bbox 2675 3106 2817 3171; x_wconf 80' lang='lat' dir='ltr'><strong>Haec</strong></span> <span class='ocrx_word' id='word_1_398' title='bbox 2857 3107 3256 3172; x_wconf 88' lang='lat' dir='ltr'><strong>Guillelmus.</strong></span> 
     </span>
    </p>

    <p class='ocr_par' dir='ltr' id='par_1_14' title="bbox 2362 3205 3870 4172">
     <span class='ocr_line' id='line_1_63' title="bbox 2447 3205 3870 3289; baseline 0.004 -22"><span class='ocrx_word' id='word_1_399' title='bbox 2447 3205 2564 3279; x_wconf 90' lang='lat' dir='ltr'><strong>Qui</strong></span> <span class='ocrx_word' id='word_1_400' title='bbox 2603 3207 2682 3268; x_wconf 93' lang='lat' dir='ltr'><strong>de</strong></span> <span class='ocrx_word' id='word_1_401' title='bbox 2721 3206 2822 3268; x_wconf 87' lang='lat' dir='ltr'><strong>his</strong></span> <span class='ocrx_word' id='word_1_402' title='bbox 2861 3207 3086 3269; x_wconf 87' lang='lat' dir='ltr'><strong>scribit</strong></span> <span class='ocrx_word' id='word_1_403' title='bbox 3122 3207 3381 3282; x_wconf 87' lang='lat' dir='ltr'><strong>diffuse,</strong></span> <span class='ocrx_word' id='word_1_404' title='bbox 3414 3226 3487 3269; x_wconf 89' lang='lat' dir='ltr'><strong>ac</strong></span> <span class='ocrx_word' id='word_1_405' title='bbox 3524 3207 3870 3289; x_wconf 83' lang='lat' dir='ltr'><strong>diligenter</strong></span> 
     </span>
     <span class='ocr_line' id='line_1_64' title="bbox 2369 3302 3868 3387; baseline 0.003 -23"><span class='ocrx_word' id='word_1_406' title='bbox 2369 3302 2602 3384; x_wconf 89' lang='lat' dir='ltr'><strong>legenti</strong></span> <span class='ocrx_word' id='word_1_407' title='bbox 2632 3303 3042 3367; x_wconf 88' lang='lat' dir='ltr'><strong>formidinem</strong></span> <span class='ocrx_word' id='word_1_408' title='bbox 3083 3305 3313 3368; x_wconf 88' lang='lat' dir='ltr'><strong>incutit</strong></span> <span class='ocrx_word' id='word_1_409' title='bbox 3339 3306 3663 3387; x_wconf 88' lang='lat' dir='ltr'><strong>grandem.</strong></span> <span class='ocrx_word' id='word_1_410' title='bbox 3697 3307 3868 3370; x_wconf 86' lang='lat' dir='ltr'><strong>Alia-</strong></span> 
     </span>
     <span class='ocr_line' id='line_1_65' title="bbox 2366 3403 3868 3487; baseline 0.004 -25"><span class='ocrx_word' id='word_1_411' title='bbox 2366 3420 2510 3463; x_wconf 90' lang='lat' dir='ltr'><strong>rum</strong></span> <span class='ocrx_word' id='word_1_412' title='bbox 2569 3403 2762 3464; x_wconf 90' lang='lat' dir='ltr'><strong>etiam</strong></span> <span class='ocrx_word' id='word_1_413' title='bbox 2819 3403 3196 3485; x_wconf 89' lang='lat' dir='ltr'><strong>opinionum</strong></span> <span class='ocrx_word' id='word_1_414' title='bbox 3255 3403 3444 3467; x_wconf 90' lang='lat' dir='ltr'><strong>solvit</strong></span> <span class='ocrx_word' id='word_1_415' title='bbox 3497 3404 3750 3485; x_wconf 86' lang='lat' dir='ltr'><strong>objecta</strong></span> <span class='ocrx_word' id='word_1_416' title='bbox 3798 3414 3868 3487; x_wconf 72' lang='lat' dir='ltr'><strong>et</strong></span> 
     </span>
     <span class='ocr_line' id='line_1_66' title="bbox 2367 3500 3866 3585; baseline 0.003 -23"><span class='ocrx_word' id='word_1_417' title='bbox 2367 3500 2602 3562; x_wconf 91' lang='lat' dir='ltr'><strong>sentire</strong></span> <span class='ocrx_word' id='word_1_418' title='bbox 2637 3500 2909 3575; x_wconf 90' lang='lat' dir='ltr'><strong>videtur,</strong></span> <span class='ocrx_word' id='word_1_419' title='bbox 2942 3502 3112 3583; x_wconf 89' lang='lat' dir='ltr'><strong>quod</strong></span> <span class='ocrx_word' id='word_1_420' title='bbox 3151 3519 3280 3564; x_wconf 88' lang='lat' dir='ltr'><strong>non</strong></span> <span class='ocrx_word' id='word_1_421' title='bbox 3319 3502 3525 3565; x_wconf 90' lang='lat' dir='ltr'><strong>solum</strong></span> <span class='ocrx_word' id='word_1_422' title='bbox 3566 3522 3682 3585; x_wconf 92' lang='lat' dir='ltr'><strong>per</strong></span> <span class='ocrx_word' id='word_1_423' title='bbox 3712 3523 3866 3585; x_wconf 89' lang='lat' dir='ltr'><strong>qua-</strong></span> 
     </span>
     <span class='ocr_line' id='line_1_67' title="bbox 2365 3597 3864 3683; baseline 0.004 -25"><span class='ocrx_word' id='word_1_424' title='bbox 2365 3605 2510 3661; x_wconf 91' lang='lat' dir='ltr'><strong>tuor</strong></span> <span class='ocrx_word' id='word_1_425' title='bbox 2557 3597 2816 3680; x_wconf 79' lang='lat' dir='ltr'><strong>praefata</strong></span> <span class='ocrx_word' id='word_1_426' title='bbox 2864 3607 3145 3681; x_wconf 86' lang='lat' dir='ltr'><strong>peccata,</strong></span> <span class='ocrx_word' id='word_1_427' title='bbox 3197 3602 3308 3663; x_wconf 89' lang='lat' dir='ltr'><strong>sed</strong></span> <span class='ocrx_word' id='word_1_428' title='bbox 3357 3607 3417 3662; x_wconf 89' lang='lat' dir='ltr'><strong>et</strong></span> <span class='ocrx_word' id='word_1_429' title='bbox 3467 3619 3582 3683; x_wconf 92' lang='lat' dir='ltr'><strong>per</strong></span> <span class='ocrx_word' id='word_1_430' title='bbox 3627 3621 3864 3664; x_wconf 89' lang='lat' dir='ltr'><strong>unum-</strong></span> 
     </span>
     <span class='ocr_line' id='line_1_68' title="bbox 2364 3696 3868 3781; baseline 0.004 -24"><span class='ocrx_word' id='word_1_431' title='bbox 2364 3696 2663 3778; x_wconf 89' lang='lat' dir='ltr'><strong>quodque</strong></span> <span class='ocrx_word' id='word_1_432' title='bbox 2713 3697 2979 3760; x_wconf 87' lang='lat' dir='ltr'><strong>mortale</strong></span> <span class='ocrx_word' id='word_1_433' title='bbox 3027 3705 3362 3780; x_wconf 89' lang='lat' dir='ltr'><strong>peccatum</strong></span> <span class='ocrx_word' id='word_1_434' title='bbox 3408 3717 3538 3781; x_wconf 90' lang='lat' dir='ltr'><strong>quo</strong></span> <span class='ocrx_word' id='word_1_435' title='bbox 3584 3700 3730 3781; x_wconf 89' lang='lat' dir='ltr'><strong>quis</strong></span> <span class='ocrx_word' id='word_1_436' title='bbox 3771 3719 3868 3764; x_wconf 89' lang='lat' dir='ltr'><strong>re-</strong></span> 
     </span>
     <span class='ocr_line' id='line_1_69' title="bbox 2363 3793 3866 3879; baseline 0.005 -24"><span class='ocrx_word' id='word_1_437' title='bbox 2363 3793 2620 3869; x_wconf 91' lang='lat' dir='ltr'><strong>cidivat,</strong></span> <span class='ocrx_word' id='word_1_438' title='bbox 2655 3795 2951 3858; x_wconf 89' lang='lat' dir='ltr'><strong>universa</strong></span> <span class='ocrx_word' id='word_1_439' title='bbox 2995 3804 3252 3879; x_wconf 88' lang='lat' dir='ltr'><strong>peccata</strong></span> <span class='ocrx_word' id='word_1_440' title='bbox 3289 3797 3552 3860; x_wconf 87' lang='lat' dir='ltr'><strong>dimissa</strong></span> <span class='ocrx_word' id='word_1_441' title='bbox 3591 3799 3866 3862; x_wconf 90' lang='lat' dir='ltr'><strong>redeunt</strong></span> 
     </span>
     <span class='ocr_line' id='line_1_70' title="bbox 2363 3894 3865 3978; baseline 0.005 -25"><span class='ocrx_word' id='word_1_442' title='bbox 2363 3900 2672 3974; x_wconf 90' lang='lat' dir='ltr'><strong>quantum</strong></span> <span class='ocrx_word' id='word_1_443' title='bbox 2709 3894 2788 3955; x_wconf 89' lang='lat' dir='ltr'><strong>ad</strong></span> <span class='ocrx_word' id='word_1_444' title='bbox 2828 3912 3084 3975; x_wconf 89' lang='lat' dir='ltr'><strong>poenam</strong></span> <span class='ocrx_word' id='word_1_445' title='bbox 3119 3912 3133 3956; x_wconf 74' lang='grc' dir='ltr'>ε</span> <span class='ocrx_word' id='word_1_446' title='bbox 3166 3896 3335 3976; x_wconf 91' lang='lat' dir='ltr'><strong>quod</strong></span> <span class='ocrx_word' id='word_1_447' title='bbox 3375 3904 3438 3958; x_wconf 90' lang='lat' dir='ltr'><strong>et</strong></span> <span class='ocrx_word' id='word_1_448' title='bbox 3475 3915 3589 3978; x_wconf 89' lang='lat' dir='ltr'><strong>per</strong></span> <span class='ocrx_word' id='word_1_449' title='bbox 3627 3897 3865 3960; x_wconf 84' lang='lat' dir='ltr'><strong>multas</strong></span> 
     </span>
     <span class='ocr_line' id='line_1_71' title="bbox 2362 3990 3868 4076; baseline 0.003 -22"><span class='ocrx_word' id='word_1_450' title='bbox 2362 3990 2809 4055; x_wconf 88' lang='lat' dir='ltr'><strong>similitudines</strong></span> <span class='ocrx_word' id='word_1_451' title='bbox 2839 3992 3074 4074; x_wconf 81' lang='lat' dir='ltr'><strong>probat</strong></span> <span class='ocrx_word' id='word_1_452' title='bbox 3091 3994 3344 4076; x_wconf 87' lang='lat' dir='ltr'><strong>Hocque</strong></span> <span class='ocrx_word' id='word_1_453' title='bbox 3373 3995 3452 4056; x_wconf 90' lang='lat' dir='ltr'><strong>ad</strong></span> <span class='ocrx_word' id='word_1_454' title='bbox 3481 3994 3690 4058; x_wconf 90' lang='lat' dir='ltr'><strong>minus</strong></span> <span class='ocrx_word' id='word_1_455' title='bbox 3719 4012 3868 4059; x_wconf 90' lang='lat' dir='ltr'><strong>con-</strong></span> 
     </span>
     <span class='ocr_line' id='line_1_72' title="bbox 2363 4088 3864 4172; baseline 0.004 -21"><span class='ocrx_word' id='word_1_456' title='bbox 2363 4088 2582 4162; x_wconf 87' lang='lat' dir='ltr'><strong>vincit,</strong></span> <span class='ocrx_word' id='word_1_457' title='bbox 2601 4090 2770 4172; x_wconf 93' lang='lat' dir='ltr'><strong>quod</strong></span> <span class='ocrx_word' id='word_1_458' title='bbox 2803 4097 3060 4172; x_wconf 87' lang='lat' dir='ltr'><strong>peccata</strong></span> <span class='ocrx_word' id='word_1_459' title='bbox 3089 4092 3520 4165; x_wconf 90' lang='lat' dir='ltr'><strong>vehementer,</strong></span> <span class='ocrx_word' id='word_1_460' title='bbox 3539 4093 3672 4156; x_wconf 91' lang='lat' dir='ltr'><strong>imo</strong></span> <span class='ocrx_word' id='word_1_461' title='bbox 3701 4094 3864 4157; x_wconf 89' lang='lat' dir='ltr'><strong>inef-</strong></span> 
     </span>
    </p>
   </div>
   <div class='ocr_carea' id='block_1_13' title="bbox 754 4182 3858 4270">
    <p class='ocr_par' dir='ltr' id='par_1_15' title="bbox 754 4182 3858 4270">
     <span class='ocr_line' id='line_1_73' title="bbox 754 4182 3858 4270; baseline 0.004 -25"><span class='ocrx_word' id='word_1_462' title='bbox 754 4183 922 4246; x_wconf 84' lang='lat' dir='ltr'><strong>facta</strong></span> <span class='ocrx_word' id='word_1_463' title='bbox 971 4182 1283 4256; x_wconf 90' lang='lat' dir='ltr'><strong>remissio,</strong></span> <span class='ocrx_word' id='word_1_464' title='bbox 1334 4190 1399 4244; x_wconf 93' lang='lat' dir='ltr'><strong>et</strong></span> <span class='ocrx_word' id='word_1_465' title='bbox 1444 4182 1673 4265; x_wconf 90' lang='lat' dir='ltr'><strong>incipit</strong></span> <span class='ocrx_word' id='word_1_466' title='bbox 1727 4184 1920 4247; x_wconf 92' lang='lat' dir='ltr'><strong>homo</strong></span> <span class='ocrx_word' id='word_1_467' title='bbox 1969 4184 2252 4266; x_wconf 89' lang='lat' dir='ltr'><strong>ingratus</strong></span> <span class='ocrx_word' id='word_1_468' title='bbox 2283 4186 2331 4248; x_wconf 93' lang='lat' dir='ltr'><strong>D</strong></span> <span class='ocrx_word' id='word_1_469' title='bbox 2363 4185 2642 4248; x_wconf 87' lang='lat' dir='ltr'><strong>fabiliter</strong></span> <span class='ocrx_word' id='word_1_470' title='bbox 2687 4195 3109 4267; x_wconf 88' lang='lat' dir='ltr'><strong>aggravantur</strong></span> <span class='ocrx_word' id='word_1_471' title='bbox 3163 4207 3280 4270; x_wconf 90' lang='lat' dir='ltr'><strong>per</strong></span> <span class='ocrx_word' id='word_1_472' title='bbox 3335 4189 3858 4256; x_wconf 87' lang='lat' dir='ltr'><strong>recidivationem</strong></span> 
     </span>
    </p>
   </div>
   <div class='ocr_carea' id='block_1_14' title="bbox 744 4280 2252 5332">
    <p class='ocr_par' dir='ltr' id='par_1_16' title="bbox 744 4280 2252 5332">
     <span class='ocr_line' id='line_1_74' title="bbox 756 4280 2252 4363; baseline 0.001 -19"><span class='ocrx_word' id='word_1_473' title='bbox 756 4281 967 4344; x_wconf 91' lang='lat' dir='ltr'><strong>denuo</strong></span> <span class='ocrx_word' id='word_1_474' title='bbox 1005 4299 1145 4344; x_wconf 89' lang='lat' dir='ltr'><strong>esse</strong></span> <span class='ocrx_word' id='word_1_475' title='bbox 1180 4280 1429 4343; x_wconf 89' lang='lat' dir='ltr'><strong>debitor</strong></span> <span class='ocrx_word' id='word_1_476' title='bbox 1467 4299 1672 4363; x_wconf 84' lang='lat' dir='ltr'><strong>poenae</strong></span> <span class='ocrx_word' id='word_1_477' title='bbox 1701 4280 1825 4344; x_wconf 92' lang='lat' dir='ltr'><strong>sibi</strong></span> <span class='ocrx_word' id='word_1_478' title='bbox 1862 4290 2010 4345; x_wconf 87' lang='lat' dir='ltr'><strong>ante</strong></span> <span class='ocrx_word' id='word_1_479' title='bbox 2044 4283 2252 4345; x_wconf 91' lang='lat' dir='ltr'><strong>indul-</strong></span> 
     </span>
     <span class='ocr_line' id='line_1_75' title="bbox 756 4377 2251 4462; baseline 0.002 -21"><span class='ocrx_word' id='word_1_480' title='bbox 756 4387 853 4442; x_wconf 83' lang='lat' dir='ltr'><strong>tae.</strong></span> <span class='ocrx_word' id='word_1_481' title='bbox 890 4379 981 4441; x_wconf 87' lang='lat' dir='ltr'><strong>Ex</strong></span> <span class='ocrx_word' id='word_1_482' title='bbox 1012 4396 1140 4459; x_wconf 89' lang='lat' dir='ltr'><strong>quo</strong></span> <span class='ocrx_word' id='word_1_483' title='bbox 1168 4377 1459 4459; x_wconf 90' lang='lat' dir='ltr'><strong>sequitur</strong></span> <span class='ocrx_word' id='word_1_484' title='bbox 1500 4378 1858 4453; x_wconf 87' lang='lat' dir='ltr'><strong>manifeste,</strong></span> <span class='ocrx_word' id='word_1_485' title='bbox 1893 4399 2007 4462; x_wconf 90' lang='lat' dir='ltr'><strong>per</strong></span> <span class='ocrx_word' id='word_1_486' title='bbox 2047 4381 2251 4462; x_wconf 93' lang='lat' dir='ltr'><strong>ingra-</strong></span> 
     </span>
     <span class='ocr_line' id='line_1_76' title="bbox 753 4475 2247 4556; baseline 0.002 -17"><span class='ocrx_word' id='word_1_487' title='bbox 753 4477 1059 4540; x_wconf 88' lang='lat' dir='ltr'><strong>titudines</strong></span> <span class='ocrx_word' id='word_1_488' title='bbox 1098 4494 1243 4538; x_wconf 91' lang='lat' dir='ltr'><strong>suas</strong></span> <span class='ocrx_word' id='word_1_489' title='bbox 1284 4483 1679 4556; x_wconf 87' lang='lat' dir='ltr'><strong>peccatorem</strong></span> <span class='ocrx_word' id='word_1_490' title='bbox 1712 4475 1855 4539; x_wconf 88' lang='lat' dir='ltr'><strong>fieri</strong></span> <span class='ocrx_word' id='word_1_491' title='bbox 1894 4477 2247 4542; x_wconf 89' lang='lat' dir='ltr'><strong>debitorem</strong></span> 
     </span>
     <span class='ocr_line' id='line_1_77' title="bbox 754 4574 2252 4659; baseline 0.002 -21"><span class='ocrx_word' id='word_1_492' title='bbox 754 4582 1073 4638; x_wconf 88' lang='lat' dir='ltr'><strong>tantarum</strong></span> <span class='ocrx_word' id='word_1_493' title='bbox 1106 4591 1462 4656; x_wconf 77' lang='lat' dir='ltr'><strong>poenarum,</strong></span> <span class='ocrx_word' id='word_1_494' title='bbox 1497 4581 1749 4656; x_wconf 83' lang='lat' dir='ltr'><strong>quantae</strong></span> <span class='ocrx_word' id='word_1_495' title='bbox 1780 4574 1903 4638; x_wconf 90' lang='lat' dir='ltr'><strong>sibi</strong></span> <span class='ocrx_word' id='word_1_496' title='bbox 1940 4576 2118 4659; x_wconf 91' lang='lat' dir='ltr'><strong>prius</strong></span> <span class='ocrx_word' id='word_1_497' title='bbox 2149 4578 2252 4641; x_wconf 91' lang='lat' dir='ltr'><strong>de-</strong></span> 
     </span>
     <span class='ocr_line' id='line_1_78' title="bbox 754 4671 2249 4756; baseline 0.001 -20"><span class='ocrx_word' id='word_1_498' title='bbox 754 4672 1073 4736; x_wconf 89' lang='lat' dir='ltr'><strong>bebantur</strong></span> <span class='ocrx_word' id='word_1_499' title='bbox 1118 4689 1234 4754; x_wconf 89' lang='lat' dir='ltr'><strong>pro</strong></span> <span class='ocrx_word' id='word_1_500' title='bbox 1284 4671 1583 4734; x_wconf 92' lang='lat' dir='ltr'><strong>omnibus</strong></span> <span class='ocrx_word' id='word_1_501' title='bbox 1631 4671 1764 4735; x_wconf 91' lang='lat' dir='ltr'><strong>suis</strong></span> <span class='ocrx_word' id='word_1_502' title='bbox 1813 4675 2108 4756; x_wconf 88' lang='lat' dir='ltr'><strong>peccatis.</strong></span> <span class='ocrx_word' id='word_1_503' title='bbox 2153 4677 2249 4738; x_wconf 92' lang='lat' dir='ltr'><strong>In-</strong></span> 
     </span>
     <span class='ocr_line' id='line_1_79' title="bbox 753 4769 2251 4854; baseline 0.002 -20"><span class='ocrx_word' id='word_1_504' title='bbox 753 4790 949 4854; x_wconf 89' lang='lat' dir='ltr'><strong>super</strong></span> <span class='ocrx_word' id='word_1_505' title='bbox 994 4769 1291 4844; x_wconf 90' lang='lat' dir='ltr'><strong>dicimus,</strong></span> <span class='ocrx_word' id='word_1_506' title='bbox 1337 4770 1489 4853; x_wconf 87' lang='lat' dir='ltr'><strong>quia</strong></span> <span class='ocrx_word' id='word_1_507' title='bbox 1535 4788 1941 4854; x_wconf 91' lang='lat' dir='ltr'><strong>quocumque</strong></span> <span class='ocrx_word' id='word_1_508' title='bbox 1991 4781 2251 4854; x_wconf 88' lang='lat' dir='ltr'><strong>peccato</strong></span> 
     </span>
     <span class='ocr_line' id='line_1_80' title="bbox 752 4869 2250 4951; baseline 0 -17"><span class='ocrx_word' id='word_1_509' title='bbox 752 4870 1004 4934; x_wconf 88' lang='lat' dir='ltr'><strong>mortali</strong></span> <span class='ocrx_word' id='word_1_510' title='bbox 1054 4887 1183 4951; x_wconf 91' lang='lat' dir='ltr'><strong>quo</strong></span> <span class='ocrx_word' id='word_1_511' title='bbox 1229 4869 1373 4951; x_wconf 91' lang='lat' dir='ltr'><strong>quis</strong></span> <span class='ocrx_word' id='word_1_512' title='bbox 1432 4870 1761 4944; x_wconf 87' lang='lat' dir='ltr'><strong>recidivat,</strong></span> <span class='ocrx_word' id='word_1_513' title='bbox 1814 4871 2250 4936; x_wconf 85' lang='lat' dir='ltr'><strong>indubitanter</strong></span> 
     </span>
     <span class='ocr_line' id='line_1_81' title="bbox 750 4968 2250 5052; baseline 0.001 -19"><span class='ocrx_word' id='word_1_514' title='bbox 750 4969 1098 5051; x_wconf 84' lang='lat' dir='ltr'><strong>exstinguit</strong></span> <span class='ocrx_word' id='word_1_515' title='bbox 1128 4968 1194 5030; x_wconf 90' lang='lat' dir='ltr'><strong>in</strong></span> <span class='ocrx_word' id='word_1_516' title='bbox 1234 4987 1303 5030; x_wconf 90' lang='lat' dir='ltr'><strong>se</strong></span> <span class='ocrx_word' id='word_1_517' title='bbox 1339 4968 1607 5049; x_wconf 86' lang='lat' dir='ltr'><strong>gratiam</strong></span> <span class='ocrx_word' id='word_1_518' title='bbox 1647 4969 1781 5044; x_wconf 93' lang='lat' dir='ltr'><strong>Dei,</strong></span> <span class='ocrx_word' id='word_1_519' title='bbox 1816 4989 1943 5052; x_wconf 91' lang='lat' dir='ltr'><strong>qua</strong></span> <span class='ocrx_word' id='word_1_520' title='bbox 1981 4970 2108 5033; x_wconf 90' lang='lat' dir='ltr'><strong>Deo</strong></span> <span class='ocrx_word' id='word_1_521' title='bbox 2148 4989 2250 5034; x_wconf 86' lang='lat' dir='ltr'><strong>ex-</strong></span> 
     </span>
     <span class='ocr_line' id='line_1_82' title="bbox 748 5067 2248 5152; baseline 0 -20"><span class='ocrx_word' id='word_1_522' title='bbox 748 5069 910 5133; x_wconf 89' lang='lat' dir='ltr'><strong>stitit</strong></span> <span class='ocrx_word' id='word_1_523' title='bbox 945 5074 1179 5150; x_wconf 88' lang='lat' dir='ltr'><strong>gratus.</strong></span> <span class='ocrx_word' id='word_1_524' title='bbox 1215 5067 1362 5130; x_wconf 90' lang='lat' dir='ltr'><strong>Ideo</strong></span> <span class='ocrx_word' id='word_1_525' title='bbox 1402 5086 1657 5152; x_wconf 90' lang='lat' dir='ltr'><strong>quoque</strong></span> <span class='ocrx_word' id='word_1_526' title='bbox 1696 5069 2044 5151; x_wconf 84' lang='lat' dir='ltr'><strong>exstinguit</strong></span> <span class='ocrx_word' id='word_1_527' title='bbox 2074 5069 2140 5132; x_wconf 94' lang='lat' dir='ltr'><strong>in</strong></span> <span class='ocrx_word' id='word_1_528' title='bbox 2180 5089 2248 5132; x_wconf 92' lang='lat' dir='ltr'><strong>se</strong></span> 
     </span>
     <span class='ocr_line' id='line_1_83' title="bbox 746 5167 2246 5252; baseline 0 -20"><span class='ocrx_word' id='word_1_529' title='bbox 746 5168 1073 5252; x_wconf 88' lang='lat' dir='ltr'><strong>sequelam</strong></span> <span class='ocrx_word' id='word_1_530' title='bbox 1116 5185 1228 5230; x_wconf 90' lang='lat' dir='ltr'><strong>sen</strong></span> <span class='ocrx_word' id='word_1_531' title='bbox 1268 5167 1573 5230; x_wconf 86' lang='lat' dir='ltr'><strong>effectum</strong></span> <span class='ocrx_word' id='word_1_532' title='bbox 1617 5169 1855 5251; x_wconf 83' lang='lat' dir='ltr'><strong>gratiae,</strong></span> <span class='ocrx_word' id='word_1_533' title='bbox 1889 5175 2108 5251; x_wconf 86' lang='lat' dir='ltr'><strong>utpote</strong></span> <span class='ocrx_word' id='word_1_534' title='bbox 2151 5188 2246 5232; x_wconf 90' lang='lat' dir='ltr'><strong>re-</strong></span> 
     </span>
     <span class='ocr_line' id='line_1_84' title="bbox 744 5268 2244 5332; baseline -0.001 -1"><span class='ocrx_word' id='word_1_535' title='bbox 744 5268 1115 5332; x_wconf 89' lang='lat' dir='ltr'><strong>missionem</strong></span> <span class='ocrx_word' id='word_1_536' title='bbox 1142 5274 1289 5331; x_wconf 84' lang='lat' dir='ltr'><strong>ante</strong></span> <span class='ocrx_word' id='word_1_537' title='bbox 1320 5268 1885 5332; x_wconf 89' lang='lat' dir='ltr'><strong>concessam.Sicut</strong></span> <span class='ocrx_word' id='word_1_538' title='bbox 1914 5269 2086 5332; x_wconf 92' lang='lat' dir='ltr'><strong>enim</strong></span> <span class='ocrx_word' id='word_1_539' title='bbox 2116 5285 2244 5331; x_wconf 91' lang='lat' dir='ltr'><strong>non</strong></span> 
     </span>
    </p>
   </div>
   <div class='ocr_carea' id='block_1_15' title="bbox 2353 4284 3862 5355">
    <p class='ocr_par' dir='ltr' id='par_1_17' title="bbox 2353 4284 3862 5355">
     <span class='ocr_line' id='line_1_85' title="bbox 2362 4284 3860 4372; baseline 0.005 -26"><span class='ocrx_word' id='word_1_540' title='bbox 2362 4284 2782 4366; x_wconf 87' lang='lat' dir='ltr'><strong>frequentem.</strong></span> <span class='ocrx_word' id='word_1_541' title='bbox 2815 4285 2964 4348; x_wconf 91' lang='lat' dir='ltr'><strong>Ideo</strong></span> <span class='ocrx_word' id='word_1_542' title='bbox 3003 4287 3598 4350; x_wconf 89' lang='lat' dir='ltr'><strong>metuendissimum</strong></span> <span class='ocrx_word' id='word_1_543' title='bbox 3637 4309 3860 4372; x_wconf 89' lang='lat' dir='ltr'><strong>super-</strong></span> 
     </span>
     <span class='ocr_line' id='line_1_86' title="bbox 2361 4382 3862 4465; baseline 0.005 -21"><span class='ocrx_word' id='word_1_544' title='bbox 2361 4382 2745 4446; x_wconf 89' lang='lat' dir='ltr'><strong>sanctissimi</strong></span> <span class='ocrx_word' id='word_1_545' title='bbox 2777 4384 2887 4446; x_wconf 92' lang='lat' dir='ltr'><strong>Dei</strong></span> <span class='ocrx_word' id='word_1_546' title='bbox 2915 4384 3233 4465; x_wconf 88' lang='lat' dir='ltr'><strong>judicium</strong></span> <span class='ocrx_word' id='word_1_547' title='bbox 3262 4386 3448 4449; x_wconf 87' lang='lat' dir='ltr'><strong>anxie</strong></span> <span class='ocrx_word' id='word_1_548' title='bbox 3477 4405 3550 4450; x_wconf 89' lang='lat' dir='ltr'><strong>ac</strong></span> <span class='ocrx_word' id='word_1_549' title='bbox 3583 4389 3862 4451; x_wconf 84' lang='lat' dir='ltr'><strong>maxime</strong></span> 
     </span>
     <span class='ocr_line' id='line_1_87' title="bbox 2361 4481 3858 4567; baseline 0.005 -24"><span class='ocrx_word' id='word_1_550' title='bbox 2361 4481 2802 4556; x_wconf 78' lang='lat' dir='ltr'><strong>formidemuS,</strong></span> <span class='ocrx_word' id='word_1_551' title='bbox 2853 4491 3043 4565; x_wconf 89' lang='lat' dir='ltr'><strong>atque</strong></span> <span class='ocrx_word' id='word_1_552' title='bbox 3088 4504 3126 4547; x_wconf 90' lang='lat' dir='ltr'><strong>a</strong></span> <span class='ocrx_word' id='word_1_553' title='bbox 3171 4492 3453 4567; x_wconf 88' lang='lat' dir='ltr'><strong>peccat0,</strong></span> <span class='ocrx_word' id='word_1_554' title='bbox 3503 4489 3858 4567; x_wconf 79' lang='lat' dir='ltr'><strong>praesertim</strong></span> 
     </span>
     <span class='ocr_line' id='line_1_88' title="bbox 2359 4580 3858 4664; baseline 0.005 -22"><span class='ocrx_word' id='word_1_555' title='bbox 2359 4599 2396 4642; x_wconf 87' lang='lat' dir='ltr'><strong>a</strong></span> <span class='ocrx_word' id='word_1_556' title='bbox 2429 4580 2729 4656; x_wconf 91' lang='lat' dir='ltr'><strong>recidivo,</strong></span> <span class='ocrx_word' id='word_1_557' title='bbox 2761 4582 2942 4664; x_wconf 89' lang='lat' dir='ltr'><strong>quasi</strong></span> <span class='ocrx_word' id='word_1_558' title='bbox 2976 4602 3013 4645; x_wconf 90' lang='lat' dir='ltr'><strong>a</strong></span> <span class='ocrx_word' id='word_1_559' title='bbox 3049 4583 3208 4646; x_wconf 86' lang='lat' dir='ltr'><strong>facie</strong></span> <span class='ocrx_word' id='word_1_560' title='bbox 3248 4584 3540 4647; x_wconf 91' lang='lat' dir='ltr'><strong>draconis</strong></span> <span class='ocrx_word' id='word_1_561' title='bbox 3577 4604 3652 4655; x_wconf 79' lang='lat' dir='ltr'><strong>ao</strong></span> <span class='ocrx_word' id='word_1_562' title='bbox 3693 4586 3858 4650; x_wconf 90' lang='lat' dir='ltr'><strong>basi-</strong></span> 
     </span>
     <span class='ocr_line' id='line_1_89' title="bbox 2361 4678 3862 4768; baseline 0.005 -28"><span class='ocrx_word' id='word_1_563' title='bbox 2361 4679 2500 4741; x_wconf 91' lang='lat' dir='ltr'><strong>lisci</strong></span> <span class='ocrx_word' id='word_1_564' title='bbox 2551 4678 2894 4761; x_wconf 82' lang='lat' dir='ltr'><strong>fugiamuS,</strong></span> <span class='ocrx_word' id='word_1_565' title='bbox 2945 4689 3008 4743; x_wconf 93' lang='lat' dir='ltr'><strong>et</strong></span> <span class='ocrx_word' id='word_1_566' title='bbox 3053 4682 3235 4763; x_wconf 88' lang='lat' dir='ltr'><strong>quasi</strong></span> <span class='ocrx_word' id='word_1_567' title='bbox 3282 4690 3603 4746; x_wconf 89' lang='lat' dir='ltr'><strong>tumentes</strong></span> <span class='ocrx_word' id='word_1_568' title='bbox 3662 4704 3862 4768; x_wconf 90' lang='lat' dir='ltr'><strong>super</strong></span> 
     </span>
     <span class='ocr_line' id='line_1_90' title="bbox 2360 4777 3858 4858; baseline 0.007 -19"><span class='ocrx_word' id='word_1_569' title='bbox 2360 4795 2473 4840; x_wconf 92' lang='lat' dir='ltr'><strong>nos</strong></span> <span class='ocrx_word' id='word_1_570' title='bbox 2506 4777 2742 4841; x_wconf 81' lang='lat' dir='ltr'><strong>fluctus</strong></span> <span class='ocrx_word' id='word_1_571' title='bbox 2769 4778 3111 4843; x_wconf 86' lang='lat' dir='ltr'><strong>timeamus</strong></span> <span class='ocrx_word' id='word_1_572' title='bbox 3142 4781 3858 4858; x_wconf 80' lang='lat' dir='ltr'><strong>Altissimum.—Quae-</strong></span> 
     </span>
     <span class='ocr_line' id='line_1_91' title="bbox 2358 4875 3858 4962; baseline 0.005 -26"><span class='ocrx_word' id='word_1_573' title='bbox 2358 4875 2442 4936; x_wconf 91' lang='lat' dir='ltr'><strong>rit</strong></span> <span class='ocrx_word' id='word_1_574' title='bbox 2477 4875 2670 4938; x_wconf 90' lang='lat' dir='ltr'><strong>etiam</strong></span> <span class='ocrx_word' id='word_1_575' title='bbox 2711 4876 2880 4939; x_wconf 93' lang='lat' dir='ltr'><strong>idem</strong></span> <span class='ocrx_word' id='word_1_576' title='bbox 2921 4877 3162 4952; x_wconf 91' lang='lat' dir='ltr'><strong>doctor,</strong></span> <span class='ocrx_word' id='word_1_577' title='bbox 3202 4897 3284 4940; x_wconf 90' lang='lat' dir='ltr'><strong>an</strong></span> <span class='ocrx_word' id='word_1_578' title='bbox 3328 4885 3472 4961; x_wconf 91' lang='lat' dir='ltr'><strong>post</strong></span> <span class='ocrx_word' id='word_1_579' title='bbox 3509 4881 3858 4962; x_wconf 90' lang='lat' dir='ltr'><strong>quodcum-</strong></span> 
     </span>
     <span class='ocr_line' id='line_1_92' title="bbox 2357 4974 3850 5059; baseline 0.005 -25"><span class='ocrx_word' id='word_1_580' title='bbox 2357 4991 2483 5054; x_wconf 90' lang='lat' dir='ltr'><strong>que</strong></span> <span class='ocrx_word' id='word_1_581' title='bbox 2515 4974 2780 5038; x_wconf 83' lang='lat' dir='ltr'><strong>mortale</strong></span> <span class='ocrx_word' id='word_1_582' title='bbox 2811 4984 3144 5058; x_wconf 89' lang='lat' dir='ltr'><strong>peccatum</strong></span> <span class='ocrx_word' id='word_1_583' title='bbox 3175 4994 3304 5058; x_wconf 91' lang='lat' dir='ltr'><strong>quo</strong></span> <span class='ocrx_word' id='word_1_584' title='bbox 3336 4978 3481 5059; x_wconf 91' lang='lat' dir='ltr'><strong>quis</strong></span> <span class='ocrx_word' id='word_1_585' title='bbox 3521 4979 3850 5054; x_wconf 85' lang='lat' dir='ltr'><strong>recidivat,</strong></span> 
     </span>
     <span class='ocr_line' id='line_1_93' title="bbox 2356 5071 3852 5157; baseline 0.005 -24"><span class='ocrx_word' id='word_1_586' title='bbox 2356 5071 2440 5134; x_wconf 91' lang='lat' dir='ltr'><strong>sit</strong></span> <span class='ocrx_word' id='word_1_587' title='bbox 2481 5071 2798 5136; x_wconf 91' lang='lat' dir='ltr'><strong>confessio</strong></span> <span class='ocrx_word' id='word_1_588' title='bbox 2846 5074 3288 5157; x_wconf 86' lang='lat' dir='ltr'><strong>reintegranda</strong></span> <span class='ocrx_word' id='word_1_589' title='bbox 3335 5094 3414 5138; x_wconf 87' lang='lat' dir='ltr'><strong>ex</strong></span> <span class='ocrx_word' id='word_1_590' title='bbox 3463 5075 3727 5157; x_wconf 91' lang='lat' dir='ltr'><strong>integro.</strong></span> <span class='ocrx_word' id='word_1_591' title='bbox 3775 5079 3852 5141; x_wconf 86' lang='lat' dir='ltr'><strong>Et</strong></span> 
     </span>
     <span class='ocr_line' id='line_1_94' title="bbox 2355 5171 3848 5257; baseline 0.005 -25"><span class='ocrx_word' id='word_1_592' title='bbox 2355 5171 2684 5252; x_wconf 91' lang='lat' dir='ltr'><strong>responsio</strong></span> <span class='ocrx_word' id='word_1_593' title='bbox 2732 5172 2872 5252; x_wconf 89' lang='lat' dir='ltr'><strong>ejus</strong></span> <span class='ocrx_word' id='word_1_594' title='bbox 2919 5173 2998 5235; x_wconf 87' lang='lat' dir='ltr'><strong>ad</strong></span> <span class='ocrx_word' id='word_1_595' title='bbox 3048 5173 3190 5248; x_wconf 89' lang='lat' dir='ltr'><strong>hoc,</strong></span> <span class='ocrx_word' id='word_1_596' title='bbox 3239 5176 3580 5238; x_wconf 84' lang='lat' dir='ltr'><strong>concordat</strong></span> <span class='ocrx_word' id='word_1_597' title='bbox 3626 5177 3848 5257; x_wconf 81' lang='lat' dir='ltr'><strong>praein-</strong></span> 
     </span>
     <span class='ocr_line' id='line_1_95' title="bbox 2353 5270 3708 5355; baseline 0.005 -24"><span class='ocrx_word' id='word_1_598' title='bbox 2353 5270 2561 5332; x_wconf 88' lang='lat' dir='ltr'><strong>ductis</strong></span> <span class='ocrx_word' id='word_1_599' title='bbox 2603 5289 2680 5333; x_wconf 82' lang='lat' dir='ltr'><strong>ex</strong></span> <span class='ocrx_word' id='word_1_600' title='bbox 2723 5271 2962 5334; x_wconf 89' lang='lat' dir='ltr'><strong>Thoma</strong></span> <span class='ocrx_word' id='word_1_601' title='bbox 2995 5291 3009 5337; x_wconf 89' lang='lat'>:</span> <span class='ocrx_word' id='word_1_602' title='bbox 3043 5272 3280 5336; x_wconf 89' lang='lat' dir='ltr'><strong>idcirco</strong></span> <span class='ocrx_word' id='word_1_603' title='bbox 3322 5281 3708 5355; x_wconf 86' lang='lat' dir='ltr'><strong>pertranseo.</strong></span> 
     </span>
    </p>
   </div>
  </div>
 </body>
</html>
