4267 6250
517 498 718 545 mun
759 499 824 546 m
867 500 1087 548 HOSTIA
1127 497 1353 546 GORPUS
1395 497 1470 544 m·
1510 495 1770 543 SANGUIS
1811 493 2047 542 cmusu
2087 495 2389 544 nummu
2428 496 2912 554 commun,
2952 495 3080 544 mc.

3230 477 3352 542 253

287 668 380 743 let,
423 687 606 751 quam
667 669 854 733 multi
901 677 965 732 et
1011 669 1418 733 saluberrimi
1475 667 1749 732 effectus
1779 665 1830 730 A
1861 665 2094 742 anima,
2140 667 2627 749 intelligendum
2676 675 2773 732 est
2820 668 2899 732 de
2949 666 3183 732 Christi
3227 664 3357 728 dei·

285 767 448 830 nobis
481 787 554 830 ex
598 769 722 832 isto
765 769 1146 851 proveniant
1183 775 1596 832 sacramento.
1631 767 1752 830 Un-

286 865 352 926 de
387 865 436 926 si
474 885 544 928 ea
580 886 724 949 quae
762 865 921 929 fidei
958 873 1129 940 sunt,
1163 866 1486 949 sapienter
1520 883 1594 927 ac
1625 864 1750 946 spi-

285 963 562 1026 ritualiter
598 964 1056 1046 intelligantur,
1085 964 1300 1027 nullus
1338 964 1583 1038 horror,
1614 963 1752 1025 nul-

285 1061 334 1122 la
369 1062 718 1138 crudelitaS,
760 1062 937 1126 nulla
979 1062 1190 1126 irrisio
1233 1081 1311 1125 ex
1359 1062 1476 1125 hac
1519 1061 1749 1125 Christi

284 1161 588 1241 praesentia
615 1170 680 1224 et
709 1160 1200 1225 manducatione
1227 1168 1601 1243 sequuntur.
1621 1160 1750 1222 Nec

283 1275 487 1340 corpus
517 1258 749 1323 Christi
779 1268 877 1323 est
907 1259 997 1322 ibi
1028 1258 1628 1334 commensurative,
1663 1257 1750 1320 lo-

281 1356 496 1430 caliter,
529 1377 643 1440 per
681 1358 1006 1440 propriam
1039 1357 1456 1440 quantitatem
1487 1357 1747 1431 directe,

279 1455 544 1537 quamvis
573 1457 833 1539 propria
861 1457 1003 1538 ejus
1033 1457 1346 1538 quantitas
1379 1455 1470 1520 ibi
1500 1455 1584 1519 sit
1612 1473 1756 1520 con-

279 1554 652 1630 comitanter‚
687 1561 760 1617 ut
803 1554 968 1618 infra
1008 1555 1276 1617 dicetur.

345 1653 634 1716 Praeterea
661 1653 716 1716 si
749 1661 1088 1736 quaeratur,
1120 1671 1202 1716 an
1234 1653 1520 1716 Christus
1552 1651 1753 1716 conti-

279 1759 476 1813 neatur
502 1751 568 1814 in
596 1759 994 1816 sacramento
1017 1759 1325 1834 quantum
1353 1751 1432 1813 ad
1462 1751 1746 1824 animam,

1859 771 2007 841 tate,
2041 766 2167 828 nisi
2199 767 2369 849 quod
2410 767 2519 830 illa
2557 766 2799 850 ubique
2832 774 2950 841 est,
2984 765 3178 829 etiam
3218 764 3359 828 sine

1860 871 2276 928 sacramenta

1939 963 2255 1037 Quaeritur
2292 982 2568 1047 quoque,
2600 984 2681 1028 an
2720 964 3007 1028 Christus
3046 963 3363 1026 continea-

1861 1069 1965 1124 tur
2003 1062 2122 1124 sub
2155 1062 2493 1146 speciebus
2533 1063 2717 1146 panis
2756 1064 2965 1126 solum
3004 1063 3358 1126 secundum

1861 1178 2118 1223 carnem
2176 1161 2542 1224 animatam.
2595 1162 2971 1236 Dicendum,
3022 1160 3192 1243 quod
3248 1162 3361 1223 du-

1861 1258 2009 1340 plex
2053 1267 2151 1322 est
2192 1278 2345 1322 usus
2388 1261 2769 1322 sacramenti
2815 1259 3023 1333 istiuS,
3062 1258 3365 1322 videlicet

1861 1357 2246 1419 manducare
2276 1366 2341 1419 et
2368 1356 3001 1421 bibere.Manducare
3031 1365 3241 1420 autem
3268 1366 3365 1420 est

1861 1474 2016 1517 usus
2059 1455 2188 1518 cibi
2237 1455 2428 1535 sicci3
2470 1456 2693 1519 bibere
2733 1475 2882 1520 vere
2927 1476 3081 1519 usus
3120 1463 3216 1520 est
3254 1455 3365 1518 hu-

1861 1554 2020 1616 midi
2079 1554 2229 1619 cibi.
2283 1555 2430 1619 Ideo
2488 1555 2609 1618 sub
2655 1555 2870 1639 specie
2929 1555 3113 1638 panis
3170 1573 3249 1618 ex
3296 1553 3361 1618 vi

1861 1652 2241 1714 sacramenti
2273 1653 2638 1717 continetur
2666 1671 2793 1717 non
2824 1654 3031 1717 solum
3064 1670 3231 1727 caro,
3251 1651 3361 1714 sed

1862 1749 2053 1812 etiam
2103 1768 2247 1813 ossa
2296 1759 2361 1814 et
2406 1770 2629 1814 omnes
2686 1751 3057 1833 hujusmodi
3112 1758 3360 1834 partes3

279 1849 788 1931 respondendum,
839 1850 1006 1932 quod
1067 1850 1134 1912 in
1193 1849 1313 1912 hoc
1357 1857 1751 1912 sacramento
1786 1846 1835 1909 B
1865 1865 1990 1911 non
2035 1857 2247 1912 autem
2296 1851 2574 1932 sanguis,
2608 1850 2720 1933 qui
2760 1867 2837 1912 ex
2876 1849 2939 1910 vi
2982 1849 3361 1911 sacramenti

281 1945 494 2028 aliquid
541 1947 909 2010 continetur
953 1946 1295 2030 dupliciter
1338 1964 1352 2010 :
1396 1946 1626 2030 primo,
1673 1965 1751 2010 ex

283 2045 334 2105 vi
368 2045 770 2125 sacramenti3
809 2046 1112 2120 secundo,
1145 2065 1224 2109 ex
1263 2045 1754 2110 concomitantia

285 2144 544 2206 naturali.
577 2144 789 2208 Primo
819 2145 1008 2208 modo
1035 2146 1400 2208 continetur
1439 2144 1529 2207 ibi
1571 2145 1636 2206 id
1672 2146 1752 2207 ad

287 2243 430 2323 quod
484 2244 817 2306 conversio
876 2243 1270 2306 terminatur.
1325 2243 1402 2306 Et
1459 2245 1614 2327 quid
1671 2243 1754 2306 sit

288 2339 407 2415 hoc,
437 2359 510 2403 ex
539 2340 746 2403 tribus
785 2340 936 2404 seiri
977 2349 1202 2424 potest.
1234 2341 1466 2416 Primo,
1499 2360 1576 2405 ex
1615 2361 1754 2425 par·

289 2445 338 2499 te
362 2439 490 2519 ejus
526 2440 700 2521 quod
738 2440 1134 2505 convertitur
1165 2457 1180 2502 :
1222 2457 1350 2503 non
1389 2440 1562 2504 enim
1605 2457 1752 2503 con-

287 2538 526 2600 vertitur
585 2539 854 2601 materia
910 2539 1314 2614 sacramenti,
1378 2539 1502 2603 nisi
1564 2539 1628 2602 in
1687 2539 1751 2602 id

287 2653 413 2697 cum
453 2653 578 2718 quo
619 2636 1114 2700 similitudinem
1164 2637 1358 2700 hahet
1398 2637 1752 2700 secundum

285 2751 396 2796 suae
429 2735 874 2817 proprietatem
919 2744 1182 2809 naturae,
1214 2735 1385 2798 sicut
1420 2736 1646 2799 vinum
1685 2736 1752 2799 in

285 2833 646 2913 sanguinem.
683 2834 997 2909 Secundo,
1020 2853 1098 2896 ex
1129 2833 1598 2914 significatione
1628 2834 1752 2897 for-

287 2947 388 2992 mae
416 2931 774 3009 verborum,
807 2931 995 3014 cujus
1031 2932 1268 2995 virtute
1305 2932 1385 2994 fit
1422 2932 1754 2996 conversio

1863 1953 1959 2010 est
1989 1947 2108 2010 sub
2140 1947 2346 2012 forma
2382 1949 2514 2011 vini
2550 1968 2564 2012 ε
2597 1948 2893 2031 quamvis
2932 1966 3009 2010 ex
3043 1947 3363 2011 concomi—

1863 2045 2059 2108 tantia
2109 2046 2405 2121 naturali,
2446 2045 2567 2109 sub
2610 2045 2823 2130 specie
2873 2045 3055 2129 panis
3100 2046 3183 2109 sit
3223 2065 3364 2110 san-

1860 2143 2026 2224 guiS,
2065 2151 2132 2207 et
2172 2143 2293 2206 sub
2336 2143 2549 2227 specie
2590 2143 2725 2208 vini
2769 2162 2935 2209 caro.

1943 2241 2368 2305 Conformiter
2396 2243 2716 2325 quantitas
2747 2250 2812 2305 et
2838 2249 3050 2308 cetera
3076 2243 3363 2307 acciden-

1860 2340 1952 2402 tia
1979 2341 2265 2423 corporis
2296 2341 2528 2405 Christi
2568 2349 2718 2405 sunt
2748 2341 2815 2404 in
2854 2351 3251 2405 sacramento
3284 2361 3363 2406 ex

1863 2441 2352 2504 concomitantia
2380 2441 2670 2517 naturali,
2684 2441 2837 2524 quia
2866 2441 2934 2503 in
2962 2459 3036 2504 ea
3064 2459 3193 2505 non
3224 2459 3364 2504 con-

1861 2538 2134 2601 vertitur
2180 2537 2536 2602 substantia
2583 2541 2785 2622 panis.
2840 2540 3165 2605 Contrario
3210 2557 3364 2622 quo-

1863 2655 1989 2718 que
2034 2636 2223 2700 modo
2272 2644 2421 2700 sunt
2464 2635 2556 2699 ibi
2599 2637 3030 2701 dimensiones
3078 2637 3363 2720 corporis

1863 2733 2117 2811 Christi,
2152 2735 2712 2819 dimensionesque
2750 2737 3035 2820 corporis
3071 2737 3254 2800 locati
3295 2737 3362 2799 in

1866 2833 2021 2897 loco.
2075 2834 2441 2898 Substantia
2498 2853 2775 2917 namque
2832 2835 3117 2918 corporis
3174 2833 3362 2898 locati

1863 2949 1990 2994 non
2049 2931 2243 2995 habet
2298 2933 2589 2996 ordinem
2650 2933 2729 2996 ad
2789 2933 2999 2996 locum
3062 2933 3187 2997 nisi
3247 2951 3363 3016 per

283 3028 513 3110 ipsa:in
539 3031 603 3093 id
633 3049 786 3112 ergo
814 3030 1147 3095 conversio
1176 3030 1555 3094 terminatur
1583 3030 1753 3112 quod
1789 3029 1831 3093 C
1865 3047 2010 3092 suas
2056 3030 2521 3111 dimensiones3
2561 3049 2891 3114 quumque
2934 3029 3365 3096 dimensiones

283 3128 654 3207 significatur
686 3149 801 3212 per
829 3129 1120 3194 formam.
1146 3129 1378 3205 Tertio,
1403 3148 1481 3193 ex
1512 3149 1632 3193 usu
1663 3150 1754 3193 sa-

284 3228 561 3290 cramenti
607 3245 622 3291 :
666 3228 818 3310 quia
861 3229 1032 3311 quod
1078 3228 1356 3311 pertinet
1391 3229 1469 3290 ad
1510 3228 1750 3303 cibum,

283 3326 619 3389 continetur
665 3326 786 3389 sub
836 3327 1052 3410 specie
1101 3327 1283 3410 panis
1326 3346 1404 3390 ex
1448 3327 1512 3389 vi
1554 3346 1756 3391 sacra-

283 3424 492 3504 menti3
548 3434 613 3488 et
669 3427 839 3509 quod
897 3433 1143 3509 spectat
1198 3426 1276 3489 ad
1335 3432 1582 3509 potum,
1633 3425 1754 3489 sub

281 3524 470 3603 specie
515 3524 670 3586 vini.
713 3524 805 3586 Ex
853 3523 1128 3587 naturali
1175 3533 1392 3587 autem
1434 3524 1754 3588 concomi-

281 3622 454 3687 tantia
499 3630 564 3685 et
608 3622 794 3706 quasi
853 3642 970 3706 per
1024 3622 1342 3699 accidenS,
1394 3623 1756 3687 continetur

281 3719 386 3781 sub
419 3729 810 3785 sacramento
849 3721 1008 3785 illud
1047 3721 1218 3805 quod
1260 3740 1374 3804 per
1403 3740 1472 3785 se
1503 3740 1630 3785 non
1659 3730 1756 3785 est

281 3820 564 3883 terminus
613 3820 1073 3896 conversioniS‚
1116 3820 1228 3883 sed
1275 3819 1416 3884 sine
1463 3838 1592 3902 quo
1633 3828 1754 3884 ter-

281 3916 472 3980 minus
499 3918 934 3983 conversionis
965 3936 1105 3981 esse
1139 3936 1267 3982 non
1298 3918 1484 3981 valet.
1519 3918 1753 3993 Quum-

282 4034 388 4095 que
426 4017 638 4079 anima
677 4016 907 4081 Christi
952 4033 1081 4080 non
1125 4016 1356 4079 habeat
1393 4016 1756 4081 similitudi-

283 4131 409 4176 nem
449 4132 592 4177 cum
642 4114 998 4177 substantia
1046 4114 1230 4197 panis
1276 4132 1396 4177 nec
1436 4114 1594 4190 vini,
1635 4133 1754 4178 nec

1865 3128 2151 3211 corporis
2193 3129 2381 3193 locati
2428 3138 2749 3212 nequeant
2791 3130 2989 3194 simul
3032 3149 3172 3194 esse
3216 3149 3365 3194 cum

1865 3226 2376 3291 dimensionibus
2419 3227 2585 3303 aliis,
2620 3246 3019 3310 consequens
3062 3237 3159 3292 est
3195 3231 3365 3312 quod

1865 3322 2221 3386 substantia
2248 3324 2532 3406 corporis
2563 3323 2749 3387 locati
2782 3342 2909 3388 non
2940 3325 3143 3408 possit
3171 3325 3365 3389 simul

1867 3440 2006 3483 esse
2050 3440 2199 3485 cum
2250 3421 2393 3485 aliis
2442 3421 2979 3497 dimensionibus,
3019 3442 3228 3505 neque
3269 3442 3365 3486 se-

1867 3520 2123 3603 paratiS,
2167 3538 2378 3603 neque
2424 3520 2489 3583 in
2532 3521 2658 3583 alio
2701 3537 2967 3603 corpore
3011 3520 3367 3584 exsistenti-

1865 3617 2005 3681 bus.
2042 3617 2409 3681 Econtrario
2446 3625 2660 3681 autem
2698 3618 3053 3683 substantia
3082 3620 3366 3701 corporis

1866 3715 2098 3779 Christi
2134 3733 2249 3799 per
2278 3734 2346 3778 se
2381 3716 2749 3779 immediate
2776 3717 3106 3780 ordinatur
3134 3716 3213 3780 ad
3244 3716 3365 3780 hoc

1867 3813 2037 3897 quod
2081 3814 2165 3876 sit
2201 3812 2322 3875 sub
2364 3822 2789 3895 sacrament03
2828 3823 2893 3877 et
2933 3815 3365 3879 dimensiones

1865 3914 2006 3994 ejus
2053 3912 2349 3996 propriae,
2400 3931 2477 3975 ex
2526 3914 2940 3996 consequenti
3001 3920 3193 3996 atque
3250 3933 3365 3997 per

1865 4011 2181 4074 accidens.
2217 4010 2582 4074 Substantia
2610 4028 2763 4074 vero
2792 4029 2870 4074 ex
2910 4012 3029 4075 hoc
3069 4013 3238 4093 quod
3268 4019 3366 4075 est

1864 4109 2241 4183 substantia,
2258 4127 2383 4173 non
2415 4109 2791 4192 prohibetur
2820 4109 3012 4173 simul
3044 4129 3184 4173 esse
3214 4130 3364 4174 cum

283 4210 334 4273 in
383 4212 576 4275 forma
623 4212 1003 4275 sacramenti
1055 4212 1298 4275 mentio
1339 4210 1457 4276 fiat
1500 4213 1580 4275 de
1621 4213 1754 4275 ani·
1785 4210 1834 4271 D
1863 4204 2375 4268 dimensionibus
2431 4204 2973 4289 quibuscumque,
3024 4205 3160 4269 sive
3216 4224 3363 4270 con-

285 4328 389 4385 ma,
443 4330 558 4373 nec
617 4310 832 4374 anima
887 4310 1227 4373 conveniat
1281 4312 1359 4374 ad
1419 4330 1608 4374 usum
1664 4330 1758 4375 sa·

282 4410 586 4483 eramenti,
633 4409 747 4492 qui
793 4414 892 4471 est
941 4408 1324 4472 manducare
1371 4428 1444 4472 ac
1493 4410 1752 4492 bibere;

284 4516 503 4572 constat
541 4510 712 4592 quod
757 4508 835 4571 ad
878 4507 1160 4571 animam
1205 4526 1332 4572 non
1377 4509 1756 4573 terminetur

283 4608 586 4671 conversio
633 4608 820 4691 panis
871 4625 991 4670 nec
1037 4606 1197 4681 vini,
1238 4607 1348 4669 sed
1397 4608 1474 4671 ad
1523 4626 1754 4691 corpus

282 4714 334 4767 et
357 4705 1014 4789 sanguinemflhristi,
1046 4724 1188 4787 quae
1217 4723 1345 4769 non
1385 4713 1535 4769 sunt
1567 4708 1756 4771 modo

283 4806 510 4868 realiter
545 4812 836 4888 separata
872 4803 952 4866 ab
985 4804 1201 4867 anima
1230 4803 1371 4886 ejus
1405 4824 1420 4869 :
1455 4803 1597 4868 ideo
1625 4806 1758 4868 ani-

284 4922 370 4965 ma
403 4922 528 4967 non
563 4904 930 4968 continetur
970 4901 1061 4965 ibi
1102 4902 1165 4965 vi
1206 4902 1610 4977 sacramenti,
1645 4904 1755 4966 sed

285 5001 525 5065 naturali
555 4998 1052 5065 concomitantia
1079 5001 1159 5063 ad
1201 5018 1432 5083 corpus
1464 5001 1632 5082 quod
1663 5001 1754 5063 vi-

285 5099 496 5164 vificat.
556 5101 717 5163 Hinc
777 5099 832 5161 si
893 5099 1078 5181 panis
1136 5098 1364 5161 fuisset
1420 5098 1486 5161 in
1545 5098 1756 5163 triduo

285 5200 600 5281 sepulturae
627 5216 978 5263 conversus
1007 5197 1074 5260 in
1104 5215 1336 5280 corpus
1366 5196 1616 5273 Christi,
1633 5216 1755 5262 non

286 5294 485 5363 luisset
519 5300 738 5363 anima
779 5297 890 5361 ibi.
925 5297 1001 5360 Et
1040 5297 1210 5378 quod
1251 5295 1498 5359 dictum
1539 5304 1637 5359 est
1675 5298 1754 5361 de

1860 4306 2125 4388 junctiS,
2178 4304 2313 4368 sive
2372 4306 2701 4388 separatiS,
2752 4314 2866 4369 aut
2910 4305 3364 4371 exsistentibus

1865 4406 1930 4468 in
1962 4404 2088 4467 alio
2117 4403 2411 4486 subjecto
2444 4422 2457 4469 :
2493 4405 3033 4486 quemadmodum
3072 4406 3365 4470 substan-

1865 4504 1952 4567 tia
1987 4503 2200 4584 angeli
2238 4511 2447 4587 potest
2478 4504 2673 4567 simul
2710 4522 2849 4567 esse
2888 4523 3036 4567 cum
3075 4505 3201 4569 alio
3230 4524 3365 4569 cor-

1865 4621 2036 4686 pore.
2069 4603 2231 4665 Hinc
2270 4619 2501 4685 corpus
2543 4602 2775 4666 Christi
2821 4610 3029 4686 potest
3066 4604 3185 4667 sub
3225 4622 3367 4686 pro-

1865 4702 2004 4785 pria
2059 4701 2413 4783 quantitate
2470 4718 2611 4763 esse
2674 4700 2795 4764 sub
2854 4702 3365 4765 dimensionibus

1866 4800 2066 4883 panis.
2117 4835 2200 4844 —
2248 4799 2513 4881 Insuper
2570 4816 2803 4881 corpus
2862 4798 3095 4863 Christi
3152 4809 3249 4862 est
3297 4800 3364 4863 in

1865 4904 2262 4961 sacramento
2298 4895 2652 4961 secundum
2696 4903 2894 4959 totam
2939 4916 3119 4960 suam
3166 4916 3365 4980 quan-

1865 4998 2128 5060 titatem.
2163 4996 2321 5060 Nam
2362 4995 2529 5058 sicut
2568 5013 2800 5077 corpus
2833 4994 3064 5059 Christi
3106 5013 3231 5060 non
3274 5014 3368 5059 se-

1865 5103 2122 5180 paratur
2150 5114 2189 5158 a
2217 5094 2477 5179 propria
2515 5094 2890 5176 quantitate,
2926 5094 3014 5158 ita
3054 5114 3181 5157 una
3217 5113 3365 5178 pars

1865 5194 2236 5279 quantitatis
2285 5212 2413 5258 non
2462 5200 2793 5275 separatur
2838 5192 2919 5255 ab
2962 5193 3105 5256 alia.
3140 5193 3365 5268 Quem-

1865 5295 2205 5359 admodum
2234 5294 2424 5357 etiam
2452 5292 2559 5355 illa
2587 5310 2724 5375 quae
2754 5309 2883 5356 non
2911 5291 3149 5356 habent
3176 5312 3367 5377 quau·
