4267 6250
549 1251 631 1333 job
645 1302 730 1341 xm,
745 1292 788 1332 7.

695 4658 783 4696 ιιιιι

811 490 934 557 412

1469 510 1535 559 m
1573 512 1797 559 tumult
1837 512 1900 559 Π
1941 510 2425 559 smitam.
2465 528 2546 541 -··
2586 511 2741 559 ms'r.
2778 511 2903 577 XV}
2944 511 3171 570 Quaesr.
3212 512 3277 560 1v

813 682 1165 758 stitutione,
1219 702 1419 766 quum
1477 682 1562 746 sit
1609 685 1688 746 de
1744 682 1971 767 primis
2025 691 2090 747 et
2135 683 2315 767 puris
2344 684 2397 749 A
2428 684 2529 747 vel
2578 683 3031 761 adulationem,
3070 704 3151 747 an
3188 683 3281 748 sic
3319 684 3682 768 acquirenS,
3712 691 3941 748 tenea-

815 781 1186 857 moralibuS,
1219 788 1316 845 est
1345 780 1679 845 immobile
1713 800 1728 844 ε
1764 782 2003 845 idcirco
2033 783 2100 845 in
2135 783 2315 846 nullo

813 898 963 942 casu
1007 880 1550 962 dispensationem
1594 879 1826 962 recipit
1867 880 1969 943 vel
2012 879 2312 955 admittit,

813 997 932 1041 nec
962 979 1261 1042 dominus
1290 979 1456 1061 Papa
1494 985 1703 1061 potest
1732 978 1798 1041 in
1837 979 1958 1042 hoc
1988 979 2314 1061 dispensa·

813 1096 902 1139 re.
928 1077 1105 1140 Unde
1133 1096 1253 1140 nec
1283 1077 1521 1141 milites
1551 1096 1670 1140 nec
1699 1077 1806 1139 alii
1837 1077 2072 1141 debent
2105 1078 2172 1139 in
2202 1078 2313 1140 tali

815 1193 1005 1237 eausa
1060 1175 1420 1257 expendere
1481 1175 1706 1237 aliena.
1768 1174 2313 1255 Quemadmodum

817 1275 992 1337 enim
1032 1276 1200 1338 Deus
1242 1293 1371 1338 non
1416 1274 1657 1357 indiget
1699 1282 1914 1337 nostro
1957 1274 2312 1351 mendacio,

818 1380 889 1434 ut
933 1372 1272 1455 loquamur
1320 1390 1435 1455 pro
1483 1390 1559 1436 eo
1607 1373 1806 1446 dolos,
1847 1380 1919 1435 ut
1963 1373 2201 1435 dicitur
2248 1373 2312 1435 in

813 1470 972 1551 Job;
1015 1471 1102 1533 ita
1143 1489 1271 1535 non
1315 1470 1556 1552 indiget
1595 1469 1928 1533 fraudibus
1963 1478 2030 1534 θῖ
2067 1470 2317 1552 injusti·

814 1570 939 1643 tiis,
972 1578 1045 1632 ut
1086 1589 1202 1652 pro
1243 1570 1355 1633 illo
1398 1569 1706 1633 faciamus
1749 1569 2052 1651 injuriam
2093 1570 2256 1633 aliis.

892 1668 1526 1751 Ampliu8,quaeritur
1554 1668 1631 1731 de
1661 1666 1772 1731 illo
1802 1669 1986 1731 modo
2017 1669 2315 1732 currendi

815 1786 964 1831 cum
997 1767 1160 1841 fure,
1179 1768 1290 1850 qui
1323 1785 1439 1849 per
1467 1766 2018 1849 participationem
2050 1766 2315 1841 fit,dum

2425 790 2532 846 tur
2560 783 2637 845 ad
2669 783 3137 847 restitutionem
3172 800 3186 847 ε
3220 789 3293 846 ut
3322 783 3377 846 si
3406 783 3586 847 dives
3618 782 3824 864 fingat
3860 802 3942 847 se

2426 900 2797 965 pauperem,
2822 900 3015 945 sanus
3046 882 3403 957 infirmum,
3425 881 3757 965 hypocrita
3784 902 3943 945 san-

2428 988 2623 1042 ctum.
2657 980 3159 1062 Respondemus,
3190 982 3362 1063 quod
3404 997 3533 1044 non
3576 988 3675 1043 est
3714 980 3943 1045 simile

2428 1079 2507 1141 de
2554 1095 2767 1141 errore
2816 1096 3124 1161 personae,
3156 1086 3221 1142 et
3268 1079 3347 1141 de
3394 1097 3609 1142 errore
3656 1078 3943 1143 fortunas

2427 1176 2529 1239 vel
2568 1176 2911 1259 qualitatis.
2945 1176 3103 1239 Nam
3142 1194 3321 1240 error
3350 1194 3635 1260 personae
3671 1195 3942 1259 genera-

2430 1274 2574 1337 liter
2614 1273 2885 1356 impedit
2920 1274 3264 1348 dationem,
3298 1274 3465 1337 sicut
3501 1281 3567 1337 et
3604 1275 3940 1339 matrimo-

2430 1373 2634 1446 nium,
2676 1379 3099 1455 praeterquam
3142 1372 3209 1435 in
3246 1372 3693 1437 benedictione
3726 1390 3741 1435 :
3774 1390 3939 1436 nam

2428 1480 2493 1535 et
2532 1472 2704 1534 Isaac
2754 1470 3083 1533 benedixit
3127 1471 3443 1535 veraciter
3485 1470 3699 1547 Jacob,
3732 1490 3937 1554 quem

2429 1570 2676 1653 putavit
2705 1569 2871 1633 Esau
2900 1588 3058 1632 esse.
3093 1568 3253 1632 Hinc
3285 1569 3399 1652 qui
3432 1588 3549 1653 per
3576 1570 3939 1633 simulatio-

2428 1688 2577 1731 nem
2627 1668 3019 1751 paupertatis
3067 1668 3283 1750 aliqua
3323 1668 3685 1751 acquisivit,
3724 1688 3940 1751 quum

2428 1767 2607 1829 dives
2654 1767 2759 1841 sit,
2810 1766 2889 1829 ad
2938 1766 3407 1830 restitutionem
3460 1775 3749 1847 tenetur;
3797 1784 3937 1832 non

815 1866 960 1949 quis
991 1864 1330 1948 participat
1361 1864 1530 1927 furto
1560 1864 1660 1927 vel
1702 1864 1941 1948 rapinae
1964 1882 1979 1927 τ
2003 1885 2147 1948 quae
2177 1884 2316 1949 par·
2350 1865 2398 1928 B
2427 1873 2641 1927 tamen
2680 1864 2741 1928 ei
2778 1884 2815 1927 a
2855 1882 2985 1947 quo
3022 1865 3291 1949 accepit,
3322 1865 3627 1948 quoniam
3664 1882 3793 1929 non
3832 1873 3943 1930 est

815 1964 1106 2046 ticipatio
1136 1962 1212 2025 fit
1240 1963 1434 2025 variis
1472 1963 1700 2036 modis,
1734 1970 1888 2045 puta
1925 1982 2041 2045 per
2067 1964 2318 2027 heredi-

813 2063 1042 2126 tariam
1099 2062 1594 2135 successionem,
1647 2079 1762 2143 per
1807 2061 2151 2137 dationem,
2201 2082 2317 2145 per

813 2161 1251 2225 venditionem
1281 2167 1346 2222 et
1375 2160 1788 2241 emptionem,
1819 2168 1930 2222 aut
1957 2160 2155 2223 simili
2186 2180 2317 2224 mo-

814 2260 915 2322 do.
959 2259 1136 2323 Unde
1183 2259 1369 2320 datur
1415 2258 1550 2321 haec
1597 2258 1815 2339 regula
1858 2275 1873 2320 :
1915 2259 2315 2342 Quicumque

815 2356 1007 2420 habet
1043 2356 1498 2421 conscientiam
1529 2356 1622 2419 rei
1662 2356 1906 2431 alienae,
1940 2364 2195 2420 tenetur
2222 2377 2315 2421 re-

816 2457 1078 2519 stituere
1115 2463 1226 2518 aut
1253 2473 1404 2519 vero
1443 2455 1703 2518 domino
1742 2454 1833 2517 rei
1872 2462 1982 2518 aut
2016 2456 2077 2519 ei
2117 2476 2155 2519 a
2187 2475 2314 2538 quo

815 2554 1024 2619 habet.
1059 2554 1176 2628 Qui
1207 2560 1421 2617 autem
1462 2553 1830 2635 hujusmodi
1869 2553 2038 2617 bona
2065 2573 2183 2637 per
2210 2555 2314 2617 da·

815 2654 1055 2717 tionem
1089 2652 1301 2727 habet,
1333 2658 1589 2715 tenetur
1625 2671 1700 2715 ea
1739 2652 2002 2715 reddere
2032 2670 2183 2716 vero
2209 2653 2317 2717 do-

815 2752 1013 2827 minc,
1047 2770 1194 2814 cum
1239 2768 1552 2814 consensu
1594 2750 1736 2831 ejus
1779 2750 1892 2833 qui
1937 2752 2209 2814 contulit
2241 2770 2315 2815 ea

813 2850 1285 2933 sibi,quatenus
1315 2856 1378 2911 et
1408 2848 1516 2911 ille
1546 2849 1726 2912 dator
1753 2848 2120 2911 absolvatur
2146 2869 2183 2911 a
2210 2850 2314 2913 de-

813 2949 949 3012 bito
980 2948 1109 3010 illo.
1147 2947 1210 3010 Si
1243 2965 1394 3010 vero
1433 2946 1626 3009 habet
1661 2966 1738 3009 ea
1774 2967 1889 3029 per
1921 2950 2313 3030 emptionem

2428 1963 2536 2026 ille
2567 1982 2635 2026 re
2666 1982 2781 2026 sua
2818 1962 3249 2038 defraudatus,
3284 1964 3417 2027 imo
3451 1983 3490 2026 a
3518 1964 3648 2027 Deo
3686 1982 3937 2027 merce-

2425 2064 2571 2125 dem
2603 2060 2892 2144 accipiet,
2905 2062 3014 2125 sed
3041 2061 3133 2124 rei
3160 2061 3435 2144 publicae
3460 2080 3653 2144 quam
3684 2061 3941 2125 defran-

2424 2160 2620 2234 davit,
2646 2160 2709 2222 id
2740 2167 2837 2223 est
2867 2159 3281 2243 pauperibus,
3299 2160 3640 2243 Hypocrita
3668 2176 3935 2243 quoque

2425 2268 2489 2323 et
2516 2259 2804 2322 adulator
2842 2258 2955 2340 qui
2994 2258 3219 2321 fraude
3256 2258 3472 2341 adepti
3510 2265 3662 2321 sunt
3688 2258 3931 2341 aliqua,

2422 2358 2503 2421 ad
2545 2357 3015 2421 restitutionem
3052 2364 3373 2431 tenentur,
3406 2356 3560 2439 quia
3592 2357 3777 2420 dolus
3816 2376 3932 2419 ne-

2426 2456 2585 2519 mini
2616 2456 2808 2519 debet
2843 2455 3218 2538 suffragari3
3250 2472 3376 2519 non
3417 2463 3633 2519 tamen
3670 2474 3933 2539 semper

2424 2555 2481 2618 ei
2514 2574 2551 2617 a
2581 2573 2709 2638 quo
2736 2554 3193 2637 acquisierunt,
3227 2554 3337 2617 sed
3368 2562 3523 2617 tunc
3552 2554 3636 2629 ei,
3668 2555 3929 2637 quando

2425 2654 2534 2717 ille
2562 2662 2659 2717 est
2695 2653 2969 2735 simplex
3008 2671 3125 2716 nec
3162 2652 3593 2716 adulationem
3625 2653 3921 2716 advertit.

2425 2753 2489 2816 Si
2518 2760 2731 2815 autem
2764 2770 2889 2815 non
2918 2759 3018 2814 est
3045 2750 3339 2834 simplex,
3358 2751 3469 2815 sed
3497 2751 3926 2815 adulationem

2426 2851 2741 2933 cognovit,
2774 2857 2839 2913 et
2876 2857 3088 2912 tamen
3130 2849 3307 2913 dedit
3342 2849 3438 2913 illi
3478 2856 3740 2932 propter
3771 2850 3927 2913 adu-

2426 2950 2751 3024 lationem,
2783 2966 2913 3011 non
2952 2956 3049 3011 est
3086 2946 3211 3010 sibi
3255 2947 3741 3024 restituendum,
3772 2948 3929 3031 quia

813 3054 925 3109 aut
953 3045 1410 3119 venditionem,
1444 3045 1778 3108 restituere
1813 3044 2003 3108 debet
2031 3047 2090 3109 ei
2119 3066 2157 3109 a
2186 3066 2314 3130 quo
2351 3050 2394 3113 C
2427 3048 2726 3130 indignus
2765 3052 2863 3109 est
2901 3046 3229 3121 rehabere,
3262 3046 3373 3109 sed
3413 3046 3699 3129 pauperi.
3734 3047 3931 3111 Mere-

813 3144 1026 3218 habet,
1073 3151 1144 3206 ut
1201 3145 1338 3227 ipse
1393 3151 1683 3206 servetur
1731 3144 2049 3207 indemnis
2097 3163 2111 3208 :
2158 3164 2314 3229 quo-

813 3243 984 3305 niam
1037 3243 1236 3323 magis
1285 3242 1476 3305 debet
1522 3243 1856 3325 providere
1909 3243 2313 3308 indemnitati

813 3363 966 3418 suae,
1011 3362 1204 3426 quam
1253 3343 1486 3405 damno
1532 3342 1812 3406 alterius.
1859 3343 1923 3406 Si
1967 3362 2118 3408 vero
2166 3363 2313 3408 con-

813 3442 1090 3524 sumpsit
1136 3461 1272 3505 rem
1318 3441 1516 3517 illam,
1549 3459 1676 3504 non
1719 3449 1974 3505 tenetur
2015 3461 2156 3506 eam
2205 3464 2313 3508 ne-

812 3561 938 3625 que
985 3540 1373 3624 aequivalens
1417 3540 1752 3604 restituere
1801 3541 2060 3605 domino
2109 3542 2224 3617 rei,
2257 3543 2313 3606 si

812 3639 1212 3721 consumpsit
1255 3657 1398 3701 eam
1447 3638 1743 3720 ignorans
1799 3640 1970 3721 quod
2019 3648 2187 3702 esset
2234 3641 2313 3704 de

810 3739 954 3819 jure
983 3737 1268 3811 alterius,
1302 3736 1426 3799 nisi
1458 3736 1523 3798 in
1555 3735 1846 3798 fraudem
1879 3738 2312 3820 consumpsis-

812 3843 909 3899 set
938 3854 1101 3910 eam,
1134 3835 1238 3899 vel
1266 3834 1410 3897 aliis
1440 3833 1633 3897 rebus
1662 3853 1802 3897 eam
1842 3835 2310 3911 admiscuisset,

809 3953 891 3997 ne
922 3940 1136 4016 posset
1172 3932 1470 4022 discerni.
1506 3932 1713 4006 Quum
1753 3940 1965 3996 autem
2007 3951 2313 4015 cognove-

808 4033 894 4095 rit
921 4051 1058 4095 rem
1089 4032 1264 4095 illam
1298 4031 1498 4094 fuisse
1535 4030 1818 4106 alteriuS,
1849 4030 2040 4095 debet
2071 4041 2307 4114 satage-

809 4149 878 4194 re
917 4138 988 4193 ut
1027 4130 1121 4192 illi
1161 4136 1700 4211 recompensetur.
1735 4129 1925 4193 Porro
1953 4131 2032 4194 de
2067 4131 2168 4194 his
2198 4132 2309 4213 qui

2426 3148 2549 3210 trix
2578 3164 2834 3230 quoque
2866 3146 2919 3209 si
2948 3145 3173 3209 fraude
3204 3153 3440 3222 utatur,
3463 3153 3718 3208 tenetur
3748 3146 3931 3208 resti-

2422 3253 2603 3309 tuere
2656 3245 2825 3329 quod
2874 3245 3097 3308 fraude
3142 3243 3443 3317 obtinuit,
3488 3252 3557 3306 ut
3602 3243 3657 3306 si
3706 3245 3929 3327 pingat

2423 3346 2640 3409 oculos
2671 3343 2885 3419 stibio,
2920 3351 2984 3406 et
3014 3343 3243 3406 faciem
3273 3349 3477 3418 ornet,
3500 3350 3610 3404 aut
3637 3343 3927 3407 nobilem

2422 3464 2492 3508 se
2522 3442 3052 3506 simulet—Haec
3080 3440 3619 3506 Antisiodorensis
3649 3440 3715 3504 in
3746 3440 3930 3505 Sum-

2423 3562 2548 3618 ma,
2594 3541 2759 3606 libro
2801 3548 3044 3623 quarto.

2490 3639 3011 3722 Praedictaetiam
3042 3639 3261 3702 omnia
3289 3638 3619 3702 Udalricus
3648 3637 3713 3700 in
3745 3637 3931 3702 Sum·

2424 3758 2526 3802 ma
2556 3759 2671 3802 sua
2708 3737 2983 3818 collegit,
3017 3736 3184 3799 libro
3222 3744 3423 3810 sexto,
3458 3735 3569 3798 ubi
3604 3743 3669 3799 et
3694 3736 3875 3799 addit
3906 3755 3923 3799 :

2421 3838 2601 3901 Dicta
2656 3837 2735 3899 de
2791 3835 3009 3898 debito
3063 3833 3457 3897 restituendo
3510 3833 3931 3915 intelligenda

2422 3942 2591 4009 sunt,
2625 3933 2931 4017 quamdiu
2963 3932 3183 3996 subest
3212 3931 3588 3996 restituendi
3618 3931 3923 3996 facultas:

2421 4054 2563 4117 quae
2604 4033 3016 4115 intelligenda
3058 4039 3155 4094 est
3195 4049 3401 4114 usque
3438 4031 3516 4094 ad
3560 4032 3926 4095 mendicam

2422 4139 2884 4215 paupertatem,
2918 4130 3018 4193 vel
3057 4138 3411 4193 extremam
3450 4129 3921 4193 necessitatem.

809 4247 926 4312 per
954 4226 1324 4291 violentiam
1354 4233 1466 4289 aut
1494 4225 1737 4289 furtum
1774 4236 2156 4309 recuperant
2184 4228 2308 4292 sibi
2338 4227 2391 4292 D
2420 4267 2500 4278 —
2528 4229 2770 4292 Asserit
2795 4245 3073 4311 quoque,
3105 4245 3221 4310 pro
3260 4227 3540 4311 simplici
3580 4227 3753 4291 furto
3792 4245 3925 4292 non

808 4327 1040 4400 ablata,
1071 4325 1347 4388 dicimus
1387 4323 1557 4406 quod
1599 4343 1724 4387 non
1765 4331 2064 4388 tenentur
2095 4327 2175 4390 ad
2215 4346 2309 4391 re-

811 4424 1232 4497 stitutionem,
1284 4423 1631 4486 dummodo
1679 4422 1818 4485 sine
1877 4425 2176 4488 scandalo
2224 4425 2311 4489 fa-

811 4524 984 4587 ciant
1029 4523 1171 4596 hoc,
1205 4528 1270 4584 et
1309 4521 1430 4583 hoc
1472 4521 1695 4584 saltem
1739 4523 2095 4585 secundum
2141 4524 2310 4605 judi-

813 4621 986 4686 cium
1018 4618 1259 4703 populi.
1292 4617 1450 4682 Nam
1478 4619 1666 4682 Josue
1702 4637 1816 4701 per
1845 4619 2108 4684 insidias
2140 4623 2313 4705 cepit

809 4717 1122 4802 oppidum
1153 4716 1286 4779 Hai.
1319 4717 1795 4792 Verumtamen,
1828 4719 2181 4782 secundum
2211 4720 2312 4802 ju-

811 4818 1056 4882 dicium
1113 4817 1235 4879 fori
1294 4815 1626 4878 exterioris
1686 4815 1855 4878 istud
1913 4833 2042 4880 non
2093 4818 2243 4881 licet
2293 4837 2308 4882 :

811 4917 964 5000 quia
1003 4915 1354 4978 maximum
1394 4913 1752 4995 periculum
1799 4914 2170 4979 immineret
2218 4917 2309 4980 rei

813 5015 1109 5099 publicae,
1141 5014 1196 5076 si
1239 5012 1680 5094 unusquisque
1725 5022 2141 5095 praesumeret
2187 5014 2312 5078 sibi

814 5114 938 5198 ipsi
978 5111 1294 5193 justitiam
1337 5110 1567 5173 facere.

893 5211 1208 5285 Quaeritur
1237 5209 1391 5272 item
1430 5208 1508 5270 de
1547 5208 1878 5291 acquisitis
1910 5229 2025 5292 per
2053 5210 2314 5274 simula-

815 5312 1058 5374 tionem
1097 5309 1234 5372 sive
1271 5306 1685 5390 hypocrisim,
1715 5325 1827 5370 seu
1869 5326 1985 5390 per
2020 5308 2313 5374 fraudem

2421 4347 2561 4392 esse
2609 4327 3026 4410 infligendam
3077 4344 3331 4409 poenam
3382 4325 3627 4400 mortiS,
3660 4345 3781 4389 nec
3826 4327 3925 4389 di-

2423 4426 2974 4499 membrationem,
3006 4433 3072 4487 et
3112 4425 3233 4487 hoc
3274 4425 3628 4488 secundum
3663 4425 3770 4506 jus
3812 4443 3927 4508 po-

2420 4526 2683 4588 sitivum
2722 4531 2913 4607 atque
2951 4525 3330 4597 humanum,
3362 4523 3475 4587 sed
3513 4522 3579 4586 in
3618 4523 3923 4586 exsilium

2420 4622 2835 4687 destinandus
2890 4630 2989 4686 est
3041 4629 3153 4685 aut
3204 4621 3624 4703 fustigandus.
3676 4621 3925 4695 Quibus

2420 4721 2635 4785 verbis
2684 4721 2860 4785 addit
2905 4720 3195 4785 consulte
3242 4737 3257 4783 :
3305 4719 3681 4802 Oppositum
3726 4719 3926 4801 hujus

2423 4827 2711 4884 servatur
2742 4819 2806 4882 in
2848 4818 3069 4882 multis
3098 4818 3285 4880 terris
3314 4836 3394 4880 ex
3434 4817 3923 4892 consuetudine,

2421 4936 2615 5001 quam
2658 4917 2895 4998 justam
2939 4916 3092 4979 fecit
3136 4915 3482 4979 necessitas
3530 4914 3707 4998 pacis
3748 4933 3925 4980 com-

2424 5015 2662 5089 munis,
2694 5023 2759 5079 et
2794 5013 3313 5096 incorrigibilitas
3352 5014 3687 5078 hominum
3732 5021 3927 5098 atque

2422 5119 2685 5196 experta
2714 5112 2957 5176 malitia
2993 5112 3444 5195 plurimorum,
3478 5112 3543 5175 id
3581 5119 3679 5175 est
3707 5113 3923 5194 proni-

2422 5221 2519 5275 tas
2564 5211 2640 5274 ad
2685 5210 3049 5273 furandum.
3082 5209 3228 5273 Ilaec
3270 5209 3617 5273 Udalricus.

2505 5311 2584 5374 At
2624 5327 2776 5373 vero
2823 5309 3180 5385 Durandus,
3214 5324 3340 5371 non
3384 5307 3493 5371 ille
3534 5325 3727 5391 quem
3770 5308 3923 5371 huc·
