4267 6250
812 484 937 555 540
1482 508 1548 556 m
1586 506 1811 557 rmum!
1849 507 1913 555 ιν
1952 505 2436 557 εκκτιωτιᾼιιωι.
2477 523 2560 537 -
2599 507 2753 554 nis-r.
2794 507 2920 572 ¹¹3
2961 507 3186 565 otmar.
3226 509 3249 556 1

819 678 1219 743 contritionis
1262 680 1635 763 quantitate,
1682 689 1745 744 et
1792 679 2192 745 confessione
2238 698 2313 742 ac
2344 680 2395 744 Α
2425 698 2553 744 non
2603 680 2910 743 liberetur
2955 680 3232 745 totaliter
3271 701 3310 745 a
3351 699 3556 764 poenae
3599 688 3798 745 reatu.
3839 717 3925 727 —

816 776 1215 842 absolutione
1252 796 1265 842 :
1300 780 1453 862 quia
1490 799 1606 862 per
1644 780 1861 843 omnia
1898 779 2033 843 haec
2071 778 2313 861 aliquid

818 876 897 939 de
946 896 1134 960 poena
1181 877 1541 941 dimittitur.
1596 879 1856 961 Propter
1903 879 2071 961 quod
2122 878 2314 941 etiam

818 994 855 1038 a
884 977 1209 1040 sacerdote
1247 984 1397 1039 sunt
1436 976 1895 1040 consideranda
1924 976 2318 1057 injungendo

818 1068 1337 1138 satisfactionem.
1390 1110 1473 1119 —
1512 1075 1729 1157 ltaque
1776 1074 1876 1137 his
1925 1091 2053 1138 non
2101 1072 2320 1137 obviat

676 1203 789 1241 xvm,
820 1172 991 1252 quod
1037 1172 1101 1234 in
1146 1172 1527 1255 Apocalypsi
1576 1172 1884 1236 Dominus
1925 1173 2015 1234 ait
2056 1190 2071 1233 ε
2118 1173 2320 1247 Quan-

820 1276 957 1331 tum
987 1270 1374 1351 glorificavit
1403 1289 1493 1345 se,
1527 1278 1591 1333 et
1620 1271 1685 1333 in
1719 1270 1965 1334 deliciis
2003 1269 2150 1344 fuit,
2181 1277 2317 1332 tan—

820 1375 957 1431 tum
991 1369 1134 1431 date
1175 1369 1271 1431 illi
1310 1376 1699 1432 tormentum
1740 1376 1804 1431 et
1838 1368 2101 1432 luctum.
2134 1367 2319 1431 Nem·

819 1486 901 1550 pe
944 1467 1010 1530 in
1049 1467 1264 1531 verbis
1305 1467 1432 1531 illis
1476 1468 1602 1531 duo
1640 1476 1988 1550 tanguntur
2022 1486 2100 1530 ex
2141 1474 2316 1549 parte

818 1565 1045 1648 culpae,
1090 1574 1309 1649 utpote
1352 1584 1367 1629 :
1408 1566 1815 1648 glorificatio,
1858 1585 1999 1648 quae
2042 1566 2320 1648 pertinet

816 1665 897 1727 ad
928 1665 1311 1745 elationem3
1344 1673 1407 1728 et
1436 1664 1702 1739 deliciae,
1736 1684 1879 1747 quae
1919 1671 2211 1747 spectant
2237 1664 2316 1727 ad

818 1762 1321 1827 delectationem.
1366 1764 1667 1837 Quamvis
1714 1770 1927 1826 autem
1975 1762 2058 1826 sit
2106 1763 2317 1826 minor

2425 779 2728 843 Sacerdos
2767 779 2962 843 etiam
3001 798 3129 844 non
3167 799 3423 863 semper
3461 788 3683 863 peccat
3721 780 3928 844 mino-

2427 896 2562 941 rem
2604 878 3046 961 poenitentiam
3096 878 3491 960 injungendo
3531 896 3547 941 :
3591 885 3728 942 tum
3770 880 3928 962 quia

2426 994 2553 1040 non
2599 985 2807 1060 potest
2845 978 3010 1041 scire
3049 978 3464 1041 determinate
3501 977 3927 1059 quantitatem

2427 1074 2656 1138 debitae
2687 1093 2912 1157 poenae,
2937 1075 3230 1157 quamvis
3261 1074 3504 1157 aliquid
3535 1074 3792 1157 proprie
3823 1092 3930 1137 va-

2431 1171 2554 1236 leat
2590 1173 3036 1247 determinare,
3070 1172 3308 1255 regulis
3346 1173 3601 1236 Patrum
3641 1172 3932 1235 conside-

2429 1271 2623 1347 ratis3
2667 1278 2804 1333 tum
2853 1271 3003 1353 quia
3044 1272 3426 1353 quandoque
3477 1270 3621 1353 plus
3665 1270 3931 1353 expedit

2431 1369 2872 1452 poenitentiam
2916 1368 3230 1433 minorem
3269 1368 3624 1451 imponere,
3657 1387 3739 1431 ne
3777 1386 3930 1431 con-

2431 1467 2623 1530 fitens
2666 1466 2748 1531 ob
2795 1467 3170 1549 gravitatem
3213 1467 3605 1549 poenitentiae
3647 1466 3931 1530 retraha-

2428 1575 2535 1630 tur
2581 1566 2662 1631 ab
2711 1566 2854 1648 ejus
2901 1565 3296 1649 impletione,
3345 1585 3424 1629 ex
3470 1584 3586 1628 sua
3628 1564 3931 1648 imperfe-

2429 1665 2658 1729 ctione.
2712 1665 2946 1747 Sicque
3001 1664 3330 1728 confessor
3386 1663 3651 1747 negligit
3707 1663 3930 1727 minus

2429 1764 2694 1839 malum,
2750 1770 3066 1847 quatenus
3115 1762 3322 1844 majus
3375 1763 3616 1826 malum
3663 1762 3928 1836 vitetur,

817 1861 1153 1926 delectatio
1184 1862 1559 1945 quandoque
1591 1862 1653 1924 in
1683 1870 1945 1945 peccato
1974 1861 2314 1943 majori,ta-
2349 1860 2397 1924 B
2430 1872 2493 1927 et
2525 1862 2840 1927 confitens
2881 1862 3138 1925 interim
3177 1861 3568 1925 confortatus
3607 1861 3674 1923 in
3707 1860 3932 1924 carita-

819 1979 967 2023 men
998 1980 1252 2044 semper
1283 1960 1375 2023 ibi
1405 1969 1502 2025 est
1532 1961 1735 2043 major
1764 1960 1971 2026 elatio.
1994 1961 2314 2043 —Neque
2353 2000 2370 2013 .

818 2059 919 2122 his
958 2059 1185 2134 obstat,
1228 2060 1397 2142 quod
1448 2061 1802 2123 secundum
1837 2060 1983 2141 jura
2028 2060 2314 2141 antiqua,

818 2159 1129 2221 sacerdoti
1171 2176 1287 2240 pro
1326 2158 1744 2221 fornicatione
1790 2158 2148 2239 injungitur
2186 2174 2318 2239 poe-

820 2257 1089 2320 nitentia
1116 2258 1337 2321 decem
1372 2274 1708 2329 annorum,
1745 2256 1907 2319 laico
1944 2264 2160 2318 autem
2202 2273 2319 2338 pro

818 2354 1167 2418 homicidio
1225 2354 1601 2437 poenitentia
1672 2362 1916 2437 septem
1975 2372 2315 2427 annorum,

820 2472 1185 2536 quanquam
1230 2451 1647 2515 homicidium
1690 2452 1861 2515 istud
1902 2450 2011 2514 illa
2048 2451 2320 2515 fornica-

818 2552 991 2615 tione
1030 2552 1114 2615 sit
1149 2551 1425 2634 gravius.
1474 2550 1631 2614 Nam
1672 2550 1735 2613 id
1776 2550 1854 2613 fit
1896 2550 1961 2613 in
2004 2556 2316 2632 quantum

820 2650 1196 2733 poenitentia
1245 2656 1341 2713 est
1388 2648 1743 2712 remedium
1794 2656 2013 2711 contra
2059 2656 2318 2730 peccata

818 2748 1054 2823 futura,
1096 2748 1175 2811 ad
1222 2748 1672 2811 retrahendum
1714 2748 2105 2809 sacerdotem
2151 2764 2188 2807 a
2225 2746 2316 2808 vi-

819 2847 925 2911 tiis
966 2847 1197 2921 carniS,
1230 2865 1373 2929 quae
1411 2852 1539 2907 tam
1582 2844 1707 2907 sibi
1750 2863 1943 2927 quam
1986 2844 2129 2908 aliis
2169 2852 2318 2907 sunt

818 2946 1001 3009 valde
1046 2944 1421 3029 periculosa.

2428 1970 2514 2037 te,
2556 1962 2634 2025 ad
2681 1961 2924 2042 majora
2965 1978 3040 2024 ac
3081 1960 3269 2043 plura
3305 1959 3697 2043 poenitentiae
3733 1976 3933 2041 opera

2430 2060 2788 2146 peragenda
2816 2066 3088 2141 aptetur,
3120 2078 3312 2141 quam
3353 2058 3647 2122 sacerdos
3678 2058 3804 2121 sibi
3837 2057 3933 2120 in-

2425 2160 2694 2241 jungere
2751 2157 3080 2240 potuisset.
3132 2190 3215 2201 —
3269 2155 3333 2218 Si
3379 2173 3534 2219 vero
3589 2154 3928 2219 confitenti

2429 2258 2634 2338 major
2683 2255 2900 2319 debito
2945 2254 3326 2338 poenitentia
3375 2254 3768 2336 injungatur,
3821 2272 3929 2316 ex-

2428 2356 2604 2439 plere
2635 2374 2774 2418 eam
2815 2372 2894 2417 ex
2935 2354 3334 2434 injunctione
3371 2352 3718 2415 sacerdotis
3751 2359 3930 2415 tene-

2423 2463 2530 2516 tur
2580 2472 2594 2516 :
2647 2453 2800 2536 quia
2843 2451 3136 2515 sacerdos
3195 2468 3324 2514 non
3375 2450 3584 2514 solum
3631 2449 3926 2513 debitum

2426 2571 2630 2635 poenae
2678 2549 3058 2625 considerat,
3107 2549 3217 2613 sed
3273 2548 3466 2612 etiam
3515 2556 3780 2631 peccato
3829 2568 3926 2611 re-

2425 2652 2710 2715 medium
2748 2648 3024 2713 adhibet.
3060 2650 3206 2712 ldeo
3244 2648 3298 2711 si
3339 2647 3654 2712 confitens
3697 2648 3928 2711 moria-

2422 2758 2528 2814 tur
2564 2757 2714 2812 ante
2756 2748 3148 2832 poenitentiae
3187 2747 3313 2810 sibi
3363 2746 3668 2829 injunctae
3709 2746 3929 2829 exple-

2423 2849 2686 2920 tionem,
2711 2864 2836 2910 non
2868 2845 3143 2927 exigitur
3170 2846 3250 2909 ab
3280 2864 3357 2909 eo
3386 2850 3536 2919 tota,
3569 2845 3678 2908 sed
3711 2844 3924 2908 solum

2424 2954 2734 3030 quantum
2761 2943 2894 3008 suff
2897 2944 3010 3007 icit
3029 2945 3107 3007 ad
3133 2943 3420 3007 debitum
3449 2942 3921 3007 exsolvendum.

899 3045 992 3108 Ad
1022 3044 1371 3107 secundum
1401 3040 1767 3115 dicendum,
1791 3042 1961 3123 quod
1990 3049 2168 3105 actus
2202 3041 2314 3103 mi·
2346 3045 2391 3109 C
2497 3045 2588 3108 Ad
2614 3044 2873 3107 tertium
2899 3041 3611 3126 respondendum,quod
3638 3041 3705 3103 in
3729 3059 3932 3123 quan·

819 3143 1005 3207 nistri
1049 3144 1257 3207 bonus
1299 3143 1399 3206 vel
1445 3141 1649 3205 malus
1690 3141 1781 3204 nil
1823 3141 2025 3204 variat
2067 3141 2133 3204 in
2173 3141 2315 3204 effi-

820 3244 995 3308 cacia
1036 3249 1596 3308 sacramentorum.
1642 3241 1801 3304 Hinc
1844 3241 1980 3304 sive
2022 3241 2317 3304 sacerdos

819 3343 1093 3406 discrete
1124 3361 1191 3405 se
1221 3340 1450 3404 habeat
1478 3339 1543 3403 in
1578 3339 1976 3420 injunctione
2006 3338 2318 3422 poeniten-

818 3443 944 3515 tiae,
987 3442 1123 3504 sive
1162 3457 1312 3513 non,
1355 3439 1444 3501 nil
1489 3437 1962 3501 diversificatur
2002 3445 2315 3520 quantum

816 3541 897 3603 ad
942 3539 1299 3602 efficaciam
1344 3535 1763 3600 absolutionis
1810 3543 1874 3598 et
1917 3536 2317 3599 contritionis

816 3657 890 3702 ac
932 3635 1371 3702 confessionis
1423 3634 1568 3698 ldeo
1621 3634 1756 3696 sive
1802 3633 2146 3696 indiscrete
2189 3653 2319 3716 poe-

818 3735 1153 3799 nitentiam
1200 3733 1511 3813 injungat,
1545 3731 1681 3794 sive
1719 3749 1869 3806 non,
1903 3749 2160 3814 semper
2189 3749 2317 3793 ma-

820 3840 929 3897 net
958 3840 1168 3895 reatus
1197 3831 1275 3894 ad
1310 3849 1561 3914 poenam
1590 3829 1961 3912 quantitatis
1992 3830 2313 3911 ejusdem:

817 3933 970 3996 hinc
1015 3931 1067 3994 si
1118 3949 1257 3994 eam
1303 3946 1431 3992 non
1475 3928 1727 4010 expleat
1770 3927 1835 3990 in
1876 3929 2196 4010 praesenti,
2236 3928 2316 3993 ab

818 4048 894 4094 eo
925 4031 991 4092 in
1022 4027 1385 4112 purgatorio
1422 4027 1729 4108 exigetur.
1764 4061 1844 4072 —
1874 4026 1937 4089 Si
1972 4044 2122 4107 ergo
2161 4026 2321 4108 obji-

818 4129 1043 4203 ciatur,
1076 4127 1247 4210 quod
1276 4125 1604 4189 confessor
1632 4124 1923 4188 videatur
1952 4123 2316 4206 culpabilis,

2427 3153 2564 3208 tum
2595 3143 2970 3228 poenitentia
2998 3142 3330 3207 ordinatur
3356 3141 3431 3204 ad
3469 3140 3669 3204 debiti
3703 3141 3930 3204 soluti-

2427 3262 2638 3317 onem,
2691 3261 2857 3304 unus
2908 3259 3024 3323 pro
3079 3240 3206 3303 alio
3265 3239 3632 3302 satisfacere
3690 3246 3926 3322 potest,

2426 3340 2776 3405 dummodo
2827 3339 2912 3402 sit
2966 3339 3032 3400 in
3090 3337 3371 3412 caritate,
3423 3345 3494 3400 ut
3543 3355 3737 3420 opera
3781 3337 3930 3419 ejus

2428 3439 2847 3504 satisfactoria
2889 3457 3029 3502 esse
3075 3437 3342 3520 possint.
3388 3437 3517 3500 Nec
3561 3444 3814 3518 oportet
3857 3444 3932 3508 ut

2429 3539 2632 3620 major
2689 3555 2878 3620 poena
2935 3537 3301 3618 imponatur
3346 3535 3406 3598 ei
3454 3534 3566 3617 qui
3615 3533 3934 3598 satisfacit

2430 3657 2546 3722 pro
2594 3637 2742 3711 alio,
2783 3654 2976 3718 quam
3025 3635 3148 3717 ipsi
3197 3652 3308 3699 reo
3355 3635 3817 3716 imponeretur,
3859 3643 3935 3697 ut

2427 3735 2627 3819 aliqui
2657 3734 2880 3797 dicunt
2896 3732 3097 3815 (quia,
3123 3739 3192 3794 ut
3221 3731 3422 3806 aiunt,
3449 3749 3638 3814 poena
3667 3731 3934 3814 propria

2431 3834 2632 3916 magis
2667 3831 2976 3896 satisfacit
3007 3849 3202 3912 quam
3241 3829 3475 3912 aliena)
3505 3847 3520 3892 :
3553 3848 3704 3892 nam
3740 3847 3935 3912 poena

2429 3933 2621 3999 habet
2650 3932 2783 3996 vim
2823 3928 3254 3994 satisfaciendi
3292 3927 3613 4011 praecipue
3649 3947 3731 3992 ex
3771 3928 3934 3991 cari·

2429 4033 2575 4096 tatis
2625 4031 2884 4104 virtute,
2935 4047 3080 4111 quae
3129 4026 3330 4108 magis
3378 4034 3644 4110 apparet
3692 4025 3758 4088 in
3810 4027 3935 4092 hoc

2431 4130 2600 4212 quod
2649 4129 2841 4193 homo
2884 4126 3326 4210 poenitentiam
3375 4124 3566 4188 solvit
3614 4142 3732 4207 pro
3777 4125 3930 4202 alio,

818 4227 1132 4290 minorem
1181 4243 1373 4307 quam
1418 4223 1661 4304 justum
1723 4229 1820 4284 est
1872 4221 2317 4304 poenitentiam
2348 4222 2401 4286 D
2431 4247 2626 4312 quam
2670 4227 2724 4290 si
2772 4243 2888 4309 pro
2936 4244 3003 4289 se
3052 4224 3210 4307 ipso.
3264 4223 3412 4287 Ideo
3461 4223 3674 4288 minor
3719 4225 3936 4307 requi-

816 4324 1231 4407 injungendo,
1282 4331 1347 4384 et
1398 4322 1465 4384 in
1516 4321 1635 4383 hoc
1684 4328 1908 4382 noceat
1956 4320 2315 4396 confitenti,

816 4423 1171 4508 praesertim
1208 4439 1409 4503 quum
1452 4420 1517 4482 in
1557 4417 1773 4482 futuro
1818 4419 2021 4483 multo
2064 4420 2319 4502 gravior

818 4541 1008 4607 poena
1036 4520 1326 4602 exigatur
1356 4537 1548 4600 quam
1580 4516 1723 4598 hic;
1756 4517 2123 4594 dicendum,
2148 4519 2318 4602 quod

818 4620 1353 4704 quandocumque
1385 4615 1595 4678 minor
1630 4615 2005 4698 poenitentia
2042 4616 2320 4698 injungi-

820 4728 944 4794 tur,
976 4717 1265 4781 defectus
1302 4723 1400 4778 est
1436 4733 1515 4777 ex
1556 4721 1733 4796 parte
1772 4713 2184 4796 imponentis,
2219 4715 2319 4778 vel

820 4839 899 4882 ex
947 4823 1126 4901 parte
1164 4813 1552 4896 recipientis.
1597 4813 1921 4876 Interdum
1960 4821 2175 4877 tamen
2216 4832 2322 4897 po-

822 4925 945 4980 test
983 4935 1123 4979 esse
1162 4914 1301 4978 sine
1340 4911 1531 4994 culpa
1568 4911 1924 4994 utriusque,
1959 4919 2030 4973 ut
2066 4914 2321 4995 quando

823 5017 1161 5098 imponens
1192 5011 1472 5076 debitam
1505 5009 1904 5091 diligentiam
1942 5010 2205 5074 adhibet
2240 5012 2321 5075 ad

825 5111 1291 5194 injungendum
1324 5107 1767 5192 poenitcntiam
1799 5107 2202 5189 condignam,
2231 5129 2324 5172 re-

826 5211 1073 5295 cipiens
1102 5225 1358 5293 quoque
1388 5213 1644 5290 paratus
1675 5213 1773 5269 est
1802 5206 1977 5269 illam
2011 5207 2319 5290 implere:

829 5311 976 5373 ideo
1034 5305 1489 5372 inconveniens
1548 5321 1675 5368 non
1732 5312 1849 5379 est,
1900 5306 1953 5368 si
2005 5306 2322 5370 confitens

2430 4328 2592 4390 ritur
2635 4343 2824 4408 poena
2874 4325 2938 4386 in
2985 4341 3063 4387 eo
3111 4323 3224 4406 qui
3272 4339 3389 4405 pro
3429 4321 3557 4386 alio
3593 4321 3931 4396 satisfacit,

2430 4443 2625 4508 quam
2665 4423 2732 4485 in
2773 4421 3112 4506 principali
3157 4420 3611 4504 requireretur.
3645 4420 3824 4483 Unde
3865 4421 3934 4484 in

2429 4526 2478 4587 V
2485 4525 2860 4607 itaspatrum
2904 4527 3217 4594 narratur,
3257 4520 3428 4602 quod
3470 4527 3732 4602 propter
3775 4518 3938 4582 cari-

2431 4631 2625 4686 tatem
2685 4620 2875 4683 unius
2935 4618 3045 4702 qui
3103 4616 3548 4701 poenitentiam
3608 4615 3764 4680 fecit
3814 4634 3936 4699 pro

2431 4727 2694 4802 peccato
2722 4718 2984 4782 alterius
3014 4716 3184 4800 quod
3225 4733 3352 4779 non
3384 4713 3730 4789 commisit,
3764 4713 3937 4778 Deus

2431 4817 2675 4898 ignovit
2701 4816 2884 4879 alteri
2924 4815 3032 4897 qui
3073 4813 3381 4896 peccavit.
3415 4811 3546 4876 Nec
3576 4811 3770 4875 etiam
3800 4811 3935 4875 exi-

2429 4915 2602 4997 gitur
2631 4921 2940 4996 quantum
2982 4913 3060 4974 ad
3097 4910 3565 4975 absolutionem
3605 4909 3832 4984 debiti,
3866 4917 3940 4973 ut

2431 5013 2486 5076 is
2533 5029 2648 5096 pro
2691 5029 2819 5094 quo
2860 5010 3024 5073 alius
3067 5007 3395 5082 satisfacit,
3437 5007 3522 5070 sit
3563 5008 3644 5070 ad
3689 5007 3938 5070 satisfa-

2431 5111 2732 5174 ciendum
2773 5107 3192 5192 personaliter
3225 5107 3544 5189 impotens
3579 5123 3594 5168 ε
3627 5105 3938 5188 quoniam

2433 5208 2554 5271 etsi
2587 5216 2812 5291 potens
2843 5213 3035 5280 esset,
3067 5213 3282 5270 tamen
3318 5204 3446 5267 alio
3485 5220 3604 5286 pro
3641 5220 3720 5266 eo
3753 5203 3940 5267 satis-

2435 5307 2729 5381 faciente,
2767 5305 2904 5387 ipse
2931 5323 2969 5368 a
2999 5303 3216 5368 debito
3245 5301 3357 5366 illo
3387 5301 3572 5365 fieret
3601 5300 3934 5364 immunis.
