4267 6250
790 470 924 547 '534
1732 502 1908 551 mim
1948 502 2012 552 iv
2052 504 2538 553 snm-mmm
2579 522 2661 535 —-
2701 504 2856 551 msr.
2897 504 2981 551 xx

805 676 957 759 quis
984 680 1241 761 positus
1278 681 1346 744 in
1383 680 1619 745 ultima
1660 680 2047 769 necessitate
2074 680 2362 745 voluerit
2403 680 2695 762 accipere
2732 680 3210 764 poenitentiam,
3254 683 3319 745 et
3355 676 3614 763 accipit,
3647 681 3712 744 et
3751 696 3921 745 mox

804 796 1284 879 reconciliatur,
1334 799 1400 862 et
1456 798 1611 861 hinc
1667 797 1889 879 vadit3
1932 796 2142 861 fateor
2186 797 2399 878 vobis,
2449 814 2583 860 non
2631 798 2729 859 illi
2783 814 3103 879 negamus
3153 797 3331 879 quod
3376 797 3565 879 petit,
3615 797 3729 860 sed
3774 814 3920 860 non

805 913 1273 993 praesumimus
1328 915 1487 995 quia
1532 914 1697 977 bene
1746 914 1901 976 hinc
1952 914 2110 977 exit.
2171 914 2241 978 Si
2289 930 2560 977 securus
2611 913 2765 976 hinc
2801 913 3058 993 exierit,
3113 930 3234 995 ego
3281 914 3530 977 nescio.
3584 912 3922 977 Poeniten-

807 1028 969 1091 tiam
1016 1029 1168 1094 dare
1206 1048 1585 1113 possumuS,
1629 1031 2049 1094 securitatem
2084 1047 2241 1094 vero
2280 1044 2436 1093 non.
2486 1030 2828 1111 Numquid
2865 1030 3038 1111 dioc,
3080 1028 3566 1093 Damnabitur?
3615 1029 3744 1093 Sed
3792 1047 3922 1092 nec

754 1198 757 1201 .
805 1147 977 1224 dice,
1010 1148 1444 1213 Liberahitur.
1486 1148 1607 1212 Vis
1646 1166 1799 1229 ergo
1837 1165 1877 1210 a
1904 1147 2105 1211 dubio
2145 1146 2458 1211 liberari?
2493 1148 2634 1229 Age
2670 1148 3122 1230 poenitentiam
3156 1148 3318 1211 dum
3349 1164 3550 1211 sanus
3585 1164 3678 1211 es.
3718 1147 3789 1211 Si
3817 1147 3922 1211 sic

808 1264 973 1344 agiS,
1023 1264 1171 1327 dico
1210 1264 1330 1327 tibi
1372 1265 1528 1345 quia
1574 1281 1846 1328 securus
1892 1281 1963 1328 es
2006 1284 2020 1325 ε
2062 1264 2221 1345 quia
2265 1263 2718 1344 poenitentiam
2764 1264 2957 1345 egisti
2995 1280 3073 1327 eo
3121 1264 3416 1345 tempore
3464 1280 3596 1344 quo
3646 1280 3919 1345 peccare

810 1378 1109 1458 potuisti.
1151 1380 1221 1445 Si
1259 1381 1362 1444 vis
1398 1397 1589 1461 agere
1619 1380 2068 1461 poenitentiam
2111 1380 2373 1460 quando
2406 1378 2542 1460 jam
2585 1396 2850 1461 peccare
2887 1396 3020 1442 non
3057 1380 3268 1461 poteS,
3310 1380 3575 1460 peccata
3615 1380 3678 1443 te
3716 1378 3918 1442 dimi-

464 1530 473 1539 ·
512 1509 787 1565 masam
812 1496 1060 1575 serunt,
1107 1513 1239 1559 non
1285 1498 1360 1559 tu
1406 1496 1541 1559 illa.
1596 1497 1764 1560 Item
1808 1517 1821 1558 :
1855 1496 2021 1560 Duae
2060 1514 2165 1560 res
2202 1497 2358 1559 sunt
2398 1516 2414 1557 :
2455 1496 2570 1559 aut
2604 1496 2967 1577 ignoscitur
3003 1496 3146 1575 tibi,
3191 1497 3306 1558 aut
3346 1512 3476 1558 non
3525 1496 3912 1575 ignoscitur.

494 1573 611 1615 ’Μ’
811 1609 987 1684 Quid
1033 1612 1270 1675 horum
1314 1613 1435 1675 tibi
1472 1612 1560 1675 sit
1609 1612 1934 1692 futurum,
1979 1613 2224 1675 nesci0.
2271 1613 2444 1692 Ergo
2494 1613 2642 1675 tene
2683 1614 2961 1691 certum,
2995 1614 3060 1675 et
3095 1611 3354 1675 dimitte
3400 1612 3744 1675 incertum.
3786 1612 3920 1675 Sed

808 1744 1010 1808 quare
1048 1728 1174 1790 hoc
1214 1728 1380 1791 dixit
1409 1728 1847 1808 AugustinUS,
1880 1744 2089 1809 quum
2124 1727 2512 1809 poenitentia
2547 1744 2696 1808 quae
2734 1727 2802 1790 in
2831 1723 2960 1791 fine
3001 1727 3240 1808 agitur,
3273 1727 3340 1789 in
3375 1726 3643 1791 Psalmo
3685 1726 3916 1809 appel-

524 1856 606 1900 Ρ..
626 1868 717 1907 m,
738 1858 779 1899 ι.
807 1842 979 1906 letur
1006 1844 1399 1907 sacrificium
1436 1843 1909 1925 vespertinum,
1950 1843 2128 1923 quod
2167 1844 2306 1907 erat
2341 1841 2806 1923 acceptabilius
2835 1842 2904 1906 in
2941 1842 3119 1924 lege3
3151 1843 3217 1906 et
3244 1859 3452 1923 quum
3487 1843 3556 1906 in
3593 1860 3918 1924 quacum-

511 1968 738 2078 mffisgoih·
807 1978 934 2042 que
972 1960 1077 2023 die
1124 1958 1466 2024 invocetur
1500 1960 1704 2039 DeuS‚
1753 1959 1959 2043 adsit3
1993 1961 2057 2024 et
2093 1975 2510 2041 quacumque
2559 1960 2722 2022 hora
2759 1958 3151 2041 ingemuerit
3197 1961 3262 2022 et
3312 1977 3667 2023 conversus
3719 1960 3920 2023 fuerit

614 2066 627 2085 '
700 2066 711 2077 '
806 2076 1129 2159 peccator,
1170 2076 1306 2139 vita
1344 2077 1523 2140 vivet
1568 2078 1632 2140 et
1684 2093 1817 2139 non
1862 2075 2232 2140 morietur?
2269 2076 2398 2141 Sed
2448 2075 2564 2138 illa
2612 2074 2782 2138 dixit
2827 2074 3241 2157 Augustinus
3291 2077 3556 2157 propter
3601 2076 3754 2140 illos
3801 2077 3917 2157 qui

804 2193 1259 2276 poenitentiam
1307 2210 1517 2275 usque
1561 2192 1629 2255 in
1666 2192 1865 2257 finem
1912 2193 2067 2257 vitae
2104 2192 2521 2274 protrahunt,
2562 2193 2628 2255 et
2672 2193 2832 2255 tunc
2876 2209 3008 2254 non
3052 2210 3134 2256 ex
3169 2192 3296 2256 Dei
3342 2209 3564 2257 amore
3610 2193 3920 2257 videntur

805 2310 1145 2393 poenitere,
1178 2309 1294 2373 sed
1335 2309 1573 2373 timore
1610 2310 1867 2389 mortis,
1896 2308 2085 2390 quasi
2126 2326 2206 2373 ex
2243 2309 2653 2373 necessitate.
2688 2308 2875 2371 Unde
2915 2308 3089 2372 idem
3138 2308 3328 2390 quasi
3365 2309 3667 2391 aperiens
3715 2327 3919 2391 quare

508 2444 686 2501 Αιιμιο
698 2442 777 2486 ν.-
804 2424 1145 2507 superiora
1181 2424 1445 2503 dixerit,
1490 2425 1583 2487 ait
1623 2444 1638 2486 :
1680 2423 1921 2487 Nullus
1958 2425 2293 2509 exspectet
2339 2423 2601 2505 quando
2648 2440 2916 2506 peccare
2961 2441 3093 2487 non
3141 2425 3379 2505 potest.
3421 2423 3695 2487 Arbitrii
3737 2426 3918 2488 enim

508 2506 777 2615 amm*
803 2540 1173 2604 libertatem
1215 2543 1488 2623 quaemt,
1532 2541 1609 2604 ut
1654 2540 1856 2605 deleri
1904 2540 2164 2621 possint
2215 2540 2592 2619 commissa,
2635 2558 2768 2603 non
2823 2541 3324 2623 necessitatem3
3377 2540 3740 2621 caritatem,
3783 2559 3914 2605 non

802 2659 1059 2722 tantum
1104 2656 1437 2738 timorem,
1488 2658 1645 2739 quia
1690 2655 1942 2744 non-in
1989 2655 2131 2720 solo
2172 2656 2409 2720 timore
2454 2656 2622 2719 vivit
2667 2657 2891 2720 homo.
2939 2657 3153 2731 Quem
3209 2674 3364 2739 ergo
3421 2674 3568 2721 sero
3613 2658 3914 2739 poenitet,

805 2776 1062 2855 oportet
1090 2790 1223 2836 non
1252 2773 1470 2837 solum
1499 2773 1731 2837 timere
1753 2772 2069 2853 judicem,
2106 2772 2223 2835 sed
2257 2771 2528 2852 diligere
2562 2792 2576 2833 :
2611 2772 2770 2853 quia
2801 2774 2944 2837 sine
2982 2773 3247 2837 caritate
3286 2790 3481 2837 nemo
3519 2773 3745 2837 salvus
3773 2791 3917 2837 esse

804 2891 1042 2972 potest.
1076 2890 1223 2952 Non
1262 2907 1414 2970 ergo
1454 2890 1713 2952 tantum
1751 2888 2061 2953 timeatur
2096 2905 2215 2969 pro
2245 2904 2461 2969 poena,
2496 2888 2612 2952 sed
2639 2890 2897 2952 ametur
2934 2906 3053 2969 pro
3089 2888 3318 2969 gloria.
3363 2889 3525 2963 Quae
3571 2889 3915 2953 conversio

801 3008 864 3071 si
902 3006 1247 3086 contigerit
1282 3006 1480 3069 alicui
1511 3006 1709 3069 etiam
1736 3005 1803 3067 in
1833 3000 1985 3084 fine,
2017 3004 2498 3085 desperandum
2527 3022 2660 3068 non
2699 3007 2799 3069 est
2833 3006 2914 3069 de
2953 3006 3097 3086 eJus
3134 3006 3543 3071 remissione.
3585 3007 3712 3071 Sed
3749 3025 3916 3089 quo-

804 3121 985 3186 niam
1024 3121 1137 3184 vix
1168 3121 1271 3185 vel
1300 3138 1445 3185 raro
1478 3122 1579 3185 est
1612 3122 1749 3184 tam
1772 3120 1955 3202 justa
1982 3120 2348 3203 conversi0,
2371 3120 2737 3186 timendum
2778 3123 2878 3186 est
2913 3121 2994 3186 de
3031 3122 3388 3203 poenitente
3416 3140 3561 3188 sero
3587 3123 3916 3187 :maxime

807 3255 1016 3320 quum
1052 3237 1173 3301 filii
1203 3256 1371 3319 quos
1409 3237 1635 3302 illicite
1670 3237 1927 3318 dilexit,
1959 3237 2093 3300 sint
2121 3239 2501 3318 praesenteS,
2533 3254 2703 3301 uxor
2737 3239 2801 3302 et
2839 3239 3128 3303 mundus
3155 3239 3238 3302 ad
3273 3257 3348 3304 se
3381 3242 3638 3304 vocent.
3671 3240 3917 3304 Multos

807 3353 978 3419 solet
1012 3355 1300 3418 serotina
1347 3353 1731 3436 poenitentia
1775 3353 2097 3434 decipere.
2141 3353 2270 3418 Sed
2319 3353 2632 3434 quoniam
2678 3354 2860 3419 Deus
2909 3371 3169 3436 semper
3220 3356 3455 3437 potens
3499 3357 3622 3436 est,
3656 3373 3918 3439 semper

808 3471 1007 3535 etiam
1056 3471 1127 3533 in
1169 3472 1379 3534 morte
1425 3470 1658 3550 Juvare
1710 3469 1885 3533 valet
1913 3467 2156 3551 quibus
2193 3468 2426 3551 placet.
2469 3468 2690 3543 Quum
2741 3489 2894 3551 ergo
2948 3488 3116 3552 opus
3153 3471 3242 3534 sit
3275 3489 3407 3534 non
3446 3473 3761 3553 hominis,
3800 3473 3917 3536 sed

807 3586 956 3664 Dei,
980 3585 1317 3650 fructifera
1344 3585 1749 3666 poenitentia,
1770 3585 2088 3665 inspirare
2118 3602 2263 3648 eam
2292 3586 2510 3665 potest
2545 3585 3094 3667 quandocumque
3122 3586 3266 3650 vult
3293 3603 3412 3651 sua
3441 3587 3913 3667 misericordia,

811 3703 877 3766 et
914 3719 1327 3766 remunerare
1359 3719 1441 3766 ex
1478 3701 1930 3764 misericordia
1966 3717 2136 3782 quos
2173 3700 2484 3764 damnare
2521 3702 2738 3782 potest
2765 3717 2849 3764 ex
2880 3701 3163 3781 Justitia.
3206 3702 3334 3767 Sed
3362 3703 3676 3784 quoniam
3708 3703 3918 3766 multa

810 3819 967 3880 sunt
1020 3834 1168 3898 quae
1220 3817 1591 3898 impediunt
1646 3817 1711 3880 et
1764 3817 2183 3897 languentem
2241 3815 2603 3897 retrahunt,
2653 3816 3290 3898 periculosissimum
3346 3819 3446 3882 est
3497 3819 3564 3882 et
3621 3819 3916 3883 interitui

811 3933 1129 4013 vicinum,
1170 3934 1252 3996 ad
1288 3935 1571 3997 mortem
1615 3932 1991 4014 protrahere
2026 3933 2429 4014 poenitentiae
2467 3933 2856 3996 remedium.
2899 3932 3029 3997 Sed
3065 3951 3379 4015 magnum
3427 3937 3548 4014 est,
3593 3937 3699 3998 cui
3736 3936 3918 3999 Deus

519 4066 628 4112 md.
654 4071 783 4112 mae.
812 4050 969 4112 tunc
1002 4049 1305 4130 inspirat,
1346 4049 1403 4111 si
1442 4049 1593 4129 quis
1630 4049 1750 4126 est,
1786 4065 2009 4112 veram
2038 4047 2518 4129 poenitentiam.
2553 4047 2681 4112 Sed
2719 4049 2776 4111 si
2815 4049 3016 4112 etiam
3054 4050 3151 4112 sic
3188 4067 3543 4114 conversus
3571 4051 3708 4114 vita
3737 4051 3918 4115 vivat

813 4167 879 4230 et
906 4182 1037 4228 non
1068 4165 1409 4245 moriatur,
1428 4182 1560 4228 non
1588 4165 2043 4246 promittimus
2071 4164 2250 4245 quod
2281 4163 2513 4228 evadat
2540 4181 2806 4228 omnem
2834 4184 3119 4247 poenam.
3139 4167 3307 4230 Nam
3332 4167 3517 4249 prius
3538 4169 3919 4250 purgandus

813 4283 914 4347 est
949 4281 1099 4361 igne
1137 4281 1571 4362 purgationis,
1612 4281 1727 4361 qui
1757 4281 1825 4343 in
1862 4280 2043 4344 aliud
2079 4280 2397 4345 saeculum
2428 4280 2688 4344 distulit
2716 4282 3003 4344 fructum
3041 4283 3510 4347 conversionis.
3541 4283 3670 4347 Hic
3697 4286 3918 4348 autem

814 4397 986 4478 ignis
1031 4397 1155 4460 etsi
1202 4397 1488 4460 aeternus
1524 4413 1654 4459 non
1703 4396 1813 4476 sit,
1854 4398 2074 4460 tamen
2121 4397 2291 4460 miro
2353 4397 2552 4461 modo
2606 4398 2827 4477 gravis
2877 4399 2978 4462 est
3031 4417 3045 4459 τ
3101 4399 3363 4462 excellit
3417 4399 3596 4464 enim
3653 4419 3918 4465 omnem

810 4530 1072 4597 poenam
1116 4529 1315 4594 quam
1373 4530 1666 4593 unquam
1726 4530 1963 4594 passus
2010 4513 2099 4576 sit
2149 4513 2392 4595 aliquis
2448 4513 2515 4576 in
2564 4515 2686 4577 hac
2744 4514 2902 4577 vita.
2955 4515 3310 4596 Nunquam
3335 4490 3338 4492 v
3365 4516 3436 4578 in
3496 4533 3688 4580 carne
3739 4519 3920 4581 tanta

811 4629 1078 4693 inventa
1125 4629 1224 4692 est
1268 4645 1483 4710 poena,
1528 4629 1680 4692 licet
1736 4628 2065 4692 mirabilia
2111 4631 2435 4711 martyres
2471 4631 2650 4711 passi
2698 4630 2832 4694 sint
2887 4631 3234 4711 tormenta,
3281 4633 3346 4695 et
3387 4632 3581 4696 multi
3617 4635 3918 4714 nequiter

810 4744 1023 4826 iniqui
1062 4746 1306 4825 quanta
1342 4761 1519 4826 saepe
1562 4743 2020 4809 sustinuerunt
2058 4745 2405 4827 supplicia.
2447 4781 2533 4791 —
2563 4746 2663 4809 Ex
2702 4747 2809 4810 his
2852 4747 3014 4810 satis
3057 4747 3446 4828 ostenditur,
3490 4767 3691 4830 quam
3745 4750 3920 4832 peri-

516 4880 624 4926 thid.
648 4886 779 4926 aaa.
809 4860 1113 4924 culosum
1152 4860 1240 4924 sit
1286 4860 1547 4924 differre
1594 4860 2049 4942 poenitentiam
2101 4878 2312 4942 usque
2359 4862 2430 4923 iu
2479 4857 2676 4926 finem
2716 4863 2896 4926 vitae.
2935 4863 3005 4927 Si
3053 4865 3274 4926 tamen
3323 4863 3519 4926 etiam
3571 4865 3730 4928 tunc
3767 4883 3920 4929 vera

808 4975 1125 5040 habeatur
1162 4976 1566 5057 poenitentia,
1598 4977 1938 5039 hominem
1968 4976 2225 5056 liberat,
2266 4978 2331 5041 et
2369 4978 2573 5041 vitam
2613 4981 2874 5042 mortuo
2905 4979 3249 5060 impetrat3
3279 4998 3412 5043 non
3450 4981 3546 5044 sic
3576 4983 3820 5060 tamen,
3848 4985 3920 5044 ut

806 5091 1059 5155 nullam
1097 5091 1337 5155 sentiat
1371 5108 1634 5173 poenam
1671 5111 1686 5153 :
1720 5092 1852 5154 nisi
1885 5092 2051 5157 forte
2089 5093 2269 5156 tanta
2306 5093 2394 5156 sit
2431 5093 2845 5158 vehementia
2872 5095 3159 5176 gemitus
3195 5096 3263 5159 et
3297 5096 3735 5176 contritioniS,
3767 5115 3916 5179 quae

802 5207 1081 5272 sufficiat
1117 5206 1199 5271 ad
1225 5207 1445 5271 delicti
1476 5209 1912 5289 punitionem.
1945 5208 2131 5273 Licet
2167 5226 2318 5290 ergo
2350 5210 2438 5273 sit
2465 5210 2727 5275 difficile
2756 5213 2831 5274 ut
2853 5212 3010 5274 tunc
3040 5211 3128 5274 sit
3156 5229 3308 5275 vera
3345 5209 3730 5294 poenitentia
3765 5232 3913 5295 quae

800 5325 936 5388 tam
982 5341 1127 5388 sera
1164 5323 1363 5404 venit,
1404 5324 1667 5408 quando
1720 5325 2049 5389 cruciatus
2088 5325 2382 5389 membra
2429 5326 2611 5408 ligat,
2653 5330 2718 5392 et
2763 5326 2952 5390 dolor
2988 5344 3258 5392 sensum
3301 5328 3640 5410 opprimit,
3683 5333 3760 5394 ut
3797 5332 3908 5394 vix
