4267 6250
480 499 704 555 QUAEST.
747 503 812 548 vl
855 503 870 548 :
911 502 1110 559 Qum
1151 501 1378 551 GORPUS
1421 503 1603 550 1)ssan
1644 501 1934 550 CHRISTUS
1975 501 2305 550 mscu’uus
2348 504 2413 550 IN
2454 503 2649 550 GOENA
2690 504 2800 551 SUB
2842 501 3243 550 SAGRARENTO
3320 483 3443 550 305

335 686 408 732 eo
431 672 597 752 quod
622 671 910 736 Christus
937 674 1212 740 confecit
1240 675 1320 738 de
1347 680 1660 757 azymo,et
1689 690 1836 755 quo-
1863 671 1916 736 A
1943 680 2169 754 estque
2217 673 2661 756 praebabitum,
2713 675 2882 757 quod
2931 690 3164 756 corpus
3210 670 3443 736 Christi
3468 687 3735 746 dist.x,q.5.

333 767 498 831 niam
530 770 754 834 Petrus
784 772 1020 837 Christi
1059 773 1334 836 vicarius
1367 773 1461 835 sic
1491 770 1833 834 conficien-

332 864 480 928 dum
521 867 824 944 instituit,
865 889 940 933 ac
981 877 1196 934 sancta
1231 871 1512 934 Romana
1547 868 1834 932 Ecclesia

331 964 420 1026 sic
443 964 744 1032 observat
783 977 849 1031 et
883 969 1177 1052 praecipit
1200 968 1546 1036 observari.
1581 1003 1660 1013 —
1689 968 1832 1030 Haec

333 1062 520 1125 verba
559 1065 882 1142 aichardi,
925 1075 998 1130 ut
1035 1068 1308 1141 videtur,
1350 1067 1538 1130 dictis
1576 1066 1831 1129 Thomae

331 1159 394 1222 in
433 1161 704 1225 Summa
745 1183 872 1228 non
920 1165 1084 1228 bene
1121 1165 1524 1229 concordant.
1573 1165 1829 1229 Certum

329 1267 422 1322 est
464 1269 710 1334 autem,
753 1265 924 1344 quod
975 1263 1171 1328 Graeci
1223 1265 1486 1328 omnino
1533 1262 1826 1338 delirant,

331 1359 455 1421 imo
497 1360 704 1441 magis
746 1361 1097 1436 insaniunt,
1129 1363 1498 1425 mentiendo
1537 1363 1708 1444 quod
1751 1380 1828 1424 ex

327 1476 544 1542 azymo
577 1479 742 1542 pane
773 1479 900 1524 non
931 1461 1138 1525 valeat
1165 1459 1401 1524 confici
1427 1478 1440 1522 :
1466 1460 1652 1542 cujus
1681 1478 1828 1525 con-

327 1557 592 1620 trarium
624 1567 756 1621 tam
789 1559 1292 1622 innumerabiles
1322 1559 1556 1634 Sancti,
1587 1558 1668 1621 ab
1697 1577 1828 1622 om-

325 1654 650 1736 nipotente
682 1657 812 1720 Deo
837 1657 1107 1720 diversis
1136 1656 1829 1739 innumerabilibusque

325 1754 646 1834 praeclaris
697 1755 1026 1818 miraculis
1085 1755 1434 1830 mirificati,
1486 1755 1824 1834 dixerunt;

325 1869 598 1932 quorum
635 1861 704 1916 et
747 1854 934 1916 multi
977 1853 1239 1916 fuerunt
1278 1853 1654 1937 presbyteri.

401 1950 580 2013 Unde
609 1951 908 2015 Albertus
951 1953 1057 2015 hic
1095 1952 1322 2015 scribit
1353 1970 1367 2015 :
1401 1953 1472 2015 ln
1503 1969 1727 2035 azymo
1763 1958 1827 2014 et

327 2046 708 2112 fermentato
735 2050 974 2113 confici
1005 2059 1214 2134 potest
1242 2051 1320 2114 de
1350 2057 1660 2133 potestate
1686 2069 1826 2114 ver-

328 2144 590 2224 borum3
621 2165 848 2209 verum
895 2148 975 2210 de
1018 2148 1432 2229 congruentia
1473 2155 1538 2210 et
1571 2148 1716 2228 Jure
1763 2153 1828 2210 et

327 2243 458 2306 sine
515 2252 806 2326 peccam,
853 2263 980 2309 non
1041 2253 1249 2329 potest
1296 2246 1530 2309 confici
1584 2247 1710 2309 nisi
1758 2248 1824 2310 in

327 2360 560 2424 azymo.
597 2343 746 2406 Ideo
776 2343 976 2408 Graeci
1015 2352 1283 2427 peccant
1311 2353 1530 2408 contra
1562 2363 1826 2427 congru-

327 2441 558 2503 entiam
599 2443 983 2505 sacramenti
1013 2451 1079 2505 et
1107 2451 1324 2506 contra
1351 2443 1480 2526 juS,
1513 2443 1581 2506 in
1611 2463 1826 2508 conse—

329 2539 576 2602 crando.
606 2539 732 2602 Sed
761 2540 1068 2616 dicentes,
1091 2543 1262 2623 quod
1293 2559 1420 2604 non
1453 2541 1655 2624 possit
1682 2560 1827 2605 con-

327 2638 554 2700 secrari
613 2637 684 2700 in
734 2657 977 2722 azymo,
1027 2639 1323 2703 nesciunt
1370 2639 1526 2722 quid
1578 2640 1821 2713 dicunt,

328 2735 486 2799 sicut
515 2737 584 2798 in
614 2735 916 2819 pluribus
945 2737 1086 2801 aliis
1106 2755 1120 2800 :
1140 2737 1444 2821 quoniam
1477 2738 1667 2801 modo
1695 2755 1824 2801 non

328 2835 696 2898 verificatur
742 2835 915 2917 quod
960 2835 1048 2898 ait
1084 2836 1447 2918 ApostoluS,
1488 2836 1690 2901 Graeci
1733 2856 1824 2900 sa-

326 2932 632 3013 pientiam
663 2940 1002 3014 quaerunt;
1043 2933 1172 2997 imo
1202 2935 1414 3017 potius
1445 2934 1822 3018 sapientiam

1943 770 2008 831 in
2039 779 2434 834 sacramento
2464 780 2561 835 est
2588 771 2950 854 intangibili
2983 770 3194 845 mod0,
3212 771 3279 832 in
3308 777 3442 834 tan—

1940 874 2078 931 tum
2111 871 2280 952 quod
2322 889 2441 932 nec
2480 869 2634 952 ipsae
2672 870 3161 933 sacramentales
3191 869 3439 952 species

1940 974 2212 1051 tangunt
2240 968 2419 1030 illud.
2440 1004 2523 1014 —
2541 969 2863 1044 Praeterea,
2883 987 3077 1051 super
3106 967 3267 1030 illud
3288 967 3439 1030 Mat-

1940 1066 2110 1141 thaei,
2145 1065 2657 1149 Transfiguratus
2685 1074 2784 1130 est
2811 1075 2957 1129 ante
2990 1085 3119 1141 eoS,
3152 1065 3437 1149 loquitur
3462 1086 3735 1140 uaccam,

1941 1164 2158 1228 Glossa
2192 1161 2225 1226 :⁸
2242 1165 2483 1248 Corpus
2523 1164 2691 1247 quod
2729 1165 2956 1228 habuit
2993 1184 3109 1248 per
3145 1171 3437 1227 naturam
3464 1152 3507 1193 ²·

1941 1262 2221 1337 mortale,
2237 1263 2411 1326 dedit
2442 1262 2777 1345 discipulis
2808 1263 2874 1325 in
2901 1263 3095 1326 Coena
3122 1280 3249 1326 non
3280 1280 3442 1325 mor-

1938 1361 2063 1423 tale
2103 1379 2313 1442 neque
2351 1361 2675 1443 passibile.
2711 1361 2788 1422 Et
2825 1361 2876 1422 si
2916 1360 3145 1422 fuisset
3172 1358 3443 1442 passibi-

1940 1458 2024 1532 le,
2052 1476 2179 1521 non
2212 1458 2467 1522 videtur
2496 1460 2664 1540 quod
2695 1478 2733 1521 a
2762 1457 3098 1541 discipulis
3129 1457 3443 1541 potuisset

1939 1559 2076 1620 sine
2125 1558 2225 1619 sui
2286 1558 2580 1641 passione
2629 1565 2693 1620 et
2741 1557 2997 1622 laesione
3048 1556 3437 1619 manducari.

1935 1655 2029 1718 Ad
2063 1655 2233 1718 idem
2263 1663 2361 1718 est
2389 1656 2587 1737 Hug0,
2602 1655 2714 1737 qui
2746 1654 3081 1718 manifeste
3113 1655 3233 1717 hoc
3264 1655 3437 1718 dicit.

2021 1755 2094 1817 In
2160 1755 2527 1837 oppositum
2588 1761 2685 1817 est
2743 1753 2903 1816 ratio
2972 1754 3440 1836 auctoritasque

1863 1851 1912 1914 B
1941 1853 2312 1927 multorum,
2373 1853 2746 1927 dicentium,
2800 1853 2969 1934 quod
3028 1851 3150 1914 tale
3208 1869 3440 1935 corpus

1937 1959 2092 2014 tunc
2141 1951 2316 2013 dedit
2362 1951 2699 2035 discipulis
2748 1951 2937 2033 quale
2988 1959 3143 2013 tunc
3189 1949 3436 2026 habuit,

1937 2057 2156 2133 utpote
2204 2049 2509 2132 passibile
2550 2057 2615 2112 et
2657 2050 2923 2113 mortale
2958 2067 2973 2112 ε
3006 2049 3246 2132 alioqui
3290 2067 3437 2112 con—

1936 2149 2301 2212 tradictoria
2361 2148 2850 2212 verificarentur
2908 2150 2987 2212 de
3052 2149 3296 2212 eodem.
3358 2181 3439 2194 —-—

1933 2247 2199 2320 Rursus,
2232 2247 2309 2310 de
2340 2264 2603 2329 corpore
2636 2246 2805 2329 quod
2833 2254 2989 2309 tunc
3018 2246 3214 2320 dedit,
3236 2247 3431 2310 dixit:

1934 2346 2061 2409 Hoc
2118 2353 2218 2408 est
2273 2363 2503 2429 corpus
2558 2365 2799 2419 meum,
2854 2346 3025 2428 quod
3081 2364 3197 2428 pro
3252 2345 3731 2414 vobis1c0nx1‚2t.

1934 2443 2235 2507 tradetur.
2299 2445 2474 2518 Quod
2537 2444 2761 2527 utique
2817 2443 2941 2506 fuit
3001 2444 3304 2526 passibile
3360 2462 3436 2507 ac

1935 2542 2216 2604 mortale.
2242 2543 2417 2606 Unde
2446 2543 2661 2624 plures
2690 2542 3083 2625 expositores
3110 2550 3301 2625 atque
3330 2544 3435 2606 do-

1935 2647 2141 2703 ctores
2180 2639 2481 2715 fatentur,
2514 2641 2685 2723 quod
2725 2641 2852 2704 tale
2891 2640 3163 2704 contulit
3200 2657 3434 2723 corpus

1935 2740 2121 2821 quale
2163 2739 2455 2803 habebat.

2011 2936 2106 2998 Ad
2164 2936 2301 3000 haec
2360 2937 2702 3019 respondet
2755 2936 3053 3000 Albertus
3099 2953 3114 2998 ε
3160 2935 3434 3009 Quoestio

327 3037 386 3092 et
409 3031 698 3094 studium
729 3031 1102 3106 amiserunt,
1117 3031 1262 3096 ideo
1291 3032 1502 3096 stultis
1532 3033 1822 3098 assertio·
1857 3033 1902 3100 C
1933 3035 2068 3098 haec
2100 3053 2217 3116 pro
2246 3042 2515 3117 utraque
2544 3043 2722 3117 parte
2751 3054 2895 3099 suos
2926 3035 3117 3098 habet
3144 3033 3435 3099 defenso-

327 3129 510 3192 nibus
553 3130 942 3193 detinentur.
978 3131 1121 3195 Haec
1161 3132 1478 3195 Albertus.

397 3229 652 3311 Scripta
711 3229 974 3293 demum
1035 3230 1492 3295 Bonaventurae
1558 3232 1636 3293 de
1705 3232 1824 3294 ista

325 3327 695 3408 quaestione,
722 3329 1131 3392 continentur
1161 3330 1228 3393 in
1257 3329 1448 3393 dictis
1476 3348 1554 3393 ex
1585 3330 1823 3393 Thoma

325 3425 384 3486 in
413 3426 670 3507 Scripto
697 3434 762 3489 et
787 3427 1321 3509 Antisiodorensi3
1345 3428 1641 3492 similiter
1673 3429 1823 3491 scri-

323 3532 428 3606 pta
465 3524 969 3606 Argentinensis.
1002 3528 1192 3591 Porro
1222 3528 1557 3590 Durandus
1585 3534 1650 3590 et
1677 3528 1822 3591 Sco-

323 3629 422 3684 tus
479 3622 574 3685 nil
633 3622 912 3705 speciale
972 3624 1052 3685 de
1109 3624 1249 3687 istis
1307 3624 1599 3687 scribunt
1655 3625 1820 3688 ultra

323 3720 690 3800 praehabita.

747 4022 1224 4110 QUAESTIO
1286 4037 1393 4102 VI

505 4334 590 4380 ne
629 4316 958 4400 quaeritur,
989 4315 1242 4396 Quale
1282 4331 1570 4400 corpus
1596 4319 1817 4387 dedit

479 4417 860 4485 Christus
927 4414 1348 4497 disc1pu11s
1421 4418 1508 4483 111
1575 4417 1816 4486 Ooena

319 4515 460 4583 sub
499 4518 1024 4584 sacramento.

391 4615 663 4678 Videtur
706 4615 878 4697 quod
927 4613 1347 4697 impassibile,
1398 4612 1551 4696 quia
1595 4632 1816 4677 secun—

320 4713 468 4775 dum
507 4714 684 4795 quod
727 4712 818 4776 ibi
859 4720 1014 4788 erat,
1047 4731 1168 4775 nec
1209 4719 1457 4795 poterat
1503 4712 1667 4794 capi,
1696 4731 1816 4776 nec

321 4828 512 4893 capax
542 4812 672 4874 fuit
697 4811 972 4893 alicujus
1006 4810 1470 4893 impressioniS,
1502 4811 1816 4893 passionis

319 4918 424 4970 aut
459 4909 842 4973 influxionis
876 4909 957 4973 ab
995 4910 1122 4973 alio
1154 4928 1169 4972 :
1204 4910 1356 4992 quia
1394 4927 1520 4972 non
1562 4909 1687 4972 fuit
1724 4910 1817 4974 ibi

320 5008 740 5088 quantitativo
767 5008 1175 5071 extensivove
1203 5010 1412 5072 modo.
1444 5044 1524 5053 —-
1552 5009 1814 5085 Rursus,

319 5104 478 5167 nihil
509 5112 721 5188 potest
749 5104 830 5167 ab
867 5105 992 5169 alio
1029 5106 1184 5189 pati,
1217 5106 1342 5170 nisi
1381 5106 1598 5188 aliquo
1628 5108 1817 5170 modo

319 5210 612 5285 tangatur
639 5203 722 5266 ab
753 5203 884 5280 ino,
917 5223 1118 5285 quum
1157 5204 1326 5267 actio
1355 5212 1420 5268 et
1447 5206 1660 5287 passio
1689 5205 1819 5268 sint

319 5320 432 5385 per
474 5308 865 5385 contactum,
915 5305 1269 5385 secundum
1315 5303 1813 5387 Philosophum3

559 5436 628 5489 T.
665 5436 748 5487 24.

1933 3153 2054 3197 res.
2105 3134 2349 3217 Nempe
2408 3143 2747 3217 sequentes
2806 3136 3133 3218 Hugonem
3181 3134 3427 3209 dicunt,

1933 3233 2103 3314 quod
2142 3232 2433 3299 Christus
2466 3240 2612 3295 ante
2650 3230 3181 3297 resurrectionem
3220 3252 3425 3307 suam,

1933 3348 2120 3393 usum
2147 3350 2262 3393 seu
2289 3338 2501 3395 actum
2529 3340 2795 3413 quatuor
2823 3331 3065 3395 dotium
3094 3349 3431 3414 corporum

1930 3427 2435 3510 glorificatorum
2485 3430 2854 3514 assumpsit,
2900 3449 3027 3494 non
3075 3429 3367 3492 habitum
3409 3447 3424 3492 ε

1931 3546 2118 3615 usum
2151 3528 2452 3591 videlicet
2478 3528 2870 3604 subtilitatiS,
2903 3529 3157 3612 quando
3185 3546 3263 3591 ex
3294 3536 3428 3592 ute-

1931 3642 2000 3687 ro
2035 3626 2315 3707 Virginis
2354 3625 2568 3689 clauso
2607 3626 2807 3690 exivit
2821 3644 2840 3705 ;
2872 3646 3061 3689 usum
3104 3626 3423 3707 agilitatis,

1927 3723 2082 3786 dum
2148 3742 2342 3805 super
2407 3725 2609 3787 undas
2674 3725 2870 3787 maris
2937 3722 3370 3787 deambulavit
3405 3743 3423 3805 ;

1927 3841 2118 3885 usum
2149 3821 2475 3896 claritatiS,
2495 3822 2561 3884 in
2590 3821 3198 3903 Transfiguratione3
3234 3840 3423 3885 usum

1927 3919 2482 4003 impassibilitatis,
2512 3920 2581 3981 in
2612 3920 3051 3983 sacramentali
3093 3920 3212 3983 hac
3251 3937 3423 3985 com-

1925 4018 2377 4083 municatione.
2404 4019 2479 4082 Et
2509 4018 2641 4082 baec
2671 4026 2769 4081 est
2796 4018 3109 4082 sententia
3139 4019 3424 4101 magistri

1925 4117 2207 4199 Hugonis
2237 4119 2316 4180 de
2346 4117 2407 4181 S.
2440 4117 2709 4181 Victore.
2733 4118 3068 4200 Quumque
3097 4117 3417 4200 objicitur,

1845 4220 1896 4284 D
1925 4217 2094 4297 quod
2133 4217 2489 4279 secundum
2528 4216 2647 4279 boc
2688 4215 3174 4281 contradictoria
3208 4216 3423 4281 verifi—

1925 4322 2064 4377 cata
2093 4315 2171 4378 de
2201 4316 2425 4379 eodem
2454 4314 2763 4395 fuissent3
2796 4315 3235 4398 respondetur,
3250 4316 3423 4398 quod

1925 4432 2053 4477 non
2084 4415 2394 4496 sequitur,
2426 4414 2578 4498 quia
2616 4414 2921 4498 passibile
2960 4424 3023 4478 et
3062 4414 3423 4498 impassibi-

1925 4514 2007 4588 le,
2041 4512 2308 4577 mortale
2346 4522 2411 4576 et
2448 4514 2805 4577 immortale
2848 4522 3193 4577 sumuntur
3232 4515 3425 4597 aequi·

1923 4630 2098 4675 voce.
2133 4610 2439 4675 Passibile
2467 4630 2745 4693 namque
2774 4619 2838 4674 et
2866 4612 3131 4675 mortale
3160 4632 3423 4676 sumun-

1921 4718 2029 4773 tur
2057 4710 2410 4774 secundum
2442 4708 2759 4784 habitum,
2789 4708 3149 4773 immortale
3178 4728 3331 4774 vero
3362 4718 3425 4773 et

1925 4808 2324 4892 impassibile
2362 4808 2715 4871 secundum
2754 4815 2991 4882 actum,
3027 4815 3097 4869 ut
3134 4808 3304 4871 idem
3340 4809 3425 4871 sit

1925 4908 2285 4971 immortale
2326 4915 2392 4970 et
2437 4905 2857 4989 impassibile,
2892 4905 3063 4988 quod
3110 4924 3238 4971 non
3286 4925 3423 4971 mo-

1925 5003 2095 5069 riens
2138 5012 2204 5069 et
2243 5022 2371 5068 non
2418 5004 2663 5087 patiens
2716 5004 2783 5066 in
2831 5004 3283 5069 distributione
3327 5026 3424 5069 sa·

1925 5104 2254 5168 eramenti.
2305 5139 2387 5149 —-
2434 5102 2564 5183 Ego
2615 5110 2829 5165 autem
2888 5103 3088 5184 magis
3143 5106 3423 5169 assentio

1924 5204 2106 5267 alteri
2156 5201 2466 5285 opinioni,
2516 5220 2709 5283 quam
2757 5201 3052 5283 Magister
3100 5204 3302 5285 tangit
3354 5204 3421 5267 in

1927 5302 2157 5383 littera,
2194 5300 2706 5383 Glossaquoque
2744 5318 2939 5385 super
2975 5300 3312 5385 epistolam
3340 5300 3419 5364 ad

3112 5435 3177 5489 20
