4267 6250
500 510 587 558 AN
627 511 1034 562 sammua-A
1077 514 1244 562 Nova
1282 513 1623 560 nmmum·
1664 514 1707 559 A
1745 510 2076 558 versamus
2117 509 2235 557 mm
2274 507 2393 556 noc
2434 506 2595 564 ouon
2634 504 2913 554 causam·
2950 500 3226 551 annm!
3332 479 3413 546 59

323 682 414 746 vel
469 683 536 745 in
589 701 721 765 quo
777 684 888 747 illa
938 692 1126 760 esset,
1177 684 1230 746 si
1280 690 1448 747 esset
1503 682 1570 744 in
1621 698 1808 763 gene·
1840 679 1892 742 A
1998 680 2189 744 Porro
2230 679 2577 743 Richardus
2625 692 2881 760 quoque
2925 681 3261 755 utramque
3306 670 3414 734 hic

324 801 386 845 re
415 800 428 844 :
460 783 767 865 quoniam
813 783 1096 846 increata
1130 783 1334 845 virtus
1372 780 1814 864 principaliter

321 899 498 962 agens
549 881 618 944 in
657 888 1080 954 sacramento,
1113 883 1180 943 in
1222 881 1402 943 nullo
1443 886 1540 942 est
1587 877 1811 962 praedi-

324 986 625 1042 camento.
657 1015 742 1024 —
771 979 850 1040 Et
895 979 950 1040 si
995 986 1334 1061 quaeratur,
1376 978 1632 1060 quando
1676 975 1812 1038 baec

323 1078 510 1140 virtus
552 1077 746 1139 detur
779 1085 1209 1156 sacramento;
1242 1076 1608 1148 dicendum,
1641 1073 1809 1157 quod

323 1176 560 1257 quando
600 1184 747 1237 actu
791 1183 1085 1238 movetur
1111 1195 1148 1238 a
1184 1174 1524 1258 principali
1563 1179 1806 1254 agente.

322 1273 438 1336 Nec
473 1281 688 1356 potoet
725 1273 862 1336 baee
891 1274 1098 1336 virtus
1137 1273 1289 1356 poni
1321 1273 1388 1334 in
1427 1272 1642 1353 aliquo
1672 1288 1810 1352 gra-

323 1373 398 1434 du
427 1372 764 1445 honorum,
799 1371 928 1434 nisi
969 1371 1296 1434 reductive
1337 1371 1402 1432 in
1445 1369 1554 1431 illo
1588 1369 1653 1430 in
1683 1385 1812 1450 quo

324 1471 567 1552 ponitur
610 1471 833 1552 gratia.
867 1471 1028 1534 Hinc
1071 1470 1262 1533 etiam
1314 1475 1524 1552 potest
1561 1486 1701 1530 csse
1744 1467 1810 1529 in

325 1589 384 1632 re
423 1570 758 1652 corporali,
793 1570 960 1633 sicut
1005 1570 1206 1632 virtus
1254 1569 1406 1632 artis
1456 1574 1553 1630 est
1601 1566 1668 1629 in
1716 1567 1810 1628 in-

323 1669 680 1731 strumentis
724 1669 806 1732 ab
850 1669 1102 1732 artifice
1145 1668 1354 1731 motiS.
1398 1666 1813 1741 Quemadmo-

323 1767 462 1828 dum
509 1768 702 1830 etiam
749 1767 954 1830 virtus
1001 1767 1388 1830 trahentium
1437 1784 1666 1828 navem
1714 1771 1812 1828 est

1921 779 2143 842 recitat
2170 779 2563 861 opinionem,
2596 784 2660 840 et
2691 774 2952 838 recitata
2991 791 3065 835 ea
3094 789 3287 855 quam
3318 788 3414 832 se-

1919 879 2139 959 quitur
2168 878 2461 951 Thomas,
2494 875 2826 956 subjungit
2857 891 2871 936 ε
2908 873 3115 947 Quum
3156 871 3277 932 ista
3304 887 3415 952 po-

1920 976 2066 1040 sitio
2115 977 2376 1038 exsistat
2433 974 2779 1058 possibilis,
2831 973 3041 1055 sitque
3088 971 3166 1032 ad
3216 987 3416 1032 sacra-

1920 1082 2282 1138 mentorum
2323 1091 2503 1136 novae
2547 1072 2702 1154 legis
2740 1072 3072 1144 honorem,
3104 1076 3293 1150 atque
3334 1068 3415 1129 ad

1921 1173 2433 1236 confirmandum
2467 1171 2529 1233 id
2560 1171 2731 1252 quod
2768 1177 3024 1233 tenetur
3052 1168 3131 1230 de
3167 1167 3415 1229 actione

1921 1272 2086 1354 ignis
2117 1269 2464 1355 purgatorii
2498 1277 2561 1332 et
2592 1267 2825 1332 inferni
2856 1269 2921 1330 in
2952 1267 3197 1330 animas
3230 1265 3416 1328 ratio-

1918 1370 2096 1432 nales
2123 1388 2199 1432 ac
2239 1370 2580 1442 daemoneS,
2613 1367 2865 1429 videtur
2902 1365 3071 1448 quod
3112 1364 3195 1428 sit
3233 1362 3416 1425 ratio-

1919 1466 2154 1530 nabilis
2192 1485 2265 1530 ac
2294 1467 2587 1530 tenenda.
2621 1465 2760 1528 Alia
2796 1466 3056 1526 demum
3098 1461 3415 1544 positione

1918 1573 2191 1640 narrata,
2222 1565 2397 1628 addit
2434 1565 2601 1646 quod
2646 1561 3109 1645 intelligibilior
3147 1561 3247 1622 sit.
3284 1559 3414 1622 Sic·

1919 1683 2045 1745 que
2105 1664 2437 1745 utriusque
2495 1662 2817 1745 opinionis
2874 1666 3246 1742 argumenta
3294 1657 3415 1722 sol—

1919 1763 2149 1837 vend0,
2211 1763 2489 1826 declarat
2546 1761 2820 1845 qualiter
2882 1766 3151 1841 utraque
3214 1756 3417 1840 possit

323 1865 626 1948 complete
670 1867 736 1928 in
781 1866 1082 1950 omnibus
1129 1866 1256 1928 illis
1299 1864 1514 1938 simul,
1550 1864 1636 1927 ita
1673 1864 1807 1926 haec
1846 1863 1893 1926 B
1921 1861 2145 1924 teneri.

321 1963 515 2024 virtus
562 1963 626 2025 in
675 1963 778 2026 his
827 1983 968 2046 quae
1017 1964 1094 2026 ad
1144 1964 1568 2045 integritatem
1621 1961 1812 2044 pcrti-

323 2068 468 2122 nent
495 2061 906 2139 sacramenti3
942 2062 1008 2123 in
1039 2062 1307 2143 singulis
1338 2079 1490 2125 vero
1523 2059 1808 2143 partibus

325 2165 412 2219 est
453 2159 856 2240 incomplete.
893 2158 983 2220 Ex
1014 2159 1248 2240 quibus
1288 2167 1481 2240 patet,
1514 2159 1683 2240 quod
1713 2178 1808 2220 sa-

323 2263 634 2318 cramenta
689 2274 870 2321 novae
921 2257 1076 2337 legis
1125 2274 1254 2319 non
1302 2257 1630 2319 continent
1674 2274 1810 2337 gra—

321 2354 466 2416 tiam
519 2354 642 2417 nisi
697 2355 1052 2417 secundum
1105 2372 1244 2416 esse
1303 2353 1805 2436 incompletum3

323 2471 430 2516 nec
457 2453 658 2534 gratia
685 2460 784 2515 est
815 2452 878 2514 in
911 2454 1004 2516 eis
1042 2453 1208 2516 sicut
1247 2453 1313 2514 in
1351 2451 1662 2534 subjecto,
1697 2453 1807 2514 sed

323 2550 480 2612 sicut
526 2552 588 2612 in
636 2570 830 2614 causa
888 2551 1356 2613 instrumentali
1412 2549 1802 2632 dispositiva.

321 2648 740 2712 Pulcherrime
793 2667 946 2711 vero
1003 2648 1329 2722 asseritur,
1380 2650 1550 2730 quod
1606 2649 1809 2728 gratia

321 2755 410 2808 est
437 2749 504 2809 in
534 2754 931 2810 sacramento
961 2747 1128 2809 sicut
1158 2746 1224 2808 in
1254 2765 1420 2809 vase.
1454 2747 1612 2809 Nam
1643 2747 1810 2808 sicut

321 2846 480 2926 quod
537 2846 900 2908 continetur
950 2845 1016 2906 in
1061 2864 1230 2919 vase,
1283 2851 1694 2907 conservatur
1740 2845 1804 2926 in

322 2961 410 3016 eo,
433 2961 550 3006 nec
581 2943 740 3006 illud
771 2942 1175 3022 denominat3
1206 2943 1298 3004 sic
1327 2943 1527 3024 gratia
1556 2961 1806 3006 conser-

2001 1959 2327 2032 Praeterea,
2386 1959 2655 2021 Thomas
2713 1958 2791 2020 de
2850 1955 3192 2037 Argentina
3248 1953 3417 2016 circa

1916 2059 2052 2122 haec
2083 2058 2309 2122 scribit
2339 2057 2613 2120 multum
2647 2054 3093 2137 magistraliter
3121 2072 3195 2116 ac
3224 2052 3417 2115 diffu-

1917 2177 2008 2233 se,
2039 2158 2382 2240 quaerendo
2426 2163 2639 2219 utrum
2678 2162 3073 2217 sacramenta
3108 2170 3288 2215 novae
3329 2151 3414 2215 le·

1914 2258 2011 2338 gis
2070 2256 2345 2320 habeant
2403 2256 2467 2318 in
2514 2274 2580 2318 se
2638 2253 2986 2336 potentiam
3046 2251 3408 2313 creativam.

1917 2354 2096 2418 Circa
2141 2356 2305 2418 hanc
2350 2355 2767 2436 quaestionem
2812 2351 3023 2434 primo
3068 2356 3408 2422 scrutatur,

1915 2459 2131 2516 utrum
2170 2454 2373 2516 virtus
2417 2453 2691 2514 creativa
2732 2453 2817 2514 sit
2858 2447 3412 2514 communicabilis

1915 2549 2105 2613 alicui
2149 2560 2470 2614 creaturae.
2505 2550 2809 2624 Quocirca
2847 2551 3003 2612 duas
3044 2547 3237 2611 refert
3274 2545 3410 2628 opi-

1914 2648 2139 2712 niones
2175 2666 2188 2710 :
2223 2667 2416 2710 unam
2446 2647 2798 2710 dicentium
2830 2648 2999 2728 quod
3031 2663 3181 2719 non,
3216 2663 3407 2727 quam

1915 2754 2272 2828 sequuntur
2299 2746 2591 2820 ThomaS,
2625 2746 2867 2818 PetruS,
2890 2743 3171 2825 AEgidius
3200 2761 3273 2806 ac
3312 2742 3410 2805 Ri-

1915 2845 2425 2922 chardus;aliam
2454 2843 2803 2906 dicentium
2836 2844 3001 2924 quod
3034 2843 3409 2904 imo.Verum

1915 2941 2034 3004 ista
2082 2943 2349 3024 quoestio
2416 2961 2607 3025 super
2656 2941 3011 3004 secundum
3070 2939 3409 3022 diligenter
3436 2957 3699 3011 dist.=,q.3.

323 3050 498 3104 vatur
544 3041 608 3104 in
657 3041 1097 3114 sacramentiS‚
1143 3049 1213 3103 ut
1259 3041 1408 3103 inde
1456 3041 1802 3114 hauriatur,
1839 3038 1883 3101 C
1913 3041 2201 3102 discussa
2242 3048 2359 3115 est,
2403 3041 2640 3102 idcirco
2684 3047 3069 3122 pertranseo.
3111 3038 3410 3120 Sequitur

324 3160 432 3204 nec
459 3142 830 3205 denominat
865 3160 940 3204 ea
977 3139 1378 3223 simpliciter,
1411 3158 1620 3220 neque
1659 3159 1808 3221 qua-

325 3240 512 3303 lificat
543 3259 558 3302 ε
592 3240 761 3303 sicut
803 3258 923 3302 nec
967 3239 1354 3302 intentiones
1399 3256 1511 3301 seu
1559 3238 1804 3321 species

325 3339 582 3401 visuales
625 3339 692 3401 in
736 3356 904 3413 aere,
939 3337 1356 3400 denominant
1401 3343 1512 3399 aut
1556 3336 1808 3418 qualifi—

325 3444 456 3499 cant
479 3456 712 3500 aerem.
745 3472 828 3482 ——
854 3436 1000 3499 Haec
1028 3436 1298 3498 Thomas
1339 3435 1405 3498 in
1436 3435 1702 3518 Scripto.
1737 3436 1805 3497 In

323 3534 538 3615 quihus
568 3535 725 3597 satis
756 3534 1068 3596 contineri
1097 3533 1399 3597 videntur
1428 3552 1569 3614 quae
1599 3534 1676 3595 de
1705 3533 1805 3596 his

323 3630 530 3693 scribit
559 3632 628 3693 in
658 3631 848 3694 tertia
881 3639 1080 3713 parte,
1113 3631 1464 3713 quaestione
1499 3630 1808 3712 sexagesi-

325 3748 420 3790 ma
455 3730 750 3792 secunda.

397 3828 458 3890 ln
496 3828 601 3891 his
643 3827 866 3890 Petrus
909 3827 1198 3908 sequitur
1241 3826 1570 3901 Thomam,
1603 3833 1667 3889 et
1709 3845 1804 3889 se-

323 3926 576 3988 cundam
619 3925 807 3987 istam
845 3924 1216 4005 opinionem
1257 3923 1416 3986 dicit
1451 3942 1590 3987 esse
1629 3943 1804 3987 secu-

322 4022 535 4087 riorem
594 4023 840 4106 duplici
899 4022 1160 4085 ratione.
1217 4022 1424 4085 Prima
1484 4029 1600 4096 est,
1653 4023 1804 4103 quia

323 4120 454 4201 plus
491 4128 796 4185 consonat
841 4120 1324 4183 auctoritatibus
1369 4122 1621 4182 Patrum
1666 4140 1804 4183 san-

1913 3147 2124 3201 tamen
2158 3140 2221 3202 in
2253 3140 2369 3201 hac
2401 3158 2469 3201 re
2507 3139 2888 3220 positionem
2928 3138 2987 3201 S.
3022 3138 3295 3201 Thomae.
3328 3173 3410 3183 —

1914 3237 2094 3301 Circa
2124 3239 2468 3301 secundam
2499 3256 2650 3300 vero
2680 3237 3156 3301 distinctionem
3196 3235 3411 3299 scisci-

1912 3342 2103 3409 tatur,
2156 3341 2371 3397 utrum
2432 3343 2825 3398 sacramenta
2872 3353 3051 3398 novae
3101 3334 3257 3415 legis
3304 3333 3410 3395 ha-

1913 3432 2104 3496 beant
2160 3433 2437 3515 aliquam
2494 3434 2893 3516 spiritualem
2944 3452 3018 3495 ac
3065 3431 3408 3515 specialem

1912 3532 2217 3594 virtutem
2270 3532 2426 3613 ipsis
2468 3531 2821 3595 formaliter
2864 3531 3298 3594 inbaerentem.
3334 3530 3411 3592 Et

1913 3630 2305 3711 respondeus
2340 3648 2353 3692 :
2388 3630 2524 3704 Hic,
2559 3630 2787 3710 iuquit,
2821 3637 3094 3711 quatuor
3136 3636 3285 3691 sunt
3321 3628 3411 3692 vi—

1912 3728 2136 3790 denda.
2173 3729 2403 3801 Primo,
2438 3736 2653 3789 utrum
2690 3734 3083 3790 sacramenta
3117 3745 3297 3790 novae
3327 3727 3410 3789 le·

1911 3826 2008 3908 gis
2038 3827 2167 3889 sint
2204 3828 2419 3908 gratiae
2460 3844 2668 3888 causa.
2703 3826 3016 3900 Secunde,
3046 3845 3126 3887 an
3166 3824 3407 3888 ratione

1911 3924 2105 4005 hujus
2135 3926 2517 3989 causalitatis
2549 3943 2809 3988 necesse
2838 3924 2921 3987 sit
2950 3925 3013 3986 in
3045 3924 3140 3987 eis
3172 3941 3407 4006 ponere

1911 4030 2274 4104 praetactam
2328 4024 2647 4086 virtutem.
2702 4022 2932 4097 Tertio,
2983 4023 3061 4086 de
3117 4030 3405 4105 tempore

1909 4120 2327 4184 institutionis
2358 4129 2887 4185 sacramentorum
2918 4121 3298 4203 evangelicae
3327 4120 3408 4184 le-

323 4224 571 4281 ctorum.
607 4219 676 4280 ln
708 4218 810 4280 his
847 4225 1058 4280 autem
1091 4236 1232 4299 quae
1271 4217 1426 4281 fidei
1467 4225 1637 4292 sunt,
1671 4238 1799 4281 ma·
1830 4222 1878 4283 D
1908 4220 2024 4299 gis.
2051 4220 2303 4295 Quart0,
2329 4222 2405 4283 de
2436 4239 2704 4284 numero
2739 4220 3129 4284 eorumdem.
3166 4219 3405 4282 Deinde

321 4316 410 4395 gis
437 4323 677 4399 oportet
706 4317 887 4399 sequi
917 4315 1356 4379 auctoritatem
1390 4334 1583 4397 quam
1615 4318 1800 4380 ratio-

322 4432 476 4478 nem.
508 4416 720 4479 Sancti
768 4422 983 4478 autem
1031 4413 1362 4476 affirmant
1407 4424 1801 4478 sacramenta

323 4510 538 4576 habere
583 4513 718 4576 vim
769 4511 1236 4575 sanctificandi.
1279 4512 1421 4575 Alia
1467 4521 1584 4588 est,
1628 4532 1801 4577 reve-

321 4610 506 4673 rentia
541 4619 604 4674 et
639 4611 916 4692 dignitas
955 4618 1496 4673 sacramentorum
1533 4630 1798 4693 evange-

323 4706 450 4771 licae
493 4710 664 4791 legis,
714 4710 960 4791 Nempe
1017 4709 1372 4771 secundum
1425 4710 1614 4772 aliam
1663 4712 1799 4793 opi-

323 4806 581 4881 nionem,
611 4827 778 4890 aqua
820 4806 1130 4889 Baptismi
1176 4824 1302 4869 non
1353 4807 1608 4871 videtur
1655 4808 1798 4891 plus

323 4902 556 4969 virtutis
585 4914 649 4969 et
688 4905 1040 4969 sanctitatis
1079 4904 1314 4967 habere
1351 4925 1541 4988 quam
1585 4908 1800 4988 quaeli-

324 4999 426 5064 bet
461 5004 576 5067 alia
621 5021 825 5087 aqua3
861 5010 926 5065 et
971 5011 1364 5066 sacramenta
1411 5023 1592 5069 novae
1643 5006 1798 5088 legis

325 5098 668 5166 viderentur
717 5120 846 5165 non
905 5120 1111 5166 causae
1163 5104 1402 5184 gratiae,
1457 5104 1568 5166 sed
1619 5105 1800 5185 signa

325 5204 568 5275 tantum,
601 5201 824 5283 sicque
855 5219 1082 5282 parurn
1113 5208 1222 5264 aut
1250 5201 1413 5264 nihil
1445 5202 1601 5283 legis
1632 5211 1798 5266 vete-

327 5294 408 5356 ris
447 5299 952 5363 transcenderent
992 5307 1403 5363 sacramenta.

1909 4318 1988 4380 de
2019 4318 2245 4399 primis
2286 4318 2534 4381 duobus
2574 4318 2996 4400 praeinductas
3036 4324 3247 4380 narrat
3274 4318 3407 4400 opi-

1909 4418 2156 4489 nioneS,
2189 4424 2253 4479 et
2282 4416 2347 4478 in
2389 4424 2655 4498 utroque
2695 4417 2983 4499 sequitur
3015 4415 3407 4479 Bonaventu-

1910 4535 2062 4579 ram.
2113 4514 2339 4596 Aliqua
2388 4533 2538 4577 vero
2584 4514 2759 4577 addit
2792 4514 3093 4596 :Aliquid
3130 4513 3408 4595 (dicens)

1909 4634 2048 4677 esse
2096 4632 2354 4677 causam
2403 4614 2683 4687 alteriuS,
2719 4614 2987 4695 intelligi
3037 4620 3245 4695 potest
3296 4614 3406 4674 du·

1909 4712 2179 4794 pliciter.
2212 4712 2445 4786 Prim0,
2480 4712 2646 4792 quod
2688 4711 2769 4773 sit
2807 4730 2996 4773 causa
3031 4710 3403 4792 principalis

1908 4810 2130 4892 ipsius.
2178 4810 2491 4883 Secundo,
2530 4810 2696 4891 quod
2746 4810 2830 4871 sit
2880 4827 3069 4872 causa
3118 4809 3257 4889 ejus
3308 4810 3400 4872 in-

1907 4907 2359 4971 strumentalis.
2416 4907 2489 4969 Et
2548 4926 2801 4969 causam
2850 4907 3399 4969 instrumentalem

1907 5007 2077 5088 large
2106 5006 2376 5088 accipi0,
2402 5013 2589 5087 prout
2618 5006 2825 5068 omnis
2854 5006 3229 5068 secundaria
3258 5023 3401 5068 cau-

1907 5124 1975 5168 sa
2014 5104 2251 5166 dicitur
2294 5102 2794 5167 instrumentalis
2838 5110 3126 5183 respectu
3169 5103 3402 5185 priuci-

1905 5204 2067 5286 palis
2117 5210 2310 5285 atque
2362 5202 2679 5285 primariae
2735 5220 2957 5264 causae.
3011 5202 3399 5265 Instrumen-

1903 5302 2048 5365 talis
2103 5310 2317 5365 autem
2368 5320 2555 5363 causa
2602 5307 2697 5363 est
2743 5299 2998 5382 duplex.
3052 5301 3203 5376 Una,
3256 5320 3399 5384 quae
