4267 6250
825 464 947 531 464

1452 486 1517 533 m
1556 485 1779 533 umam(
1821 487 1882 532 lv
1925 484 2412 533 summunt.
2451 500 2532 512 —
2571 484 2725 531 msT.
2767 484 2937 549 xv11;
2980 484 3205 541 Qnaesr.
3249 484 3311 531 lv

824 676 971 739 pam
1002 657 1193 720 alicui
1224 675 1450 739 poenae,
1485 656 1779 739 iniquum
1821 664 1939 732 θεῖ,
1972 658 2024 719 si
2055 674 2133 719 ex
2166 654 2323 719 deli·
2352 654 2402 718 A
2434 663 2646 719 autem
2681 656 3020 739 loquendo,
3051 674 3178 719 non
3207 656 3444 719 dicitur
3475 654 3771 718 contritio
3803 673 3938 718 ma·

822 754 1147 819 beratione
1183 755 1304 818 hoc
1344 754 1480 830 fiat,
1514 756 1815 838 quoniam
1860 756 2070 819 omnis
2100 755 2324 819 volun-

820 861 915 916 tas
948 854 1179 935 injusta
1210 860 1307 917 est
1336 874 1476 935 quae
1506 854 1647 916 vult
1676 862 2007 937 peccatum
2036 854 2322 917 absolute

820 959 931 1014 aut
976 952 1508 1015 conditionaliter.
1562 952 1722 1015 Hinc
1779 953 2213 1035 periculosum
2259 959 2323 1013 et

820 1050 1085 1112 stultum
1128 1058 1247 1125 θεῖ,
1280 1050 1361 1114 ab
1391 1049 1609 1132 aliquo
1637 1050 1900 1113 infirmo
1938 1070 2053 1113 seu
2086 1049 2324 1132 pusillo

822 1148 1211 1229 interrogare
1250 1147 1393 1219 hoc,
1426 1156 1537 1211 aut
1572 1149 1764 1211 etiam
1805 1166 1843 1210 a
1872 1166 1939 1211 se
1974 1148 2135 1230 ipso,
2169 1164 2323 1229 quo-

822 1246 995 1308 niam
1028 1245 1148 1309 hoc
1178 1254 1275 1309 est
1313 1245 1643 1309 hominem
1684 1246 2015 1309 tentationi
2049 1263 2324 1327 expone-

823 1345 1103 1408 re.llnde
1132 1364 1249 1407 nec
1280 1344 1606 1408 confessor
1634 1344 1824 1407 debet
1851 1343 1974 1407 hoc
2002 1343 2082 1405 ab
2112 1343 2325 1424 aliquo

822 1460 1105 1524 quaerere
1154 1442 1520 1505 confitente.
1557 1442 1621 1505 Si
1660 1459 1813 1505 vero
1855 1440 2170 1504 confitens
2210 1458 2323 1502 seu

824 1539 1153 1602 confessus
1184 1558 1261 1603 ex
1306 1558 1375 1603 sc
1414 1540 1582 1603 ultro
1617 1558 1685 1603 se
1712 1539 1963 1613 offerat,
1998 1539 2219 1601 dicens
2255 1556 2324 1600 εθ

825 1638 1014 1700 malle
1060 1638 1220 1701 mori
1265 1657 1456 1721 quam
1500 1656 1786 1720 peccare,
1818 1644 1883 1701 θῖ
1929 1636 2116 1700 malle
2161 1654 2326 1699 mor-

822 1743 1005 1798 tuum
1056 1735 1256 1799 fuisse
1302 1756 1495 1819 quam
1558 1754 1877 1819 peccasse,
1928 1735 2327 1816 congauden-

2429 754 2532 835 jor
2573 755 2696 817 nisi
2740 755 2974 818 virtute
3017 754 3404 838 poenitentiae
3445 762 3647 817 aucta.

2526 852 2794 936 Insuper
2859 854 3248 936 respondens
3310 852 3386 915 ad
3457 852 3648 925 istud,
3713 859 3934 914 utrum

2433 957 2720 1032 oporteat
2751 952 3056 1033 majorem
3099 950 3334 1014 habere
3371 950 3818 1013 contritionem
3853 950 3936 1011 de

2435 1067 2564 1111 uno
2619 1058 2883 1132 peccato
2928 1068 3120 1131 quam
3170 1049 3294 1113 alio
3345 1066 3360 1110 ε
3411 1048 3764 1131 Dupliciter
3807 1047 3937 1127 (in-

2436 1148 2602 1229 quit)
2631 1148 2941 1230 contingit
2971 1147 3143 1230 loqui
3176 1148 3254 1209 de
3283 1146 3932 1221 contritioneprimo,

2436 1252 2507 1306 ut
2535 1245 2808 1308 deletiva
2835 1253 2932 1307 est
2963 1245 3188 1328 culpae.
3214 1244 3526 1319 Secundo,
3562 1251 3632 1306 ut
3658 1244 3938 1307 deletiva

2435 1352 2532 1406 est
2561 1362 2784 1426 poenae.
2822 1343 2898 1406 Et
2927 1344 3135 1426 primo
3177 1344 3366 1406 modo
3403 1349 3702 1424 operatur
3741 1343 3806 1404 in
3835 1342 3940 1423 ju-

2436 1440 2822 1505 stificatione
2867 1443 2930 1504 in
2979 1442 3264 1517 instanti,
3297 1460 3415 1503 nec
3465 1442 3556 1503 sic
3606 1441 3943 1503 actualiter

2437 1547 2646 1621 potest
2703 1540 2938 1604 habere
2985 1541 3278 1604 ordinem
3329 1547 3392 1603 et
3449 1547 3810 1622 respectum
3859 1540 3942 1601 ad

2437 1647 2696 1720 peccata
2727 1639 2791 1701 in
2833 1638 3095 1721 speciali
3135 1645 3246 1700 aut
3285 1637 3612 1719 sigillatim
3647 1653 3662 1700 ε
3699 1638 3832 1699 imo
3859 1637 3944 1700 si-

2439 1738 2570 1800 mul
2604 1744 2670 1800 et
2699 1737 2764 1798 in
2803 1737 3064 1800 instanti
3103 1744 3202 1801 θεῖ
3238 1744 3458 1800 contra
3495 1736 3710 1799 omnia
3745 1736 3944 1799 simul

823 1835 978 1898 dum
1031 1843 1129 1899 est
1175 1836 1257 1911 ei,
1309 1836 1461 1918 quia
1519 1835 1639 1898 hoc
1688 1834 1945 1916 signum
1998 1840 2095 1897 est
2143 1833 2326 1897 bonae
2360 1835 2407 1896 B
2438 1856 2580 1918 quae
2629 1835 3058 1898 dimittuntur.
3104 1834 3226 1898 Sed
3269 1835 3678 1898 habitualiter
3727 1854 3945 1917 respe-

824 1934 1191 1997 voluntatis.

902 2032 997 2095 Ad
1046 2033 1392 2095 secundam
1451 2033 1713 2096 demum
1766 2032 2184 2115 quaestionem
2231 2050 2327 2094 re-

826 2132 1130 2212 spondeo,
1164 2131 1335 2214 quod
1384 2131 1450 2193 in
1498 2131 1715 2195 dolore
1756 2131 2156 2194 contritionis
2199 2148 2327 2193 non

827 2236 1035 2311 potest
1085 2248 1225 2293 esse
1274 2247 1573 2293 excessus
1621 2236 1931 2311 quantum
1981 2230 2060 2291 ad
2108 2229 2331 2311 displi-

824 2329 1098 2391 centiam
1132 2336 1197 2391 et
1234 2329 1718 2392 detestationem
1756 2348 1830 2391 ac
1869 2328 2089 2391 odium
2121 2329 2328 2410 culpae

826 2427 892 2489 in
926 2428 1170 2490 ratione
1200 2427 1619 2509 rationalique
1648 2427 1992 2490 voluntate.
2009 2427 2326 2501 Quantum

824 2543 979 2589 vero
1016 2527 1093 2589 ad
1135 2526 1495 2609 passionem
1539 2534 1603 2588 et
1650 2525 2191 2588 abominationem
2237 2542 2330 2587 re—

826 2623 1217 2689 dundantem
1262 2625 1327 2686 in
1373 2632 1551 2707 parte
1591 2624 1919 2699 sensitiva,
1952 2624 2146 2686 etiam
2187 2640 2329 2687 raro

824 2731 935 2785 aut
994 2742 1322 2806 nunquam
1380 2730 1585 2787 exstat
1640 2740 1991 2801 excessus;
2048 2729 2327 2785 attamen

827 2828 1043 2903 posset
1068 2840 1208 2884 csse
1237 2828 1451 2884 tantus
1490 2821 1690 2895 dolor,
1723 2822 1893 2903 quod
1927 2821 2210 2884 humana
2239 2820 2330 2883 in-

826 2919 1099 2982 firmitas
1140 2920 1279 2982 sine
1316 2920 1537 3000 grandi
1579 2919 1963 2983 detrimento
2002 2919 2170 2981 ferre
2201 2936 2328 2980 non

2439 1941 2614 1997 ctum
2655 1934 2849 1997 habet
2877 1934 2953 1997 ad
2996 1932 3124 2008 illa,
3159 1933 3696 2016 habitualiterque
3728 1932 3943 2016 dispo-

2439 2032 2534 2095 nit
2571 2033 2647 2095 ad
2688 2032 3032 2095 dolendum
3074 2031 3220 2114 plus
3261 2032 3340 2094 de
3379 2050 3508 2095 uno
3539 2051 3732 2115 quam
3777 2032 3943 2111 alio;

2437 2149 2768 2213 quumque
2807 2130 3102 2193 habilitet
3128 2129 3205 2193 ad
3237 2131 3674 2194 detestandum
3703 2131 3946 2193 malum

2439 2229 2644 2311 culpae
2675 2230 2741 2291 in
2771 2237 3080 2311 quantum
3121 2228 3267 2302 tale,
3303 2229 3446 2293 ideo
3485 2229 3688 2310 magis
3724 2230 3804 2291 ad
3834 2230 3948 2293 de-

2439 2329 2800 2391 testandum
2845 2328 3085 2390 malum
3126 2328 3427 2391 deterius.
3461 2328 3806 2411 Loquendo
3835 2348 3949 2391 au-

2439 2434 2567 2490 tem
2619 2427 2698 2489 de
2756 2426 3135 2490 contritione
3183 2426 3252 2488 in
3300 2434 3612 2509 quantum
3666 2426 3950 2490 deletiva

2440 2532 2536 2587 est
2564 2542 2790 2607 poenae,
2826 2523 2918 2586 sic
2957 2522 3148 2586 habet
3187 2522 3495 2605 majorem
3527 2531 3593 2586 et
3623 2524 3948 2588 minorem

2440 2622 2892 2697 intensionem,
2925 2628 3148 2703 estque
3179 2620 3384 2702 major
3411 2621 3490 2684 de
3519 2639 3648 2685 uno
3677 2630 3950 2705 peccato

2440 2738 2632 2803 quam
2675 2719 2823 2783 alio.
2870 2755 2951 2765 —
2990 2718 3134 2781 Haec
3177 2717 3369 2782 idem.

2519 2819 2871 2883 Concordat
2915 2819 3185 2881 Thomas
3231 2835 3244 2879 :
3287 2818 3358 2880 In
3403 2818 3804 2893 contritione,
3846 2818 3951 2882 di·

2439 2938 2613 2993 cenS,
2655 2925 2755 2981 cst
2801 2917 3039 3000 duplex
3088 2917 3286 2980 dolor.
3333 2918 3507 2980 Unus
3545 2916 3610 2979 in
3651 2917 3951 2980 volunta-

826 3026 1039 3101 posset
1087 3035 1102 3080 :
1153 3017 1390 3081 idcirco
1438 3026 1605 3081 esset
1647 3026 1799 3080 tunc
1850 3018 2323 3101 temperandus.
2361 3017 2403 3080 C
2440 3024 2524 3091 te,
2560 3016 2670 3099 qui
2700 3015 3124 3079 essentialiter
3162 3022 3260 3077 est
3298 3015 3438 3097 ipsa
3467 3014 3786 3091 contritio,
3821 3034 3950 3079 nec

827 3116 950 3180 Sed
994 3123 1130 3180 esto
1168 3116 1340 3199 quod
1378 3116 1525 3200 quis
1569 3134 1695 3179 non
1741 3122 2144 3199 temperaret,
2178 3115 2330 3198 quia

824 3215 1112 3278 fortassis
1151 3233 1279 3279 non
1318 3215 1694 3290 adverteret,
1726 3223 1837 3279 aut
1873 3235 1911 3278 a
1947 3214 2199 3280 fervore
2237 3235 2330 3279 ra-

827 3322 1122 3398 peretur3
1155 3331 1283 3378 non
1314 3322 1471 3397 puto
1499 3315 1667 3396 quod
1699 3321 2012 3397 peccaret,
2028 3315 2181 3396 quia
2209 3333 2328 3376 nec

823 3413 917 3475 rei
949 3412 1190 3476 illicitae
1229 3429 1490 3496 operam
1529 3413 1723 3476 daret.
1760 3412 1821 3475 Si
1854 3420 2065 3476 autem
2106 3413 2326 3476 adver-

824 3517 1008 3586 teret,
1059 3511 1549 3594 temperandum
1610 3512 2001 3574 consisteret.
2052 3512 2183 3573 Hoc
2233 3517 2324 3573 ta-

826 3627 972 3671 men
1005 3609 1345 3670 eonsilium
1391 3608 1611 3690 paucis
1646 3609 2077 3672 necessarium
2109 3615 2224 3671 est.
2260 3608 2324 3671 Si

824 3715 1039 3770 autem
1097 3725 1223 3771 non
1286 3715 1672 3790 temperaret
1738 3725 1815 3770 ex
1874 3707 2112 3770 affectu
2175 3727 2327 3789 gau-

824 3806 911 3868 dii
973 3806 1074 3869 vel
1136 3804 1610 3880 consolationiS,
1671 3807 1861 3869 credo
1920 3807 2090 3888 quod
2158 3813 2325 3869 tran-

823 3905 1156 3968 scenderet
1214 3911 1411 3966 metas
1468 3904 1743 3967 virtutis,
1796 3939 1878 3950 —
1932 3905 2075 3968 Haec
2131 3905 2326 3968 Bona-

822 4010 1112 4066 ventura.

902 4102 1019 4177 Qui
1050 4101 1130 4164 de
1158 4109 1498 4182 augmento
1527 4101 1927 4165 contritionis
1956 4101 2320 4183 subjungit:

2437 3115 2612 3179 aliud
2658 3123 2757 3178 θεῖ
2803 3133 2998 3198 quam
3045 3113 3455 3198 displicentia
3490 3114 3736 3197 peccati
3781 3134 3952 3198 prae-

2437 3215 2628 3277 teriti.
2671 3213 2791 3288 Qui
2835 3213 3015 3277 dolor
3057 3219 3300 3276 ceteros
3340 3212 3592 3276 excedit
3635 3212 3888 3276 dolores
3927 3231 3946 3276 ε

2437 3313 2742 3395 quoniam
2786 3320 3096 3395 quantum
3140 3311 3380 3394 aliquid
3426 3311 3654 3393 placet,
3687 3319 3948 3376 tantum

2438 3412 2579 3494 ejus
2611 3412 3000 3474 contrarium
3034 3410 3349 3493 displicet.
3385 3410 3559 3472 Finis
3589 3418 3803 3473 autem
3833 3431 3948 3474 su-

2439 3529 2555 3593 per
2601 3509 2818 3573 omnia
2872 3509 3100 3592 placet,
3153 3528 3355 3590 quum
3413 3516 3673 3591 propter
3721 3509 3948 3592 ipsum

2436 3608 2562 3671 alia
2595 3608 3038 3671 desiderentur
3070 3624 3084 3669 :
3120 3607 3262 3670 ideo
3292 3614 3627 3689 peccatum
3655 3608 3825 3690 quod
3853 3608 3949 3670 ab

2439 3707 2665 3769 ultimo
2693 3705 2830 3768 fine
2859 3705 3108 3780 avertit,
3133 3723 3323 3787 super
3351 3705 3566 3767 omnia
3593 3705 3950 3788 displicere

2436 3803 2644 3868 debet.
2687 3803 2864 3868 Alius
2910 3803 3090 3866 dolor
3131 3811 3228 3866 est
3271 3803 3338 3866 in
3383 3812 3561 3886 parte
3607 3804 3944 3881 sensitiva,

2436 3905 2549 3986 qui
2589 3909 2887 3966 causatur
2923 3921 3001 3964 ex
3030 3902 3241 3985 primo
3279 3902 3494 3966 dolore
3528 3920 3544 3965 ε
3575 3902 3680 3966 vel
3718 3921 3797 3965 ex
3831 3922 3954 3967 ne-

2437 4002 2729 4064 cessitate
2761 4009 3024 4076 naturae,
3057 4001 3410 4064 secundum
3441 4001 3612 4083 quod
3642 4000 3812 4064 vires
3843 4001 3950 4064 in-

2436 4099 2702 4163 feriores
2733 4106 3092 4182 sequuntur
3120 4106 3364 4162 motum
3396 4099 3952 4182 superiorum,vel

823 4199 1131 4264 Contritio
1188 4207 1284 4262 est
1343 4207 1552 4262 motus
1598 4199 1854 4262 virtutis
1904 4200 2322 4282 quantitatem
2354 4202 2403 4265 D
2436 4217 2514 4261 ex
2545 4199 2880 4274 electione,
2912 4199 3266 4262 secundum
3305 4197 3475 4280 quod
3517 4198 3710 4261 homo
3737 4199 3953 4280 poeni-

822 4297 1064 4360 habens
1114 4297 1472 4371 virtualem,
1524 4297 2065 4379 quemadmodum
2121 4298 2324 4380 poeni-

822 4395 1035 4458 tentiae
1073 4394 1277 4457 virtus
1311 4413 1349 4456 a
1390 4413 1518 4477 qua
1564 4394 1837 4456 elicitur.
1875 4395 2114 4478 Itaque,
2159 4396 2326 4458 sicut

823 4493 1051 4556 caritas
1096 4491 1301 4555 fertur
1343 4493 1590 4555 intendi
1638 4501 1947 4575 quantum
1991 4493 2068 4556 ad
2120 4493 2326 4558 servo-

823 4610 983 4666 rem,
1036 4598 1098 4654 et
1156 4591 1373 4672 augeri
1424 4599 1733 4674 quantum
1795 4592 1873 4654 ad
1919 4592 2324 4655 essentialem

822 4690 1106 4771 vigorem
1138 4691 1439 4773 (quorum
1481 4690 1763 4772 primum
1808 4698 1904 4754 θεῖ
1948 4709 1985 4753 a
2034 4709 2328 4775 coopera-

823 4788 997 4852 tione
1028 4787 1214 4851 liberi
1244 4787 1515 4864 arbitrii,
1548 4788 1901 4852 secundum
1942 4808 2019 4852 ex
2051 4789 2328 4853 influen-

824 4887 913 4950 tia
947 4887 1123 4968 Dei);
1154 4887 1248 4950 sic
1286 4895 1496 4951 motus
1538 4887 1938 4950 contritionis
1979 4887 2329 4952 ferventior

824 5003 965 5048 esse
998 4993 1206 5068 potest
1234 5005 1312 5049 ex
1343 4986 1529 5048 liberi
1559 4985 1807 5048 arbitrii
1838 4988 2323 5069 cooperatione:

825 5093 1089 5167 propter
1134 5085 1305 5167 quod
1350 5103 1429 5148 ex
1471 5083 1699 5166 aequali
1745 5084 1945 5164 gratia
1986 5091 2051 5147 et
2091 5084 2328 5149 virtute

825 5182 1147 5246 interdum
1192 5182 1448 5246 elicitur
1495 5190 1706 5246 motus
1754 5183 2157 5246 contritionis
2206 5183 2328 5245 ler-

822 5281 1095 5358 ventior,
1125 5281 1469 5365 aliquando
1504 5281 1719 5344 minus
1756 5280 2031 5346 fervens.
2066 5282 2327 5366 Proprie

2437 4305 2578 4360 tens
2620 4298 2685 4360 in
2727 4314 2795 4359 se
2837 4297 2976 4378 ipso
3013 4295 3255 4359 habens
3285 4296 3592 4372 dolorem,
3625 4297 3952 4360 excitatur

2439 4404 2508 4459 ut
2551 4396 2760 4459 doleat
2807 4395 2886 4457 de
2932 4394 3230 4477 peccatis.
3281 4395 3358 4457 Et
3403 4396 3504 4458 his
3552 4396 3758 4458 modis
3805 4413 3950 4460 non

2439 4503 2689 4577 oportet
2716 4493 2886 4576 quod
2927 4493 3013 4554 sit
3049 4493 3366 4556 maximus
3396 4494 3594 4570 dolor,
3629 4493 3944 4576 quoniam

2439 4594 2608 4656 vires
2653 4592 2988 4656 inferiores
3030 4593 3474 4657 vehementius
3519 4601 3858 4658 moventur
3906 4615 3951 4659 a

2442 4691 2716 4775 propriis
2747 4689 3041 4772 obiectiS,
3067 4711 3259 4774 quam
3289 4711 3366 4756 ex
3400 4693 3818 4756 redundantia
3848 4695 3952 4757 vi-

2439 4791 2610 4853 rium
2639 4789 3064 4872 superiorum.
3094 4790 3242 4856 Ideo
3270 4801 3506 4874 quanto
3534 4793 3820 4875 operatio
3847 4795 3950 4856 vi·

2441 4889 2608 4952 rium
2640 4889 3045 4970 superiorum
3083 4898 3181 4952 est
3217 4891 3637 4973 propinquior
3663 4891 3948 4974 objectis

2439 4987 2675 5050 virium
2725 4986 3126 5064 inferiorum,
3171 4996 3347 5052 tanto
3393 4989 3538 5071 plus
3579 4999 3950 5072 sequuntur

2439 5104 2660 5149 earum
2718 5093 2983 5149 motum.
3034 5086 3181 5150 Ideo
3238 5087 3443 5169 major
3498 5088 3680 5152 dolor
3725 5097 3823 5151 est
3867 5089 3948 5153 in

2439 5186 2744 5250 sensitiva
2772 5193 2950 5268 parte
2990 5205 3068 5249 ex
3108 5185 3365 5251 laesione
3395 5186 3709 5260 sensibili,
3741 5205 3946 5270 quam

2439 5285 2524 5349 sit
2570 5284 2678 5348 ille
2725 5285 2838 5368 qui
2888 5285 2955 5348 in
3005 5285 3144 5369 ipsa
3181 5285 3494 5350 redundat
3540 5303 3620 5349 ex
3667 5287 3940 5352 ratione.
