4267 6250
873 486 994 551 254

1559 505 1624 552 IN
1665 503 1887 550 Lunum
1929 503 1990 549 IV
2031 499 2515 548 summanum
2558 518 2639 528 --
2679 501 2833 546 DIST.
2874 499 2957 561 ¹3
3001 499 3225 556 Qusssr.
3270 498 3291 544 1

873 673 1142 749 titatem,
1175 684 1442 758 possunt
1481 675 1926 739 indifferenter
1956 691 2096 737 esse
2129 678 2195 735 et
2220 689 2368 734 con·
2398 670 2452 735 Α
2482 670 2715 753 ipsum.
2747 669 2871 733 Alii
2916 670 3129 733 verius
3169 669 3413 744 dicunt,
3444 675 3509 731 et
3550 666 3987 731 communiter

869 773 1059 836 tineri
1121 774 1184 836 in
1247 793 1474 856 magna
1521 784 1585 838 et
1632 793 1827 858 parva
1873 773 2247 856 quantitate,
2299 777 2371 832 ut

870 878 1044 953 patet
1087 873 1166 935 de
1208 873 1444 948 anima,
1487 892 1628 955 quae
1679 871 2124 935 indifferenter
2162 876 2259 932 est
2302 868 2369 930 in

869 987 1134 1052 corpore
1175 989 1404 1053 magno
1433 978 1496 1033 et
1529 989 1769 1054 parvo;
1811 971 1902 1032 sic
1936 969 1999 1031 id
2029 968 2199 1050 quod
2241 983 2368 1029 non

870 1066 1112 1130 ratione
1141 1088 1270 1132 suae
1301 1068 1575 1152 propriae
1605 1066 1978 1150 quantitatis
2010 1065 2371 1129 continetur

869 1165 990 1228 sub
1029 1167 1242 1248 aliqua
1280 1168 1652 1249 quantitate,
1686 1173 1893 1249 potest
1927 1163 2370 1228 indifferenter

869 1283 1009 1326 esse
1039 1265 1159 1327 sub
1191 1283 1419 1346 magna
1450 1265 1803 1346 quantitate
1831 1271 1896 1326 et
1926 1281 2138 1346 parva.
2174 1261 2252 1324 Et
2282 1261 2372 1324 ita

871 1369 968 1426 est
1014 1364 1094 1426 de
1135 1363 1384 1426 Christo
1432 1372 1496 1426 et
1545 1381 1809 1446 corpore
1859 1363 1999 1443 ejus
2052 1361 2116 1424 in
2168 1378 2372 1422 sacra-

871 1469 1106 1524 mente.

949 1559 1184 1621 Verum
1212 1559 1314 1622 his
1345 1558 1539 1640 objici
1572 1566 1802 1642 potest,
1835 1557 2138 1642 quoniam
2171 1576 2370 1639 quan-

869 1657 1228 1739 documque
1287 1657 1407 1720 sub
1465 1658 1678 1740 aliqua
1733 1657 2085 1739 quantitate
2135 1655 2373 1718 extrin-

869 1775 1014 1818 seca
1081 1757 1442 1819 continetur
1503 1755 1762 1838 aliquod
1829 1773 2060 1838 corpus
2125 1752 2369 1816 habens

2480 771 2573 833 sic
2622 777 2897 844 tenetur,
2948 771 3117 852 quod
3177 769 3268 833 ibi
3317 777 3415 832 est
3462 785 3695 850 corpus
3744 765 3986 830 Christi

2482 876 2814 953 quantum,
2837 869 2949 932 sed
2979 886 3105 932 non
3140 869 3329 931 modo
3356 866 3795 950 quantitativo.
3819 865 3985 928 Nam

2484 967 2633 1032 licet
2674 967 2757 1030 sit
2800 966 2889 1030 ibi
2934 973 3269 1049 quantum,
3302 984 3431 1029 non
3473 974 3688 1028 tamen
3732 982 3993 1046 compa-

2482 1073 2658 1127 ratur
2684 1065 2761 1127 ad
2796 1066 3075 1148 speciem
3117 1065 3299 1147 panis
3341 1072 3411 1126 ut
3440 1071 3772 1146 quantum.
3808 1062 3996 1124 Sicut

2482 1164 2680 1238 enim,
2713 1163 3007 1247 quamvis
3046 1164 3130 1226 sit
3166 1163 3256 1226 ibi
3300 1163 3567 1236 clarum,
3607 1180 3735 1225 non
3770 1169 3995 1224 tamen

2482 1281 2597 1325 sua
2637 1262 2839 1324 utitur
2878 1261 3163 1325 claritate
3198 1261 3621 1324 illuminando
3662 1259 3991 1342 speciem;

2484 1362 2570 1423 ita
2609 1361 2903 1443 quamvis
2951 1360 3035 1422 sit
3078 1360 3167 1423 ihi
3210 1367 3543 1442 quantum,
3590 1376 3719 1422 non
3768 1365 3994 1420 tamen

2482 1459 2685 1521 utitur
2728 1459 3079 1542 quantitate
3120 1456 3495 1540 occupando
3537 1456 3773 1530 locum,
3820 1456 3997 1518 sicut

2482 1565 2546 1620 et
2575 1557 2741 1620 Deus
2780 1557 2989 1620 facere
3031 1564 3237 1640 potest
3272 1564 3342 1619 ut
3370 1555 3454 1618 sit
3486 1556 3651 1636 ignis
3692 1555 3821 1630 hic,
3856 1572 3992 1617 non

2482 1664 2694 1719 tamen
2736 1663 3027 1718 exerceat
3065 1663 3279 1718 actum
3321 1652 3805 1718 combustionis
3840 1653 3993 1716 Haec

2483 1755 2721 1818 Petrus.

870 1862 1080 1937 partes
1129 1855 1460 1917 distinctas
1510 1852 1862 1917 secundum
1913 1871 2093 1915 suam
2145 1851 2368 1914 intrin-
2406 1856 2453 1918 B
2562 1854 2735 1917 Idem
2768 1852 3139 1927 RicharduS,
3170 1861 3235 1915 et
3272 1853 3447 1915 addit
3478 1869 3493 1914 ε
3528 1852 3772 1935 Corpus
3808 1851 3995 1914 Chri-

871 1972 1080 2016 secam
1147 1953 1564 2036 quantitatem
1623 1960 1840 2026 totam,
1903 1951 2216 2032 contingit
2275 1969 2368 2012 as-

871 2054 1120 2135 signare
1170 2052 1290 2115 sub
1347 2073 1472 2136 qua
1528 2062 1706 2136 parte
1767 2051 2136 2135 quantitatis
2197 2051 2371 2113 illius

873 2152 1138 2233 singulae
1187 2159 1397 2235 partes
1447 2153 1911 2215 contineantur.
1967 2150 2088 2214 Sed
2140 2168 2371 2233 corpus

874 2250 1105 2313 Christi
1149 2270 1346 2333 quum
1385 2249 1468 2313 sit
1505 2251 1900 2331 organicum,
1939 2249 2130 2312 habet
2162 2255 2371 2331 partes

873 2348 1223 2411 distinctas
1258 2348 1322 2411 Si
1367 2366 1517 2430 ergo
1559 2349 1910 2411 secundum
1953 2355 2147 2410 totam
2190 2366 2370 2408 suam

874 2447 1292 2528 quantitatem
1353 2447 1717 2511 continetur
1775 2447 1896 2510 sub
1954 2445 2371 2509 dimensioni-

873 2545 994 2608 bus
1054 2547 1258 2630 panis,
1309 2546 1432 2609 erit
1487 2546 1810 2628 assignare
1868 2545 1977 2607 ubi
2037 2545 2122 2607 sit
2182 2551 2374 2627 caput

873 2645 1015 2726 ejus
1054 2653 1117 2708 et
1157 2665 1382 2709 manus
1427 2652 1492 2709 et
1530 2664 1644 2728 pes
1677 2663 1692 2706 ε
1726 2645 1895 2727 quod
1939 2651 2036 2706 est
2081 2643 2373 2727 impossi-

876 2745 1026 2819 bile,
1059 2746 1210 2827 quia
1251 2745 1530 2827 parvitas
1569 2743 1940 2826 quantitatis
1984 2743 2207 2806 hostiae
2246 2759 2373 2804 non

874 2843 1186 2925 permittit
1231 2843 1422 2905 talem
1463 2841 1941 2905 distinctionem
1989 2840 2265 2922 partium
2309 2839 2373 2900 in

875 2960 1140 3024 corpore
1198 2941 1451 3004 Christi.
1504 2975 1586 2986 —
1635 2939 2010 3014 Dicendum,
2069 2939 2241 3021 quod
2296 2939 2377 3001 si·

2482 1954 2564 2016 sti
2594 1961 2688 2016 est
2721 1953 2785 2015 in
2826 1958 3223 2015 sacramento
3252 1970 3401 2013 cum
3442 1951 3702 2033 propria
3738 1950 3999 2034 quanti-

2481 2059 2783 2135 tate,quae
2811 2059 3025 2114 tamen
3057 2069 3183 2114 non
3216 2049 3768 2114 circumscribitur
3796 2068 3999 2132 quan-

2482 2152 2659 2214 titate
2706 2157 2815 2213 aut
2862 2150 3076 2232 specie
3127 2149 3332 2233 paniS,
3385 2149 3506 2212 sub
3558 2168 3685 2231 qua
3732 2147 4001 2212 realiter

2484 2249 2863 2313 continetur.
2899 2249 3214 2322 Quantum
3263 2247 3437 2310 enim
3481 2247 3998 2329 circumscripti-

2482 2367 2560 2412 ve
2600 2353 2969 2411 contentum
3014 2346 3093 2409 ab
3130 2345 3257 2409 alio
3296 2353 3555 2428 quanto,
3588 2363 4001 2408 commensu-

2484 2454 2658 2510 ratur
2707 2445 2790 2520 ei,
2844 2446 2928 2506 ita
2976 2445 3147 2527 quod
3203 2463 3349 2526 pars
3408 2443 3569 2526 parti
3620 2461 4002 2526 correspon-

2485 2544 2608 2607 det.
2644 2542 2970 2616 Quantitas
3007 2549 3217 2604 autem
3261 2541 3543 2623 corporis
3585 2540 3817 2604 Christi
3860 2559 4000 2603 non

2484 2649 3039 2705 commensuratur
3078 2639 3242 2722 parti
3286 2639 3546 2723 speciei,
3578 2639 3709 2702 imo
3738 2647 3838 2702 est
3868 2639 4000 2702 sub

2485 2740 2769 2822 qualibet
2801 2747 2978 2823 parte
3019 2738 3243 2802 hostiae
3273 2745 3421 2801 tota.
3455 2737 3771 2812 Quantum
3812 2738 3998 2800 enim

2485 2839 2654 2921 quod
2706 2845 3268 2902 commensuratur
3313 2835 3422 2899 alii
3473 2843 3732 2918 quanto,
3785 2836 4003 2920 appli-

2486 2944 2667 2999 catur
2712 2937 2769 2999 ei
2828 2936 3038 3019 primo
3096 2943 3161 2997 et
3210 2953 3322 3017 per
3380 2953 3447 2997 se
3493 2953 3566 2997 ac
3615 2934 3999 2998 immediate

876 3047 978 3103 tus
1017 3039 1454 3122 praesupponit
1488 3038 1943 3121 quantitatem3
1977 3045 2041 3099 et
2071 3037 2375 3119 quoniam
2412 3037 2455 3100 C
2487 3054 2603 3118 per
2645 3055 2823 3098 suam
2868 3035 3303 3118 quantitatem.
3338 3034 3408 3095 In
3448 3041 3844 3096 sacramento
3882 3053 4000 3096 au-

877 3139 1194 3223 quantitas
1235 3137 1467 3201 Christi
1508 3136 1750 3199 nullam
1789 3136 2231 3199 habitudinem
2272 3136 2377 3199 ha-

877 3238 988 3301 bet
1015 3238 1093 3300 ad
1124 3237 1556 3299 dimensiones
1587 3235 1792 3319 paniS‚
1819 3236 1961 3300 ideo
1991 3236 2182 3298 etiam
2216 3236 2377 3298 situs

879 3337 1158 3420 partium
1207 3335 1490 3418 corporis
1539 3334 1769 3397 Christi
1826 3335 2067 3396 nullam
2128 3333 2377 3397 habitu-

879 3436 1094 3497 dinem
1153 3452 1267 3497 seu
1317 3434 2006 3496 commensurationem
2060 3431 2253 3495 habet
2299 3433 2379 3495 ad

879 3534 1063 3617 panis
1111 3530 1562 3595 dimensiones.
1603 3531 1762 3593 Hinc
1806 3532 2098 3613 quamvis
2148 3548 2381 3613 corpus

881 3631 1137 3706 Christi,
1173 3638 1361 3714 prout
1399 3638 1496 3693 est
1539 3629 1658 3693 sub
1703 3638 2120 3704 sacramento,
2154 3629 2382 3692 habeat

882 3737 1092 3814 partes
1132 3729 1462 3792 distinctas
1501 3736 1566 3790 et
1605 3728 1866 3791 situatas
1909 3728 2036 3789 situ
2081 3726 2377 3801 naturali,

882 3848 1010 3893 non
1059 3838 1273 3892 tamen
1323 3834 1420 3890 est
1465 3827 1786 3910 assignare
1837 3827 1899 3888 in
1951 3826 2240 3909 partibus
2289 3825 2382 3887 di—

884 3927 1292 3991 mensionum
1332 3926 1536 4009 panis,
1571 3924 1681 3987 ubi
1713 3924 1978 4005 singulae
2011 3930 2221 4007 partes
2252 3940 2383 3986 cor-

885 4026 1058 4110 poris
1089 4023 1318 4089 Christi
1350 4024 1718 4087 consistant.
1735 4023 1862 4085 Nec
1895 4023 2038 4085 ideo
2069 4022 2379 4105 sequitur,

885 4124 1054 4207 quod
1103 4142 1336 4206 corpus
1387 4121 1617 4185 Christi
1677 4120 2016 4183 confusum
2076 4121 2181 4195 sit,
2233 4137 2385 4202 quo-

2487 3144 2614 3197 tem
2656 3142 2752 3199 est
2792 3135 3108 3199 contrario
3152 3134 3361 3208 modo,
3396 3133 3697 3215 quoniam
3740 3134 4003 3216 quanti-

2488 3242 2583 3297 tas
2643 3233 2929 3316 corporis
2990 3233 3223 3297 Christi
3282 3240 3379 3295 est
3435 3230 3556 3294 sub
3613 3231 3828 3314 specie
3890 3252 4003 3316 pa-

2489 3334 2590 3396 nis
2630 3352 2745 3415 per
2781 3331 3205 3395 substantiam
3242 3330 3549 3414 corporis,
3581 3350 3725 3413 quae
3763 3349 3885 3413 per
3930 3350 4001 3395 se

2491 3432 2701 3516 primo
2742 3439 2809 3495 et
2848 3431 3217 3493 immediate
3266 3430 3385 3492 sub
3435 3428 3541 3491 illa
3585 3429 3799 3512 specie
3842 3447 4002 3493 con-

2491 3530 2747 3592 tinetur.
2784 3530 2927 3592 Haec
2968 3528 3339 3592 RicharduS.

2580 3629 2668 3691 De
2695 3628 2798 3690 his
2833 3644 3087 3710 quoque
3128 3625 3354 3689 scribit
3382 3625 3824 3688 Bonaventura
3863 3624 4003 3689 ido-

2491 3745 2611 3790 nee
2640 3745 2711 3789 ac
2741 3727 3004 3805 devote3
3037 3732 3313 3807 suntque
3343 3723 3807 3787 sententialiter
3837 3744 4001 3807 prae·

2493 3824 2709 3887 habita
2776 3843 2917 3906 quae
2986 3821 3352 3887 conscribit.
3418 3820 3735 3904 Reprobat
3796 3823 4001 3885 etiam

2494 3923 2862 4006 opinionem
2937 3928 3300 4005 praetactam
3373 3920 3747 3995 dicentium,
3821 3922 4001 4003 quod

2495 4022 2781 4087 Christus
2830 4029 2927 4085 est
2973 4022 3038 4084 in
3098 4028 3495 4084 sacramento
3543 4020 3681 4082 sine
3734 4022 4005 4104 propria

2495 4121 2863 4205 quantitate.
2900 4120 3054 4183 Nam
3094 4136 3327 4202 corpus
3358 4117 3588 4182 Christi
3628 4126 3725 4181 est
3759 4136 4003 4203 corpus

885 4223 1056 4286 niam
1112 4228 1322 4304 partes
1380 4219 1521 4300 ejus
1575 4218 1866 4283 ordinem
1924 4218 2163 4282 habent
2220 4219 2385 4282 inter
2415 4219 2464 4282 D
2496 4219 2803 4293 naturale,
2835 4218 3082 4293 vivum,
3116 4216 3511 4299 organicum,
3545 4216 3715 4298 quod
3746 4236 3869 4280 nec
3902 4237 4003 4281 es-

886 4341 976 4397 se,
995 4321 1105 4383 sed
1137 4319 1492 4382 secundum
1521 4318 1812 4381 ordinem
1843 4317 2029 4380 illum
2061 4334 2187 4379 non
2218 4336 2387 4380 com-

888 4425 1185 4503 parantur
1213 4417 1292 4479 ad
1320 4416 1751 4479 dimensiones
1781 4415 2385 4479 exteriores—Hanc

887 4519 1159 4582 Thomas
1199 4516 1264 4579 in
1300 4515 1567 4598 Scripto.
1602 4515 1672 4577 In
1707 4513 1943 4596 quibus
1979 4513 2387 4577 continentur

888 4636 1031 4700 quae
1061 4634 1254 4699 super
1292 4613 1393 4676 his
1423 4612 1647 4676 scribit
1677 4613 1742 4676 in
1773 4613 1958 4676 tertia
1989 4621 2189 4696 parte,
2221 4633 2389 4696 quae·

886 4717 1092 4781 stione
1123 4712 1589 4797 septuagesima
1627 4718 1832 4792 sexta3
1865 4712 2100 4795 scripta
2131 4729 2387 4794 quoque

887 4813 1150 4881 Alberti.

955 4917 1172 4980 Petrus
1197 4931 1346 4977 vero
1374 4910 1582 4975 addit:
1600 4910 1862 4985 Quidam
1890 4910 2203 4984 dixerunt,
2218 4911 2387 4992 quod

889 5034 1122 5098 corpus
1152 5012 1383 5077 Christi
1414 5017 1510 5074 est
1549 5010 1615 5073 in
1654 5008 1836 5072 altari
1877 5009 2014 5071 sine
2054 5027 2169 5071 sua
2206 5027 2391 5091 quan-

890 5114 1089 5190 titate,
1123 5110 1478 5176 secundum
1513 5106 1936 5171 substantiam
1972 5107 2203 5181 solum,
2239 5108 2389 5189 quia

894 5220 991 5277 est
1037 5211 1127 5274 ibi
1175 5218 1246 5273 ut
1286 5208 1470 5272 cibus
1519 5206 1893 5290 spiritualiS,
1934 5213 2124 5289 atque
2164 5214 2236 5268 ut
2270 5213 2391 5268 ter-

901 5312 1115 5377 minus
1161 5306 1594 5372 conversionis
1651 5304 2022 5369 substantiae
2080 5305 2264 5387 panis
2322 5305 2388 5367 in

2495 4338 2565 4383 se
2595 4336 2713 4381 nec
2745 4317 3015 4399 intelligi
3053 4324 3261 4400 potest
3290 4315 3428 4378 sine
3460 4316 3811 4397 quantitate
3850 4317 4006 4400 ipsi-

2498 4438 2595 4491 uS,
2627 4417 2765 4480 sine
2803 4435 2930 4498 qua
2970 4414 3265 4497 quamvis
3306 4431 3423 4496 per
3462 4414 4005 4496 omnipotentiam

2497 4516 2609 4579 Dei
2653 4515 2853 4598 possit
2894 4532 3055 4589 esse,
3089 4530 3217 4577 non
3261 4521 3475 4576 tamen
3520 4511 3683 4576 bene
3722 4532 3887 4577 esse.

2592 4616 2780 4678 Porro
2837 4613 3171 4677 Durandus
3232 4613 3460 4696 probat
3516 4630 3749 4696 corpus
3808 4612 4005 4677 Chri-

2498 4713 2579 4777 sti
2640 4713 2704 4775 in
2762 4712 2885 4776 hoc
2944 4720 3340 4774 sacramento
3396 4710 3652 4773 realiter
3708 4712 4006 4775 contine-

2500 4812 2553 4875 ri
2622 4830 2637 4875 :
2702 4812 2855 4894 quia
2922 4811 3277 4874 secundum
3339 4810 3767 4892 Augustinum
3836 4810 4007 4874 libro

2498 4910 2789 4973 LXXXIII
2829 4909 3285 4985 Quaestionum,
3318 4907 3803 4972 circumstantia
3832 4910 4001 4972 Scri·

2500 5016 2703 5092 pturae
2746 5008 3009 5091 exponit
3042 5008 3455 5090 Scripturam,
3496 5022 3578 5070 an
3618 5007 3813 5071 verba
3854 5009 4003 5089 ejus

2502 5107 2912 5189 intelligenda
2963 5107 3091 5170 sint
3146 5106 3425 5189 proprie,
3475 5107 3579 5170 vel
3628 5106 3995 5188 figurative.

2499 5206 2690 5270 Verbi
2738 5206 2941 5286 gratia
2987 5204 3273 5269 Christus
3322 5205 3411 5267 ait
3460 5224 3475 5269 ε
3529 5205 3659 5287 Ego
3707 5208 3851 5269 s'um
3904 5208 3998 5269 vi·
4038 5232 4235 5277 :mm

2498 5305 2582 5368 tis
2638 5324 2806 5368 vera.
2869 5303 2934 5367 Si
2993 5305 3291 5367 volumus
3345 5304 3531 5379 scire,
3582 5324 3667 5367 an
3724 5306 3847 5369 hoc
3904 5307 4001 5371 di·
4028 5302 4067 5341 ¹·
