4267 6250
568 3529 764 3584 clv-⁸⁹8
778 3529 833 3572 C'.

568 3716 637 3771 Cs-
644 3718 767 3772 P·¹⁷⁴
776 3715 832 3760 C'.

566 4609 832 4665 masna:

565 4676 641 4716 518
655 4673 702 4716 C.

592 5223 831 5277 icem-v.
868 5206 1012 5250 rum
1056 5185 1375 5260 convenit,
1409 5183 1713 5266 quoniam
1757 5191 1957 5246 status
2002 5203 2222 5247 earum
2268 5194 2366 5248 est

568 5289 636 5331 ³⁴.

860 466 982 535 524

1438 488 1505 535 IN
1542 488 1766 536 Lutum!
1808 488 1870 535 lv
1910 486 2396 536 SENTENTIARUK.
2434 505 2517 518 -·-
2558 488 2713 537 msr.
2753 488 2903 554 1113
2945 489 3171 547 QUAEST.
3213 488 3398 539 uch

861 660 1185 724 hircorum
1234 668 1299 723 et
1343 662 1715 737 vitulorum,
1762 662 1873 745 qui
1920 660 2179 743 sanguis
2226 678 2353 725 non
2382 659 2435 722 A
2465 662 2887 725 committitur
2945 670 3158 725 tamen
3221 662 3316 727 eis
3379 660 3612 744 aliquis
3677 658 3962 724 clavium

861 758 1086 823 habuit
1126 759 1483 824 efficaciam
1532 762 1609 824 ad
1657 761 1795 824 hoc.
1839 761 2071 843 Sicque
2111 766 2356 823 constat

860 858 1029 940 quod
1078 866 1354 941 potestas
1402 860 1735 923 sacerdotii
1782 859 1956 922 illius
2000 878 2068 922 se
2109 859 2188 921 ad
2232 876 2354 922 coe-

860 955 1043 1019 lestia
1100 973 1227 1018 non
1287 958 1588 1020 extendit.
1643 994 1725 1003 —
1779 958 1939 1020 Hinc
1998 957 2354 1020 secundum

858 1054 1038 1129 alioS,
1070 1055 1285 1117 verius
1334 1063 1431 1119 est
1478 1056 1891 1130 censendum,
1932 1056 2102 1137 quod
2153 1073 2356 1118 sacer-

859 1153 1037 1216 dotes
1088 1153 1243 1234 legis
1287 1154 1496 1217 claves
1544 1154 1657 1216 has
1698 1172 1829 1217 non
1871 1153 2212 1227 habebant,
2245 1153 2357 1216 sed

858 1250 1135 1314 clavium
1166 1252 1375 1333 figura
1404 1252 1469 1314 in
1502 1253 1657 1334 ipsis
1688 1252 2024 1334 praecessit
2044 1252 2119 1314 Et
2148 1271 2357 1334 quam·

859 1349 957 1412 vis
997 1350 1315 1413 habebant
1353 1351 1792 1413 auctoritatem
1834 1350 2240 1414 discernendi
2283 1369 2357 1413 ac

857 1448 1211 1529 judicandi,
1243 1456 1521 1512 attamen
1556 1450 1873 1531 judicatos
1910 1470 1946 1512 a
1986 1469 2053 1512 se
2094 1467 2222 1513 non
2254 1468 2356 1513 va·

860 1545 1077 1610 lebant
1119 1565 1411 1629 purgare,
1450 1547 1829 1629 justificare,
1860 1554 1927 1610 et
1967 1548 2045 1610 ad
2090 1565 2356 1629 regnum

862 1644 1118 1709 coeleste
1149 1646 1517 1727 perducere.
1542 1646 1828 1729 Denique
1857 1665 1972 1728 per
2002 1664 2360 1709 sacramen-

858 1750 923 1805 ta
962 1743 1187 1825 legalia
1229 1761 1355 1806 non
1394 1762 1431 1806 a
1470 1744 1701 1826 culpis,
1734 1745 1845 1807 sed
1888 1764 1924 1806 a
1964 1744 2348 1826 quibusdam

2465 780 2642 835 usus,
2703 769 2774 824 ut
2829 761 3146 844 corrigere
3213 760 3501 825 subditas
3563 767 3630 823 et
3685 778 3964 842 praeesse

2467 858 2730 934 eisdem,
2775 867 3034 942 propter
3073 859 3434 942 periculum
3473 857 3966 921 cohabitationis

2465 965 2656 1039 atque
2722 958 3076 1040 praesentiae
3136 958 3424 1021 virorum
3491 976 3638 1019 cum
3701 955 3962 1019 talibus.

2467 1056 3012 1130 Quemadmodum
3071 1062 3284 1118 autem
3345 1056 3410 1118 in
3470 1054 3711 1139 politiis
3765 1054 3969 1135 judex

2468 1154 2790 1217 interdum
2838 1154 3030 1217 habet
3077 1161 3274 1217 totam
3323 1159 3724 1237 potestatem,
3766 1172 3972 1235 quan-

2468 1253 2676 1334 doque
2715 1258 2868 1316 vero
2908 1252 3095 1316 multi
3131 1253 3196 1315 in
3230 1252 3500 1317 diversis
3539 1251 3782 1315 officiis
3822 1268 3973 1314 con-

2469 1350 2695 1425 stituti,
2715 1351 2817 1415 vel
2847 1369 2926 1414 ex
2955 1368 3170 1433 aequ03
3203 1350 3296 1415 sic
3327 1349 3678 1433 spiritualis
3704 1348 3970 1431 jurisdi-

2469 1449 2595 1513 ctio
2625 1457 2835 1532 potest
2864 1450 3082 1513 haberi
3117 1449 3199 1512 ab
3227 1466 3379 1525 uno,
3415 1456 3485 1511 ut
3513 1448 3593 1511 ab
3621 1448 3969 1531 episcopo;

2468 1555 2533 1611 et
2573 1567 2610 1610 a
2653 1548 2946 1631 pluribus
2995 1548 3212 1623 simul,
3255 1548 3422 1611 sicut
3459 1566 3496 1611 a
3536 1546 3820 1629 capitulo
3866 1543 3972 1607 vel

2468 1654 2809 1721 conventu,
2859 1647 2962 1709 cui
3011 1647 3396 1730 quandoque
3447 1663 3592 1708 cum
3643 1662 3760 1708 suo
3811 1662 3971 1727 prae-

2469 1745 2717 1809 sidente
2763 1745 3063 1809 convenit
3105 1764 3184 1809 ex
3229 1743 3680 1809 commissione
3716 1760 3973 1807 excom-

861 1842 1431 1923 irregularitatibus
1477 1842 1631 1924 legis
1682 1842 2096 1917 mundabant,
2139 1849 2355 1925 quate-
2394 1840 2441 1902 B
2471 1843 2817 1907 municare.

864 1960 983 2002 nus
1024 1941 1110 2002 ita
1150 1940 1457 2014 mundati,
1490 1940 1803 2023 templum
1838 1940 1995 2003 illud
2030 1940 2358 2004 materiale

865 2039 1299 2101 manufactum
1346 2040 1591 2121 ingredi
1635 2047 1911 2121 possent.

760 2156 836 2201 io.
944 2137 1231 2219 Insuper,
1284 2138 1451 2201 sicut
1508 2137 1933 2221 praehabitum
1991 2144 2107 2211 est,
2162 2137 2358 2200 clavis

796 2250 808 2262 ·
864 2235 987 2298 ista
1033 2236 1383 2317 spiritualis
1432 2244 1529 2299 est
1571 2242 1847 2318 potestas
1892 2235 2222 2318 aperiendi
2264 2254 2358 2299 re·
2398 2305 2408 2313 ,

708 2352 720 2395 i
768 2366 835 2404 .v,
863 2352 1061 2416 gnum
1113 2334 1371 2398 coeleste
1413 2352 1426 2397 :
1469 2354 1613 2417 quae
1659 2334 1783 2397 fuit
1832 2334 1897 2397 in
1947 2333 2196 2398 Christo
2244 2353 2360 2417 per

863 2431 1325 2507 auctoritatem,
1358 2434 1425 2495 in
1458 2440 1763 2515 quantum
1796 2440 1893 2496 est
1923 2433 2119 2514 Deus3
2152 2442 2216 2498 et
2244 2453 2359 2516 per

864 2530 1331 2605 excellentiam,
1385 2532 1739 2594 secundum
1799 2532 1968 2613 quod
2026 2532 2240 2606 homo,
2291 2532 2357 2595 in

863 2636 1171 2710 quantum
1236 2629 1462 2692 merito
1519 2648 1634 2693 suo
1685 2630 1817 2692 vim
1876 2638 1940 2692 et
1994 2629 2354 2693 efficaciam

863 2727 1277 2791 sacramentis
1314 2746 1495 2792 novae
1533 2728 1690 2809 legis
1729 2727 2025 2791 obtinuit.
2059 2730 2131 2791 In
2170 2728 2357 2791 mini-

862 2825 1011 2888 stris
1038 2834 1251 2889 autem
1284 2834 1380 2889 est
1411 2826 1608 2889 clavis
1640 2826 1759 2889 ista
1787 2826 2359 2889 instrumentaliter

862 2931 1132 2986 tantum.
1168 2922 1375 2987 Clavis
1402 2932 1616 2986 tamen
1648 2931 2024 3006 potestatem
2056 2925 2219 2987 hanc
2248 2943 2357 2989 no·

2547 1943 2692 2005 Post
2735 1943 2870 2006 haec
2917 1942 3126 2004 adhuc
3174 1941 3295 2004 tria
3342 1949 3716 2024 quaeruntur
3769 1958 3785 2001 :
3843 1938 3973 2021 pri-

2469 2059 2671 2114 mum,
2705 2058 2784 2101 an
2815 2039 2934 2101 viri
2978 2039 3179 2101 sancti
3221 2056 3346 2101 non
3381 2037 3740 2101 sacerdotes
3779 2056 3972 2099 usum

2470 2138 2746 2201 clavium
2779 2136 3085 2217 habeant;
3117 2136 3494 2211 secundum,
3517 2155 3599 2199 an
3629 2136 3846 2199 vitiosi
3878 2155 3975 2199 sa-

2471 2236 2758 2299 cerdotes
2803 2234 3077 2298 habeant
3117 2252 3301 2314 eum;
3339 2234 3626 2307 tertium,
3657 2252 3739 2295 an
3775 2233 3973 2297 etiam

2471 2334 2886 2409 schismatici,
2919 2333 3225 2408 haeretici,
3248 2332 3810 2407 excommunicati,
3834 2352 3974 2394 sus-

2470 2432 2652 2515 pensi
2685 2439 2750 2495 et
2776 2432 3118 2513 degradati.
3153 2432 3506 2494 Dicendum
3545 2431 3625 2493 ad
3659 2431 3972 2513 primum,

2469 2531 2639 2614 quod
2667 2548 2860 2612 agens
2893 2529 3248 2612 principale
3279 2536 3344 2592 et
3369 2547 3562 2610 agens
3595 2530 3980 2593 instrumen-

2469 2630 2594 2692 tale
2618 2628 2928 2691 differunt
2953 2628 3018 2691 in
3045 2628 3170 2703 hoc,
3185 2628 3356 2710 quod
3378 2645 3572 2709 agens
3599 2627 3980 2691 instrumen-

2467 2728 2592 2790 tale
2634 2746 2761 2791 non
2803 2726 3053 2790 inducit
3091 2726 3156 2789 in
3197 2725 3436 2789 effectu
3479 2725 3978 2789 similitudinem

2467 2826 2590 2901 sui,
2625 2826 2733 2889 sed
2770 2824 3146 2907 principalis
3176 2824 3452 2905 agentis;
3484 2822 3842 2906 principale
3873 2844 3980 2887 ve-

2467 2939 2538 2985 ro
2580 2940 2772 3003 agens
2813 2922 3062 3005 insducit
3109 2921 3598 2985 similitudinem
3639 2940 3844 2984 suam.
3883 2922 3979 2985 Id—

864 3022 1065 3084 minat
1092 3021 1557 3097 indifferenter,
1586 3022 1721 3086 sive
1751 3022 2192 3104 principaliter
2223 3023 2358 3086 sive
2390 3018 2434 3083 C
2468 3019 2638 3083 circo
2670 3038 2748 3083 ex
2787 3021 2909 3082 hoc
2942 3026 3040 3082 est
3066 3019 3310 3102 aliquid
3350 3019 3706 3103 principale
3749 3037 3970 3101 agenS,

864 3120 1432 3183 instrumentaliter
1482 3120 1650 3183 insit.
1703 3120 1945 3183 Idcirco
1992 3120 2059 3183 in
2109 3120 2359 3186 Christo

864 3219 1073 3282 claves
1111 3219 1393 3294 fuerunt,
1427 3220 1537 3282 sed
1571 3219 1977 3283 eminentiori
2018 3221 2356 3303 perfectio-

862 3316 1045 3399 rique
1093 3317 1283 3380 modo
1331 3336 1523 3400 quam
1570 3317 1635 3380 in
1683 3317 1891 3380 nobis.
1923 3353 2001 3363 —
2035 3319 2097 3382 Si
2143 3325 2354 3380 autem

862 3414 1225 3495 objiciatur,
1266 3415 1436 3497 quod
1480 3415 1677 3478 clavis
1724 3415 2152 3479 characterem
2195 3416 2358 3479 ordi-

862 3513 963 3576 nis
1003 3513 1312 3596 sequitur,
1346 3513 1510 3576 sicut
1549 3513 1969 3595 praehabitum
2009 3522 2140 3590 est;
2182 3514 2357 3577 Chri-

862 3619 997 3674 stus
1047 3619 1261 3674 autem
1304 3612 1733 3675 characterem
1781 3629 1909 3674 non
1953 3611 2250 3684 habebat,
2290 3619 2360 3674 ut

862 3711 1271 3774 distinctione
1304 3711 1511 3793 patuit
1548 3717 1741 3773 sexta.
1779 3711 2154 3784 Dicendum,
2187 3712 2357 3793 quod

864 3809 1192 3872 character
1224 3827 1302 3871 ex
1342 3808 1601 3891 propria
1640 3809 1883 3872 ratione
1922 3808 2079 3871 dicit
2112 3808 2357 3891 aliquid

860 3907 941 3970 ab
990 3907 1116 3972 alio
1165 3908 1520 3970 derivatum
1568 3927 1582 3970 :
1627 3907 1865 3970 idcirco
1914 3915 2190 3990 potestas
2239 3907 2361 3992 cla-

861 4007 1039 4069 vium
1080 4025 1223 4088 quae
1258 4013 1356 4069 est
1384 4006 1449 4069 in
1491 4005 1674 4071 nobis
1704 4025 1741 4068 a
1771 4005 2020 4069 Christo
2051 4005 2355 4080 derivata,

860 4105 1150 4188 sequitur
1188 4105 1617 4167 characterem
1657 4121 1785 4186 quo
1824 4104 2072 4168 Christo
2115 4104 2360 4166 confor—

2465 3119 2637 3201 quod
2675 3118 2867 3182 habet
2903 3118 3184 3201 aliquam
3227 3118 3498 3182 formam
3542 3138 3734 3202 quam
3771 3127 3975 3182 trans-

2466 3218 2736 3282 fundere
2781 3227 2991 3302 potest
3027 3220 3093 3283 in
3135 3219 3440 3300 alterum;
3483 3219 3974 3283 instrumentale

2466 3336 2618 3381 vero
2647 3336 2839 3398 agens
2865 3324 3144 3392 vocatur,
3158 3318 3327 3400 quod
3353 3337 3389 3380 a
3415 3317 3756 3400 principali
3789 3336 3976 3400 agen-

2464 3424 2528 3478 te
2571 3417 2928 3499 applicatur
2969 3415 3047 3478 ad
3091 3414 3398 3478 effectum
3450 3415 3730 3499 aliquem
3784 3416 3972 3479 indu—

2468 3515 2761 3576 cendum.
2796 3514 3132 3595 Quumque
3164 3513 3230 3575 in
3259 3521 3403 3576 actu
3445 3514 3746 3589 clavium,
3791 3513 3972 3578 Chri·
4001 3533 4239 3592 cfipmt.

2467 3619 2602 3676 stus
2635 3612 2700 3674 in
2731 3619 3042 3694 quantum
3073 3612 3238 3674 Deus
3279 3611 3361 3675 sit
3389 3612 3743 3695 principale
3771 3632 3970 3695 agens

2469 3731 2583 3794 per
2625 3709 3088 3785 auctoritatem,
3115 3717 3307 3792 atque
3347 3717 3418 3772 ut
3454 3710 3646 3774 homo
3681 3729 3801 3794 per
3839 3731 3971 3776 me-

2469 3808 2663 3870 ritum
2699 3827 2714 3872 :
2750 3799 2988 3870 idcirco
3027 3825 3106 3869 ex
3150 3807 3550 3888 plenitudine
3588 3807 3822 3872 divinae
3863 3809 3974 3873 bo-

2467 3906 2685 3968 nitatis
2727 3905 2790 3968 in
2827 3924 2916 3980 se,
2951 3913 3120 3967 etex
3160 3905 3560 3986 plenitudine
3588 3907 3808 3988 gratiae
3840 3927 3974 3972 suae

2470 4004 2884 4087 consequitur
2924 4004 3092 4086 quod
3137 4004 3203 4066 in
3247 4011 3461 4067 actum
3507 4004 3786 4067 clavium
3831 4024 3973 4088 pos·

2471 4102 2588 4182 sit3
2641 4101 2836 4164 ceteri
2887 4118 3039 4165 vero
3095 4101 3304 4164 solum
3364 4109 3435 4163 ut
3481 4120 3686 4166 causae
3735 4103 3972 4166 instru-

862 4222 1130 4266 mamur.
1183 4203 1253 4264 In
1305 4201 1555 4265 Christo
1610 4209 1825 4264 autem
1882 4219 2009 4264 non
2070 4203 2360 4284 sequitur
2392 4204 2441 4266 D
2472 4201 2803 4275 mentale8‚
2836 4219 2964 4264 non
3003 4220 3118 4264 sua
3157 4201 3391 4264 virtute
3429 4208 3539 4264 aut
3573 4203 3824 4278 merito,
3859 4204 3972 4267 sed

860 4302 1308 4376 characterem,
1321 4301 1430 4362 sed
1461 4299 1731 4363 formam
1764 4299 2186 4382 principalem
2205 4318 2221 4380 ;
2242 4319 2358 4363 nec

862 4400 1060 4463 clavis
1110 4399 1175 4462 in
1218 4398 1467 4461 Christo
1513 4398 1638 4461 fuit
1677 4399 1831 4481 quid
1878 4400 2355 4473 sacramentale,

864 4499 977 4562 sed
1016 4496 1497 4560 sacramentalis
1538 4495 1735 4558 clavis
1778 4495 2196 4579 principium.

941 4597 1267 4668 Praeterea,
1318 4595 1485 4658 sicut
1537 4593 1671 4675 jam
1730 4593 1973 4657 dictum
2022 4602 2118 4657 est
2167 4614 2356 4678 saepe‚

861 4695 1107 4759 clavem
1150 4692 1393 4757 ordinis
1442 4693 1508 4754 in
1557 4691 1695 4755 foro
1746 4691 2152 4757 conscientian
2196 4692 2361 4756 inter

860 4795 1063 4858 Deum
1092 4800 1156 4856 et
1184 4791 1510 4854 hominem
1544 4790 1779 4853 habent
1808 4791 2163 4854 sacerdotes
2193 4791 2364 4853 dum-

861 4898 1065 4971 taxat3
1111 4891 1357 4953 clavem
1399 4907 1552 4952 vero
1596 4888 2063 4969 jurisdictionis
2112 4889 2179 4951 in
2225 4889 2362 4952 foro

862 4989 1159 5054 exteriori
1190 4987 1429 5052 habent
1456 4987 1656 5050 etalii
1686 4986 1947 5069 quidam
1979 4995 2043 5049 et
2070 4989 2363 5070 quaedam

865 5087 1375 5152 communitates.
1422 5085 1794 5148 Mulieribus
1842 5103 1994 5148 vcro
2041 5085 2220 5148 nulla
2266 5105 2365 5150 ea-

868 5293 1068 5348 status
1099 5283 1540 5366 subjectionis,
1563 5283 1917 5346 secundum
1950 5282 2362 5366 Apostolum3

2471 4300 2703 4365 Christi
2730 4317 2744 4362 :
2769 4299 2920 4382 quia
2951 4318 3068 4362 nec
3099 4300 3366 4382 gratiam
3395 4300 3794 4364 remissionis
3825 4321 3975 4385 pec-

2470 4407 2756 4463 catorum
2787 4397 2930 4460 aliis
2961 4405 3348 4472 meruerunt,
3365 4398 3495 4462 imo
3521 4399 3726 4481 gratia
3753 4407 3820 4462 et
3851 4421 3978 4464 me-

2470 4498 2595 4561 rito
2625 4496 2856 4560 Christi
2887 4496 3112 4559 salvati
3142 4504 3308 4559 sunt.
3329 4496 3491 4559 Hinc
3521 4498 3631 4580 qui
3661 4496 3974 4562 effectum

2471 4596 2747 4659 clavium
2809 4601 3306 4677 consequuntur,
3357 4594 3798 4658 assimilantur
3845 4615 3974 4661 non

2473 4691 2646 4775 ipsiS,
2661 4692 2773 4756 sed
2799 4692 3062 4755 Christo.
3077 4691 3226 4755 ldeo
3255 4693 3723 4774 quantumlibet
3749 4693 3835 4757 sit
3866 4696 3978 4759 ali-

2470 4790 2616 4872 quis
2663 4790 2983 4853 virtuosus
3022 4796 3086 4852 et
3125 4798 3401 4865 sauctuS,
3435 4808 3565 4853 non
3605 4799 3817 4873 potest
3851 4795 3976 4857 cla·

2471 4890 2650 4953 vium
2691 4888 2998 4952 effectum
3031 4907 3311 4965 causare,
3344 4890 3469 4953 nisi
3505 4890 3871 4972 applicetur
3898 4895 3974 4957 ad

2451 4989 2591 5051 ·hoc
2636 4993 2940 5069 tanquam
2989 4985 3224 5050 Christi
3273 4987 3565 5052 minister
3613 5007 3688 5052 ac
3740 4989 3976 5055 instru-

2475 5091 2762 5148 mentum
2796 5103 2910 5166 per
2939 5083 3192 5148 Ordinis
3225 5092 3716 5149 sacramentum.
3751 5123 3834 5133 —
3861 5089 3978 5152 Ve-

2473 5189 2834 5247 rumtamen
2880 5182 3175 5245 homines
3214 5182 3482 5246 virtuosi
3523 5193 3796 5266 possunt
3832 5187 3976 5249 aliis

2474 5282 2803 5365 cooperari
2837 5283 2914 5344 ad
2946 5281 3234 5363 gratiam.
3261 5281 3418 5345 Nam
3450 5283 3746 5364 quamvis
3777 5303 3977 5367 purus
