4267 6250
116 2649 259 2704 &912⁹
268 2652 306 2695 Β.

73 3495 75 3498 y
130 3429 252 3478 Natta.
267 3449 315 3486 m,

124 3497 167 3535 lt.

655 491 899 548 Quam
940 492 1327 541 Pomsn'rssn
1370 492 1545 539 m'rus
1587 490 1911 537 nuNnANm
1951 491 2180 539 nimum·
2219 492 2506 541 CHRISTUS
2549 496 2624 540 UT
2664 494 2853 553 HOMO,
2894 493 3022 541 ETc.

3277 475 3394 540 147

314 664 555 738 tudine;
593 672 661 727 et
687 669 898 747 potest
926 662 1159 746 aliquis
1196 662 1421 726 solitus
1463 660 1789 737 inebriari,
1820 660 1873 725 A
1903 662 2204 725 Sanctum
2234 664 2429 728 daret.
2464 664 2818 748 Utrumque
2850 683 2999 747 ergo
3032 663 3274 728 sciebat
3297 667 3395 728 Jo-

314 762 636 845 aliquando
673 762 925 825 sobrius
964 780 1104 826 esse
1142 770 1308 835 actu,
1358 770 1640 843 tuncque
1686 761 1793 824 ba-

316 861 599 943 ptizatum
638 868 757 935 est,
788 860 843 923 si
884 860 1179 943 baptizet.
1215 859 1279 923 Si
1320 867 1531 923 autem
1575 860 1793 922 ebrius

315 960 524 1023 habeat
569 960 883 1023 rationem
929 959 1089 1022 adeo
1139 959 1417 1040 ligatam,
1468 958 1637 1041 quod
1686 957 1794 1020 ba-

316 1057 573 1139 ptizandi
620 1058 889 1121 intentio
933 1057 1014 1119 ab
1058 1075 1135 1120 eo
1176 1056 1454 1129 tollatur,
1494 1056 1581 1117 ita
1623 1056 1793 1138 quod

314 1156 501 1217 nescit
538 1156 694 1238 quid
734 1154 948 1229 faeiat,
981 1173 1109 1218 non
1156 1155 1449 1235 baptizat.
1495 1154 1706 1227 Porro,
1740 1154 1793 1215 si

314 1253 459 1316 ratio
512 1253 717 1317 soluta
773 1260 871 1316 est
918 1260 1190 1326 tantum,
1241 1252 1410 1334 quod
1472 1252 1591 1315 scit
1639 1251 1792 1333 quid

314 1351 469 1425 iacit,
526 1357 807 1415 attamen
868 1368 994 1413 non
1052 1357 1149 1413 est
1202 1350 1573 1413 omnimodo
1631 1349 1794 1411 bene

315 1466 551 1531 compos
588 1449 712 1524 sui,
733 1448 1154 1530 judicandum
1190 1455 1287 1511 est
1314 1449 1485 1531 quod
1516 1466 1664 1511 vere
1693 1446 1795 1509 ba-

316 1548 507 1628 ptizet,
548 1546 740 1609 etiam
790 1547 846 1609 si
895 1548 1111 1627 lingua
1156 1547 1299 1628 ejus
1347 1546 1564 1628 aliquo
1608 1545 1796 1608 modo

318 1644 624 1720 balbutiat,
678 1646 984 1727 quoniam
1043 1645 1163 1707 hoc
1212 1662 1339 1708 non
1398 1653 1495 1707 est
1542 1638 1835 1725 semper'

318 1744 527 1807 efficax
574 1745 831 1826 signum
884 1745 1207 1826 ligaminis
1258 1743 1542 1818 rationis,
1594 1762 1794 1826 quum

1900 780 2097 825 annes
2141 762 2205 824 in
2238 762 2541 843 generali,
2575 764 2686 825 sed
2725 764 3132 845 postmodum
3174 762 3399 826 didicit

1903 859 1969 922 in
2009 860 2293 942 speciali.
2328 860 2508 923 Prius
2541 867 2756 923 tamen
2799 860 3095 941 cognovit
3124 861 3268 943 quis
3303 879 3397 924 es-

1902 966 2019 1032 set,
2052 976 2245 1040 quam
2290 958 2475 1039 cujus
2519 958 2846 1040 potestatis
2889 958 3278 1021 consisteret.
3325 959 3402 1021 Et

1903 1056 2186 1139 primum
2231 1056 2418 1119 scivit
2457 1075 2570 1140 per
2607 1058 3154 1121 conversationem
3194 1057 3402 1120 infan—

1903 1154 2027 1228 tiae,
2070 1155 2424 1217 secundum
2475 1174 2589 1237 per
2632 1154 3083 1217 revelationem
3134 1156 3402 1238 prophe-

1903 1252 2024 1314 tiae.
2058 1288 2139 1297 —
2169 1252 2312 1316 Haec
2354 1253 2794 1316 Bonaventura
2833 1252 3004 1315 circa
3047 1253 3340 1316 litteram.

1973 1351 2040 1413 ln
2068 1350 2306 1433 quibus
2334 1351 2590 1414 videtur
2619 1352 2828 1433 primo
2857 1351 3202 1414 obscurum
3234 1352 3402 1434 quod

1904 1450 2075 1523 dicit,
2090 1449 2533 1512 beatissimum
2562 1451 2865 1513 Joannem
2899 1469 2977 1513 ex
3008 1450 3194 1533 longa
3227 1468 3404 1514 mora

1904 1545 2176 1609 oblitum
2219 1548 2388 1630 quod
2427 1548 2566 1629 ipse
2592 1548 2772 1610 Jesus
2801 1556 2969 1611 esset
3002 1549 3113 1631 qui
3143 1556 3404 1631 peccata

1905 1645 2258 1709 dimitteret
2284 1654 2347 1708 et
2375 1646 2684 1728 Spiritum
2715 1647 3016 1709 Sanctum
3049 1648 3242 1710 daret.
3273 1648 3402 1711 Hoc

1906 1744 2081 1806 enirn
2124 1744 2421 1826 cognovit
2456 1745 2726 1808 Joannes
2767 1763 2844 1807 ex
2887 1745 3274 1809 revelatione
3312 1746 3406 1808 di-

318 1843 553 1925 quidam
583 1862 662 1907 ex
694 1844 947 1907 modico
979 1844 1337 1906 balbutiant
1365 1844 1533 1905 vino.
1560 1842 1793 1904 Distin-
1832 1846 1879 1908 Β
1908 1843 2077 1916 vina,
2110 1860 2230 1905 nec
2259 1862 2337 1905 ex
2370 1861 2544 1905 mora
2573 1844 2908 1925 temporali
2940 1843 3064 1906 fuit
3093 1844 3214 1907 hoc
3243 1844 3403 1907 obli·

320 1942 617 2021 guendum
656 1949 756 2005 est
790 1951 1003 2005 tamen
1046 1943 1125 2005 de
1168 1941 1471 2023 ligamine
1511 1941 1741 2022 linguae
1777 1958 1791 2002 ε

321 2041 453 2121 quia
492 2040 545 2103 si
584 2041 784 2103 verba
830 2040 1322 2122 intelligibiliter
1366 2039 1619 2114 format,
1654 2058 1796 2121 per-

322 2137 467 2200 fecte
511 2138 861 2222 baptizatus
912 2148 1009 2202 θεῖ
1056 2139 1283 2217 homo;
1335 2139 1389 2201 si
1437 2146 1651 2201 autem
1713 2139 1797 2201 ita

324 2246 592 2319 corrupte
644 2238 908 2321 profert,
960 2239 1129 2320 quod
1182 2256 1310 2301 non
1370 2238 1639 2319 intelligi
1690 2254 1798 2319 po·

326 2344 450 2409 test,
496 2344 557 2399 et
602 2338 657 2399 si
706 2336 979 2400 formam
1028 2337 1115 2399 ita
1165 2336 1477 2418 infringit,
1533 2344 1601 2398 ut
1656 2355 1800 2398 con-

329 2434 631 2496 venienter
698 2433 973 2515 intelligi
1038 2442 1335 2516 nequeat,
1398 2433 1798 2516 rebaptizan-

330 2533 465 2594 dum
503 2540 613 2595 est.

392 2632 639 2713 Insuper
667 2631 975 2713 quaeritur
1002 2631 1082 2693 de
1113 2631 1233 2694 hoe
1264 2630 1435 2713 quod
1464 2630 1636 2703 dicit,
1653 2630 1805 2712 quia

332 2738 569 2792 noverat
593 2730 865 2793 Joannes
903 2728 1185 2812 Baptista
1222 2729 1586 2792 Dominum.
1620 2728 1803 2790 Vide-

333 2836 425 2890 tur
460 2828 690 2891 etenim
732 2828 945 2890 dicere
988 2836 1207 2891 contra
1246 2828 1701 2910 Hieronymum
1744 2833 1807 2889 et

335 2927 851 3009 chrysostomum,
900 2932 1255 2989 asserentes
1305 2926 1475 3007 quod
1522 2943 1650 2988 non
1699 2943 1807 2988 no-

1908 1949 2009 2004 tus
2035 1960 2049 2003 :
2075 1942 2206 2004 imo
2235 1942 2448 2024 potius
2479 1943 2543 2005 in
2575 1942 2684 2004 illa
2714 1942 3076 2024 cognitione
3109 1943 3400 2026 profecit,

1908 2040 2116 2103 sciens
2161 2060 2228 2103 se
2271 2041 2540 2104 missum
2582 2048 2728 2104 ante
2768 2041 2999 2105 Christi
3045 2042 3408 2105 manifesta-

1909 2140 2172 2214 tionem,
2215 2158 2287 2201 ac
2332 2148 2543 2203 certus
2592 2141 2760 2222 quod
2805 2149 2973 2203 esset
3012 2141 3194 2203 Iesus
3240 2143 3408 2204 Deus

1909 2245 1973 2301 et
2032 2238 2246 2310 homo,
2309 2257 2418 2301 rex
2477 2238 2756 2313 MessiaS,
2817 2240 3040 2302 mundi
3102 2239 3405 2303 Salvator.

1908 2372 1989 2383 -—
2037 2337 2329 2400 Secundo
2369 2338 2536 2419 quod
2592 2337 2768 2411 dicit,
2821 2336 2879 2399 S.
2921 2338 3225 2401 Ioannem
3285 2339 3411 2421 pri-

1912 2456 1986 2499 us
2027 2434 2400 2516 cognovisse
2438 2435 2582 2516 quis
2621 2443 2788 2497 esset
2818 2436 2954 2517 ipse
2981 2436 3181 2509 IesuS,
3216 2456 3407 2519 quam

1912 2533 2098 2614 cujus
2149 2533 2524 2595 consisteret
2576 2533 2922 2614 potestatis.
2974 2533 3215 2616 Nempe
3263 2535 3410 2617 quis

1913 2639 2080 2694 esset
2129 2632 2268 2714 ipse
2296 2632 2499 2705 JesuS,
2565 2650 2693 2695 non
2737 2632 2990 2694 videtur
3037 2633 3410 2713 cognovisse

1914 2731 2039 2793 nisi
2081 2714 2228 2813 post
2264 2729 2657 2792 nativitatem
2705 2730 3064 2805 amborum,
3107 2750 3221 2814 per
3263 2750 3411 2794 con·

1914 2830 2341 2892 versationem
2401 2828 2704 2903 infantiae,
2756 2837 2828 2891 ut
2877 2829 2943 2891 in
2991 2829 3204 2893 verbis
3255 2850 3412 2913 prae·

1915 2928 2099 2990 tactis
2145 2928 2452 2990 innuitur.
2489 2926 2609 2990 Sed
2651 2928 2837 3008 cujus
2881 2929 3207 3009 potestatis
3247 2938 3416 2993 esset

336 3034 493 3088 verat
532 3044 679 3089 eum
722 3044 863 3089 esse
906 3024 1261 3105 Christum3
1293 3026 1514 3107 sicque
1555 3024 1807 3113 videtur
1836 3026 1880 3091 C
1918 3026 2228 3101 ChristuS,
2261 3025 2558 3106 cognovit
2585 3025 2792 3087 adhuc
2825 3025 3077 3089 clausus
3110 3028 3174 3090 in
3207 3035 3410 3103 uter0,

337 3126 717 3188 contrarietas
748 3143 907 3188 esse.
944 3122 1021 3186 Et
1049 3123 1375 3206 quaeritur,
1399 3123 1545 3205 quis
1575 3122 1807 3186 melius

336 3222 501 3285 dicat.
549 3224 625 3286 Et
672 3215 939 3287 videtur‘
973 3221 1142 3304 quod
1190 3222 1605 3302 Augustinus,
1657 3221 1809 3304 quia

336 3320 469 3382 dum
511 3322 779 3384 ,loannes
826 3319 990 3382 vidit
1031 3319 1246 3381 Iesum
1305 3318 1671 3381 venientem
1728 3319 1806 3380 ad

338 3439 415 3494 se,
442 3420 595 3482 dixit
626 3440 642 3483 :
675 3419 807 3500 Ego
850 3437 889 3480 a
930 3426 993 3480 te
1035 3416 1238 3480 debeo
1280 3415 1609 3498 baptizari.
1645 3417 1809 3498 Ergo

335 3517 449 3598 jam
486 3525 743 3581 noverat
779 3534 948 3579 eum.
983 3514 1158 3589 Quod
1198 3521 1412 3577 autem
1442 3514 1805 3596 chrysosto-

338 3633 462 3678 mus
497 3615 723 3678 melius
760 3613 953 3688 dicat,
985 3621 1248 3695 apparet
1280 3612 1583 3694 quoniam
1612 3631 1808 3694 quan-

336 3713 405 3777 do
427 3715 685 3778 loannes
722 3732 761 3776 a
799 3713 929 3776 Deo
972 3713 1205 3774 missus
1242 3719 1339 3774 cst
1376 3710 1454 3773 ad
1490 3710 1808 3793 baptizan-

1917 3125 2172 3208 quando
2201 3123 2277 3186 ad
2311 3122 2541 3186 Christi
2582 3125 2985 3206 praesentiam
3027 3125 3091 3188 in
3127 3127 3414 3190 sacratis-

1916 3224 2095 3286 simae
2122 3222 2401 3303 Virginis
2432 3229 2634 3296 utero,
2659 3223 3019 3297 exsultavit,
3053 3232 3412 3306 praeventus

1916 3320 2484 3404 supernaturaliter
2531 3339 2651 3382 usu
2713 3320 2973 3383 rationis
3031 3328 3222 3404 atque
3270 3341 3412 3405 pro-

1917 3419 2170 3503 phetica
2219 3419 2444 3480 notitia
2502 3418 2858 3481 Salvatoris.
2914 3419 2989 3481 Et
3037 3420 3091 3482 si
3140 3420 3408 3496 dicatur,

1916 3518 2085 3600 quod
2126 3534 2256 3579 non
2301 3515 2640 3579 exsultavit
2677 3516 3011 3592 veraciter,
3047 3535 3164 3579 nec
3201 3527 3412 3582 actua-

1917 3617 2059 3680 liter
2102 3615 2303 3688 novit,
2337 3614 2446 3676 sed
2492 3613 2699 3675 solum
2746 3633 2860 3696 per
2904 3616 3163 3678 modum
3207 3618 3414 3680 exsul-

1914 3713 2105 3776 tantis
2136 3731 2204 3774 se
2243 3710 2486 3785 habuit,
2519 3717 2590 3772 ut
2629 3710 3010 3792 imaginatur
3049 3713 3409 3794 Udalricus3

1913 3819 2240 3876 ostensum
2271 3817 2367 3872 est
2402 3808 2534 3870 suis
2566 3808 2720 3870 locis
2752 3809 2870 3872 hoc
2901 3808 3133 3873 falsum
3164 3830 3323 3885 esse,
3349 3821 3413 3875 et
3467 3835 3534 3890 cs.
3563 3839 3598 3880 ι.
3632 3835 3703 3887 xl.

255 3843 315 3880 .ι,
336 3812 491 3888 dum,
520 3813 761 3876 dictum
805 3818 903 3873 est
944 3811 1004 3873 ei
1039 3830 1053 3874 ι
1087 3811 1291 3892 Super
1334 3827 1526 3892 quem
1570 3809 1805 3872 videris

336 3909 619 3992 Spiritum
664 3910 1183 3984 descendentem,
1232 3908 1339 3970 hic
1385 3916 1483 3970 est
1528 3908 1636 3990 qui
1698 3907 1804 3969 ba·
1914 3909 2115 3974 sancti
2147 3910 2356 3971 Patres
2395 3925 2694 3989 expresse
2735 3907 2958 3970 dicunt
2995 3911 3404 3975 contrarium.
3435 3899 3708 4006 ξοξζωᾶξῑ

337 4011 522 4091 ptizat.
569 4011 733 4091 Ergo
778 4015 1119 4090 antequam
1170 4006 1457 4070 Christus
1506 4007 1680 4069 venit
1725 4007 1806 4068 ad
1996 4007 2304 4090 Denique,
2355 4006 2434 4068 de
2482 4005 2582 4067 his
2631 4005 2899 4068 Thomas
2959 4009 3408 4090 compendiose
3439 3994 3624 4070 sanetis.

331 4108 631 4185 Ioannem,
660 4109 933 4172 Ioannes
973 4106 1215 4168 sciebat
1246 4105 1417 4187 quod
1458 4105 1595 4188 ipse
1624 4105 1804 4168 Jesus
1916 4108 2167 4172 locutus
2215 4112 2312 4168 est
2363 4123 2376 4167 ε
2425 4105 2694 4167 Ioannes
2751 4113 3092 4188 antequam
3152 4107 3411 4171 intravit

331 4216 475 4271 esset
509 4209 681 4272 solus
728 4206 843 4289 qui
888 4206 1061 4269 intus
1105 4204 1471 4286 baptizaret,
1510 4205 1805 4287 quamvis
1835 4211 1884 4274 D
1916 4207 2261 4279 desertum,
2296 4203 2616 4266 Christum
2659 4205 2953 4285 cognovit
2995 4207 3414 4288 personaliter

331 4323 458 4369 eum
489 4307 767 4371 exterius
808 4322 935 4368 non
973 4311 1355 4386 cognoverat
1383 4301 1563 4366 facie.
1597 4339 1679 4350 —
1708 4302 1807 4367 Di-

332 4409 605 4484 cendum,
658 4407 831 4490 quod
890 4413 1234 4487 utrumque
1282 4403 1512 4467 horum
1560 4411 1657 4466 est
1703 4422 1806 4467 ve-

332 4525 473 4570 rum.
505 4509 717 4571 Primo
755 4506 997 4589 quippe
1024 4505 1295 4568 Ioannes
1335 4509 1597 4566 noverat
1635 4501 1808 4566 Chri-

332 4613 481 4668 stum
521 4605 586 4668 in
628 4603 899 4667 infantia
936 4601 1163 4665 notitia
1200 4601 1535 4684 corporali,
1578 4601 1807 4664 deinde

336 4701 571 4768 intravit
627 4704 991 4780 desertum3
1041 4709 1106 4763 et
1152 4709 1304 4763 tunc
1356 4707 1501 4783 post
1546 4700 1806 4780 longum

338 4809 589 4886 tempus,
632 4803 889 4886 quando
938 4801 1173 4863 missus
1219 4807 1318 4863 est
1362 4800 1440 4862 ad
1490 4799 1809 4882 baptizan-

339 4905 495 4978 dum,
535 4905 780 4967 dictum
830 4909 927 4965 est
974 4900 1031 4964 ei
1080 4899 1251 4982 quod
1301 4899 1587 4963 Christus
1636 4905 1808 4980 pote-

342 5011 543 5068 statem
580 5000 944 5086 baptizandi
984 5001 1157 5064 intus
1192 4999 1316 5062 sibi
1352 5005 1667 5077 servaret3
1699 4997 1811 5060 sed

344 5101 457 5180 jam
494 5121 569 5166 cx
612 5121 840 5183 magna
884 5117 1062 5162 mora
1111 5099 1236 5161 suit
1274 5098 1513 5161 oblitus
1562 5097 1707 5180 quis
1749 5104 1814 5159 et

348 5201 526 5280 qualis
556 5208 721 5263 esset
751 5200 817 5261 in
848 5197 1011 5260 facie
1042 5196 1350 5270 Christus,
1382 5202 1447 5258 et
1474 5195 1643 5278 quod
1675 5197 1813 5278 ipse

350 5306 495 5360 esset
536 5300 644 5382 qui
690 5304 951 5381 peccata
996 5293 1346 5357 dimitteret
1394 5299 1459 5355 et
1500 5291 1811 5375 Spiritum

1915 4325 1993 4369 ex
2025 4302 2527 4378 conversatione,
2561 4322 2761 4385 quum
2800 4302 2993 4367 fuerit
3022 4305 3164 4387 ejus
3194 4322 3416 4390 cogna-

1915 4412 2019 4466 tus
2064 4421 2180 4486 per
2229 4420 2506 4465 carnem.
2553 4402 2752 4465 Scivit
2799 4403 2990 4466 etiam
3042 4405 3274 4469 Christi
3324 4407 3418 4470 di-

1916 4504 2225 4585 gnitatem
2274 4519 2351 4564 ex
2410 4501 2798 4565 revelatione
2848 4504 3254 4586 prophetica3
3304 4509 3414 4571 sed

1920 4609 2179 4684 propter
2236 4601 2487 4692 longam
2549 4619 2790 4664 moram
2849 4602 3148 4666 amiserat
3203 4606 3416 4669 vultus

1918 4700 2058 4781 ejus
2122 4698 2641 4782 imaginationem
2701 4717 2714 4762 :
2773 4702 2941 4764 unde
3000 4704 3416 4784 personaliter

1918 4818 2067 4862 eum
2110 4817 2242 4863 non
2289 4799 2724 4881 cognoscebat.
2767 4800 2914 4863 Ideo
2956 4801 3204 4864 Christo
3242 4803 3417 4865 veni-

1920 4906 2065 4961 ente
2113 4899 2192 4960 ad
2241 4898 2656 4981 baptismum,
2688 4899 2956 4961 Ioannes
2999 4898 3224 4962 didicit
3271 4901 3412 4976 tria,

1920 4998 2272 5060 secundum
2317 4998 2576 5060 Sanctos
2620 4997 2901 5059 diversos
2945 5016 2959 5060 :
3002 4997 3154 5079 quia
3196 5017 3418 5063 secun·

1919 5096 2074 5158 dum
2118 5096 2659 5179 Chrysostomum,
2700 5095 2923 5158 didicit
2963 5097 3134 5179 quod
3185 5097 3301 5161 iste
3351 5099 3416 5162 in
3487 5127 3492 5134 ·

1924 5213 2196 5278 persona
2226 5202 2394 5259 esset
2428 5195 2536 5257 illc
2566 5213 2757 5277 quem
2799 5195 3167 5276 praedicavit
3197 5205 3417 5260 ventu-

1926 5312 2105 5374 rum3
2138 5294 2492 5357 secundum
2524 5293 2950 5374 Augustinum
2990 5313 3162 5371 vern,
3196 5297 3420 5361 didicit
