4267 6250
1034 524 1122 571 ‚m
1161 523 1568 572 sacnmnrtu
1609 523 1977 570 consoenm·
2017 524 2082 570 m
2123 525 2337 572 vanms
2380 525 2453 572 ar
2493 527 2685 573 nanus
3332 506 3409 570 51

381 691 476 754 Ad
525 693 648 755 hoc
699 693 972 758 Thomas
1022 695 1364 778 respondet
1405 711 1420 756 ε
1461 693 1590 757 Hoc
1639 711 1808 756 com·
1840 693 1891 757 A
1921 695 2090 775 quod
2141 703 2484 779 utrumque
2526 703 2625 760 est
2671 704 3138 760 sacramentum
3182 696 3248 758 in
3288 695 3416 758 dis-

305 809 496 854 mune
525 799 626 854 est
654 792 960 855 omnibus
991 793 1426 865 sacramentiS‚
1462 793 1629 874 quod
1662 810 1809 855 con-

303 888 536 951 sistunt
586 889 652 952 in
706 889 898 952 rebus
949 890 1368 953 sensibilibus
1417 889 1809 952 invisibilem

299 987 566 1067 gratiam
609 988 1148 1070 significantibus.
1185 988 1312 1052 Hoc
1342 1006 1495 1051 vero
1531 987 1809 1070 speciale

301 1092 396 1146 est
421 1087 840 1150 sacramentis
869 1105 1050 1149 novae
1078 1086 1256 1168 legis,
1272 1087 1436 1168 quod
1467 1085 1654 1148 rebus
1682 1103 1810 1148 ver·

305 1183 382 1244 ba
421 1184 763 1258 addantur,
798 1193 1061 1267 propter
1103 1192 1230 1248 tres
1274 1185 1568 1247 rationes.
1602 1183 1810 1245 Prima

303 1289 418 1355 est,
442 1283 597 1363 quia
627 1283 767 1345 haec
797 1290 1192 1345 sacramenta
1222 1300 1348 1344 non
1381 1282 1588 1344 solum
1619 1281 1810 1361 signi-

307 1379 504 1442 ficant
549 1397 718 1462 opus
777 1381 1236 1463 redemptionis
1288 1399 1428 1462 quae
1476 1399 1590 1461 per
1638 1378 1810 1443 Chri-

307 1487 476 1541 stum
507 1485 608 1540 est
644 1479 836 1554 facta,
869 1479 1410 1562 quemadmodum
1449 1479 1574 1541 alia
1605 1497 1809 1540 sacra-

313 1584 544 1651 menta,
579 1579 693 1640 sed
737 1596 773 1639 a
816 1577 1049 1640 Christi
1093 1577 1386 1659 passione
1429 1575 1804 1638 fluxerunt:

313 1676 452 1738 ideo
499 1676 672 1738 sicut
729 1674 1004 1738 effectus
1051 1675 1350 1758 proximi,
1396 1674 1632 1737 habent
1677 1694 1808 1737 suae

312 1793 514 1838 causae
545 1775 896 1855 imaginem
927 1781 1234 1856 quantum
1267 1780 1554 1856 possunt,
1587 1780 1655 1834 ut
1688 1773 1807 1834 sci-

1920 794 2290 874 pensatione
2323 795 2754 859 ministrorum
2786 795 3084 859 Ecclesiae
3114 794 3412 877 positum,

1919 889 2110 952 hahet
2142 899 2379 954 certam
2411 891 2683 956 formam
2714 893 3080 967 verborum,
3109 899 3297 974 prout
3328 892 3419 954 in—

1919 986 2016 1050 fra
2054 989 2321 1052 dicetur.
2355 1025 2436 1036 -
2464 991 2609 1054 Haec
2640 991 2909 1054 Thomas
2949 990 3012 1052 in
3046 990 3312 1071 Scripto.
3346 991 3417 1052 ln

1920 1085 2159 1167 quibus
2190 1089 2599 1151 continentur
2626 1109 2769 1171 quae
2796 1088 3093 1150 Albertus
3130 1095 3194 1150 et
3220 1087 3418 1151 Bona-

1920 1191 2189 1246 ventura
2237 1205 2431 1268 super
2478 1186 2579 1248 his
2628 1186 2935 1249 scribunt.
2979 1186 3419 1248 Bonaventura

1921 1288 2131 1344 tamen
2164 1290 2452 1358 testatur,
2487 1286 2656 1366 quod
2685 1285 2977 1365 Magister
3006 1283 3288 1346 strictius
3318 1302 3419 1346 ac-

1921 1382 2092 1462 cepit
2133 1391 2603 1446 sacramentum
2648 1403 2838 1466 quam
2882 1383 3080 1465 Hugo,
3116 1383 3203 1445 ita
3250 1382 3419 1464 quod

1919 1479 2099 1560 Hugo
2127 1499 2603 1563 quamcumque
2634 1481 3101 1544 institutionem
3132 1481 3421 1544 honesta-

1919 1577 2002 1640 tis
2033 1578 2097 1640 in
2130 1579 2416 1641 Ecclesia
2454 1580 2589 1655 Dei,
2622 1581 2909 1643 nominat
2949 1586 3419 1643 sacramentum

1921 1677 1986 1738 in
2029 1676 2243 1740 verbis
2288 1678 2724 1760 praeallegatiS.

2000 1775 2267 1857 Insuper
2299 1776 2363 1839 in
2404 1778 2591 1838 tertia
2631 1784 2829 1859 parte,
2863 1778 3212 1859 quaestione
3248 1795 3421 1840 sexa-

313 1873 457 1935 licet
503 1891 584 1934 ex
629 1872 846 1934 verbis
889 1879 954 1934 et
1002 1871 1192 1934 rebus
1240 1871 1610 1945 consistant,
1642 1872 1809 1932 sicut
1841 1869 1891 1933 B
1919 1873 2163 1955 gesima
2196 1893 2209 1936 ε
2246 1875 2668 1951 Sacramenta,
2704 1875 2933 1957 inquit,
2966 1877 3043 1938 ad
3082 1875 3417 1939 hominum

315 1972 596 2034 Christus
639 1990 719 2034 ex
763 1970 971 2032 Verbo
1013 1978 1076 2033 et
1120 1970 1518 2032 humanitate
1568 1988 1809 2031 assum-

315 2079 434 2152 pta.
471 2070 765 2132 Secunda
811 2070 993 2142 ratio,
1030 2069 1182 2150 quia
1229 2086 1356 2131 non
1405 2068 1612 2130 solum
1661 2076 1812 2130 sunt

315 2170 488 2251 signa
515 2169 908 2242 futurorum,
941 2174 1014 2228 ut
1041 2175 1436 2230 sacramenta
1463 2168 1698 2229 veteris
1731 2167 1812 2228 le-

316 2269 428 2350 gis,
461 2269 570 2332 sed
623 2275 690 2331 et
737 2267 1146 2350 praesentium
1197 2285 1269 2327 ac
1320 2267 1808 2348 praeteritorum,

319 2375 382 2429 ut
418 2369 664 2430 dictum
705 2374 824 2438 est,
855 2384 998 2447 quae
1027 2364 1390 2446 expressius
1429 2371 1698 2446 possunt
1729 2363 1810 2425 si-

314 2465 628 2548 gnificari,
661 2465 829 2527 sicut
871 2470 936 2526 et
977 2463 1155 2525 nosci
1189 2480 1203 2524 ε
1238 2463 1382 2525 ideo
1425 2461 1814 2543 significatio

315 2565 677 2636 verborum,
709 2581 854 2645 quae
893 2569 990 2624 est
1030 2560 1534 2643 expressissima,
1567 2559 1814 2642 signifi·

315 2663 540 2726 cationi
571 2661 948 2742 adjungitur
978 2678 1212 2722 rerum.
1248 2659 1477 2732 Tertia,
1510 2661 1814 2740 quoniam

314 2762 574 2842 gratiam
606 2761 941 2823 continent
967 2777 1046 2820 ex
1079 2757 1550 2839 significatione
1580 2765 1644 2819 et
1675 2776 1815 2820 san—

317 2860 706 2922 ctificatione
748 2877 891 2940 quae
935 2856 1014 2920 fit
1052 2875 1168 2938 per
1207 2856 1476 2919 verbum
1522 2855 1653 2918 Dei.

389 2961 480 3022 Ad
519 2958 780 3040 objecta
817 2975 968 3038 ergo
1007 2957 1372 3044 dicendum,
1406 2956 1575 3038 quod
1615 2974 1818 3018 sacra-

1919 1972 2484 2037 sanctifieationem
2515 1973 2899 2038 adhibentur
2928 1983 2997 2036 ut
3026 1975 3311 2057 quaedam
3344 1975 3423 2037 si-

1918 2090 2059 2153 gna.
2109 2073 2257 2134 Ideo
2305 2073 2691 2136 considerari
2740 2079 3007 2154 possunt
3053 2072 3415 2154 tripliciter,

1920 2178 1983 2233 et
2013 2170 2303 2252 quolibet
2342 2172 2529 2233 modo
2567 2171 2859 2252 congruit
2892 2171 2985 2234 eis
3026 2171 3195 2254 quod
3224 2171 3421 2234 verba

1921 2267 2112 2330 rebus
2179 2267 2597 2331 sensibilibus
2663 2269 3149 2350 conjungantur.
3210 2269 3421 2332 Primo

1923 2366 2405 2429 considerantur
2444 2385 2521 2428 ex
2563 2373 2739 2449 parte
2778 2384 2985 2430 causae
3018 2367 3421 2430 sanctifican-

1921 2465 2025 2538 tis,
2058 2483 2201 2546 quae
2248 2471 2346 2526 est
2387 2463 2667 2527 Verbum
2718 2465 3138 2539 incarnatum,
3174 2465 3278 2528 cui
3329 2484 3423 2528 sa-

1924 2570 2323 2624 cramentum
2388 2561 2750 2643 aliqualiter
2812 2562 3246 2625 conformatur
3309 2581 3425 2645 per

1923 2661 2044 2723 hoc
2089 2661 2260 2742 quod
2303 2659 2573 2724 verbum
2618 2659 2709 2722 rei
2753 2660 3040 2723 sensibili
3087 2661 3425 2724 adhibetur

1925 2778 1998 2821 ac
2043 2759 2355 2840 jungitur,
2407 2759 2945 2840 quemadmodum
3006 2758 3071 2822 in
3123 2759 3425 2842 mysterio

1925 2856 2384 2920 incarnationis
2428 2857 2603 2918 carni
2648 2856 2937 2919 sensibili
2981 2857 3262 2921 Verbum
3309 2858 3425 2920 Dei

1928 2957 2179 3018 unitum
2221 2962 2334 3017 est.
2371 2954 2663 3017 Secundo
2702 2955 3185 3018 considerantur
3223 2975 3424 3019 sacra-

321 3069 605 3123 mentum
636 3064 732 3120 est
772 3056 1018 3139 aliquid
1061 3074 1259 3117 unum
1305 3054 1371 3116 in
1409 3073 1640 3136 genere
1674 3072 1817 3116 cau·
1851 3047 1896 3111 C
1929 3061 2144 3116 menta
2173 3072 2249 3116 ex
2282 3061 2459 3137 parte
2497 3053 2778 3116 hominis
2813 3053 2923 3135 qui
2964 3053 3423 3129 sanctificatur,

320 3180 398 3225 sae
423 3158 524 3222 vel
555 3157 750 3237 signi,
769 3172 1044 3238 quorum
1073 3162 1414 3235 utrumque
1445 3152 1813 3215 relationem

321 3260 636 3339 importat.
669 3254 808 3317 Non
848 3260 1062 3314 autem
1103 3250 1558 3314 inconveniens
1607 3259 1703 3312 est
1751 3257 1823 3311 ut

321 3376 456 3439 quae
485 3354 554 3417 in
595 3371 666 3415 se
703 3352 1022 3414 exsistunt
1059 3350 1380 3419 distincta,
1415 3348 1720 3410 uniantur
1751 3348 1814 3409 in

321 3454 624 3517 relatione
651 3450 732 3513 ad
759 3448 1002 3531 aliquid
1021 3466 1215 3510 unum
1239 3455 1345 3509 :ut
1377 3453 1545 3529 patet
1575 3446 1638 3508 in
1667 3446 1822 3507 mul-

320 3554 400 3615 tis
439 3548 846 3614 trahentibus
887 3564 1137 3620 navem,
1172 3544 1283 3627 qui
1324 3551 1474 3607 sunt
1512 3564 1639 3607 una
1677 3544 1820 3606 caii-

321 3670 386 3713 sa
429 3647 760 3712 tractionis
803 3645 998 3708 illius.
1031 3642 1575 3717 Quemadmodum
1626 3643 1816 3705 etiam

325 3756 498 3831 pater
524 3756 592 3811 et
625 3752 827 3809 mater
864 3749 1016 3805 sunt
1052 3759 1252 3804 unum
1283 3741 1348 3803 in
1385 3741 1816 3823 generatione,

326 3845 738 3910 conformiter
765 3842 962 3905 verba
991 3847 1056 3903 et
1084 3860 1184 3903 res
1224 3848 1374 3903 sunt
1403 3860 1603 3903 unum
1646 3840 1709 3902 in
1741 3840 1822 3903 si-

325 3944 691 4028 gnificando
738 3948 928 4022 atque
977 3940 1316 4013 causandO,
1350 3940 1570 4021 sicque
1617 3956 1820 4000 unum

326 4047 796 4108 sacramentum
853 4036 1168 4101 efficiunt.
1225 4037 1560 4119 Quumque
1615 4036 1822 4099 virtus

327 4138 628 4203 causandi
658 4138 742 4200 sit
771 4136 838 4200 in
877 4134 1068 4197 rebus
1098 4153 1176 4196 ex
1205 4134 1420 4197 verbis
1459 4133 1824 4216 significan—

1929 3154 2040 3237 qui
2071 3172 2147 3215 ex
2179 3152 2394 3215 anima
2422 3158 2487 3215 et
2515 3170 2705 3214 carne
2736 3152 3179 3235 componitur:
3205 3154 3308 3216 cui
3340 3172 3431 3216 sa·

1929 3249 2334 3314 cramentalis
2366 3249 2687 3313 medicina
2716 3250 3252 3332 proportionetur,
3285 3270 3428 3333 quae

1928 3368 2042 3433 per
2089 3367 2223 3410 rem
2275 3348 2599 3411 visibilem
2646 3349 2851 3429 tangit
2899 3366 3151 3430 corpus,
3203 3356 3268 3411 et
3314 3367 3430 3431 per

1927 3447 2198 3510 verbum
2229 3446 2308 3508 ab
2348 3446 2560 3509 anima
2600 3446 2897 3508 creditur.
2934 3447 3109 3509 Unde
3137 3446 3430 3528 Augusti-

1929 3565 2050 3607 nus
2101 3563 2296 3627 super
2344 3544 2501 3606 illud
2550 3544 2827 3617 Joannis,
2859 3544 2995 3606 Jam
3041 3562 3155 3607 vos
3203 3544 3426 3607 mundi
3470 3572 3721 3627 Joanmv.

1929 3644 2082 3706 estis
2112 3650 2373 3725 propter
2400 3658 2755 3705 sermonem
2790 3661 2981 3724 quem
3012 3642 3261 3705 locutus
3290 3662 3430 3705 sum
3458 3638 3499 3680 ²·

1930 3742 2135 3817 vobiS,
2178 3740 2481 3803 disseruit
2512 3757 2526 3801 ε
2560 3740 2735 3803 Unde
2773 3747 2946 3803 tanta
2985 3740 3185 3802 virtus
3223 3760 3425 3823 aquae,

1932 3848 2003 3903 ut
2033 3858 2265 3922 corpus
2295 3845 2511 3919 tangat
2539 3846 2602 3900 et
2631 3855 2739 3900 cor
2766 3838 3003 3913 abluat,
3038 3839 3163 3901 nisi
3192 3838 3428 3901 facien-

1933 3948 1996 4003 te
2025 3937 2244 4011 verbe,
2278 3955 2405 4000 non
2436 3936 2586 4018 quia
2613 3936 2869 4011 dicitur,
2902 3936 3013 3999 sed
3044 3937 3195 4019 quia
3228 3938 3429 4000 credi-

1933 4040 2081 4100 tur?
2112 4035 2323 4099 Tertio
2352 4034 2832 4098 considerantur
2862 4053 2938 4097 ex
2970 4042 3147 4117 parte
3186 4035 3432 4116 signifi-

1933 4135 2201 4200 cationis
2250 4132 2743 4197 sacramentalis.
2787 4132 3029 4215 Nempe
3077 4134 3429 4198 secundum

327 4238 518 4312 tibus,
550 4236 749 4301 verba
777 4240 928 4297 sunt
955 4231 1268 4307 formalia,
1302 4240 1366 4296 et
1393 4252 1492 4296 res
1535 4233 1823 4297 materia·
1852 4238 1903 4303 D
1932 4233 2360 4316 Augustinum
2390 4232 2669 4295 secundo
2700 4232 2778 4295 de
2806 4230 3104 4295 Doctrina
3142 4232 3432 4297 christia·

333 4337 438 4413 leS,
457 4355 574 4419 per
605 4334 868 4397 modum
902 4349 1031 4414 quo
1059 4348 1248 4394 omne
1279 4331 1822 4415 complementum

333 4436 559 4498 dicitur
591 4433 818 4496 forma.
843 4466 923 4475 —
951 4430 1165 4493 Nihilo
1201 4431 1434 4504 minuS,
1470 4430 1822 4493 secundum

335 4534 680 4617 nugonem,
713 4530 792 4593 ad
833 4535 1227 4592 sacramenta
1265 4536 1653 4593 concurrunt
1693 4548 1826 4591 ver—

339 4632 414 4695 ba
449 4640 512 4696 et
542 4632 712 4694 facta
749 4647 824 4692 ac
863 4646 1000 4707 res;
1032 4629 1143 4691 sed
1182 4627 1347 4691 facta
1387 4628 1708 4710 pertinent
1747 4629 1825 4691 ad

341 4752 518 4795 usum
579 4728 1204 4812 dispensationemve
1260 4733 1823 4801 sacramentorum,

343 4832 524 4894 verba
549 4838 767 4893 autem
801 4834 866 4889 et
893 4846 994 4889 res
1025 4832 1176 4889 sunt
1210 4826 1288 4888 de
1317 4826 1591 4889 essentia
1628 4844 1830 4888 sacra-

345 4928 816 4992 menti.1dcirco
844 4924 1138 5006 Magister
1167 4924 1234 4986 in
1263 4924 1364 4986 his
1394 4924 1642 4987 duobus
1673 4924 1830 4986 dicit

347 5035 724 5091 sacramenta
761 5031 1071 5087 constare.
1105 5058 1186 5068 -
1211 5021 1682 5085 Matrimonium
1725 5042 1831 5085 au-

349 5134 464 5189 tem
509 5126 868 5191 secundum
912 5123 1084 5206 quod
1131 5129 1227 5185 est
1274 5122 1339 5183 in
1397 5128 1638 5184 naturae
1686 5120 1831 5184 offi—

351 5225 528 5301 cium,
559 5234 624 5289 et
663 5222 1042 5308 poenitentia
1081 5229 1152 5283 ut
1193 5227 1290 5283 est
1328 5220 1554 5293 virtus,
1588 5220 1831 5281 nullam

353 5324 568 5389 habent
609 5324 884 5388 formam
917 5320 1295 5398 verborum3
1327 5318 1437 5381 sed
1477 5318 1833 5380 secundum

1935 4352 2036 4407 na,
2070 4332 2266 4395 verba
2310 4331 2478 4413 apud
2522 4329 2815 4393 homines
2861 4331 3027 4393 inter
3074 4330 3254 4413 signa
3302 4350 3431 4395 sor-

1933 4432 2182 4495 tiuntur
2230 4429 2598 4512 primatum,
2649 4429 2954 4510 quoniam
3006 4430 3433 4495 diversimode

1936 4536 2203 4613 possunt
2232 4528 2492 4591 formari
2518 4528 2598 4589 ad
2628 4526 3122 4608 significandum
3148 4529 3433 4595 diversos

1937 4628 2171 4691 mentis
2215 4633 2579 4709 conceptuS.
2616 4626 2789 4689 Unde
2834 4646 2950 4709 per
2992 4627 3187 4690 verba
3234 4629 3433 4711 magis

1936 4727 2234 4789 distincte
2264 4725 2685 4807 exprimimus
2716 4724 2885 4807 quod
2914 4733 3127 4788 mente
3158 4728 3435 4809 concipi·

1938 4844 2101 4888 muS.
2138 4825 2297 4887 Hinc
2340 4824 2418 4886 ad
2458 4823 2915 4905 perfectionem
2960 4826 3436 4888 sacramentalis

1939 4924 2431 5007 significationis
2473 4922 2597 4985 fuit
2637 4941 2895 4985 necesse
2936 4931 3006 4985 ut
3049 4924 3435 5005 significatio

1941 5022 2348 5087 sensibilium
2380 5040 2593 5084 rerum
2624 5040 2738 5103 per
2765 5020 2979 5103 aliqua
3008 5021 3203 5084 verba
3231 5023 3435 5087 deter-

1943 5122 2312 5184 minaretur.
2365 5119 2546 5201 Aqua
2590 5137 2865 5200 namque
2912 5118 3276 5200 significare
3325 5138 3436 5203 po-

1942 5226 2065 5281 test
2091 5218 2487 5281 ablutionem
2519 5234 2633 5299 per
2660 5233 2840 5278 suam
2873 5216 3339 5293 humiditatem,
3374 5226 3438 5281 et

1943 5316 2350 5398 refrigerium
2410 5335 2525 5398 per
2580 5333 2761 5378 suam
2823 5314 3255 5397 frigiditatem.
3316 5318 3438 5383 Sed

3498 1900 3580 1942 ut.
3596 1900 3637 1942 ⁶.
