4267 6250
95 2481 348 2536 clip-2158.

973 520 1062 566 Art
1101 519 1166 566 m
1207 519 1340 566 18'1'0
1380 517 1784 566 samumwo
1823 515 2189 566 acemssmu
2231 519 2349 566 rm
2388 519 2461 566 SR
2500 520 2834 568 Exustam·

3354 503 3474 569 31⁷

443 686 526 749 At
571 705 728 752 vero
775 687 1220 750 Bonaventura
1273 688 1380 750 hic
1426 687 1716 752 absolute
1773 705 1868 750 re·
1897 686 1950 750 A
1977 687 2345 770 quantitate.
2362 688 2425 752 Si
2457 707 2607 772 ergo
2636 690 2902 772 qualitas
2934 697 3143 772 potest
3168 707 3309 754 esse
3336 690 3477 752 sine

363 785 663 868 spondet,
695 787 867 868 quod
907 805 1024 868 per
1059 786 1342 849 divinam
1383 787 1732 869 potentiam
1768 804 1872 848 ac-

364 884 650 946 cidentia
695 892 969 967 possunt
1014 885 1152 948 sine
1200 885 1493 966 subjecto
1541 885 1866 958 exsistere,

364 983 678 1064 quoniam
727 983 1044 1047 differunt
1091 985 1364 1048 realiter.
1417 985 1869 1047 Verumtamen

365 1081 534 1143 ratio
570 1081 684 1143 illa
723 1081 1092 1145 instantiam
1135 1083 1396 1164 patitur,
1428 1083 1732 1164 quoniam
1774 1100 1873 1144 ac-

367 1179 656 1242 cidentia
719 1181 1098 1244 successivae
1162 1189 1406 1244 naturae
1467 1198 1872 1263 nequaquam

367 1285 620 1358 queunt
667 1297 809 1341 esse
857 1279 998 1341 sine
1043 1278 1357 1359 subjecto,
1407 1298 1444 1341 a
1490 1296 1619 1361 quo
1668 1277 1876 1340 nihilo

371 1376 590 1438 minus
657 1377 914 1439 realiter
979 1378 1479 1460 distinguuntur,
1549 1378 1717 1440 sicut
1781 1377 1874 1439 di-

369 1481 572 1536 cetur.

449 1573 632 1636 Unde
687 1580 756 1634 et
810 1573 1144 1636 Durandus
1200 1572 1308 1635 bic
1364 1574 1453 1636 ait
1500 1591 1574 1636 ac
1626 1573 1872 1655 probat,

370 1671 542 1754 quod
577 1671 882 1734 accidens
919 1670 1286 1734 absolutum
1325 1679 1533 1754 potest
1565 1689 1704 1734 esse
1737 1673 1877 1735 sine

370 1769 690 1849 subjecto,
741 1787 870 1832 non
926 1777 1140 1832 autem
1187 1769 1482 1832 accidens
1537 1770 1876 1834 relativum

371 1874 584 1949 potest
623 1885 767 1930 esse
805 1867 1050 1949 absque
1091 1885 1207 1931 suo
1247 1866 1682 1931 fundamento.

449 1965 766 2030 Praeterea
792 1965 1018 2028 Scotus
1055 1965 1162 2027 hic
1199 1967 1291 2028 ait
1322 1985 1338 2030 :
1371 1967 1532 2029 Sunt
1564 1967 1706 2030 duae
1743 1967 1876 2049 opi-

371 2065 600 2127 niones
657 2073 982 2128 extremae.
1035 2065 1188 2139 Una,
1238 2084 1380 2147 quae
1438 2065 1620 2148 ponit
1675 2066 1875 2128 solam

370 2163 800 2244 quantitatem
849 2179 1036 2245 posse
1077 2181 1218 2226 esse
1259 2170 1327 2225 et
1366 2181 1505 2226 esse
1552 2163 1691 2226 sine
1732 2163 1879 2227 sub-

369 2261 545 2341 jecto
583 2261 653 2322 in
693 2261 1120 2324 Sacramento.
1155 2261 1330 2335 Quod
1375 2261 1604 2344 probat
1641 2261 1872 2343 prime,

374 2359 686 2440 quoniam
731 2359 865 2421 sola
902 2359 1220 2441 quantitas
1266 2377 1381 2441 per
1417 2377 1486 2422 se
1525 2360 1878 2423 individua-

375 2465 504 2532 tur,
535 2466 608 2519 ut
647 2465 894 2521 tactum
933 2465 1064 2538 est3
1105 2465 1169 2520 et
1204 2476 1447 2533 rursus,
1478 2459 1781 2541 quoniam
1821 2459 1876 2521 si

376 2555 608 2619 albedo
666 2564 836 2619 esset
891 2565 1178 2639 separata
1232 2576 1272 2618 a
1321 2558 1694 2640 quantitate,
1749 2574 1876 2619 non

373 2663 546 2718 esset
589 2655 944 2730 sensibilis,
990 2655 1122 2718 imo
1165 2663 1230 2718 et
1277 2655 1692 2719 indivisibilis
1737 2654 1878 2718 effi-

375 2760 666 2834 ceretur3
719 2753 876 2816 item
927 2753 993 2815 in
1035 2754 1144 2816 tali
1195 2773 1346 2816 casu
1391 2761 1560 2817 esset
1605 2755 1876 2838 qualitas

373 2852 756 2935 spiritualis,
788 2870 910 2915 nec
947 2852 1384 2935 corruptibilis
1421 2861 1610 2928 esset,
1643 2860 1708 2915 et
1738 2871 1880 2936 pos-

371 2959 470 3013 set
499 2969 644 3013 esse
673 2950 744 3012 in
775 2950 1098 3034 spirituali
1129 2950 1504 3026 substantia,
1537 2959 1604 3014 et
1629 2952 1724 3015 sic
1753 2953 1880 3034 spi-

1977 786 2401 868 dependentia
2428 787 2661 849 actuali
2689 789 2767 851 ad
2798 787 3233 862 substantiam,
3248 787 3479 870 poterit

1959 903 2116 946 -esse
2154 885 2293 947 sine
2326 885 2751 967 dependentia
2787 886 3021 949 actuali
3060 887 3137 949 ad
3172 887 3477 969 quantita-

1977 983 2507 1046 tem—Secunda
2532 985 2744 1067 opinio
2764 991 2860 1047 est
2882 985 3030 1046 huic
3058 985 3316 1047 omnino
3337 1002 3479 1047 con·

1979 1081 2190 1154 traria,
2208 1089 2451 1164 utpote,
2466 1082 2635 1164 quod
2666 1081 2916 1144 nullum
2951 1082 3246 1145 accidens
3278 1082 3479 1164 possit

1981 1197 2120 1240 esse
2163 1178 2527 1259 subjectum
2575 1180 2837 1242 alterius
2878 1179 3227 1243 accidentis
3269 1199 3283 1243 :
3324 1180 3479 1263 quia

1981 1277 2331 1339 accidentis
2359 1295 2489 1339 non
2521 1285 2621 1340 est
2648 1278 2773 1340 nisi
2812 1277 3142 1353 inhaerere,
3172 1296 3299 1341 non
3328 1279 3481 1341 alte-

1985 1373 2120 1436 rius
2152 1374 2645 1456 dependentiam
2684 1375 3051 1450 terminare,
3083 1393 3204 1438 nec
3242 1375 3477 1457 subjici

1984 1471 2169 1535 alteri
2202 1490 2217 1534 :
2250 1473 2421 1535 unde
2464 1474 2819 1536 secundum
2860 1474 3173 1549 Boetium‚
3205 1475 3483 1558 simplex

1985 1569 2193 1633 forma
2217 1589 2347 1634 non
2377 1579 2587 1654 potest
2604 1590 2745 1634 esse
2773 1571 3149 1653 subJectum.
3166 1573 3331 1654 Ergo
3356 1592 3485 1637 om-

1987 1687 2068 1731 ne
2093 1669 2391 1732 accidens
2424 1670 2491 1731 in
2525 1669 2645 1732 isto
2674 1678 3071 1733 sacramento
3100 1671 3475 1746 consistens»,

1985 1775 2082 1829 est
2109 1767 2250 1830 sine
2282 1767 2591 1848 subjecto.
2625 1767 2747 1830 Sed
2778 1768 2973 1849 hujus
3006 1769 3312 1851 probatur
3338 1788 3481 1833 con·

1909 1866 1960 1930 B
1985 1865 2276 1940 trarium,
2308 1885 2509 1948 quum
2548 1885 2751 1928 unum
2786 1866 3083 1929 accidens
3113 1867 3481 1930 denominet

1984 1963 2160 2027 aliud
2206 1971 2272 2026 et
2319 1964 2477 2028 illud
2525 1963 2771 2027 afficiat
2810 1973 3001 2048 atque
3051 1966 3365 2049 perficiat,
3408 1975 3479 2029 ut

1986 2063 2239 2125 claritas
2294 2062 2728 2146 superficiem.
2780 2099 2861 2110 -
2904 2064 3064 2127 Hinc
3116 2065 3282 2128 inter
3326 2067 3479 2128 istas

1985 2161 2321 2243 opiniones
2350 2168 2535 2224 teneo
2574 2161 2883 2237 medium,
2914 2163 3364 2244 distinguendo
3400 2165 3480 2227 de

1984 2258 2295 2339 subjecto.
2330 2259 2489 2321 Nam
2517 2259 2835 2341 quoddam
2868 2267 2965 2324 est
2992 2259 3357 2343 subjectum
3390 2261 3484 2322 ul-

1985 2356 2305 2431 timatum,
2351 2358 2521 2440 quod
2570 2357 2859 2421 ultimate
2904 2359 3205 2421 terminat
3251 2360 3483 2442 depen-

1985 2455 2269 2518 dentiam
2307 2454 2550 2530 sormae,
2584 2457 2689 2518 cui
2720 2458 3027 2540 competit
3054 2456 3385 2532 inhaerere,
3418 2465 3482 2520 et

1987 2553 2074 2615 ita
2101 2553 2473 2617 substantiae
2502 2560 2599 2616 est
2624 2572 2765 2617 esse
2792 2554 3173 2636 subjectum.
3192 2555 3484 2619 Secundo

1987 2652 2265 2715 sumitur
2291 2651 2652 2733 subjectum
2684 2671 2801 2734 pro
2828 2653 3117 2736 proxime
3146 2655 3483 2716 terminan-

1987 2757 2050 2812 te
2079 2751 2571 2832 dependentiam
2600 2751 2821 2815 l'ormae
2848 2752 3277 2826 accidentalis,
3296 2759 3359 2814 et
3387 2753 3483 2814 sic

1988 2869 2192 2911 unum
2235 2850 2530 2912 accidens
2572 2857 2781 2933 potest
2820 2849 3083 2912 alterius
3124 2851 3485 2934 dependen-

1989 2950 2143 3011 tiam
2186 2949 2549 3012 terminare.
2582 2949 2727 3013 Haec
2765 2949 3007 3012 Scotus.

373 3049 538 3112 ritus
579 3057 800 3132 posset
841 3067 982 3112 esse
1023 3048 1225 3112 albus.
1260 3050 1383 3113 Sed
1426 3049 1562 3114 istae
1606 3050 1880 3114 rationes
1917 3048 1962 3112 C
2071 3048 2190 3121 Qui
2222 3046 2394 3109 circa
2420 3047 2556 3111 haec
2584 3046 2808 3110 scribit
2835 3048 3111 3110 multum
3141 3049 3493 3133 prolixe,et

373 3166 506 3212 non
536 3148 950 3223 concludunt.
983 3148 1122 3212 Non
1151 3149 1379 3232 prima,
1411 3150 1714 3232 quoniam
1743 3150 1883 3212 nul-

375 3248 516 3309 lum
559 3266 678 3309 ens
727 3254 826 3309 est
871 3246 1192 3328 singulare
1232 3266 1348 3330 per
1385 3248 1630 3331 aliquid
1671 3248 1884 3311 alteri-

375 3365 456 3408 us
484 3345 762 3426 generis.
797 3345 1344 3419 Quemadmodum
1386 3348 1556 3410 enim
1597 3346 1661 3409 in
1701 3346 1877 3410 omni

373 3462 614 3526 genere
640 3450 742 3506 est
769 3442 1028 3526 aliquod
1057 3463 1432 3527 supremum
1462 3445 1530 3508 in
1560 3445 1884 3509 coordina-

375 3542 553 3605 tione
585 3542 815 3625 ipsius,
847 3548 911 3605 et
951 3542 1162 3605 media
1197 3560 1450 3623 genera,
1482 3561 1556 3606 ac
1595 3544 1878 3626 species;

375 3640 468 3703 ita
509 3650 576 3704 et
617 3640 946 3715 infimum,
977 3641 1056 3703 de
1094 3659 1223 3723 quo
1267 3650 1477 3705 cetera
1515 3642 1732 3706 omnia
1773 3642 1882 3705 illa

375 3740 830 3822 pradicantur.
865 3739 1142 3814 Qualitas
1185 3758 1357 3821 erge,
1389 3741 1582 3804 etiam
1627 3742 1882 3824 quando

373 3846 478 3900 ωε
507 3839 573 3900 in
612 3838 986 3923 quantitate,
1017 3856 1147 3901 non
1186 3847 1284 3902 est
1320 3858 1436 3922 per
1460 3839 1880 3923 quantitatem
1909 3836 1916 3843 ’

377 3936 740 4000 formaliter
785 3937 944 4013 haic,
988 3938 1100 4000 sed
1145 3955 1260 4019 per
1303 3937 1724 4001 intrinsecum
1769 3940 1880 4003 ali-

377 4036 558 4117 quid.
591 4035 773 4099 Ratio
801 4053 1058 4118 quoque
1088 4035 1219 4111 illa,
1251 4037 1423 4118 quod
1459 4037 1689 4101 albedo
1716 4046 1883 4100 esset

379 4134 804 4209 insensibilia,
847 4152 978 4198 non
1025 4136 1331 4218 procedit.
1382 4136 1542 4199 Nam
1588 4137 1883 4219 quamvis

1990 3165 2066 3208 ea
2102 3165 2247 3228 quae
2294 3146 2494 3226 magis
2543 3146 2879 3211 involvunt
2924 3168 3117 3232 quam
3166 3149 3491 3213 elucident

1991 3245 2325 3307 veritatem
2359 3262 2374 3306 :
2410 3245 2647 3309 idcirco
2677 3255 3064 3329 pertranseo.
3096 3249 3331 3311 Verum
3364 3250 3493 3332 pri·

1991 3362 2096 3406 ma
2133 3344 2512 3426 opinionum
2556 3345 2821 3408 istarum
2860 3346 3115 3409 videtur
3151 3367 3293 3410 esse
3330 3348 3491 3412 Tho·

1991 3463 2132 3517 mae,
2174 3442 2438 3517 Alberti‚
2478 3444 2731 3525 AEgidii,
2772 3445 2960 3519 Petri,
3003 3445 3334 3527 Richardi3
3376 3447 3489 3531 qui

1991 3550 2205 3603 tamen
2252 3559 2379 3604 non
2428 3549 2663 3623 negant
2708 3543 2865 3625 quin
2916 3562 3032 3626 per
3086 3545 3489 3629 omnipoten-

1989 3641 2146 3703 tiam
2176 3640 2486 3703 Creatoris
2522 3641 2716 3702 etiam
2752 3641 3109 3705 accidentia
3144 3644 3223 3705 de
3254 3663 3491 3726 genere

1991 3739 2315 3821 qualitatis
2376 3738 2623 3821 possint
2678 3758 2817 3801 esse
2874 3740 3013 3803 sine
3070 3740 3362 3823 subjecto
3422 3744 3487 3807 in

1991 3842 2419 3915 sacrament03
2452 3837 2563 3899 sed
2599 3836 2740 3899 sine
2776 3839 3155 3901 necessitate
3189 3841 3267 3902 ad
3310 3842 3494 3905 mira-

1991 3935 2139 3998 cula
2166 3952 2294 3998 non
2324 3943 2681 4009 recurrunt,
2696 3953 2905 4018 neque
2936 3937 3368 4020 multiplicant
3396 3958 3490 4003 ea.

2071 4033 2549 4113 Argentinensis
2580 4033 2837 4096 demum
2870 4035 2976 4098 bic
3006 4036 3305 4118 loquitur,
3320 4038 3490 4120 quod

1991 4132 2345 4195 accidentia
2400 4151 2542 4214 quae
2594 4131 2947 4195 formaliter
2998 4134 3224 4197 dicunt
3280 4154 3493 4218 respe-

381 4251 510 4297 non
559 4242 730 4297 esset
771 4233 1094 4296 sensibilis
1137 4234 1216 4297 de
1257 4235 1618 4318 propinqua
1665 4244 1884 4319 poten·
1913 4236 1962 4298 D
1993 4238 2192 4304 ctum,
2226 4238 2557 4313 nequeunt
2588 4249 2727 4293 esse
2762 4232 2901 4295 sine
2942 4231 3259 4314 subjecto,
3296 4234 3489 4298 etiam

377 4333 493 4406 tia,
514 4339 799 4395 attamen
827 4339 998 4395 esset
1023 4333 1104 4395 de
1131 4334 1414 4416 potentia
1443 4343 1704 4410 remota,
1732 4335 1884 4417 quia

381 4450 460 4494 ex
495 4449 614 4493 sua
644 4439 872 4493 natura
900 4432 1200 4494 convenit
1227 4431 1288 4494 ei
1319 4450 1458 4495 esse
1489 4432 1553 4494 in
1593 4433 1884 4515 subjecto

383 4528 697 4592 sensibili.
718 4529 963 4592 Idcirco
993 4547 1120 4592 non
1150 4530 1457 4612 sequitur,
1472 4532 1638 4613 quod
1669 4540 1884 4615 posset

383 4646 520 4691 esse
567 4627 760 4691 modo
801 4628 1089 4709 angelico
1131 4646 1146 4691 ε
1187 4628 1340 4711 quia
1377 4648 1457 4691 ex
1501 4648 1616 4693 sua
1659 4638 1884 4694 natura

383 4734 528 4809 apta
569 4735 722 4789 nata
761 4735 860 4789 est
901 4746 1042 4789 esse
1085 4728 1152 4789 in
1194 4727 1571 4810 quantitate,
1607 4747 1734 4793 non
1777 4750 1883 4792 an-

381 4825 582 4906 gelus.
613 4826 906 4906 Insuper,
939 4833 1158 4887 contra
1185 4825 1559 4907 opinionem
1587 4826 1752 4890 hanc
1789 4846 1882 4890 ar-

381 4942 506 5005 guo
537 4942 554 4987 :
588 4923 1028 5007 Dependentia
1058 4925 1138 4987 ad
1171 4925 1454 5007 primum
1483 4926 1885 4990 essentialior

381 5032 480 5087 est
515 5042 714 5106 quam
752 5024 833 5085 ad
877 5025 1230 5087 secundum
1273 5044 1385 5087 seu
1427 5027 1762 5107 posterius,
1797 5028 1881 5090 lo·

385 5123 642 5205 quendo
685 5122 766 5185 de
807 5122 1318 5204 dependentibus
1359 5123 1698 5205 absolutis3
1728 5144 1882 5208 qua-

389 5222 532 5286 litas
573 5228 794 5285 autem
837 5230 936 5285 est
976 5221 1182 5285 forma
1222 5222 1512 5285 absoluta
1543 5242 1559 5286 :
1593 5240 1744 5305 ergo
1787 5242 1881 5287 es-

389 5324 722 5390 sentialius
767 5324 1087 5408 dependet
1127 5341 1166 5386 a
1212 5320 1566 5385 substantia
1609 5340 1804 5405 quam
1846 5340 1885 5385 a

1993 4348 2108 4411 per
2136 4329 2665 4411 omnipotentiam
2695 4330 2828 4393 Dei.
2861 4330 3010 4395 Ideo
3048 4350 3160 4395 sex
3194 4333 3494 4415 praedica-

1995 4436 2230 4503 menta,
2265 4428 2343 4490 de
2380 4428 2619 4511 quibus
2656 4429 2865 4510 agitur
2904 4430 2968 4492 in
3010 4431 3175 4495 libro
3212 4432 3289 4496 VI
3324 4434 3493 4497 Prin·

1993 4527 2333 4609 cipiorum‚
2366 4528 2505 4590 sine
2536 4527 2827 4609 subjecto
2858 4539 3187 4612 nequeunt
3212 4550 3375 4608 esse,
3398 4533 3491 4597 vi-

1993 4627 2227 4690 delicet
2252 4627 2440 4701 acti0,
2468 4627 2702 4709 passio,
2724 4627 2907 4703 situS,
2930 4628 3207 4706 habitus,
3233 4634 3491 4714 quando

1991 4733 2056 4789 et
2087 4725 2221 4799 ubi,
2254 4732 2320 4788 et
2345 4726 2700 4808 praesertim
2730 4726 2951 4789 relatio
2986 4744 3000 4789 :
3033 4730 3337 4810 quoniam
3378 4738 3491 4793 aut

1992 4824 2347 4887 formaliter
2372 4824 2597 4887 dicunt
2626 4832 3007 4907 respectum,
3039 4835 3151 4889 aut
3178 4834 3349 4891 tanta
3380 4850 3488 4893 ne-

1991 4924 2284 4987 cessitate
2340 4922 2674 5005 implicant
2728 4923 2943 5005 ipsum
2998 4931 3063 4986 et
3120 4934 3486 5004 connotant,

1993 5024 2163 5107 quod
2207 5023 2345 5084 sine
2388 5021 2679 5103 subjecto
2724 5029 3052 5104 nequeunt
3096 5042 3235 5087 esse
3279 5044 3487 5109 neque

1992 5122 2261 5203 intelligi
2293 5139 2308 5183 ε
2343 5121 2486 5184 ideo
2513 5121 2872 5184 necessario
2900 5132 3293 5186 concernunt
3322 5145 3487 5188 sem·

1992 5240 2108 5305 per
2152 5219 2396 5303 aliquid
2444 5220 2510 5282 in
2557 5236 2687 5302 quo
2734 5228 2903 5295 sunt,
2945 5220 3049 5284 vel
3097 5222 3268 5284 circa
3312 5225 3485 5307 quod

1993 5320 2270 5385 habeant
2295 5337 2453 5383 esse.
2485 5319 2659 5382 Idem
2690 5326 2864 5402 patet
2888 5319 2967 5382 de
2996 5322 3306 5399 numeris,
3329 5340 3486 5408 quo·
