4267 6250
682 505 774 554 aa
809 505 1036 554 raccer
1071 505 1472 566 nonumsn,
1513 507 1616 564 om
1657 506 1724 555 m
1762 506 2028 554 uon-rau
2067 506 2305 556 accnur
2343 507 2570 556 conrns
2610 507 2869 568 mrsu,
2912 509 3040 558 irre.
3300 490 3423 557 237

323 674 742 758 spiritualiter
779 677 912 742 laesi
942 685 1008 741 et
1043 678 1194 759 aegri
1223 685 1394 753 sunt,
1427 677 1513 742 sit
1548 676 1820 742 admini-
1847 675 1898 740 A
1926 678 2326 761 propositum
2370 678 2565 744 habet
2606 679 2899 763 protinus
2934 678 3299 744 abstinendi
3343 678 3423 742 ab

326 774 672 839 strandum.
707 776 786 838 Et
815 776 1355 859 respondendum,
1383 779 1552 859 quod
1583 776 1821 860 duplex

327 880 420 936 est
461 874 800 938 medicina.
843 875 980 938 Una
1024 893 1359 939 removens
1405 874 1726 950 morbum,
1758 881 1823 938 et

325 971 454 1036 haec
495 972 782 1036 infirmis
829 972 1100 1036 debetur
1149 991 1166 1035 ε
1217 973 1322 1036 cui
1371 979 1824 1057 comparantur

325 1072 696 1135 Ptenitentia
740 1081 803 1136 et
841 1073 1224 1157 Baptismus,
1257 1073 1398 1137 Alia
1439 1081 1536 1136 est
1573 1091 1823 1156 promo—

326 1189 474 1232 vens
511 1169 578 1232 in
619 1171 958 1234 sanitatem
997 1171 1369 1254 perfectam,
1404 1179 1468 1234 et
1506 1171 1652 1234 talis
1691 1189 1820 1234 non

326 1268 586 1332 debetur
636 1269 943 1344 infirmiS,
983 1272 1094 1334 sed
1142 1271 1312 1334 sanis
1356 1289 1371 1333 ε
1415 1271 1518 1334 cui
1567 1289 1821 1355 compa·

326 1375 493 1431 ratur
533 1369 672 1433 haec
717 1369 1054 1432 medicina.

399 1468 588 1531 Porro
629 1467 784 1530 dum
825 1468 1154 1550 quaeritur,
1187 1488 1266 1531 an
1309 1467 1568 1551 iniquus
1602 1475 1823 1552 peccet

327 1580 550 1646 corpus
579 1565 816 1628 Christi
847 1565 1155 1645 videndo;
1178 1566 1532 1640 dicendum,
1549 1566 1716 1648 quod
1747 1584 1823 1628 ea

327 1679 460 1744 quae
489 1662 554 1724 in
587 1663 1008 1726 sacramentis
1037 1670 1346 1744 geruntur
1373 1664 1824 1738 exteriuS,cor-

326 1761 704 1843 respondere
743 1759 983 1824 debent
1009 1760 1110 1823 his
1149 1780 1292 1843 quae
1329 1769 1637 1843 geruntur
1667 1761 1823 1824 inte-

1925 777 2100 839 omni
2162 785 2422 859 peccato
2486 778 2757 843 mortali.
2818 779 3071 853 Quarto,
3130 777 3287 840 dum
3345 777 3425 840 de

1926 875 2263 957 praeteritis
2311 875 2499 940 dolet.
2546 876 2723 940 Unde
2772 877 2827 939 si
2874 876 3021 959 quis
3068 875 3237 939 facta
3280 875 3425 938 dili-

1924 974 2116 1055 genti,
2140 974 2435 1056 quamvis
2466 974 2625 1039 forte
2656 994 2782 1039 non
2812 974 3167 1038 sufficienti
3194 973 3427 1036 exami-

1925 1073 2183 1136 natione
2213 1073 2617 1138 conscientiae
2646 1093 2777 1137 suaa
2804 1092 2921 1156 per
2950 1074 3084 1137 haec
3112 1073 3314 1155 signa,
3344 1073 3422 1136 ad

1927 1188 2160 1253 corpus
2190 1171 2420 1235 Christi
2452 1172 2677 1235 devote
2714 1172 2993 1247 accedat,
3024 1171 3241 1253 aliquo
3278 1189 3425 1254 pec-

1927 1275 2066 1331 cato
2121 1270 2371 1332 mortali
2424 1270 2489 1332 in
2552 1271 2692 1352 ipso
2740 1277 3059 1345 manente,
3110 1271 3250 1352 ipso
3308 1269 3427 1332 hoc

1927 1366 2278 1447 ignorante,
2327 1385 2454 1430 non
2504 1377 2773 1451 peccat:
2810 1369 2939 1431 imo
2990 1367 3191 1450 magis
3238 1386 3316 1430 ex
3364 1367 3427 1429 vi

1926 1465 2306 1528 sacramenti
2350 1467 2793 1530 remissionem
2839 1467 3117 1550 acquirit
3160 1465 3423 1549 peccati.

1927 1563 2102 1626 Unde
2132 1565 2527 1645 Augustinus
2558 1565 2623 1627 in
2669 1566 2943 1648 quodam
2984 1566 3073 1628 ait
3108 1582 3426 1640 sermone,

1927 1662 2097 1744 quod
2138 1663 2393 1744 quando
2435 1681 2665 1746 corpus
2708 1662 2940 1727 Christi
2985 1664 3423 1739 manducatur,

1929 1760 2217 1823 vivificat
2258 1768 2559 1824 mortuos.

325 1858 469 1920 rius.
531 1859 779 1921 Idcirco
840 1859 1194 1922 secundum
1258 1859 1428 1941 quod
1493 1858 1684 1922 homo
1739 1859 1817 1921 ad
1853 1859 1900 1922 B
2007 1859 2459 1923 Verumtamen
2494 1861 2593 1923 his
2630 1859 2825 1941 objici
2859 1867 3086 1943 potest,
3119 1860 3424 1944 quoniam

327 1955 638 2020 Christum
698 1958 948 2021 accedit
991 1957 1262 2020 interius
1317 1965 1553 2032 mente,
1606 1958 1695 2020 ita
1740 1957 1819 2020 ad

328 2064 788 2118 sacramentum
819 2056 1012 2118 debet
1038 2056 1341 2118 accedere
1370 2074 1653 2138 corpore.
1679 2056 1822 2129 Qui-

328 2152 463 2215 dam
491 2161 707 2216 autem
747 2153 1060 2216 accedunt
1097 2173 1214 2216 nec
1255 2173 1402 2217 cum
1442 2154 1573 2218 fide
1612 2171 1820 2236 neque

329 2269 464 2313 cum
503 2253 803 2331 caritate3
834 2260 898 2314 et
925 2252 1083 2315 tales
1123 2253 1379 2315 arcendi
1421 2260 1572 2315 sunt
1609 2253 1690 2315 ab
1729 2252 1822 2314 in-

329 2351 642 2431 spectione
675 2351 1058 2414 sacramenti
1087 2358 1152 2413 et
1179 2351 1652 2414 communione.
1678 2350 1821 2424 Qui-

329 2448 462 2510 dam
489 2466 643 2511 vero
672 2448 988 2512 accedunt
1018 2448 1148 2511 fide
1179 2449 1318 2512 sine
1348 2449 1630 2524 caritate,
1658 2457 1723 2512 et
1750 2449 1816 2510 hi

329 2555 586 2627 possunt
615 2547 858 2620 videre,
884 2565 1010 2610 non
1041 2555 1252 2610 tamen
1285 2546 1817 2629 accipere,quum

331 2661 446 2706 non
485 2645 615 2708 sint
653 2663 772 2727 per
811 2645 1137 2708 caritatem
1172 2645 1420 2709 Christo
1458 2647 1818 2729 incorpora-

329 2744 390 2806 ti.
421 2779 500 2790 -
528 2745 606 2806 Et
645 2745 700 2806 si
742 2744 1106 2826 objiciatur,
1140 2746 1312 2827 quod
1351 2746 1635 2828 percussi
1669 2755 1820 2809 sunt

329 2841 722 2906 Bethsamitae
763 2842 875 2925 qui
927 2861 1138 2906 arcam
1189 2842 1527 2924 videbant3
1562 2862 1820 2927 respon-

330 2940 521 3016 detur,
573 2942 748 3024 quod
806 2941 926 3004 hoc
985 2959 1112 3005 non
1172 2941 1296 3004 fuit
1343 2951 1604 3026 propter
1657 2963 1818 3008 arcae

1929 1956 2284 2038 ignorantia
2323 1958 2567 2040 peccati
2613 1959 2716 2021 cui
2762 1958 2907 2041 quis
2950 1959 3262 2039 subjacet,
3296 1976 3423 2023 non

1927 2055 2094 2118 tollit
2133 2065 2491 2138 peccatum,
2525 2057 2636 2119 sed
2675 2065 3003 2138 aggravat3
3038 2057 3167 2120 imo
3206 2076 3427 2120 secun-

1927 2154 2080 2217 dum
2129 2154 2564 2229 Ambrosium,
2612 2155 2988 2236 gravissime
3045 2163 3266 2238 peccat
3315 2157 3427 2238 qui

1927 2252 2221 2333 ignorat:
2256 2270 2405 2335 ergo
2448 2253 2709 2336 praefata
2752 2253 3103 2335 ignorantia
3146 2271 3273 2318 non
3321 2273 3427 2318 ex·

1927 2359 2122 2413 cusat.
2159 2385 2240 2396 —
2267 2352 2644 2426 Dicendum,
2690 2353 2861 2435 quod
2910 2353 3267 2435 ignorantia
3312 2353 3427 2415 du-

1928 2448 2075 2532 plex
2113 2457 2227 2512 est.
2262 2450 2396 2513 Una
2434 2470 2560 2532 qua
2591 2450 2916 2532 ignoratur
2950 2471 3031 2514 an
3070 2451 3312 2534 aliquid
3344 2452 3428 2513 sit

1927 2554 2262 2630 peccatum
2300 2565 2314 2609 ε
2348 2556 2412 2612 et
2451 2548 2585 2611 haec
2614 2548 2665 2610 si
2708 2549 2773 2611 in
2814 2549 2947 2612 sola
2984 2549 3069 2611 sit
3106 2548 3425 2631 cognitiva

1926 2647 2234 2730 potentia,
2265 2646 2587 2709 interdum
2628 2655 2907 2720 excusat,
2938 2655 3011 2709 ut
3047 2647 3201 2710 dum
3249 2648 3422 2729 igno—

1926 2752 2102 2808 ratur
2148 2745 2625 2810 circumstantia
2672 2765 2815 2827 quae
2862 2745 3015 2808 facit
3063 2754 3420 2828 peccatum,

1926 2843 2092 2907 sicut
2121 2845 2275 2907 dum
2309 2845 2452 2927 quis
2480 2845 2725 2908 accedit
2753 2843 2831 2907 ad
2864 2863 2988 2908 non
3021 2864 3220 2920 suam,
3234 2864 3423 2927 quam

1927 2942 2130 3005 credit
2160 2960 2375 3022 suam;
2408 2950 2471 3006 et
2510 2943 2577 3005 in
2608 2943 2718 3006 tali
2758 2961 2907 3006 casu
2948 2961 3074 3008 non
3113 2943 3306 3008 habet
3337 2944 3423 3007 lo-

329 3040 736 3114 sanctitatem,
785 3040 896 3102 sed
951 3048 1214 3122 propter
1258 3039 1558 3121 figuram,
1610 3049 1681 3104 ut
1725 3041 1820 3104 di·
1850 3041 2073 3105 Ccum
2119 3042 2461 3104 auctoritas
2507 3038 2615 3104 illa
2656 3041 2994 3106 Ambrosii.
3034 3043 3422 3127 Quandoque

328 3146 490 3201 ctum
531 3146 648 3202 est.

399 3240 489 3301 Ad
533 3239 598 3301 id
642 3238 903 3301 demum
947 3239 1117 3320 quod
1169 3238 1494 3320 quaeritur,
1527 3258 1606 3302 an
1655 3240 1820 3302 exsi-

325 3343 488 3399 stens
535 3338 602 3399 in
652 3343 914 3419 peccato
965 3336 1238 3411 mortali,
1291 3354 1419 3400 non
1477 3344 1691 3401 tamen
1738 3338 1816 3402 de

327 3436 568 3499 mortali
601 3434 1060 3498 conscientiam
1100 3433 1365 3510 habenS,
1398 3444 1623 3518 peccet
1655 3454 1820 3500 mor-

325 3534 526 3599 taliter
581 3552 814 3617 corpus
874 3534 1104 3598 Christi
1163 3534 1511 3614 sumend03
1563 3554 1820 3618 respon-

327 3632 621 3707 dendum,
653 3633 826 3715 quod
867 3632 1222 3713 ignorantia
1256 3632 1752 3698 circumstantiae
1781 3652 1818 3696 a

327 3740 578 3813 peccato
607 3729 1191 3805 excusat,adhibita
1219 3731 1549 3814 diligentia
1579 3731 1814 3809 debita,

329 3830 670 3910 prasertim
716 3828 972 3911 quando
1011 3836 1109 3891 est
1150 3828 1294 3891 talis
1338 3830 1818 3895 circumstantia

327 3926 503 4008 eujus
545 3926 862 3990 certitudo
905 3926 1094 4009 plena
1138 3926 1360 3991 haberi
1407 3946 1538 3991 non
1587 3936 1811 4011 potest.

327 4024 490 4097 Quod
527 4032 746 4088 autem
783 4023 1018 4107 aliquis
1057 4024 1142 4087 sit
1173 4024 1438 4089 omnino
1478 4045 1516 4089 a
1558 4035 1818 4110 peccato

329 4121 650 4198 immunis,
683 4121 1216 4186 certitudinaliter
1255 4123 1405 4187 sciri
1454 4142 1582 4187 non
1624 4125 1813 4201 valet,

1925 3159 2076 3204 vero
2119 3160 2249 3203 non
2292 3148 2575 3216 excusat,
2609 3149 2679 3203 ut
2726 3142 2879 3205 dum
2928 3151 3026 3206 est
3068 3143 3423 3225 ignorantia

1921 3237 2086 3318 juris
2130 3236 2533 3311 universalis,
2568 3237 2699 3301 imo
2741 3238 2885 3300 talis
2930 3238 3284 3320 ignorantia
3326 3246 3424 3302 est

1923 3336 2161 3417 grande
2205 3343 2537 3418 peccatum
2576 3344 2689 3399 :et
2739 3336 2804 3398 in
2855 3336 2954 3399 his
3001 3356 3144 3420 quae
3190 3355 3307 3419 per
3354 3356 3421 3400 se

1925 3433 2093 3496 mala
2140 3442 2311 3509 sunt,
2342 3435 2420 3497 ad
2470 3433 2916 3497 infidelitatem
2961 3436 3281 3517 pertinere
3329 3436 3423 3501 vi-

1924 3533 2146 3613 detur3
2180 3533 2245 3595 in
2289 3532 2389 3596 his
2430 3540 2643 3595 autem
2689 3553 2831 3616 quae
2874 3542 3025 3597 sunt
3064 3535 3228 3597 mala
3270 3536 3421 3617 quia

1926 3630 2265 3712 prohibita,
2298 3630 2377 3693 ad
2418 3631 2869 3712 negligentiam
2908 3639 3169 3715 spectat.
3204 3632 3281 3695 Et
3314 3634 3419 3695 hic

1923 3729 2297 3792 verificatur
2323 3729 2493 3811 quod
2531 3730 2623 3792 ait
2648 3729 3043 3805 Ambrosius,
3076 3731 3225 3813 quia
3264 3732 3417 3794 dum

1926 3826 2187 3891 morbus
2231 3827 2534 3903 nescitur,
2569 3827 2887 3891 medicina
2923 3846 3049 3891 non
3088 3829 3413 3911 quaeritur.

1925 3926 1988 3991 Si
2019 3932 2231 3989 autem
2262 3926 2618 4007 ignorantia
2654 3925 2799 3989 talis
2836 3927 2920 3989 sit
2951 3927 3017 3990 in
3058 3928 3415 4009 cognitione

1923 4032 1988 4088 et
2023 4023 2369 4088 affectione
2404 4024 2778 4099 consistens,
2815 4031 2883 4086 ut
2913 4024 3264 4106 ignorantia
3294 4026 3417 4090 ele-

1923 4123 2177 4196 ctionis,
2208 4122 2377 4185 sicut
2418 4141 2618 4204 quum
2668 4122 2813 4204 quis
2860 4122 2924 4184 in
2974 4121 3197 4186 illicita
3242 4124 3418 4189 indo—

54 4272 56 4305 ἐ
111 4224 306 4284 lenm&
327 4220 498 4300 juxta
537 4222 698 4284 illud
740 4221 1027 4303 Apostoli
1059 4221 1280 4285 :Nihil
1325 4223 1484 4286 mihi
1523 4225 1815 4289 conscius
1845 4228 1896 4290 D
1926 4222 2080 4284 mite
2125 4220 2331 4283 fertur
2372 4220 2549 4284 velut
2593 4222 2646 4283 si
2698 4220 2945 4284 licitum
2992 4229 3181 4295 esset,
3228 4230 3418 4306 prout

329 4338 486 4395 sum,
517 4321 630 4383 sed
675 4320 742 4383 in
779 4319 902 4383 hoc
937 4320 1330 4402 justificatus
1371 4340 1500 4385 non
1543 4342 1706 4385 sum.
1741 4324 1818 4387 Et

54 4402 56 4465 Ι
110 4420 306 4481 Balatu.
330 4418 390 4481 in
418 4419 798 4483 Ecclesiaste
826 4419 1102 4482 dicitur:
1133 4420 1348 4483 Nescit
1375 4420 1566 4484 homo
1599 4429 1815 4485 utrum

54 4502 57 4533 Ι

54 4544 57 4567 ι

328 4538 533 4583 amore
559 4539 640 4584 an
671 4519 820 4583 odio
857 4518 1088 4600 dignus
1117 4519 1216 4581 sit.
1251 4520 1461 4583 Potest
1495 4528 1708 4584 tamen
1738 4521 1816 4584 de

329 4616 440 4680 hoc
495 4618 714 4700 aliqua
771 4617 1139 4700 conjectura
1192 4617 1437 4693 haberi,
1496 4620 1816 4702 praecipue

331 4732 436 4795 per
475 4724 746 4799 quatuor
787 4716 991 4798 signa,
1021 4723 1093 4778 ut
1134 4725 1390 4779 sanctus
1433 4716 1522 4780 ait
1557 4718 1816 4782 Bernar-

332 4812 460 4876 dus.
513 4814 742 4889 Primo,
795 4834 993 4898 quum
1043 4815 1191 4897 quis
1237 4814 1434 4878 verba
1480 4816 1592 4878 Dei
1641 4816 1820 4879 audit

54 4870 58 5028 l
115 4910 310 5015 ssm-m,
333 4910 568 4987 devote,
620 4912 977 4976 secundum
1027 4912 1186 4976 illud
1233 4913 1489 4977 Joannis
1525 4914 1690 4989 :Qui
1739 4934 1817 4978 ex

334 5008 452 5074 Deo
493 5019 610 5086 est,
641 5009 838 5075 verba
879 5012 990 5074 Dei
1027 5012 1224 5075 audit.
1269 5012 1580 5088 Secundo,
1613 5032 1813 5095 quum

334 5109 470 5189 quis
524 5118 894 5193 promptum
942 5129 1010 5173 se
1057 5112 1253 5174 sentit
1297 5112 1372 5175 ad
1419 5111 1584 5175 bene
1628 5130 1817 5193 agen-

333 5205 500 5282 dum,
526 5208 712 5290 juxta
746 5208 908 5271 illud
945 5208 1011 5270 B.
1045 5208 1329 5290 Gregorii
1365 5226 1380 5271 ε
1410 5211 1700 5274 Probatio
1728 5210 1818 5273 di-

335 5303 613 5370 lectionis
649 5314 750 5370 est
785 5305 1096 5369 exhibitio
1131 5307 1362 5389 operis.
1397 5306 1628 5383 Tertio,
1661 5309 1814 5373 dum

1923 4320 2014 4384 ait
2041 4319 2459 4402 Philosophus
2498 4319 2579 4383 de
2612 4319 2715 4383 his
2752 4320 2864 4402 qui
2904 4338 2981 4383 ex
3020 4320 3241 4384 habitu
3276 4341 3419 4404 pec-

1925 4425 2107 4498 cant3
2149 4418 2243 4480 sic
2286 4418 2396 4500 qui
2451 4418 2718 4499 ignorat,
2752 4426 2974 4500 peccat
3018 4419 3414 4500 gravissime,

1924 4517 2075 4600 quia
2115 4516 2251 4579 haec
2288 4516 2643 4597 ignorantia
2680 4516 2975 4599 provenit
3015 4536 3095 4580 ex
3135 4526 3417 4582 contem·

1924 4624 2060 4699 ptu,
2107 4615 2333 4678 saltem
2379 4614 2850 4696 aequivalenter.
2883 4615 3022 4679 Alia
3066 4616 3419 4699 ignorantia

1923 4722 2020 4778 est
2062 4714 2328 4797 peccati,
2360 4733 2486 4795 qua
2528 4714 2591 4776 id
2639 4716 2809 4797 quod
2858 4716 3059 4778 scitur
3098 4735 3238 4780 esse
3276 4736 3419 4801 pec·

1924 4823 2159 4889 catum,
2210 4814 2491 4877 creditur
2532 4814 2665 4895 jam
2714 4814 3050 4877 dimissum
3098 4834 3112 4877 :
3161 4824 3223 4879 et
3272 4817 3416 4880 talis

1925 4913 2279 4995 ignorantia
2316 4931 2434 4976 nec
2474 4920 2734 4976 excusat
2776 4930 2895 4975 nec
2932 4922 3229 4995 aggravat
3258 4915 3416 4978 illud

1924 5020 2298 5096 peccatum3
2348 5012 2458 5074 sed
2506 5018 2713 5094 potest
2762 5029 3065 5074 excusare
3124 5022 3417 5096 respectu

1923 5112 2249 5194 sequentis
2285 5109 2727 5193 peccati‚quod
2754 5108 3165 5173 induceretur
3191 5112 3246 5174 si
3276 5129 3419 5193 pec·

1925 5216 2136 5272 catum
2186 5208 2551 5291 praecedens
2608 5207 2879 5270 sciretur
2936 5207 3166 5282 inesse,
3216 5215 3281 5270 et
3326 5208 3416 5271 ita

1923 5316 2022 5373 est
2065 5308 2130 5371 in
2180 5307 2522 5391 proposito.
2574 5306 2749 5369 Unde
2796 5307 3092 5390 quamvis
3140 5306 3283 5371 talis
3330 5308 3415 5374 sit
