4267 6250
861 464 979 531 ¹24
1534 484 1603 532 nc
1640 484 1865 532 nmium
1904 484 1968 533 ιν
2009 484 2493 533 snm-munuli.
2533 500 2616 517 --
2655 486 2812 534 nrs‘r.
2849 486 2953 551 1v;
2995 486 3220 545 onais-r.
3261 489 3284 537 1

858 664 939 721 tae
985 655 1296 739 gratuitae,
1348 664 1412 722 et
1457 657 1725 740 gratiam
1772 656 2238 721 rectificantem
2289 657 2356 720 in
2385 658 2436 722 A
2465 658 2526 723 ei
2581 659 2998 724 commoritur
3052 668 3117 723 et
3171 662 3624 745 consepelitur,
3677 670 3748 727 ut
3805 664 3996 728 dicit

859 756 1220 839 septiformi
1251 757 1484 821 virtute
1518 764 1737 821 contra
1774 758 2198 841 privationem
2231 757 2358 820 vir·
2464 757 2846 839 Apostolus3
2889 757 3128 823 idcirco
3159 760 3523 843 Baptismus
3551 771 3866 844 quantum
3905 764 3994 825 in

858 855 1015 918 tutis
1044 855 1478 931 habilitativae‚
1512 864 1577 920 et
1602 858 1869 939 gratiam
1904 857 2358 941 purificantem
2465 874 2534 919 se
2578 863 2694 932 est,
2740 864 2938 920 totam
2982 856 3342 923 efficaciam
3388 861 3701 943 passionis
3744 862 3998 925 influit

858 953 939 1016 ab
980 955 1158 1017 omni
1197 955 1386 1038 culpa
1425 963 1645 1018 contra
1687 957 2068 1038 pronitatem
2106 957 2186 1019 ad
2224 974 2357 1020 om·
2466 953 2804 1038 baptizato,
2852 964 3114 1038 propter
3157 958 3327 1039 quod
3374 958 3648 1022 absolvit
3693 978 3822 1023 non
3867 978 3994 1023 so-

857 1072 1003 1116 nem
1031 1053 1572 1118 deordinationem
1603 1055 1912 1118 vitiosam.
1947 1056 2025 1117 Et
2060 1056 2356 1137 quoniam
2469 1052 2602 1115 lum
2650 1072 2687 1116 a
2736 1054 2946 1136 culpa,
2989 1054 3098 1118 sed
3142 1056 3334 1118 etiam
3379 1057 3460 1119 ab
3503 1058 3682 1121 omni
3725 1058 3998 1122 satisfa-

861 1160 1193 1235 peccatum
1241 1152 1550 1235 originale
1604 1154 1878 1216 trahitur
1934 1154 2215 1228 aliunde,
2267 1154 2356 1216 fa·
2467 1151 2667 1215 ctoria
2709 1171 2915 1236 poena.

858 1250 1035 1314 ciens
1079 1252 1418 1334 parvulum
1461 1251 1740 1315 habilem
1778 1251 1854 1315 ad
1904 1253 2356 1335 concupiscen-
2548 1250 2612 1313 Si
2650 1259 2864 1314 autem
2906 1260 3248 1335 quaeratur‚
3282 1273 3362 1316 an
3397 1252 3577 1317 tollat
3605 1254 3798 1317 etiam
3827 1272 3990 1320 om-

859 1350 1037 1425 dum,
1056 1357 1120 1413 et
1148 1351 1435 1414 adultum
1468 1351 2053 1433 concupiscentem,
2073 1370 2359 1415 necessa·
2466 1367 2613 1411 nem
2647 1366 2902 1432 poenam
2932 1350 3261 1432 originalis
3293 1352 3984 1435 peccati3dicendum‚

861 1448 955 1512 ria
984 1457 1081 1513 est
1110 1449 1325 1512 adulto
1355 1449 1517 1512 fides
1558 1449 1816 1533 propria
1854 1458 1919 1512 et
1957 1450 2352 1532 poenitentia,
2465 1448 2636 1530 quod
2669 1448 2732 1510 in
2763 1448 3057 1531 originali
3088 1458 3349 1532 peccato
3378 1451 3524 1514 talis
3560 1451 3686 1514 fuit
3714 1470 3988 1536 proces-

860 1547 970 1610 sed
1010 1548 1293 1631 parvulis
1329 1548 1558 1622 aliena,
1592 1568 1735 1631 quae
1774 1556 1869 1611 est
1908 1550 1972 1610 in
2012 1548 2356 1612 universali
2465 1564 2596 1619 suS,
2648 1545 2816 1628 quod
2867 1565 3137 1628 persona
3195 1549 3482 1632 corrupit
3532 1557 3846 1625 naturam,
3901 1560 3984 1615 et

861 1646 1161 1709 Ecclesia.
1196 1646 1440 1710 Debent
1484 1647 1674 1710 etiam
1715 1648 2054 1710 exorcizari
2095 1655 2357 1730 propter
2464 1651 2690 1706 natura
2727 1663 3083 1727 personam.
3119 1646 3280 1709 Hinc
3317 1647 3559 1730 aliquid
3603 1650 3982 1713 considera-

856 1746 1218 1808 daemonum
1250 1746 1665 1827 fugationem,
1700 1754 1765 1809 et
1800 1746 2174 1809 catechizari
2211 1764 2356 1809 con·
2465 1749 2570 1804 tur
2620 1742 2682 1805 in
2733 1745 2852 1807 hoc
2893 1752 3155 1826 peccato
3196 1747 3367 1829 quod
3412 1747 3688 1828 pertinet
3727 1749 3806 1811 ad
3851 1768 3982 1811 na-

856 1852 953 1907 tra
994 1845 1362 1926 ignorantiae
1404 1846 1761 1927 caliginem.
1796 1845 1941 1910 Haec
1985 1844 2093 1907 ibi.
2389 1839 2436 1902 B
2465 1850 2696 1915 turam,
2746 1849 2809 1904 et
2855 1842 3096 1926 aliquid
3146 1845 3317 1926 quod
3370 1846 3648 1928 pertinet
3693 1847 3774 1910 ad
3823 1866 3984 1929 per-

938 1944 1098 2007 Hinc
1136 1945 1407 2007 Thomas
1442 1962 1456 2007 :
1490 1944 1557 2007 In
1600 1944 1774 2007 omni
1802 1944 2071 2027 (inquit)
2096 1962 2354 2025 genera·
2465 1958 2706 2003 sonam.
2767 1941 2982 2004 Passio
3038 1960 3190 2005 vero
3257 1942 3491 2005 Christi
3557 1943 3980 2008 sufficienter

859 2042 1051 2117 tione,
1105 2060 1219 2125 per
1266 2042 1801 2106 introductionem
1862 2042 2083 2106 formae
2142 2040 2352 2105 omnis
2462 2038 2726 2102 abstulit
2771 2039 3080 2121 originale
3129 2049 3463 2123 peccatum
3521 2051 3833 2126 quantum
3879 2046 3976 2107 ad

858 2141 1171 2203 contraria
1209 2140 1414 2205 forma
1452 2142 1793 2225 expellitur
1826 2159 1839 2204 :
1876 2142 2007 2204 imo
2045 2148 2110 2203 et
2147 2141 2355 2223 dispo-
2463 2146 2827 2221 utrumque.
2881 2139 3001 2202 Sed
3053 2140 3356 2222 quoniam
3419 2150 3814 2205 sacramenta
3858 2144 3982 2205 ad-

857 2239 1003 2302 sitio
1032 2240 1110 2302 ad
1139 2239 1411 2302 formam
1443 2239 1844 2315 contrariam,
1876 2240 2000 2303 nisi
2035 2240 2352 2301 interdum
2463 2236 2767 2300 hibentur
2804 2238 3116 2319 personis,
3151 2238 3294 2301 ideo
3331 2240 3692 2321 Baptismus
3729 2240 3812 2303 ab
3849 2241 3978 2305 ho-

860 2338 1256 2421 relinquatur
1294 2358 1370 2400 ex
1412 2338 1897 2421 indispositione
1940 2338 2211 2401 formam
2259 2356 2355 2400 re·
2464 2336 2638 2399 mine
2669 2336 2837 2398 tollit
2863 2336 3033 2418 quod
3065 2356 3143 2401 ex
3183 2338 3592 2420 corruptione
3621 2346 3862 2404 naturae
3895 2340 3974 2403 in

858 2436 1175 2520 cipientiS.
1210 2437 1545 2519 Quumque
1574 2436 1934 2520 Baptismus
1974 2436 2058 2499 sit
2094 2455 2352 2518 regene-
2462 2451 2800 2516 personam
2834 2435 3215 2498 redundavit
3247 2453 3260 2497 :
3295 2435 3388 2497 sic
3417 2437 3589 2518 quod
3619 2436 3826 2520 culpae
3865 2438 3974 2500 in-

859 2535 1018 2598 ratio
1048 2534 1115 2597 in
1146 2536 1340 2598 vitam
1374 2536 1796 2618 spiritualem,
1828 2554 2017 2599 omne
2046 2536 2219 2618 quod
2257 2542 2354 2597 est
2462 2531 2808 2595 sectionem
2851 2541 3039 2615 prout
3080 2532 3290 2596 inficit
3331 2552 3690 2617 personam,
3725 2545 3788 2599 et
3829 2555 3976 2619 poe-

858 2633 1247 2698 contrarium
1299 2633 1445 2697 vitae
1493 2634 1834 2717 spirituali,
1886 2634 2056 2716 quod
2108 2632 2355 2695 scilicet
2462 2649 2610 2693 nam
2653 2630 2829 2692 illam
2871 2649 3013 2713 quae
3055 2638 3270 2694 actum
3314 2651 3601 2714 personae
3645 2634 3968 2716 privabat,

856 2742 1025 2796 stare
1054 2752 1180 2796 non
1212 2740 1419 2817 potest
1448 2752 1595 2795 cum
1629 2732 1851 2814 gratia,
1886 2732 2051 2794 tollit
2084 2750 2098 2793 τ
2130 2732 2352 2813 sicque
2463 2737 2616 2811 puta
2645 2730 2990 2793 carentiam
3023 2730 3288 2793 visionis
3316 2732 3573 2806 divinae,
3595 2732 3972 2816 Baptismus

855 2831 1021 2894 tollit
1050 2832 1423 2913 originalem
1456 2840 1519 2893 et
1546 2831 1859 2894 actualem
1892 2830 2148 2913 culpam
2191 2848 2353 2892 mor·
2461 2827 2710 2907 aufert3
2761 2828 2870 2891 sed
2923 2836 3068 2891 actu
3117 2846 3245 2891 non
3291 2830 3501 2893 aufert
3545 2830 3970 2895 infectionem

854 2930 1069 3004 talem,
1102 2949 1176 2992 ac
1206 2931 1397 2993 etiam
1430 2938 1740 3012 quantum
1774 2930 1837 2992 in
1881 2948 1947 2991 se
1987 2936 2105 3003 est,
2139 2928 2351 2991 venia·
2464 2933 2654 3008 prout
2693 2926 2903 2989 inficit
2942 2935 3232 2989 naturam
3265 2927 3464 3010 (quod
3505 2935 3678 3010 patet
3719 2948 3796 2992 ex
3839 2930 3972 2993 hoe

856 3029 1004 3103 lem,
1040 3048 1181 3110 quae
1218 3029 1295 3090 ad
1336 3028 1668 3091 mortalem
1712 3028 2015 3110 disponit,
2057 3027 2353 3109 quamvis
2389 3024 2432 3089 C
2463 3025 2635 3106 quod
2673 3024 3050 3107 baptizatuS,
3085 3044 3200 3109 per
3231 3033 3444 3088 actum
3489 3034 3731 3091 naturae
3773 3028 3972 3111 origi·

852 3129 1236 3210 quandoque
1266 3126 1457 3208 culpa
1483 3126 1751 3189 venialis
1784 3133 2036 3189 maneat
2074 3132 2218 3208 post
2245 3125 2354 3187 Ba·
2466 3123 2606 3186 nale
2636 3123 3012 3186 transmittit
3051 3125 3116 3187 in
3157 3126 3470 3209 prolem);
3503 3126 3802 3190 similiter
3844 3149 3975 3192 nec

854 3226 1463 3310 ptismum,mortali
1493 3232 1754 3300 remota,
1782 3232 2043 3307 propter
2072 3225 2351 3306 indispo-
2465 3240 2720 3303 poenam
2777 3242 2921 3305 quae
2973 3224 3386 3307 consequitur
3435 3233 3676 3289 naturae
3725 3227 3974 3309 princi-

854 3324 1151 3388 sitionem
1196 3323 1471 3404 subjecti
1521 3323 1889 3406 recipientis
1930 3323 2347 3404 Baptismum.
2465 3320 2571 3402 pia
2599 3321 2915 3384 destitutae
2951 3322 3152 3404 gratia
3189 3323 3572 3388 innocentiae
3609 3325 3804 3407 primi
3843 3333 3976 3389 sta-

564 5254 691 5298 Bom.
706 5269 760 5308 vi,
778 5261 817 5308 3,

851 3459 933 3469 —
963 3423 1041 3485 Et
1069 3423 1123 3486 si
1160 3420 1524 3503 objiciatur,
1558 3422 1727 3503 quod
1766 3421 1833 3483 in
1870 3421 2103 3484 adultis
2143 3420 2352 3502 requi·

852 3523 1015 3584 ritur
1044 3521 1371 3602 contriti03
1404 3518 1769 3594 dicendum,
1790 3519 1957 3602 quod
1988 3519 2350 3601 Baptismus

852 3638 980 3683 non
1029 3619 1301 3702 requirit
1352 3618 1798 3682 contritionem
1847 3617 2030 3701 quasi
2080 3634 2350 3680 concau-

852 3737 987 3782 sam
1047 3719 1125 3782 ad
1188 3717 1687 3782 destructionem
1748 3716 2015 3779 actualis
2077 3715 2345 3798 peccati,

850 3817 1031 3901 quasi
1072 3837 1149 3880 ex
1190 3837 1257 3880 se
1296 3834 1424 3879 non
1468 3814 1753 3878 sufficiat
1790 3815 1869 3877 ad
1910 3814 2053 3888 hoc,
2098 3814 2210 3876 sed
2255 3831 2350 3876 so-

851 3917 983 3979 lum
1032 3916 1109 3979 ad
1162 3915 1618 3978 removendum
1668 3913 2000 3976 fictionem
2046 3932 2190 3995 quae
2229 3912 2347 3975 im-

851 4015 1028 4099 pedit
1072 4013 1379 4097 Baptismi
1429 4012 1749 4076 effectum.
1802 4011 1929 4074 Nec
1977 4029 2201 4074 verum
2252 4018 2350 4073 est

849 4115 1017 4198 quod
1068 4113 1429 4195 Baptismus
1487 4111 1694 4174 solum
1752 4108 2083 4172 ordinetur
2130 4118 2348 4172 contra

850 4211 1157 4293 originale
1205 4217 1537 4293 peccatum
1583 4227 1597 4270 :
1640 4208 1795 4271 alias
1839 4209 2236 4270 circumcisis
2280 4209 2344 4270 in
2379 4206 2428 4269 D
2460 4214 2747 4269 creatura
2779 4206 3152 4270 insensitiva
3189 4227 3226 4270 a
3257 4209 3684 4291 corruptionis
3723 4210 3958 4274 libera-
4013 4237 4176 4282 Rom,
4209 4255 4250 4284 v,

2458 4304 2632 4367 bitur
2659 4304 2983 4368 servitute.
3009 4341 3089 4350 —
3108 4306 3250 4368 Haec
3280 4306 3550 4369 Thomas
3581 4307 3646 4369 in
3677 4308 3949 4392 Script0.
3987 4303 4062 4344 ²¹·

852 4309 1179 4393 primitiva
1206 4307 1491 4370 Ecclesia
1520 4306 1915 4369 necessarius
1944 4324 2071 4369 non
2102 4305 2342 4368 fuisset.

850 4409 1058 4470 Potest
1085 4413 1297 4468 autem
1327 4404 1639 4479 accidere,
1672 4400 1744 4465 fit
1780 4404 1925 4486 quis
1965 4403 2031 4465 in
2067 4403 2349 4486 proposi-

850 4513 915 4568 to
963 4504 1269 4588 peccandi
1328 4501 1663 4566 venialiter
1718 4501 2096 4585 baptizetur,
2147 4509 2212 4565 et
2261 4502 2349 4564 ita

848 4623 925 4667 ex
965 4623 1079 4666 sua
1118 4601 1606 4685 indispositione
1636 4601 1702 4662 in
1735 4599 1967 4662 veniali
2000 4608 2342 4663 remaneat.

930 4703 1232 4766 Praeterea
1261 4701 1316 4764 si
1346 4707 1687 4783 quaeratur,
1720 4718 1799 4761 an
1836 4698 2198 4780 Baptismus
2237 4699 2348 4762 tol-

850 4803 935 4866 lat
990 4818 1249 4864 omnem
1315 4816 1571 4881 poenam
1640 4796 2057 4879 temporalem
2112 4796 2343 4859 actuali

849 4907 1111 4985 peccato
1160 4897 1481 4975 debitam3
1537 4896 1903 4970 dicendum,
1956 4896 2125 4977 quod
2172 4895 2348 4958 Chri-

847 5008 983 5063 stus
1024 5017 1139 5081 per
1180 5004 1451 5060 mortem
1492 5014 1670 5058 suam
1714 4993 2023 5056 satisfecit
2061 4993 2346 5076 plenarie

847 5115 963 5181 pro
992 5094 1269 5178 peccatis
1298 5093 1491 5156 totius
1520 5092 1772 5174 generis
1804 5093 2083 5166 humani,
2099 5091 2348 5155 etiamsi

850 5196 1053 5259 multo
1084 5194 1270 5277 plura
1297 5199 1529 5255 essent.
1566 5190 1643 5252 Et
1669 5190 1971 5273 quoniam
2012 5191 2204 5253 homo
2235 5209 2349 5273 per

850 5294 1249 5377 Baptismum
1279 5292 1347 5354 in
1380 5298 1581 5355 morte
1612 5288 1843 5353 Christi
1873 5288 2251 5372 baptizatur,
2285 5297 2348 5351 et

2464 3426 2588 3490 ωε,
2632 3427 2702 3480 ut
2749 3427 2898 3482 sunt
2946 3418 3212 3482 rebellio
3256 3422 3465 3484 carnis
3511 3423 3591 3485 ad
3637 3423 3968 3505 spiritum,

2463 3534 2636 3579 mors
2683 3525 2872 3599 atque
2919 3517 3290 3599 hujusmodi
3346 3519 3768 3601 poenalitates,
3818 3541 3969 3604 quae

2463 3622 2940 3698 consequuntur
2975 3636 3053 3679 ex
3093 3617 3208 3680 hoc
3249 3619 3422 3700 quod
3464 3619 3656 3682 homo
3693 3638 3772 3682 ex
3811 3639 3966 3686 con-

2461 3716 2671 3778 trariis
2702 3722 2905 3778 exstat
2935 3716 3344 3799 compositus.
3381 3717 3502 3780 Sed
3541 3718 3696 3801 quia
3733 3735 3962 3783 omnes

2459 3813 2751 3876 homines
2788 3813 2850 3875 in
2891 3822 3116 3876 natura
3153 3815 3650 3890 communicant,
3681 3815 3964 3882 effectus

2461 3911 2812 3974 secundum
2873 3911 3078 3993 legem
3140 3930 3548 3976 communem
3607 3915 3962 3980 curationis

2460 4018 2702 4074 naturae
2731 4009 2852 4072 erit
2891 4011 2955 4072 in
2995 4010 3129 4073 fine
3168 4011 3415 4085 mundi,
3448 4012 3704 4094 quando
3733 4014 3960 4078 electis

2457 4109 2759 4173 omnibus
2786 4109 3201 4191 congregatis,
3219 4109 3428 4172 'simul
3457 4129 3604 4173 cum
3635 4111 3730 4174 eis
3759 4113 3956 4176 etiam

2458 4402 2692 4466 Eadem
2733 4403 2798 4464 in
2835 4403 3021 4466 tertia
3066 4411 3266 4486 parte,
3308 4404 3656 4487 quaestione
3701 4425 3956 4490 sexage-

2457 4501 2622 4564 sima
2663 4521 2848 4565 nona.

2537 4601 2615 4663 At
2672 4618 2824 4663 vero
2879 4600 3100 4664 Petrus
3157 4601 3405 4684 quaerit,
3455 4622 3535 4665 an
3585 4604 3835 4686 parvuli
3885 4605 3954 4667 in

2456 4699 2780 4781 Baptismo
2834 4699 3292 4780 justificantur.
3355 4699 3715 4783 Respondet
3765 4719 3780 4764 ε
3834 4702 3959 4765 Du-

2459 4797 2605 4880 plex
2645 4804 2742 4859 est
2775 4796 3171 4878 justificatio.
3207 4797 3503 4871 Quaedam
3543 4817 3582 4860 a
3615 4798 3807 4882 culpa
3844 4801 3959 4863 ali-

2457 4895 2626 4958 unde
2673 4902 3014 4969 contracta,
3049 4895 3113 4957 id
3149 4902 3246 4957 est
3279 4895 3615 4977 originali3
3660 4899 3956 4979 quaedam

2455 5013 2493 5056 a
2523 4993 2780 5075 propria
2810 4991 3019 5074 culpa,
3054 4993 3118 5054 id
3157 5000 3254 5056 est
3289 4994 3542 5056 actuali.
3577 4995 3654 5056 Et
3683 5003 3956 5079 utraque

2456 5098 2552 5154 est
2599 5089 2897 5154 effective
2944 5109 2981 5153 a
3029 5092 3176 5154 Deo.
3231 5092 3504 5174 Utraque
3549 5109 3808 5174 quoque
3863 5115 3958 5158 re-

2456 5186 2652 5272 quirit
2679 5207 2756 5252 ex
2789 5195 2966 5270 parte
2991 5187 3270 5252 hominis
3297 5189 3780 5272 dispositionem
3803 5211 3960 5274 prae—

2460 5287 2830 5371 parativam,
2863 5287 2974 5350 sed
3004 5286 3398 5350 differenter.
3431 5287 3756 5353 Mundatio
3782 5309 3962 5356 nam·
