4267 6250
845 490 967 556 502
1470 511 1535 556 m
1572 510 1797 557 manum
1836 508 1897 555 1v
1940 507 2424 555 snm-umam.
2464 526 2545 535 —
2585 506 2740 554 msr.
2779 507 2974 571 xvm3
3015 508 3242 565 ouinsr.
3283 509 3329 554 11

850 699 999 763 pam
1048 688 1111 744 et
1155 699 1410 764 poenam
1461 689 1804 759 aeternam3
1852 680 2146 744 sacerdos
2195 697 2347 742 vero
2375 678 2426 741 Α
2456 683 2898 761 remaneat3
2919 683 3002 748 et
3029 682 3301 748 utrum
3327 680 3744 761 peceatum
3774 692 3952 760 pos·

850 787 1274 855 consummat,
1314 779 1693 843 dimittendo
1738 777 1981 860 aliquid
2031 777 2109 840 de
2160 796 2347 859 poena
2453 778 2564 843 sit
2604 780 2916 845 remitti
2957 781 3346 860 quantum
3389 777 3489 845 ad
3526 777 3948 857 maculam,

848 895 929 939 ex
958 877 1020 940 vi
1054 877 1330 941 clavium
1363 895 1477 959 per
1507 877 1977 959 impositionem
2010 894 2338 938 manuum.
2455 890 2610 941 non
2651 879 2918 943 tamen
2955 880 3344 958 quantum
3383 877 3486 944 ad
3525 890 3868 957 poenam.

850 974 928 1037 Et
964 976 1087 1039 hoc
1126 984 1298 1059 patet
1335 977 1402 1039 in
1446 976 1927 1039 resuscitatione
1964 973 2198 1036 Lazari.
2233 974 2348 1035 Do·
2532 975 2813 1056 Apparet
2857 966 3070 1038 autem
3119 977 3290 1058 quod
3333 975 3524 1057 culpa
3569 976 3654 1037 sit
3691 972 3954 1036 realiter

582 1088 821 1141 loannm,
855 1074 1068 1137 minus
1111 1076 1284 1138 enim
1332 1075 1512 1148 dixit,
1553 1074 1803 1147 Lazare,
1846 1073 1991 1137 veni
2039 1072 2244 1152 foras3
2283 1079 2348 1134 et
2453 1072 2698 1135 macula
2726 1074 3042 1155 ipsa‚quia
3069 1074 3232 1136 nihil
3262 1071 3796 1147 deformius,nihil
3821 1078 3954 1132 tur-

556 1153 705 1203 ⁴³’⁴⁴'
852 1175 1065 1237 statim
1114 1175 1367 1258 prodiit.
1412 1176 1631 1238 Postea
1671 1174 1851 1247 dixit,
1893 1172 2129 1236 Solvite
2171 1190 2341 1245 eum,
2454 1171 2600 1254 pius
2640 1178 2738 1234 est
2775 1180 3056 1254 peccato,
3090 1173 3440 1255 praesertim
3480 1191 3680 1254 quum
3718 1170 3777 1233 S.
3804 1169 3951 1232 Dio-

852 1280 972 1335 etc.
1009 1272 1172 1355 Ergo
1203 1272 1313 1335 ubi
1341 1272 1647 1336 Dominus
1678 1289 1805 1334 non
1837 1272 2111 1344 inchoat,
2145 1289 2346 1333 sacer·
2455 1269 2674 1352 nysius
2705 1270 2772 1331 in
2805 1270 2968 1334 libro
3007 1271 3084 1334 de
3115 1271 3361 1333 Divinis
3399 1269 3770 1333 nominibus
3799 1286 3952 1331 con·
4033 1307 4210 1349 cmm,

851 1370 964 1434 dos
1008 1389 1137 1435 non
1178 1380 1594 1434 consummat.
1631 1371 1777 1433 Ideo
1820 1370 1871 1432 si
1916 1369 2209 1432 sacerdos
2254 1369 2345 1430 in·
2452 1374 2738 1441 testetur,
2773 1370 2943 1451 quod
2982 1387 3174 1432 omne
3209 1388 3324 1431 ens
3358 1377 3454 1431 est
3485 1368 3851 1451 pulchrum,
3883 1374 3952 1428 et

846 1467 1073 1550 jungat
1128 1470 1569 1551 poenitentiam
1634 1468 1946 1531 minorem
2007 1468 2340 1548 condigna,
2452 1465 2622 1549 quod
2670 1466 2968 1529 universa
3015 1467 3400 1550 participant
3446 1466 3736 1549 pulchro,
3781 1464 3956 1527 sicut

849 1567 1189 1649 poenitenS,
1215 1566 1322 1629 illa
1354 1567 1690 1649 completa,
1717 1584 1842 1630 non
1874 1564 2188 1628 evolabit:
2215 1565 2344 1626 imo
2453 1571 2518 1627 et
2558 1564 2743 1628 bono.
2786 1566 3118 1629 Peccatum
3156 1583 3311 1629 vero
3353 1584 3554 1647 quum
3598 1563 3954 1627 formaliter

847 1665 1175 1728 residuum
1208 1666 1273 1727 in
1306 1666 1668 1747 purgatorio
1696 1664 1918 1737 solvet,
1938 1664 2061 1725 nisi
2089 1664 2344 1726 aliunde
2453 1681 2580 1725 non
2625 1664 2708 1725 sit
2744 1664 2987 1746 aliquid
3031 1665 3402 1747 positivum,
3446 1663 3798 1726 formaliter
3843 1680 3954 1724 ex-

848 1782 963 1847 per
991 1764 1269 1826 caritatis
1300 1763 1619 1828 fervorem
1652 1772 1715 1826 et
1744 1762 2144 1827 contritionis
2175 1780 2344 1824 acer·
2455 1780 2601 1844 pers
2641 1770 2737 1825 est
2774 1762 2967 1825 totius
3007 1763 3276 1837 decori8‚
3308 1770 3371 1825 et
3402 1763 3490 1825 ita
3527 1780 3654 1824 non
3693 1768 3790 1823 est
3825 1760 3954 1823 nisi

846 1861 1111 1925 bitatem
1176 1862 1880 1944 supererogationisque
1937 1879 2128 1943 opera
2191 1880 2342 1943 sup·
2380 1862 2428 1923 B
2458 1860 2708 1923 macula
2755 1868 2946 1943 atque
3005 1860 3394 1924 deformitas.
3450 1861 3541 1923 Ex
3599 1878 3728 1942 quo
3786 1860 3957 1921 ultra

849 1960 1115 2044 pleatur.
1156 1961 1295 2025 Non
1338 1962 1510 2024 enim
1564 1960 1855 2024 sacerdos
1898 1960 2155 2042 penitus
2198 1976 2342 2023 con·
2457 1957 2781 2040 probatur,
2829 1958 2999 2041 quod
3041 1958 3288 2021 macula
3333 1976 3462 2021 non
3511 1958 3592 2021 sit
3640 1958 3795 2041 quid
3846 1976 3958 2039 po-

848 2067 1129 2121 summat
1182 2059 1673 2131 absolutionem,
1724 2058 1835 2120 sed
1896 2058 1960 2119 in
2019 2066 2232 2140 parte;
2284 2065 2349 2120 et
2455 2057 2713 2119 si'tivum
2757 2057 2822 2119 in
2877 2057 3118 2136 anima3
3163 2065 3229 2120 et
3269 2057 3440 2132 item,
3482 2057 3645 2139 quod
3688 2064 3957 2139 peccato

850 2164 1161 2238 quantum
1189 2157 1267 2220 ad
1310 2157 1485 2219 illam
1520 2164 1789 2239 partem,
1824 2156 2142 2239 poenitens
2179 2156 2345 2219 solu·
2455 2156 2738 2229 remiss0‚
2801 2173 2927 2219 non
2986 2163 3239 2219 maneat
3298 2155 3364 2217 in
3429 2156 3642 2219 anima
3703 2156 3957 2217 macula

844 2261 949 2317 tus
978 2263 1076 2318 est
1105 2256 1171 2317 in
1202 2255 1382 2319 coelo.
1402 2255 1738 2337 Quumque
1769 2255 1835 2317 in
1863 2254 2017 2316 ficte
2045 2254 2350 2317 acceden-
2454 2254 2686 2336 aliqua.

850 2360 916 2415 te
957 2354 1118 2415 nihil
1162 2354 1555 2418 inchoaverit
1590 2353 1919 2428 DominuS,
1964 2352 2127 2415 nihil
2165 2352 2232 2415 in
2271 2371 2346 2416 eo

850 2460 1251 2515 consummat
1292 2453 1605 2517 sacerdos
2535 2450 2715 2515 Circa
2757 2451 2892 2515 haec
2939 2450 3164 2514 scribit
3200 2452 3641 2514 Bonaventura
3679 2451 3745 2515 in
3783 2472 3958 2534 quae—

927 2552 1233 2616 Praeterea
1262 2552 1314 2614 si
1345 2560 1686 2635 quaeratur,
1717 2572 1797 2615 an
1829 2552 2027 2615 clavis
2058 2561 2246 2628 erret,
2282 2552 2344 2614 id
2455 2548 2770 2612 stionibus
2819 2549 3044 2613 litterae
3081 2565 3094 2611 ε
3139 2550 3438 2624 Quamvis
3486 2558 3822 2633 peceatum
3868 2551 3958 2613 sit

848 2659 945 2713 est
985 2650 1227 2713 habens
1267 2650 1547 2729 clavem3
1585 2650 1749 2725 dico,
1784 2651 1952 2733 quod
1992 2650 2200 2733 quoad
2232 2650 2346 2712 ali·
2457 2667 2654 2712 unum
2706 2648 2771 2710 in
2821 2666 2910 2722 se,
2960 2655 3174 2711 tamen
3231 2648 3583 2711 secundum
3631 2649 3954 2711 diversam

846 2749 998 2832 quid
1038 2757 1227 2823 errat,
1260 2757 1324 2811 et
1351 2748 1558 2831 quoad
1595 2750 1838 2831 aliquid
1880 2767 2026 2811 non.
2061 2748 2219 2812 Nam
2250 2768 2346 2812 er·
2455 2747 3026 2810 considerationem
3067 2746 3188 2809 tria
3225 2747 3486 2809 sortitur
3520 2748 3856 2821 vocabula,
3888 2755 3958 2810 et

846 2854 943 2910 rat
972 2845 1327 2909 secundum
1358 2847 1711 2920 veritatem,
1746 2865 1872 2910 non
1914 2853 2083 2909 errat
2121 2865 2345 2909 secun·
2454 2846 2574 2908 hoc
2615 2864 2729 2928 per
2761 2845 3299 2927 comparationem
3338 2846 3416 2908 ad
3457 2854 3742 2909 nostrum
3777 2847 3956 2927 judi-

846 2946 1000 3007 dum
1038 2944 1264 3025 judicii
1297 2944 1680 3026 aequitatem.
1716 2945 1960 3027 Nempe
1989 2945 2344 3007 secundum
2455 2944 2628 3006 cium
2649 2943 2833 3024 :quia
2858 2942 3174 3024 judicium
3206 2951 3490 3007 nostrum
3517 2945 3957 3009 consideratur

848 3043 1159 3106 exteriora
1187 3043 1401 3125 ipsum
1427 3042 1716 3123 judicare
1746 3050 2026 3126 oportet:
2047 3044 2344 3126 quemad·
2382 3043 2426 3108 C
2457 3044 2666 3125 primo
2697 3060 2810 3123 per
2840 3042 3100 3104 modum
3131 3043 3616 3126 speculationis;
3645 3046 3954 3119 seeundo,

851 3142 1112 3205 modum
1156 3141 1353 3222 judex
1397 3141 1509 3223 qui
1560 3142 1748 3223 punit
1798 3142 2201 3205 innocentem
2254 3162 2346 3205 se·
2456 3149 2646 3224 prout
2675 3161 2742 3204 se
2772 3141 3056 3204 extendit
3083 3142 3163 3204 ad
3190 3141 3532 3222 affectum;
3563 3146 3772 3219 tertio,
3809 3164 3955 3227 pro-

850 3240 1131 3303 cundum
1175 3239 1441 3321 allegata
1477 3247 1541 3302 et
1579 3240 1862 3323 probata,
1892 3239 2063 3322 juste
2100 3239 2348 3322 judicat
2456 3247 2529 3301 ut
2575 3239 2860 3302 extendit
2908 3259 2975 3302 se
3024 3240 3100 3302 ad
3149 3238 3476 3304 effectum.
3525 3241 3956 3306 conformiter

848 3338 1201 3402 secundum
1245 3337 1471 3418 judicii
1522 3338 1909 3421 aequitatem,
1956 3356 2082 3402 non
2130 3347 2342 3402 tamen
2452 3338 2771 3418 judicium
2800 3337 2912 3400 Dei
2943 3338 3400 3421 omnipotentis
3433 3341 3554 3404 sub
3584 3341 3824 3425 triplici
3855 3362 3954 3404 ra-

844 3436 1091 3518 judicat
1126 3436 1298 3518 juste
1338 3439 1691 3500 secundum
1725 3438 2077 3501 veritatem.
2111 3475 2193 3484 —
2219 3440 2344 3502 Alii
2455 3437 2628 3498 tione
2675 3435 3110 3500 consideratur
3167 3445 3459 3520 respectu
3507 3441 3772 3522 peccati.
3822 3441 3954 3504 Pri-

850 3542 1179 3617 exponunt
1220 3534 1311 3597 sic
1347 3554 1361 3599 ε
1397 3535 1856 3618 Quodcumque
1900 3535 2196 3618 ligaveris
2245 3557 2346 3601 su·
2457 3552 2583 3608 mc,
2617 3553 2732 3617 per
2765 3535 3019 3598 modum
3059 3536 3511 3617 speculationis
3541 3555 3556 3600 ε
3589 3545 3653 3600 et
3684 3537 3770 3600 ita
3807 3559 3955 3622 pec-

846 3651 963 3714 per
1020 3639 1295 3707 terram,
1336 3633 1587 3714 supple,
1644 3634 1837 3714 juste,
1899 3642 2208 3716 quantum
2264 3637 2344 3698 ad
2455 3640 2668 3694 catum
2728 3640 2824 3695 est
2884 3633 3129 3695 macula
3187 3634 3328 3715 ejus
3375 3635 3639 3716 judicio,
3693 3647 3957 3720 propter

850 3737 1215 3812 utrumque,
1253 3738 1491 3813 utpote,
1532 3740 1843 3813 quantum
1882 3733 1961 3794 ad
2004 3733 2187 3795 illum
2231 3734 2340 3816 qui
2455 3731 2920 3813 turpitudinem
2967 3752 3156 3814 quam
3204 3734 3270 3794 in
3315 3751 3392 3797 eo
3434 3736 3810 3799 considerat.
3847 3739 3954 3801 Se-

850 3827 1023 3909 ligat,
1048 3834 1111 3889 et
1140 3836 1448 3910 quantum
1477 3829 1557 3891 ad
1590 3829 1774 3893 illum
1804 3830 1914 3912 qui
1945 3829 2194 3912 ligatur.
2221 3831 2341 3894 Sed
2456 3829 2666 3892 cundo
2709 3829 3144 3893 consideratur
3181 3831 3497 3911 judicium
3539 3834 3652 3897 Dei
3695 3835 3818 3898 sub
3859 3857 3956 3900 ra-

848 3925 1160 4008 expositio
1208 3926 1577 4009 aequipollet
1633 3928 2017 4010 praehabitae.
2071 3965 2153 3974 —
2199 3929 2343 3992 Haec
2455 3929 2628 3990 tione
2675 3927 2960 3990 affectivi
3015 3946 3029 3990 :
3082 3929 3304 4012 sicque
3362 3940 3695 4013 peccatum
3747 3943 3845 3997 est
3891 3937 3952 3999 ei

847 4022 1381 4086 Antisiodorensis
1415 4024 1479 4086 in
1511 4025 1791 4088 Summa.
1826 4026 1943 4100 Qui
1974 4026 2040 4088 in
2071 4026 2172 4089 his
2203 4046 2343 4090 sen·
2455 4025 2660 4098 foetor,
2710 4027 3012 4108 quoniam
3062 4027 3332 4090 affectus
3391 4028 3554 4093 bene
3601 4032 3953 4115 dispositus

849 4122 969 4184 tire
1000 4121 1273 4197 videtur,
1308 4123 1477 4204 quod
1514 4123 1611 4186 vis
1650 4123 1928 4186 clavium
1969 4143 2095 4186 non
2134 4143 2204 4187 se
2242 4144 2347 4188 ex·
2454 4125 2858 4187 abominatur
2895 4144 2968 4188 ac
2995 4121 3243 4208 'refugit
3284 4127 3463 4190 illud.
3497 4129 3730 4204 Terti0,
3761 4142 3955 4214 prout

850 4221 1067 4283 tendat
1114 4221 1236 4282 nisi
1280 4221 1357 4284 ad
1400 4221 1768 4303 temporalis
1818 4241 2023 4304 poenae
2069 4223 2347 4286 diminu-
2374 4229 2422 4290 D
2456 4223 2743 4306 procedit
2785 4223 2848 4285 in
2890 4222 3197 4287 effectum
3241 4225 3502 4290 ultionis
3537 4247 3551 4292 :
3585 4230 3766 4292 etita
3806 4251 3952 4314 pec-

850 4319 1089 4380 tionem
1125 4336 1139 4380 :
1174 4321 1342 4400 quod
1381 4326 1445 4382 et
1484 4319 1923 4384 Bonaventura
1966 4321 2240 4385 sensisse
2280 4323 2344 4384 in
2456 4327 2666 4383 catum
2708 4320 3066 4403 appellatur
3093 4321 3382 4385 debitum
3427 4327 3646 4390 mortis
3674 4338 3948 4396 aeternae.

591 4438 802 4493 p.sooc'.
854 4415 1069 4479 verbis
1114 4416 1365 4478 videtur
1390 4416 1793 4499 praehabitis.
1826 4418 1903 4481 Et
1946 4420 2169 4483 Scotus
2220 4439 2348 4484 mo·
2455 4419 2714 4493 RursuS,
2749 4427 3083 4501 peccatum
3115 4421 3550 4486 consideratur
3584 4445 3702 4507 per
3737 4448 3956 4512 respe-

855 4520 962 4576 vet
990 4513 1407 4594 quaestionem
1438 4515 1543 4577 hic
1573 4516 2060 4597 specialem‚alii
2090 4537 2346 4601 quoque
2456 4525 2628 4580 ctum
2661 4518 2740 4580 ad
2771 4536 2920 4580 eum
2952 4518 3018 4579 in
3050 4537 3179 4600 quo
3207 4529 3323 4596 est,
3351 4539 3542 4603 quem
3573 4525 3726 4605 quia
3755 4527 3959 4592 foedat

854 4611 1141 4674 doctores
1177 4628 1191 4672 :
1225 4612 1395 4675 unde
1435 4611 1515 4675 de
1556 4613 1677 4676 hoc
1720 4614 1885 4676 infra
1924 4615 2190 4678 dicetur.
2453 4623 2519 4679 et
2567 4616 2863 4690 maculat,
2915 4624 3088 4679 recte
3137 4619 3386 4682 macula
3437 4623 3842 4706 nominatum
3891 4637 3958 4691 et

2454 4732 2709 4776 rursum
2751 4714 2812 4776 in
2855 4723 3148 4796 respectu
3177 4717 3256 4778 ad
3287 4735 3437 4780 eum
3472 4719 3536 4782 in
3568 4723 3754 4803 quus
3793 4725 3955 4790 affe-

2455 4819 2562 4873 ctu
2610 4829 2736 4875 non
2787 4822 2903 4887 est,
2953 4821 3018 4876 et
3063 4814 3157 4877 sic
3205 4815 3439 4880 dicitur
3485 4818 3709 4900 foetor3
3757 4832 3824 4886 et
3871 4828 3951 4890 ad

2454 4911 2678 4984 Deum,
2710 4911 2930 4994 sicque
2960 4912 3290 4976 vinculum
3320 4917 3542 4980 mortis
3569 4927 3822 4986 aeternae
3849 4943 3958 4988 vo-

2453 5017 2650 5071 catur.
2690 5010 2862 5073 Unde
2907 5019 3080 5093 patet
3117 5013 3436 5094 quomodo
3475 5015 3688 5098 ipsum
3734 5039 3956 5102 pecca-

989 5101 1121 5164 Unc
1153 5100 1482 5183 quaeritur,
1516 5103 1721 5181 Quid
1759 5105 1869 5170 sit
1904 5105 2218 5171 macula
2255 5107 2342 5172 in
2454 5113 2589 5169 tum
2637 5114 2735 5170 est
2781 5109 3030 5172 macula
3086 5117 3277 5192 atque
3334 5130 3450 5192 per
3504 5117 3722 5195 gratiae
3781 5118 3952 5182 infu-

1014 5202 1303 5281 anima„
1334 5213 1436 5266 an
1474 5200 1786 5268 seilicet
1821 5204 1931 5269 sit
1965 5204 2141 5285 ipsa
2179 5205 2339 5271 oul-
2452 5205 2694 5268 sionem
2739 5205 3006 5268 deletur.
3041 5207 3363 5271 Interdum
3410 5213 3690 5276 carentia
3729 5219 3951 5296 gratiae

848 5314 971 5382 pa,
1015 5300 1098 5365 et
1138 5299 1209 5363 81
1257 5312 1441 5380 non,
1483 5312 1586 5365 an
1631 5299 1964 5367 dimisso
2010 5304 2338 5383 peccato
2450 5302 2685 5365 dicitur
2718 5305 2984 5379 macula,
3001 5324 3193 5387 quam
3224 5315 3469 5370 constat
3498 5310 3634 5373 tolli
3665 5332 3784 5394 per
3809 5335 3948 5396 gra-

1286 4882 1761 4956 QUAESTIO
1828 4884 1904 4947 II
