4267 6250
770 506 976 554 mauu
1019 505 1102 552 11⁸1„
1121 505 1416 564 Quanam·
1455 503 1608 552 naen
1649 503 1954 552 nmmum
1995 503 2191 551 smus
2232 496 2505 552 rumonu-
2543 501 2963 552 sannausmts
3340 484 3422 550 49

307 676 522 758 gelica
563 677 702 760 lege
743 675 1105 739 debuerunt
1139 675 1263 738 alia
1301 682 1697 738 sacramenta
1733 674 1826 737 in·
1851 674 1902 738 A
1929 694 2086 737 num
2117 674 2185 738 in
2216 692 2416 737 unum
2447 674 2690 737 cultum
2720 675 3011 738 divinum
3040 681 3104 738 et
3132 675 3199 739 in
3230 692 3430 738 unum

308 775 532 853 stitui3
567 774 1110 857 respondendum,
1143 774 1312 856 quod
1351 774 1574 837 eadem
1613 780 1711 836 est
1749 773 1824 835 l'i-

309 874 429 936 des
477 872 990 936 Christianorum
1043 880 1106 934 et
1155 872 1564 954 antiquorum
1613 889 1628 933 ε
1674 870 1826 953 quia

309 989 512 1052 quem
553 971 648 1033 illi
691 970 1040 1034 credebant
1071 978 1436 1044 venturum,
1470 987 1582 1033 nos
1624 969 1823 1032 credi-

309 1087 462 1130 mus
517 1067 656 1150 jam
705 1068 980 1131 venisse.
1037 1069 1372 1150 Quumque
1429 1074 1825 1130 sacramenta

310 1167 862 1250 correspondeant
898 1165 1052 1229 fidei
1094 1174 1392 1248 tanquam
1433 1165 1826 1248 protestatio-

311 1283 430 1328 nes
460 1265 692 1346 ipsiu3‚
726 1273 792 1326 et
821 1263 901 1326 ab
933 1282 1008 1326 ea
1035 1263 1338 1326 virtutem
1379 1281 1562 1325 suam
1592 1261 1826 1325 haben-

309 1362 423 1434 tia,
455 1369 714 1444 oportet
741 1361 912 1445 quod
955 1360 1122 1424 sicut
1146 1361 1396 1444 antiqui
1438 1367 1648 1443 patres
1685 1380 1826 1442 par-

307 1461 546 1543 ticipes
576 1461 734 1524 facti
775 1467 928 1524 sunt
957 1459 1414 1542 redemptionis
1446 1459 1677 1523 Christi
1709 1478 1826 1541 per

309 1566 720 1622 sacramenta
759 1578 902 1641 quae
941 1566 1122 1622 erant
1161 1559 1340 1640 signa
1378 1557 1602 1633 futuri,
1637 1557 1724 1620 ita
1758 1558 1824 1620 in

309 1675 432 1720 nos
481 1657 824 1740 perveniat
869 1656 1142 1720 effectus
1187 1677 1317 1720 suae
1365 1656 1824 1739 redemptionis

313 1775 432 1839 per
480 1762 887 1819 sacramenta
933 1775 1076 1838 quae
1127 1755 1256 1818 sint
1302 1756 1484 1837 signa
1529 1756 1623 1818 rei
1672 1774 1827 1837 prae-

1931 790 2165 836 nomen
2204 791 2369 836 verae
2410 773 2759 855 religioniS,
2806 781 2870 836 et
2908 780 3131 836 mutua
3172 790 3426 856 quoque

1931 871 2189 952 agnitio.
2242 870 2615 953 congruitas
2672 880 2887 935 autem
2945 870 3070 934 fuit
3124 889 3203 934 ex
3250 879 3430 954 parte

1934 969 2189 1044 medici,
2215 970 2515 1052 quoniam
2548 970 2881 1033 medicum·
2902 970 3015 1053 qui
3044 977 3141 1032 est
3170 970 3337 1032 Deus
3367 976 3433 1032 et

1933 1067 2146 1142 home,
2178 1068 2361 1130 decet
2402 1069 2722 1133 medicina
2764 1069 3097 1132 continens
3138 1068 3295 1151 quid
3338 1067 3431 1131 di-

1932 1165 2179 1239 vinum,
2229 1165 2529 1228 videlicet
2588 1165 2979 1228 invisibilem
3026 1165 3315 1247 gratiam,
3367 1172 3433 1228 et

1929 1261 2173 1344 aliquid
2221 1261 2597 1337 humanum,
2642 1271 2797 1346 puta
2842 1262 3165 1326 visibilem
3212 1261 3430 1343 gratiae

1931 1359 2245 1440 formam3
2286 1369 2474 1443 atque
2521 1379 2599 1424 ex
2647 1368 2826 1443 parte
2873 1360 3141 1434 infirmi,
3182 1359 3433 1423 scilicet

1932 1457 2234 1533 hominis,
2279 1457 2391 1539 qui
2438 1477 2639 1548 quum
2690 1465 2933 1521 constet
2981 1477 3059 1520 ex
3104 1457 3320 1521 anima
3366 1464 3432 1521 et

1933 1571 2220 1637 corpore,
2260 1562 2323 1618 et
2368 1557 2583 1618 anima
2625 1555 2689 1618 in
2740 1574 3003 1639 corpore
3051 1556 3256 1639 posita
3301 1573 3429 1620 non

1933 1655 2096 1720 bene
2125 1655 2336 1738 capiat
2364 1655 2721 1737 spiritualia
2750 1655 2871 1718 nisi
2910 1674 3026 1739 per
3054 1656 3427 1738 corporalia,

1933 1770 2287 1834 congruum
2320 1752 2443 1814 luit
2479 1753 2539 1816 ei
2580 1753 2715 1817 dari
2756 1753 3219 1816 medicamenta
3248 1754 3433 1836 spiri-

313 1855 542 1918 teritae.
575 1855 1056 1928 Verumtamen,
1089 1860 1161 1915 ut
1191 1853 1448 1916 divinus
1486 1853 1823 1936 Dionysius
1859 1859 1906 1923 Β
1932 1851 2132 1913 tualia
2178 1851 2245 1914 in
2293 1851 2729 1934 corporalibus
2778 1851 2993 1928 rebus,
3026 1853 3434 1935 quemadmo-

189 1983 252 2010 ,ι
315 1949 484 2014 libro
523 1951 606 2014 de
647 1951 1092 2014 Ecclesiastica
1131 1951 1412 2034 loquitur
1445 1950 1822 2024 hierarchia,

315 2057 522 2113 status
551 2067 736 2114 novae
777 2050 936 2131 legis
973 2049 1224 2112 medius
1261 2055 1358 2113 est
1395 2049 1561 2112 inter
1589 2056 1826 2112 statum

315 2148 556 2211 veteris
589 2148 979 2211 Testamenti
1009 2155 1370 2230 statumque
1401 2148 1638 2230 patriae.
1664 2147 1826 2210 Hinc

315 2265 390 2308 ea
438 2265 587 2328 quae
631 2263 814 2310 novae
855 2255 1006 2309 sunt
1052 2247 1230 2329 legis,
1263 2254 1414 2310 sunt
1454 2247 1686 2310 veritas
1733 2264 1827 2309 re-

314 2351 542 2426 spectu
612 2345 944 2426 signorum
1003 2344 1239 2407 veteris
1296 2344 1701 2418 Testamenti,
1761 2351 1826 2406 et

315 2449 466 2504 sunt
513 2441 748 2524 figurae
795 2459 1019 2505 eorum
1066 2460 1208 2524 quae
1259 2450 1409 2505 sunt
1454 2443 1520 2504 in
1570 2441 1820 2525 patria:

317 2539 460 2604 ideo
501 2540 570 2603 in
613 2558 778 2604 nova
820 2540 960 2622 lege
995 2539 1225 2622 aliquae
1266 2546 1522 2603 manent
1561 2538 1822 2621 figurae3

317 2638 384 2701 in
427 2638 638 2722 patria
685 2657 835 2702 vero
881 2638 992 2701 ubi
1040 2638 1256 2702 omnia
1293 2645 1484 2702 erunt
1531 2656 1825 2701 consum-

319 2745 510 2811 mata,
560 2737 792 2818 figurae
839 2737 1104 2800 omnino
1152 2737 1510 2800 cessabunt.
1553 2773 1635 2783 —
1681 2737 1826 2801 Haec

317 2836 591 2900 Thomas
637 2835 705 2898 in
747 2835 1019 2919 Scripto.

398 2935 544 2999 Haec
575 2935 800 2998 eadem
840 2934 1066 2997 scribit
1097 2934 1161 2996 in
1201 2934 1389 2996 tertia
1427 2942 1627 3017 parte,
1661 2953 1828 3016 quae-

1934 1952 2088 2013 dum
2119 1950 2355 2033 pluviae
2386 1951 2616 2014 dantur
2644 1951 2711 2015 in
2740 1951 2991 2014 nebula.
3007 1952 3255 2015 Talium
3284 1970 3433 2016 vero

1934 2049 2548 2113 medicamentorum
2576 2050 2751 2114 nulla
2780 2049 2899 2114 fuit
2924 2051 3289 2127 necessitas,
3302 2051 3435 2116 nul·

1937 2149 1994 2210 la
2033 2148 2298 2224 utilitaS,
2331 2149 2509 2211 nulla
2546 2151 2906 2232 congruitas
2946 2151 3011 2213 in
3052 2158 3219 2214 statu
3252 2151 3433 2214 inno-

1935 2248 2182 2322 centiae,
2215 2247 2519 2330 quoniam
2548 2249 2763 2311 nullus
2796 2249 3094 2329 morbus;
3126 2267 3335 2332 neque
3365 2250 3433 2311 in

1936 2345 2161 2426 patria,
2194 2345 2345 2426 quia
2383 2345 2851 2428 perfectissima
2888 2345 2979 2409 ibi
3019 2355 3117 2409 est
3152 2346 3431 2426 sanitas;

1935 2443 2047 2505 sed
2077 2443 2143 2505 in
2173 2450 2305 2505 toto
2334 2450 2621 2526 tempore
2652 2443 3031 2507 intermedio
3068 2444 3333 2527 triplici,
3367 2444 3432 2507 id

1935 2548 2032 2602 est
2073 2558 2087 2603 ε
2130 2540 2199 2603 in
2247 2548 2413 2604 statu
2456 2541 2610 2622 legis
2659 2541 2985 2617 naturaliS,
3029 2549 3290 2625 propter
3338 2543 3432 2604 in—

1937 2638 2323 2720 digentiam3
2375 2639 2441 2702 in
2500 2647 2665 2702 statu
2723 2639 2879 2722 legis
2938 2642 3191 2722 scriptae
3237 2641 3434 2704 etiam

1937 2744 2199 2820 propter
2242 2738 2567 2819 religionis
2610 2738 3040 2819 consortium3
3082 2746 3145 2801 et
3188 2739 3255 2802 in
3296 2739 3433 2821 lege

1937 2835 2289 2918 Evangelii,
2323 2843 2583 2919 propter
2612 2843 2977 2919 utrumque.
3010 2838 3154 2901 Haec
3190 2838 3431 2901 Petrus.
3515 2874 3526 2883 ·

2016 2934 2207 2998 Porro
2265 2933 2643 2997 Guillelmus
2702 2935 2769 2997 in
2824 2953 2941 2998 suo
2999 2936 3433 2999 Sacramenta-

321 3035 526 3096 stione
555 3032 955 3114 sexagesima
991 3033 1215 3115 prima.
1251 3034 1320 3095 In
1360 3032 1596 3114 quibus
1627 3032 1826 3096 conti·
1862 3037 1906 3101 C
1939 3032 1980 3094 li
2018 3050 2032 3094 z
2068 3032 2431 3115 Congruum
2462 3032 2727 3115 (inquit)
2755 3033 2880 3096 fuit
2918 3041 2990 3096 ut
3016 3041 3435 3098 sacramenta-

321 3139 555 3195 neutur
583 3150 729 3215 quse
757 3131 1077 3205 Albertus,
1099 3132 1340 3206 PetruS,
1359 3131 1729 3207 RicharduS,
1748 3132 1826 3195 de

323 3230 438 3293 hac
481 3230 904 3294 conscribunt
945 3231 1228 3293 materia.

397 3330 698 3391 Attamen
729 3328 950 3391 Petrus
994 3328 1246 3410 plenius
1285 3329 1365 3391 de
1403 3328 1613 3391 causis
1647 3327 1825 3390 insti-

325 3412 588 3489 tutio'nis
620 3432 1163 3489 sacramentorum
1197 3426 1462 3508 loquens
1497 3444 1511 3488 ε
1545 3426 1822 3508 Triplex,

327 3524 552 3606 inquit,
587 3530 799 3606 potest
836 3542 976 3587 esse
1018 3542 1208 3586 causa
1249 3522 1666 3586 institutionis
1709 3524 1821 3586 rei.

325 3621 532 3683 Prima
577 3628 678 3683 est
725 3622 1092 3695 necessitas,
1129 3629 1198 3683 ut
1244 3620 1542 3684 formatio
1589 3620 1826 3703 princi-

327 3719 567 3801 palium
616 3718 1057 3783 membrorum
1106 3719 1172 3781 in
1221 3737 1502 3801 corpore.
1538 3719 1826 3782 Secunda

327 3817 586 3892 utilitas,
623 3825 696 3880 ut
737 3816 1122 3880 officialium
1165 3818 1588 3900 quorumdam
1633 3835 1828 3879 meru-

329 3915 610 3979 brorum.
646 3915 856 3978 Tertia
903 3916 1288 3997 congruitaS,
1328 3924 1399 3978 ut
1447 3915 1826 3999 capillorum

330 4014 392 4078 in
449 4015 685 4097 capite,
738 4013 1140 4096 uberumque
1190 4013 1364 4077 virili
1421 4014 1486 4077 in
1545 4022 1822 4097 pectore.

327 4113 506 4177 Nulla
551 4121 774 4176 autem
832 4112 957 4175 fuit
1003 4113 1350 4176 necessitas
1407 4112 1826 4176 institutionis

1937 3131 2028 3194 les
2059 3130 2599 3193 sanctificationes
2630 3131 2749 3193 sub
2784 3131 3199 3195 sensibilibus
3232 3132 3433 3215 signis

1935 3237 2333 3312 praestentur.
2368 3228 2601 3304 Primo,
2643 3237 2903 3312 propter
2940 3231 3430 3314 suscipientium

1935 3328 2383 3402 eruditionem,
2423 3327 2589 3389 sicut
2630 3329 2989 3410 expositum
3038 3336 3150 3392 est.
3195 3330 3429 3393 Secun-
3460 3352 3724 3411 cs.p.⁴sa·.

1934 3428 2036 3501 do,
2088 3432 2349 3508 propter
2394 3426 2848 3507 gratitudinem
2900 3428 3319 3503 excitandam,
3367 3436 3433 3491 et

1935 3524 2339 3587 devotionem
2372 3524 2773 3586 causandam.
2810 3525 2961 3599 Quis
2990 3526 3163 3589 enim
3191 3527 3273 3589 ad
3300 3535 3431 3589 tam

1934 3621 2259 3696 sublimia,
2293 3629 2357 3685 et
2385 3641 2422 3683 a
2451 3622 2585 3685 suis
2624 3622 2868 3685 meritis
2898 3630 3027 3686 tam
3068 3633 3310 3688 remota
3338 3645 3433 3689 sa-

1934 3728 2401 3783 cramentorum
2432 3719 3291 3795 charismata,liberalissima
3319 3724 3433 3788 Dei

1935 3819 2172 3900 pietate
2218 3819 2428 3882 vocari
2478 3825 2543 3880 et
2583 3819 2823 3881 assumi
2866 3837 2935 3881 se
2984 3838 3271 3895 cernenS,
3304 3838 3435 3883 non

1935 3918 2228 4000 protinus
2262 3918 2328 3979 in
2358 3918 2590 3980 divinae
2619 3915 2919 3980 bonitatis
2948 3918 3434 3982 admirationem

1935 4023 1999 4079 et
2049 4016 2267 4080 laudes
2316 4018 2654 4098 erumpat?
2688 4015 3061 4079 Sublimitas
3108 4024 3324 4080 autem
3372 4026 3437 4081 et

1935 4115 2236 4179 nobilitas
2291 4115 2601 4178 donorum
2657 4114 3049 4195 hujusmodi,
3102 4116 3435 4199 potissime

329 4218 902 4276 sacramentorum:
922 4228 1042 4275 nec
1072 4230 1153 4274 ex
1182 4219 1359 4294 parte
1391 4211 1646 4286 medici,
1673 4212 1824 4295 quia
1854 4213 1905 4276 D
1937 4214 2278 4277 innotescit
2307 4212 2641 4277 hominum
2673 4214 3116 4277 communitati
3148 4233 3263 4297 per
3292 4234 3433 4279 sen·

330 4309 506 4372 aliter
532 4308 745 4392 potuit
772 4306 1101 4372 hominem
1132 4325 1393 4388 curare3
1426 4326 1544 4371 nec
1573 4326 1653 4371 ex
1683 4328 1826 4390 par-

333 4416 394 4470 te
419 4408 655 4490 aegroti,
688 4407 996 4490 quoniam
1034 4406 1220 4469 aliter
1249 4407 1457 4489 potuit
1485 4426 1522 4469 a
1561 4407 1689 4471 Deo
1717 4425 1824 4469 cu·

333 4507 734 4571 rari.Utilitas
766 4522 918 4569 vero
944 4504 1070 4567 fuit
1099 4522 1227 4568 non
1255 4524 1336 4568 ex
1364 4512 1540 4588 parte
1573 4506 1823 4581 medici,

336 4607 440 4688 qui
480 4607 716 4670 nostris
758 4623 890 4668 non
931 4604 1194 4687 indiget,
1226 4606 1337 4668 sed
1375 4622 1452 4667 ex
1493 4612 1672 4688 parte
1716 4624 1826 4669 no-

337 4706 462 4767 stri.
513 4705 590 4767 Et
638 4703 774 4769 haec
822 4702 948 4766 ruit
993 4704 1230 4786 duplex
1279 4704 1346 4765 in
1392 4722 1644 4785 genere.
1695 4706 1828 4769 Una

336 4804 592 4884 privata,
613 4808 908 4886 respectu
941 4802 1288 4883 cujuslibet
1316 4802 1656 4884 singularis
1689 4822 1828 4885 per-

337 4919 498 4967 sonae
530 4921 546 4965 z
577 4921 772 4985 quam
805 4901 911 4963 hic
941 4901 1264 4983 triplicem
1295 4902 1476 4985 ponit
1507 4903 1822 4984 Magister,

341 5000 630 5064 videlicet
656 5000 1535 5075 humiliationis,eruditionis
1565 5009 1630 5065 et
1658 5021 1828 5065 exer·

343 5098 670 5173 citationis,
703 5098 896 5161 salvis
941 5098 1084 5161 aliis
1131 5098 1370 5161 multis,
1404 5100 1618 5162 Altera
1657 5116 1827 5163 com-

343 5197 569 5271 munis,
591 5203 886 5280 respectu
916 5196 1110 5259 totius
1137 5198 1391 5278 generis
1418 5197 1683 5261 humani
1713 5218 1827 5262 seu

343 5295 700 5378 reipublicae
725 5295 964 5359 divinae
988 5312 1002 5357 ε
1027 5295 1146 5359 hoc
1176 5302 1274 5359 est
1299 5297 1600 5362 adunatio
1627 5298 1830 5361 homi-

590 5431 652 5482 Τ.
687 5432 770 5482 24.

1936 4312 2151 4375 sibilia
2207 4311 2403 4392 signa.
2458 4311 2689 4386 Tertio,
2741 4319 3001 4395 propter
3047 4311 3435 4379 humiliatio-

1937 4429 2108 4486 nem,
2144 4418 2213 4473 ut
2249 4417 2490 4472 tactum
2530 4416 2646 4484 est,
2679 4417 2743 4473 et
2781 4410 2973 4473 etiam
3014 4418 3085 4473 ut
3120 4411 3312 4476 homo
3354 4433 3433 4479 ex

1938 4510 2444 4574 consideratione
2474 4517 2603 4572 tam
2635 4510 3215 4592 supernaturalium
3244 4512 3435 4577 bene-

1937 4608 2237 4672 ficiorum
2286 4627 2354 4671 se
2403 4608 2604 4690 magis
2652 4608 3025 4691 vilipendat,
3062 4616 3127 4673 et
3174 4611 3242 4675 in
3290 4631 3433 4695 pro·

1936 4707 2143 4790 priam
2176 4706 2418 4769 resiliat
2454 4705 2853 4789 parvitatem,
2888 4726 3007 4772 nec
3045 4710 3287 4792 aliquid
3328 4711 3438 4775 ho-

1941 4825 2082 4868 rum
2123 4805 2257 4869 suis
2300 4804 2539 4867 tribuat
2582 4805 2845 4870 meritis.
2882 4806 3133 4883 Quart0,
3175 4818 3437 4892 propter

1937 4904 2233 4967 fidelium
2272 4888 2845 4968 confirmationem.
2889 4906 3039 4980 Quis
3076 4908 3250 4970 enim
3292 4908 3434 4972 tali—

1937 5012 2034 5066 ter
2066 5022 2135 5066 se
2177 5010 2493 5067 sacratum
2532 5011 2596 5066 et
2632 5004 3103 5067 sanctificatum
3144 5008 3434 5071 mentali—

1937 5110 2035 5165 ter
2081 5102 2318 5177 credat,
2351 5109 2416 5165 et
2459 5120 2587 5166 non
2630 5120 2708 5165 ex
2746 5103 2867 5166 hoc
2910 5112 3127 5166 contra
3173 5123 3434 5171 omnem

1938 5201 2414 5265 immunditiam
2444 5201 2895 5264 excandescat?
2915 5203 3065 5276 Quis
3095 5203 3432 5269 inunctum

1937 5300 2004 5363 in
2033 5316 2249 5381 regem
2280 5317 2349 5362 se
2378 5300 2636 5374 recolat,
2668 5306 2733 5362 et
2761 5317 2889 5365 non
2920 5318 3067 5365 mox
3097 5310 3316 5368 contra
3344 5304 3435 5369 vi-

3151 5439 3182 5491 4
