4267 6250
813 452 932 498 PER
971 451 1104 508 011AE
1144 450 1346 498 VERBA
1387 450 1605 498 Almus
1645 450 2036 498 nxrnntssun
2077 451 2608 499 SUPERNATURALIS
2650 451 2984 502 commisto

3324 433 3449 498 295

331 618 714 701 significans
745 638 874 684 non
913 621 1308 684 identitatem
1337 639 1458 683 nec
1497 617 1845 683 innovatio-
1868 617 1921 680 A
1953 638 2185 702 corpus
2224 620 2643 696 dominicum,
2676 622 2844 704 quod
2888 621 3147 686 advenit
3182 620 3273 683 ibi
3316 639 3443 685 non

331 736 484 780 nem
515 738 636 782 nec
677 719 1144 784 ordinationem
1186 719 1562 792 naturalem,
1597 718 1708 782 sed
1749 735 1844 780 so·

330 815 470 878 lum
509 818 1023 891 conversionem,
1055 835 1202 879 cum
1243 817 1692 900 praepositione
1725 817 1839 879 im·

331 923 628 996 portante
660 934 790 979 non
814 935 1072 979 causam
1101 916 1213 978 sed
1251 915 1592 978 transitum
1626 933 1640 976 :
1675 915 1843 978 sicut

329 1013 490 1074 dum
538 1013 802 1087 dicitur,
832 1012 1017 1077 Panis
1058 1013 1452 1077 convertitur
1494 1014 1560 1076 in
1609 1031 1842 1097 corpus

332 1110 591 1173 Christi.
629 1111 773 1175 Haec
801 1112 1262 1174 Bonaventura.
1294 1147 1376 1158 -—-
1404 1112 1576 1175 Idem
1608 1112 1842 1192 Argen·

335 1209 610 1272 tinensis
655 1218 721 1273 et
759 1211 1002 1273 ScotuS.

419 1309 750 1382 Praeterea,
801 1307 972 1372 circa
1008 1308 1144 1372 haec
1189 1307 1412 1371 scribit
1461 1307 1840 1371 Guillelmus

337 1407 404 1468 in
449 1425 570 1469 suo
613 1406 1070 1470 sacramentali
1107 1425 1120 1468 ε
1153 1407 1222 1469 In
1267 1406 1388 1469 hoc
1436 1407 1844 1469 Sacramento

335 1505 578 1581 altaris,
613 1505 757 1587 ipse
791 1505 974 1587 panis
1011 1505 1158 1568 vitae
1199 1525 1236 1568 a
1278 1504 1583 1568 fidelibus
1621 1504 1846 1586 quaeri·

339 1612 464 1678 tur,
499 1611 572 1666 ut
613 1603 890 1686 ipsemet
925 1620 1034 1666 eos
1074 1621 1142 1666 se
1175 1605 1312 1685 ipso
1352 1602 1619 1677 reficiat,
1653 1611 1844 1684 atque

339 1703 626 1783 ipsorum
661 1701 1018 1764 visceribus
1053 1701 1192 1784 ipse
1233 1702 1552 1765 inhaereat.
1589 1701 1678 1763 Ex
1716 1719 1845 1783 quo

1949 738 2065 801 per
2102 720 2479 783 descensum
2520 727 2630 782 aut
2669 738 2992 784 recessum
3035 740 3074 783 a
3121 720 3303 795 coe10,
3338 739 3445 783 ne-

1951 836 2076 898 que
2105 837 2221 900 per
2248 818 2528 900 aliquem
2559 826 2804 881 motum
2841 818 3130 894 localem,
3164 819 3273 882 sed
3304 817 3445 880 abs-

1950 933 2074 996 que
2132 915 2232 978 sui
2292 916 2641 980 mutatione
2703 916 2933 999 incipit
2988 916 3077 979 ibi
3135 935 3275 980 esse
3331 934 3446 998 per

1950 1014 2721 1079 transsubstantiationem
2751 1015 3121 1079 substantiae
3154 1015 3335 1098 panis
3375 1015 3443 1076 in

1950 1111 2188 1194 ipsum,
2220 1114 2573 1176 secundum
2623 1114 3085 1197 expositionem
3134 1112 3443 1196 praehabi·
3497 1133 3719 1186 queam.

1950 1218 2100 1272 tam.
2134 1212 2509 1294 Quanquam
2540 1213 2761 1277 doctor
2790 1212 3089 1295 praefatus
3124 1212 3188 1274 in
3220 1212 3445 1275 eodem

1951 1308 2116 1371 libro
2164 1309 2315 1372 hinc
2356 1311 2503 1374 inde
2540 1312 2755 1394 aliqua
2792 1311 3028 1375 scribat
3073 1331 3213 1394 quae
3250 1311 3451 1374 alium

1953 1408 2214 1471 modum
2248 1416 2313 1471 et
2340 1409 2531 1471 aliam
2560 1429 2816 1473 causam
2853 1411 3203 1493 praesentiae
3233 1428 3453 1492 corpo·

1953 1506 2040 1568 ris
2081 1507 2312 1570 Christi
2354 1508 2417 1570 in
2459 1509 2866 1572 Sacramento
2902 1509 3120 1572 altaris
3158 1508 3456 1572 videntur

1955 1604 2371 1685 praetendere,
2404 1605 2571 1667 sicut
2600 1605 2753 1668 dum
2793 1606 2882 1668 ait
2914 1623 2927 1668 :
2961 1605 3119 1679 Quia
3148 1623 3297 1687 ergo
3328 1624 3455 1668 non

1957 1721 2071 1784 per
2102 1702 2385 1764 medium
2418 1703 2597 1784 quasi
2629 1704 2993 1767 transiliens
3021 1712 3135 1766 aut
3172 1711 3457 1768 transvo-

337 1807 626 1882 apparet‚
676 1799 1099 1863 substantiam
1148 1801 1330 1882 panis
1384 1799 1730 1863 materialis
1777 1799 1842 1861 in
1880 1802 1928 1864 B
1958 1800 2095 1862 lans
2135 1800 2215 1863 de
2251 1801 2433 1863 altari
2475 1800 2542 1863 in
2582 1802 2799 1876 altare,
2832 1802 2931 1864 vel
2964 1801 3029 1864 in
3060 1802 3230 1865 aliud
3264 1804 3458 1886 quod-

339 1906 742 1961 sacramento
771 1906 913 1980 post
949 1899 1294 1961 adventum
1335 1899 1610 1961 coelestis
1651 1917 1723 1960 ac
1753 1898 1844 1960 vi-

339 1995 516 2058 vifici
551 1997 742 2078 panis
781 1995 1146 2058 nullatenus
1186 2014 1534 2059 remanere.
1569 1995 1844 2076 Dignum

343 2095 583 2176 quippe
625 2102 692 2156 et
726 2094 970 2175 justum
1013 2101 1130 2168 est,
1165 2102 1252 2157 ut·
1272 2093 1650 2157 adveniente
1693 2112 1846 2156 vero

341 2201 400 2256 et
427 2192 701 2255 vivifico
743 2210 928 2274 pane,
963 2191 1146 2254 cedat
1173 2191 1232 2254 ei
1276 2192 1620 2254 materialis
1654 2211 1729 2254 ac
1760 2192 1851 2253 vi—

340 2290 545 2354 sibilis
577 2290 767 2372 panis
797 2288 1173 2364 substantia,
1206 2298 1270 2352 et
1300 2291 1551 2353 recedat
1579 2290 1660 2352 ab
1689 2290 1850 2353 acci-

343 2389 644 2453 dentibus
675 2397 741 2452 et
769 2409 808 2451 a
835 2387 1041 2453 forma
1069 2409 1182 2452 sua
1209 2388 1850 2470 visibili,relinquens

345 2507 478 2551 eam
529 2488 696 2550 tanti
743 2487 1100 2552 ministerio
1141 2487 1542 2550 sacramenti.
1579 2487 1708 2550 Nec
1756 2495 1852 2548 est

345 2595 562 2650 contra
603 2596 898 2651 naturam
940 2587 1072 2650 ullo
1113 2587 1322 2660 mod0,
1355 2587 1464 2649 sed
1501 2586 1752 2668 justitia
1789 2593 1854 2648 et

344 2687 442 2766 jus
493 2685 837 2759 CreatoriS,
889 2693 960 2746 ut
1007 2685 1067 2747 ei
1121 2684 1485 2746 advenienti
1542 2684 1848 2747 honorem

345 2784 588 2848 deferat
621 2791 928 2858 creatura,
944 2783 1242 2847 videlicet
1271 2783 1469 2865 paniS,
1482 2783 1851 2864 relinquens

347 2883 399 2946 ei
433 2883 700 2966 penitus
731 2882 943 2944 locum
983 2901 1191 2944 suum.
1227 2881 1358 2943 Hoc
1394 2881 1499 2962 pia
1529 2889 1594 2944 et
1621 2883 1852 2944 veridi-

1958 1918 2257 1981 cumque,
2291 1907 2401 1961 aut
2440 1919 2477 1962 a
2516 1900 2676 1963 solio
2723 1900 2939 1982 gloriae
2982 1919 3112 1963 suae
3155 1901 3457 1964 desiliens

1957 1997 2022 2058 in
2055 1996 2271 2059 omnia
2300 1997 2543 2071 altaria,
2570 1997 2970 2080 praesentiam
3004 2017 3135 2062 suae
3167 1998 3457 2061 humani-

1958 2094 2103 2157 tatis
2134 2094 2415 2169 exbibet,
2450 2095 2560 2158 sed
2600 2095 2736 2158 solo
2777 2096 3047 2178 imperio
3083 2115 3157 2159 ac
3193 2116 3323 2161 suae
3352 2096 3457 2160 be-

1958 2193 2276 2275 neplacito
2313 2194 2682 2269 voluntatis,
2716 2194 2820 2256 cui
2865 2213 3116 2257 summa
3155 2194 3458 2276 subJecti-

1956 2309 2078 2354 one
2107 2291 2325 2354 obedit
2355 2310 2585 2375 corpus
2616 2293 2857 2375 ipsius3
2890 2293 3102 2356 subito
3128 2301 3193 2356 et
3222 2293 3287 2356 in
3317 2293 3459 2376 ipso

1959 2410 2159 2460 nune,
2193 2389 2304 2452 ubi
2335 2390 2495 2464 vult,
2528 2398 2626 2453 est
2655 2408 2887 2473 corpus
2917 2391 3081 2472 ejuS,
3114 2409 3241 2454 non
3276 2411 3457 2454 suam

1961 2508 2235 2570 sequens
2269 2497 2584 2564 naturam,
2619 2490 2727 2552 sed
2759 2488 3232 2572 beneplacitum
3264 2489 3461 2573 impe-

1961 2587 2177 2649 rantis.
2212 2587 2485 2650 Exhibet
2526 2605 2675 2668 ergo
2720 2587 2875 2649 illud
2920 2587 2984 2649 in
3030 2587 3327 2650 manibus
3366 2609 3460 2651 sa·

1962 2685 2291 2747 cerdotum
2342 2684 2585 2767 absque
2634 2685 3039 2748 successione
3086 2685 3346 2761 motiva,
3398 2695 3463 2750 et

1962 2782 2110 2844 inde
2156 2783 2426 2845 assumit
2468 2783 2627 2845 illud
2677 2783 2743 2845 in
2793 2783 3027 2846 coelum
3074 2782 3318 2866 absque
3368 2802 3462 2847 re-

1962 2899 2147 2943 cessu
2206 2880 2463 2944 motivo.
2519 2880 2696 2944 Sicut
2751 2881 2924 2944 enim
2976 2881 3266 2944 voluntas
3319 2881 3463 2964 ejus

347 3001 414 3044 ca
443 2989 624 3044 tenet
652 2981 679 3042 l'
683 2980 832 3042 ides.
852 2980 928 3042 Et
958 2979 1091 3042 haec
1121 2987 1220 3042 est
1249 2979 1517 3042 intentio
1548 2997 1660 3042 seu
1693 2980 1851 3043 ratio
1880 2979 1924 3043 C
1961 2978 2175 3041 subita
2204 2988 2301 3042 est
2328 2987 2393 3042 et
2421 2986 2551 3042 tota
2588 2979 2803 3054 simul,
2838 2980 2929 3042 sic
2968 2969 3369 3062 praesentatio
3398 2986 3463 3042 et

349 3078 1102 3153 transsubstantiationiS,
1156 3079 1292 3161 ipse
1350 3078 1650 3141 transitus
1707 3079 1854 3142 sub—

346 3180 593 3243 stantiae
627 3179 812 3261 panis
841 3177 1182 3241 materialis
1211 3177 1485 3240 visibilis
1515 3177 1597 3240 ob
1627 3178 1852 3241 adven-

345 3286 478 3340 tum
513 3276 764 3340 vivifici
795 3277 994 3359 panis,
1007 3277 1246 3339 salvata
1278 3275 1475 3339 forma
1502 3283 1566 3339 et
1595 3276 1853 3339 veritate

347 3375 778 3439 accidentium
835 3375 913 3437 ad
969 3374 1399 3436 ministerium
1448 3376 1846 3437 sacramenti.

346 3473 478 3536 Non
510 3472 688 3536 enim
723 3480 932 3554 potest
958 3472 1086 3534 dici
1115 3471 1438 3552 generatio
1466 3470 1712 3534 vivifici
1745 3491 1851 3553 pa-

349 3573 444 3634 nis
489 3570 638 3633 fieri
679 3570 792 3643 ibi,
835 3589 1036 3653 quum
1077 3570 1209 3651 jam
1251 3576 1397 3631 ante
1436 3569 1853 3633 consecratio-

349 3688 494 3731 nem
527 3670 613 3730 sit
642 3667 826 3749 panis
857 3668 966 3731 ille
999 3669 1066 3731 in
1096 3688 1166 3731 se
1196 3668 1428 3731 illaesus
1458 3685 1532 3729 ac
1565 3667 1849 3749 integer3

350 3788 558 3850 neque
618 3767 944 3849 corruptio
992 3767 1175 3849 panis
1233 3766 1600 3842 materialis,
1650 3785 1848 3848 quum

349 3867 486 3946 ejus
535 3866 744 3929 forma
786 3865 1221 3929 substantialis
1263 3865 1352 3927 ibi
1395 3884 1521 3927 non
1577 3872 1848 3940 maneat,

349 3966 456 4027 sed
513 3964 766 4028 desinat
822 3982 984 4037 esse,
1038 3964 1296 4026 materia
1347 3982 1603 4046 quoque
1648 3964 1850 4047 ipsius

351 4063 532 4145 panis
575 4061 847 4125 formam
888 4062 1068 4144 panis
1109 4063 1254 4125 vitae
1296 4079 1423 4124 non
1471 4062 1713 4137 induat,
1747 4082 1852 4125 ne-

1960 3077 2317 3143 absentatio
2375 3077 2661 3161 corporis
2718 3078 2817 3141 sui
2877 3078 3103 3143 subitae
3165 3087 3336 3153 sunt,
3397 3085 3463 3141 et

1962 3184 2231 3259 utraque
2270 3185 2397 3241 tota
2439 3177 2631 3240 simul
2677 3197 2793 3261 per
2832 3196 2919 3240 se.
2953 3178 3262 3251 Quoniam
3310 3196 3459 3259 ergo

1960 3295 2038 3338 ex
2087 3275 2221 3339 sola
2269 3275 2595 3338 voluntate
2644 3276 2873 3338 animae
2924 3275 3295 3357 imperantis
3350 3283 3460 3337 aut

1959 3373 2151 3435 Verbi
2180 3374 2423 3447 aeterni,
2443 3380 2507 3435 et
2536 3392 2939 3455 nequaquam
2971 3392 3048 3435 ex
3078 3380 3303 3435 natura
3332 3391 3460 3437 cor-

1961 3472 2552 3555 poriS,acquirenda
2582 3479 2733 3534 sunt
2761 3472 3131 3554 hujusmodi
3164 3472 3301 3535 loca
3327 3491 3460 3535 cor-

1963 3571 2100 3654 pori
2144 3571 2399 3645 Christi,
2433 3570 2843 3633 manil'estum
2884 3579 2981 3633 est
3018 3571 3189 3653 quod
3227 3588 3461 3653 corpus

1963 3670 2121 3732 illud
2153 3668 2442 3751 sequitur
2470 3669 2860 3732 voluntatem
2901 3669 3299 3752 imperantis,
3333 3688 3461 3734 non

1963 3768 2285 3851 propriam
2336 3786 2515 3829 suam
2566 3774 2895 3845 naturam;
2927 3774 2991 3827 et
3034 3774 3295 3849 propter
3341 3768 3461 3831 hoc

1963 3865 2221 3928 exhibet
2264 3864 2664 3946 praesentiam
2705 3883 2907 3937 suam,
2942 3864 3336 3947 ubicumque
3363 3865 3461 3946 ju-

1961 3964 2151 4026 betur
2180 3971 2243 4025 et
2271 3969 2885 4045 quantumcumque,
2908 3980 3033 4025 non
3068 3982 3182 4045 per
3212 3972 3457 4026 motum

1963 4063 2116 4125 illuc
2148 4081 2217 4124 se
2258 4060 2665 4135 transferens,
2698 4061 2810 4123 sed
2849 4080 2965 4144 per
3002 4060 3455 4137 obedientiam,

349 4180 472 4243 que
501 4161 772 4225 addatur
803 4161 1080 4223 materiae
1120 4180 1232 4222 seu
1265 4160 1511 4242 corpori
1544 4162 1728 4242 panis
1757 4161 1848 4223 vi·
1881 4165 1929 4227 D
1962 4161 2128 4222 inter
2174 4178 2364 4241 quam
2410 4166 2473 4221 et
2508 4159 2760 4240 jussum
2806 4159 2964 4222 nihil
3008 4166 3106 4222 est
3148 4159 3451 4222 medium.

352 4270 448 4333 tae,
481 4258 787 4323 videlicet
816 4258 1070 4333 Christi,
1106 4277 1313 4339 neque
1343 4267 1678 4321 accrescat.
1704 4260 1849 4322 Haec

352 4357 752 4421 Guillelmus.

435 4457 554 4531 Qui
603 4457 685 4518 de
731 4455 832 4517 his
881 4454 1064 4538 plura
1111 4454 1458 4517 conscribit
1509 4476 1650 4537 quae
1699 4456 1849 4518 satis

351 4555 643 4617 intricata
689 4554 1010 4627 videntur,
1061 4571 1180 4615 nec
1241 4552 1650 4633 intelligenda
1701 4562 1851 4615 sunt

349 4654 527 4735 quasi
572 4652 932 4714 substantia
961 4652 1143 4734 panis
1183 4652 1434 4714 recedat
1469 4670 1582 4734 per
1613 4653 1849 4715 resolu-

347 4751 586 4814 tionem
619 4751 722 4812 sui
762 4750 828 4812 in
869 4749 1316 4832 praejacentem
1359 4750 1708 4825 materiam,
1743 4758 1852 4813 aut

349 4868 460 4931 per
497 4848 769 4911 localem
797 4847 898 4910 vel
940 4848 1176 4911 realem
1212 4848 1708 4928 discessionem3
1741 4856 1854 4911 aut

349 4948 516 5029 quod
549 4945 990 5008 substantialis
1023 4945 1226 5008 forma
1266 4947 1448 5027 panis
1482 4946 1732 5009 desinat
1761 4946 1850 5009 ibi

351 5065 488 5109 esse
519 5064 636 5127 per
665 5044 988 5126 relapsum
1019 5052 1128 5107 aut
1158 5044 1510 5106 cessionem
1543 5044 1607 5107 in
1641 5053 1854 5127 poten-

357 5143 504 5206 tiam
558 5142 865 5215 materiae,
921 5141 1032 5205 sed
1081 5161 1196 5223 per
1243 5160 1458 5204 veram
1507 5150 1570 5203 et
1618 5142 1851 5205 realem

357 5240 1127 5306 transsubstantiationem
1159 5239 1527 5303 substantiae
1565 5241 1748 5323 panis
1787 5241 1853 5303 in

1959 4294 2040 4303 -
2069 4259 2212 4320 Haec
2256 4256 2451 4320 verba
2493 4256 2769 4320 doctoris
2814 4258 2995 4320 istius
3043 4277 3303 4341 prorsus
3349 4258 3457 4321 ob·

1961 4375 2147 4419 scura
2188 4356 2508 4431 videntur,
2542 4364 2606 4417 et
2646 4355 2747 4419 vel
2790 4356 3078 4438 mystice,
3110 4364 3219 4419 aut
3262 4365 3456 4421 meta-

1962 4454 2224 4537 phorice
2272 4462 2423 4517 sunt
2479 4454 2741 4536 prolata,
2795 4462 2905 4516 aut
2952 4462 3122 4518 certe
3169 4474 3451 4520 erronee.

1963 4553 2211 4616 Etenim
2282 4570 2513 4633 corpus
2576 4552 2807 4615 Christi
2869 4552 2934 4614 in
2994 4553 3299 4617 altaribus
3361 4562 3459 4617 est

1962 4660 2153 4733 atque
2199 4651 2263 4712 in
2310 4650 2533 4712 hostiis
2584 4651 2987 4723 consecratis,
3022 4670 3148 4714 non
3199 4671 3277 4714 ex
3326 4654 3461 4716 solo

1964 4749 2238 4831 imperio
2279 4747 2469 4809 Verbi
2516 4766 2624 4809 seu
2677 4748 2905 4811 animae
2951 4749 3205 4823 Christi,
3240 4750 3350 4811 sed
3399 4757 3463 4812 et

1963 4867 2078 4930 per
2122 4846 2896 4909 transsubstantiationem
2945 4845 3307 4928 praefatam3
3344 4865 3461 4908 nec

1963 4946 2172 5008 solum
2222 4952 2318 5008 est
2366 4944 2454 5005 ibi
2498 4943 2708 5006 subito
2750 4952 2860 5005 aut
2901 4944 3317 5017 instantanee,
3351 4946 3458 5007 sed

1962 5043 2268 5126 quamdiu
2298 5043 2543 5125 species
2574 5042 3056 5105 sacramentales
3088 5050 3464 5125 permanent

1963 5142 2074 5205 ibi.
2128 5142 2197 5203 In
2248 5140 2518 5203 diversis
2566 5158 2819 5222 quoque
2870 5140 3211 5223 pyxidibus
3262 5160 3459 5203 reser-

1965 5248 2149 5304 vatur
2185 5240 2457 5302 assidue.
