4267 6250
543 1357 794 1414 cfipasan·

525 1425 572 1465 et
584 1433 622 1465 s.

1485 479 1549 526 m
1588 478 1814 526 Limum
1855 478 1916 525 lv
1957 477 2443 524 smmum
2484 495 2565 508 —
2606 477 2759 525 msT.
2801 477 2885 541 13
2929 478 3154 535 QUAEST.
3194 477 3263 524 111

821 654 976 737 priae
1007 652 1400 736 quantitatiS,
1434 651 1576 715 ideo
1614 650 1808 715 etiam
1847 651 2201 713 secundum
2234 649 2315 711 is·
2347 648 2400 713 A
2428 649 2841 732 praeinductis
2870 650 3107 734 scripta
3143 650 3331 726 Petri,
3361 649 3657 714 Richardi
3691 657 3758 713 et
3785 649 3932 732 plu-

820 760 951 815 tam
982 750 1356 814 totalitatem
1387 749 1810 812 dimensivam
1841 756 2045 812 totum
2087 765 2319 829 corpus

823 849 1054 913 Christi
1104 858 1201 912 est
1251 849 1318 911 in
1367 847 1653 930 qualibet
1698 847 1919 910 hostiae
1969 853 2147 929 parte
2205 864 2320 928 per

821 947 1380 1012 concomitantiam
1423 947 1796 1010 naturalem.

902 1047 1192 1110 Secunda
1232 1046 1338 1110 via
1385 1045 1690 1128 probatur
1737 1044 1856 1107 hoc
1900 1043 1994 1106 sic
2028 1060 2042 1105 :
2076 1043 2319 1124 Corpus

821 1145 1054 1208 Christi
1101 1145 1164 1206 in
1216 1144 1378 1209 coelo
1425 1143 1715 1208 consistit
1763 1143 2065 1216 localiter,
2099 1148 2320 1224 utpote

822 1244 1141 1306 mediante
1173 1243 1431 1326 propria
1460 1242 1826 1324 quantitate.
1847 1241 1950 1304 Sic
1980 1249 2193 1303 autem
2220 1239 2323 1320 (ut

820 1342 1065 1405 dictum
1106 1351 1203 1405 est
1244 1342 1439 1423 saepe)
1483 1359 1610 1405 non
1655 1347 1750 1403 est
1789 1341 1856 1402 in
1899 1346 2315 1412 sacramentO,

821 1442 932 1504 sed
964 1441 1283 1504 contrario
1315 1441 1524 1514 mod0,
1560 1439 1862 1522 quoniam
1902 1437 2145 1500 ratione
2176 1454 2320 1499 con-

819 1539 1132 1603 versionis
1163 1537 1346 1621 panis
1381 1539 1447 1600 in
1489 1539 1723 1620 ipsum,
1757 1544 1822 1599 et
1852 1535 2175 1618 quantitas
2205 1553 2318 1597 sua

819 1647 916 1701 est
945 1638 1035 1701 ibi
1068 1637 1559 1700 concomitantia
1586 1636 1879 1699 naturali.
1915 1635 1983 1697 In
2015 1633 2178 1697 coelo
2209 1633 2319 1714 igi-

819 1745 945 1810 tur,
985 1737 1257 1799 trahitur
1296 1735 1572 1798 totalitas
1619 1733 1988 1797 substantiae
2032 1732 2316 1814 corporis

2430 748 2594 810 rium
2644 747 2917 810 aliorum
2968 747 3393 823 continentur,
3424 765 3731 830 responsa
3772 764 3935 830 quo-

2430 865 2555 929 que
2597 847 3077 910 Bonaventurae.

2510 945 2814 1008 Praeterea
2843 945 2921 1007 de
2958 945 3061 1008 his
3098 945 3282 1008 aliter
3309 945 3501 1007 sentit
3540 945 3877 1008 Durandus
3912 963 3929 1008 :

2431 1042 2673 1125 Corpus
2715 1043 3071 1126 (inquiens)
3114 1043 3345 1106 Christi
3394 1042 3573 1106 nullo
3620 1043 3812 1107 modo
3862 1043 3931 1104 in

2430 1141 2551 1205 hoc
2599 1149 2995 1204 sacramento
3054 1149 3345 1205 movetur
3388 1142 3467 1205 ad
3520 1148 3767 1204 motum
3816 1142 3930 1206 ho-

2430 1240 2587 1314 stiae,
2622 1258 2829 1323 neque
2875 1259 2993 1323 per
3033 1259 3123 1316 se,
3157 1259 3365 1323 neque
3413 1259 3530 1323 per
3574 1241 3873 1304 accidens
3906 1259 3925 1302 ε

2429 1339 2580 1420 quia
2618 1339 2771 1401 dum
2809 1339 3024 1422 aliqua
3062 1340 3188 1402 duo
3227 1340 3313 1401 ita
3354 1357 3422 1402 se
3463 1338 3721 1412 habent,
3754 1340 3929 1422 quod

2430 1455 2557 1500 non
2588 1445 2739 1500 sunt
2766 1457 2963 1501 unum
3000 1438 3311 1519 subjecto,
3344 1455 3463 1500 nec
3492 1456 3558 1500 se
3588 1436 3829 1501 habent
3858 1445 3933 1499 ut

2430 1536 2762 1598 continens
2792 1543 2858 1598 et
2891 1543 3286 1609 contentum,
3320 1553 3439 1598 nec
3478 1535 3714 1598 habent
3752 1535 3933 1598 colli-

2428 1632 2746 1714 gationem
2777 1642 2841 1696 et
2870 1640 3253 1708 contactum,
3278 1639 3450 1696 moto
3480 1650 3629 1708 uno,
3650 1633 3927 1696 alterum

2428 1731 2608 1795 nullo
2667 1733 2855 1795 modo
2905 1738 3229 1811 movetur;
3270 1731 3381 1796 sed
3431 1732 3517 1794 ita
3574 1751 3641 1794 se
3687 1731 3931 1794 habent

819 1835 1074 1910 Christi,
1108 1842 1416 1916 quantum
1455 1834 1532 1896 ad
1572 1832 2010 1896 exsistentium
2047 1831 2110 1893 in
2156 1831 2313 1904 loco,
2353 1829 2400 1892 B
2428 1849 2661 1913 corpus
2704 1831 2936 1894 Christi
2980 1838 3044 1893 et
3090 1831 3313 1894 hostia.
3350 1831 3732 1913 Sequeretur
3774 1848 3931 1913 quo-

813 1934 894 1997 ad
924 1933 1299 1997 totalitatem
1327 1951 1504 1995 suam
1533 1930 1969 2004 dimensivam,
1984 1948 2097 2012 per
2126 1948 2317 2011 quam

818 2031 908 2094 ibi
944 2031 1228 2094 localiter
1257 2032 1534 2113 ponitur.
1570 2031 1638 2092 ln
1669 2029 1877 2091 hostia
1907 2046 2080 2102 vero,
2113 2027 2317 2090 totali-

818 2137 914 2192 tas
955 2129 1096 2210 ejus
1136 2128 1494 2192 dimensiva
1533 2128 1806 2190 trahitur
1835 2126 1914 2188 ad
1945 2126 2317 2188 totalitatem

817 2227 1244 2300 essentialem,
1289 2228 1375 2290 ita
1421 2227 1591 2309 quod
1639 2232 1770 2288 tota
1815 2225 2135 2306 quantitas
2184 2243 2318 2287 cor-

817 2325 992 2408 poris
1023 2325 1256 2389 Christi
1286 2333 1382 2388 est
1422 2325 1488 2386 in
1519 2331 1648 2387 tota
1685 2323 1893 2387 hostia
1922 2331 1986 2384 et
2024 2323 2090 2385 in
2121 2321 2321 2405 quali-

815 2423 929 2487 bet
954 2431 1131 2506 parte
1163 2423 1365 2506 ipsius
1401 2440 1414 2486 :
1449 2422 1751 2505 quoniam
1785 2422 2012 2484 modus
2048 2421 2317 2484 totalita-

815 2522 898 2584 tis
929 2520 1364 2584 substantialis
1395 2527 1506 2594 est,
1523 2519 1693 2602 quod
1724 2519 1808 2582 sit
1837 2525 1965 2581 tota
1996 2519 2058 2580 in
2091 2527 2241 2593 tot0,
2256 2525 2319 2580 et

815 2627 945 2684 tota
988 2620 1054 2681 in
1097 2617 1381 2701 qualibet
1427 2625 1626 2702 parte.

896 2717 1105 2782 Tertia
1133 2718 1236 2781 via
1266 2725 1459 2800 patet,
1492 2717 1645 2799 quia
1676 2716 2030 2779 secundum
2070 2715 2317 2777 dimen-

814 2818 1027 2882 siones
1057 2815 1242 2898 panis
1272 2823 1337 2880 et
1364 2815 1796 2877 dimensiones
1825 2814 2108 2895 corporis
2141 2812 2317 2876 Chri·

815 2915 920 2990 sti,
955 2914 1188 2998 triplex
1218 2912 1606 2995 comparatio
1635 2911 1802 2974 sumi
1833 2918 2058 2994 potest.
2085 2911 2309 2984 Prima,

2427 1949 2575 2012 que,
2594 1930 2763 2012 quod
2794 1928 3036 2012 aliquid
3066 1929 3259 1992 simul
3293 1937 3654 1992 moveretur
3683 1937 3932 1992 contra-

2429 2029 2540 2090 riis
2574 2027 2872 2092 motibuS.
2897 2063 2978 2074 --
3004 2029 3241 2090 Verum
3269 2027 3347 2091 ad
3379 2027 3573 2108 hujus
3602 2027 3931 2110 opinionis

2431 2125 2943 2209 reprobationem
2986 2125 3254 2201 sufficit,
3287 2126 3457 2209 quod
3500 2134 3594 2190 tot
3635 2127 3931 2190 doctores

2430 2225 2759 2307 praecipui‚
2822 2232 2885 2288 et
2946 2226 3296 2308 praesertim
3355 2225 3760 2288 Innocentius
3818 2226 3930 2287 Pa-

2431 2343 2510 2406 pa
2553 2325 2653 2398 111,
2687 2325 2909 2386 dicunt
2956 2324 3365 2387 contrarium.
3399 2323 3628 2386 Motiva
3668 2342 3929 2406 quoque

2428 2440 2653 2485 eorum
2693 2423 2919 2486 idonea
2960 2431 3130 2486 sunt.
3161 2423 3289 2485 Nec
3332 2423 3498 2486 bene
3535 2431 3715 2486 sonat
3758 2443 3931 2486 asse-

2431 2541 2591 2596 rere,
2627 2522 2795 2604 quod
2840 2539 3071 2605 corpus
3116 2521 3348 2586 Christi
3391 2539 3520 2585 non
3562 2522 3933 2586 continetur

2429 2620 2495 2681 in
2526 2620 2733 2683 hostia
2769 2629 3153 2683 consecrata.
3189 2621 3423 2684 Eadem
3460 2621 3699 2683 etenim
3739 2622 3930 2683 ratio-

2428 2737 2507 2780 ne
2539 2727 2934 2800 sequeretur,
2967 2720 3137 2800 quod
3176 2737 3301 2782 non
3342 2719 3774 2782 contineretur
3804 2719 3929 2782 sub

2426 2816 2763 2898 speciebus
2790 2817 3030 2880 hostiae.
3058 2816 3254 2898 Cujus
3283 2817 3671 2880 contrarium
3701 2818 3933 2881 dicunt

2422 2932 2647 2978 omnes
2675 2916 2963 2978 doctores
2994 2916 3300 2998 praecipui
3326 2933 3339 2978 :
3366 2916 3515 2998 quia
3543 2934 3661 2979 nec
3690 2917 3931 2980 dicitur

817 3013 1120 3097 quoniam
1166 3011 1596 3074 dimensiones
1645 3010 1781 3073 istae
1828 3011 1912 3072 ita
1961 3028 2028 3072 se
2076 3009 2314 3072 habent
2344 3011 2387 3075 C
2426 3013 2735 3076 contineri
2779 3012 2844 3076 in
2885 3013 3111 3087 hostia,
3146 3014 3269 3076 nisi
3310 3014 3459 3096 quia
3498 3014 3563 3077 in
3602 3015 3743 3095 ejus
3782 3034 3929 3097 spe-

818 3111 884 3176 in
915 3109 1141 3185 hostia,
1175 3110 1345 3193 quod
1377 3109 1612 3192 pariter
1641 3128 1781 3173 esse
1809 3108 2040 3172 valent.
2076 3109 2311 3172 Secun-

816 3210 917 3285 da,
936 3209 1089 3293 quia
1117 3208 1433 3271 dimensio
1462 3208 1654 3270 unius
1684 3208 1882 3290 partis
1911 3208 2195 3291 corporis
2227 3209 2314 3271 ita

815 3310 894 3372 ad
933 3308 1194 3371 alterius
1242 3306 1439 3389 partis
1482 3305 1946 3369 dimensionem
1991 3324 2315 3389 compara—

815 3415 942 3481 tur,
977 3406 1146 3488 quod
1178 3412 1402 3468 mutuo
1442 3421 1568 3466 non
1608 3403 1933 3479 resistunt,
1967 3403 2076 3467 sed
2117 3404 2311 3467 simul

815 3512 982 3567 sunt.
1015 3505 1251 3567 Verum
1290 3502 1642 3565 secundum
1688 3502 1940 3565 tertiam
1988 3521 2312 3584 compara-

814 3603 1056 3666 tionem
1094 3621 1221 3684 qua
1260 3601 1574 3664 dimensio
1618 3600 1807 3663 unius
1848 3602 2046 3683 partis
2090 3600 2312 3663 hostiae

811 3701 889 3764 ad
929 3700 1191 3764 alterius
1231 3699 1428 3782 partis
1476 3698 1942 3762 dimensionem
1991 3716 2311 3781 compara-

809 3807 937 3873 tur,
980 3817 1108 3861 una
1149 3797 1465 3861 dimensio
1508 3796 1690 3859 alteri
1740 3796 1998 3871 resistit,
2041 3814 2169 3859 non
2216 3814 2313 3858 ce-

814 3896 910 3960 dit
952 3916 966 3959 :
1009 3896 1246 3959 idcirco
1285 3914 1404 3959 nec
1447 3894 1640 3958 simul
1683 3914 1822 3957 esse
1859 3902 2149 3977 possunt,
2184 3895 2312 3957 imo

819 3995 1128 4077 majorem
1158 4001 1428 4076 occupat
1459 3994 1669 4056 locum
1709 3999 1838 4055 tota
1875 3993 2082 4056 hostia
2117 4012 2310 4075 quam

817 4112 963 4177 pars
995 4093 1155 4175 ejus.
1191 4091 1590 4172 Ubicumque
1620 4109 1770 4172 ergo
1798 4098 1895 4154 est
1922 4091 2136 4173 aliqua
2167 4111 2311 4174 pars

2424 3111 2645 3175 ciebus
2684 3110 3250 3176 sacramentalibus
3289 3113 3671 3187 continetur,
3704 3121 3765 3176 et
3808 3133 3926 3196 per

2424 3211 2565 3273 illas
2594 3211 3035 3274 habitudinem
3067 3211 3255 3275 habet
3286 3211 3363 3274 ad
3394 3212 3606 3276 locum
3643 3213 3826 3276 illum
3860 3222 3925 3275 et

2423 3310 2899 3373 consistentiam
2931 3309 3190 3384 ibidem,
3209 3310 3275 3373 in
3304 3317 3551 3374 tantum
3582 3313 3751 3395 quod
3782 3332 3926 3395 spe-

2424 3408 2643 3470 ciebus
2693 3407 2821 3471 illis
2866 3409 3205 3491 corruptiS,
3238 3410 3473 3472 desinit
3513 3430 3653 3473 esse
3701 3410 3815 3485 ibi,
3850 3421 3923 3475 ut
3956 3434 4224 3490 cfipaeun.

2422 3506 2646 3589 patuit.

2502 3605 2825 3668 Postremo
2872 3604 3094 3668 Scotus
3143 3623 3157 3667 :
3205 3605 3447 3687 Corpus
3492 3606 3636 3688 (ait)
3685 3607 3919 3671 Christi

2423 3722 2562 3765 esse
2594 3703 2658 3765 in
2688 3703 2851 3767 coelo
2881 3703 3071 3766 modo
3100 3705 3393 3777 naturali,
3427 3713 3491 3767 et
3521 3706 3587 3767 in
3617 3706 3921 3768 Euchari-

2424 3801 2545 3863 stia
2590 3802 2780 3864 modo
2826 3802 3289 3877 sacramentali,
3320 3810 3419 3865 est
3464 3803 3919 3883 manifestum3

2423 3900 2533 3962 sed
2578 3899 2847 3962 dubium
2890 3908 2987 3963 est
3029 3902 3107 3963 de
3147 3918 3411 3983 corpore
3450 3910 3520 3964 ut
3555 3910 3652 3966 est
3691 3902 3755 3964 in
3797 3902 3923 3965 Eu-

2422 3998 2743 4073 charistia,
2777 4017 2917 4080 quae
2957 4007 3107 4062 sunt
3145 3998 3253 4062 illa
3290 4018 3433 4081 quae
3470 4000 3751 4063 continet
3788 4009 3925 4064 tan·

2424 4115 2615 4177 quam
2660 4105 2889 4179 partes.
2933 4098 3010 4160 Et
3050 4098 3214 4172 dico,
3248 4099 3418 4180 quod
3461 4117 3589 4162 non
3636 4101 3925 4164 continet

815 4190 1165 4265 hostiae,ibi
1189 4198 1286 4253 est
1311 4189 1526 4271 aliqua
1556 4208 1701 4271 pars
1732 4190 2015 4271 corporis
2046 4189 2275 4252 Christi
2293 4208 2310 4270 ;
2342 4198 2393 4260 D
2421 4195 2702 4257 animam
2732 4214 2942 4277 neque
2978 4196 3349 4260 accidentia.
3384 4196 3460 4259 Et
3497 4197 3616 4260 hoc
3654 4206 3751 4261 est
3782 4218 3924 4281 pos-

815 4299 879 4355 et
919 4290 1032 4352 ubi
1071 4296 1168 4352 est
1199 4307 1344 4371 pars
1383 4287 1666 4370 corporis
1697 4287 1949 4361 Christi,
1984 4288 2074 4351 ibi
2107 4296 2313 4371 potest

815 4408 955 4452 csse
1019 4396 1223 4450 totum
1274 4404 1505 4469 corpus
1553 4404 1762 4448 suum.
1815 4386 1892 4447 Et
1939 4386 2025 4448 ita
2080 4404 2311 4469 corpus

817 4487 976 4550 illud
1010 4492 1216 4569 potest
1244 4504 1383 4549 esse
1415 4485 1481 4547 in
1521 4484 1696 4547 omni
1726 4484 2039 4567 particula
2065 4486 2305 4550 hostiae.

816 4586 1268 4649 Verumtamen
1317 4602 1431 4666 per
1471 4582 1768 4646 accidens
1820 4582 2057 4646 dicitur
2101 4602 2312 4647 move-

814 4684 869 4746 ri
922 4682 1224 4757 localiter,
1257 4681 1560 4764 quoniam
1612 4681 2310 4745 transsubstantiatione

813 4780 1595 4865 completa,dimensiones
1625 4780 1806 4861 panis
1835 4789 2167 4844 remanent
2196 4782 2311 4843 cir-

813 4880 1270 4963 cumscriptive
1306 4898 1378 4942 ac
1418 4879 1730 4942 situaliter
1759 4879 2157 4955 exsistenteS‚
2191 4881 2309 4943 sic-

811 5000 938 5064 que
969 4978 1267 5043 convenit
1295 4978 1388 5042 eis
1419 4978 1658 5041 moveri
1690 4997 1808 5061 per
1836 4987 2132 5061 se,atque
2164 4998 2309 5043 con-

811 5078 1004 5141 tentis
1048 5077 1168 5141 sub
1214 5076 1393 5160 ipsiS,
1428 5094 1541 5158 per
1579 5077 1897 5152 accidens,
1928 5077 2110 5158 juxta
2148 5078 2307 5142 illud

811 5176 1175 5259 Philosophi
1211 5194 1225 5238 :
1259 5175 1440 5239 Motis
1479 5174 1685 5249 nobiS,
1720 5183 2056 5238 moventur
2090 5177 2309 5241 omnia

813 5296 955 5358 quae
1004 5276 1068 5338 in
1119 5273 1303 5338 nobis
1349 5281 1516 5337 sunt.
1564 5308 1645 5321 —
1691 5274 1834 5339 Haec
1879 5275 2183 5355 AEgidius.
2234 5277 2304 5339 ln

2424 4292 2631 4367 sibile,
2663 4294 3035 4376 accipiendo
3081 4312 3313 4377 corpus
3362 4313 3478 4377 pro
3525 4296 3735 4378 primo
3784 4317 3925 4379 per-

2422 4391 2694 4454 fectibili
2729 4392 2929 4476 ipsius
2958 4393 3189 4457 animae
3222 4411 3235 4455 :
3269 4394 3571 4476 quoniam
3611 4396 3788 4459 nulla
3824 4405 3923 4459 est

2424 4491 2863 4566 contradictio,
2894 4510 3125 4575 corpus
3173 4492 3543 4573 hujusmodi
3590 4512 3732 4557 esse
3779 4496 3923 4558 sine

2421 4588 2633 4652 anima
2664 4597 2727 4651 et
2754 4589 2993 4672 absque
3022 4590 3478 4653 accidentibus
3502 4592 3633 4655 Hoc
3661 4611 3922 4675 quoque

2421 4695 2517 4750 est
2557 4705 2931 4769 congruum,
2964 4688 3267 4771 quoniam
3300 4689 3545 4771 species
3576 4710 3923 4773 repraesen·

2420 4793 2556 4848 tant
2611 4786 3023 4849 absolutum*
3074 4804 3087 4849 :
3144 4806 3294 4868 ergo
3350 4787 3794 4863 substantiam,
3854 4800 3921 4853 et

2421 4902 2546 4948 non
2578 4885 2947 4947 accidentia.
2966 4885 3093 4947 Hoc
3122 4886 3313 4948 etiam
3344 4884 3583 4948 factum
3616 4895 3732 4960 est,
3764 4907 3921 4971 quo·

2420 4984 2593 5046 niam
2640 4984 2695 5046 si
2744 4984 2811 5045 in
2860 4984 3073 5046 triduo
3130 4984 3351 5046 mortis
3400 4984 3629 5047 Christi
3689 4986 3921 5050 fuisset

2419 5081 2816 5145 Eucharistia
2856 5088 3240 5154 consecrata,
3274 5081 3499 5145 fuisset
3543 5083 3607 5145 in
3654 5103 3727 5147 ea
3767 5103 3921 5148 vera

2418 5199 2518 5242 res
2550 5180 2981 5253 Eucharistiae,
3006 5186 3226 5261 utpote
3257 5196 3488 5261 corpus
3518 5181 3773 5255 Christi,
3798 5202 3919 5246 nec

2420 5286 2631 5341 tamen
2668 5278 2881 5341 anima
2923 5278 3151 5341 fuisset
3194 5277 3259 5340 in
3303 5296 3397 5341 eo.
3436 5278 3677 5363 Corpus
3720 5282 3919 5345 etiam

3978 4807 3999 4826 ·
4022 4806 4204 4850 alim-

3949 4874 4047 4912 tum
