<?xml version="1.0" encoding="UTF-8"?>
<!DOCTYPE html PUBLIC "-//W3C//DTD XHTML 1.0 Transitional//EN"
    "http://www.w3.org/TR/xhtml1/DTD/xhtml1-transitional.dtd">
<html xmlns="http://www.w3.org/1999/xhtml" xml:lang="en" lang="en">
 <head>
  <title>
</title>
<meta http-equiv="Content-Type" content="text/html;charset=utf-8" />
  <meta name='ocr-system' content='tesseract 3.04.00' />
  <meta name='ocr-capabilities' content='ocr_page ocr_carea ocr_par ocr_line ocrx_word'/>
</head>
<body>
  <div class='ocr_page' id='page_1' title='image "./doctorisecstati04unkngoog_0628.png"; bbox 0 0 4267 6250; ppageno 0'>
   <div class='ocr_carea' id='block_1_1' title="bbox 550 645 4234 788">
    <p class='ocr_par' dir='ltr' id='par_1_1' title="bbox 550 645 4234 788">
     <span class='ocr_line' id='line_1_1' title="bbox 550 645 4234 788; baseline 0.003 -83"><span class='ocrx_word' id='word_1_1' title='bbox 550 661 775 713; x_wconf 63' lang='lat' dir='ltr'><strong>amun,</strong></span> <span class='ocrx_word' id='word_1_2' title='bbox 807 645 1223 729; x_wconf 84' lang='lat' dir='ltr'><strong>quaestionem</strong></span> <span class='ocrx_word' id='word_1_3' title='bbox 1267 649 1501 731; x_wconf 83' lang='lat' dir='ltr'><strong>saepius</strong></span> <span class='ocrx_word' id='word_1_4' title='bbox 1538 657 1773 723; x_wconf 81' lang='lat' dir='ltr'><strong>movet,</strong></span> <span class='ocrx_word' id='word_1_5' title='bbox 1807 650 1973 712; x_wconf 89' lang='lat' dir='ltr'><strong>sicut</strong></span> <span class='ocrx_word' id='word_1_6' title='bbox 2011 658 2076 712; x_wconf 91' lang='lat' dir='ltr'><strong>et</strong></span> <span class='ocrx_word' id='word_1_7' title='bbox 2113 668 2300 733; x_wconf 91' lang='lat' dir='ltr'><strong>supe·</strong></span> <span class='ocrx_word' id='word_1_8' title='bbox 2328 648 2382 712; x_wconf 80' lang='lat' dir='ltr'>A</span> <span class='ocrx_word' id='word_1_9' title='bbox 2490 649 2659 713; x_wconf 87' lang='lat' dir='ltr'><strong>Alibi</strong></span> <span class='ocrx_word' id='word_1_10' title='bbox 2709 669 2964 733; x_wconf 90' lang='lat' dir='ltr'><strong>quoque</strong></span> <span class='ocrx_word' id='word_1_11' title='bbox 3004 652 3254 734; x_wconf 66' lang='lat' dir='ltr'><strong>quierit,</strong></span> <span class='ocrx_word' id='word_1_12' title='bbox 3294 660 3512 715; x_wconf 89' lang='lat' dir='ltr'><strong>utrum</strong></span> <span class='ocrx_word' id='word_1_13' title='bbox 3557 651 3754 715; x_wconf 86' lang='lat' dir='ltr'><strong>abbas</strong></span> <span class='ocrx_word' id='word_1_14' title='bbox 3793 659 3908 715; x_wconf 89' lang='lat' dir='ltr'><strong>aut</strong></span> <span class='ocrx_word' id='word_1_15' title='bbox 3934 666 4164 788; x_wconf 40' lang='grc' dir='ltr'><strong>ηεξ-ἶσαι.</strong></span> <span class='ocrx_word' id='word_1_16' title='bbox 4200 680 4234 717; x_wconf 83' lang='grc' dir='ltr'><strong>ι.</strong></span> 
     </span>
    </p>
   </div>
   <div class='ocr_carea' id='block_1_2' title="bbox 512 728 619 782">
    <p class='ocr_par' dir='ltr' id='par_1_2' title="bbox 512 728 619 782">
     <span class='ocr_line' id='line_1_2' title="bbox 512 728 619 782; baseline -0.009 -13"><span class='ocrx_word' id='word_1_17' title='bbox 512 738 556 782; x_wconf 85' lang='lat' dir='ltr'><strong>q.</strong></span> <span class='ocrx_word' id='word_1_18' title='bbox 577 728 619 769; x_wconf 90' lang='grc'><strong>7.</strong></span> 
     </span>
    </p>
   </div>
   <div class='ocr_carea' id='block_1_3' title="bbox 554 858 751 978">
    <p class='ocr_par' dir='ltr' id='par_1_3' title="bbox 554 858 751 978">
     <span class='ocr_line' id='line_1_3' title="bbox 554 858 751 914; baseline -0.01 -11"><span class='ocrx_word' id='word_1_19' title='bbox 554 872 597 914; x_wconf 81' lang='lat' dir='ltr'><strong>p.</strong></span> <span class='ocrx_word' id='word_1_20' title='bbox 614 861 693 903; x_wconf 70' lang='lat'><strong>4⁸0</strong></span> <span class='ocrx_word' id='word_1_21' title='bbox 703 858 751 902; x_wconf 91' lang='lat' dir='ltr'><strong>C.</strong></span> 
     </span>
     <span class='ocr_line' id='line_1_4' title="bbox 617 924 723 978; baseline 0.009 -14"><span class='ocrx_word' id='word_1_22' title='bbox 617 935 661 978; x_wconf 87' lang='lat' dir='ltr'><strong>q.</strong></span> <span class='ocrx_word' id='word_1_23' title='bbox 683 924 723 965; x_wconf 76' lang='lat'><strong>2.</strong></span> 
     </span>
    </p>
   </div>
   <div class='ocr_carea' id='block_1_4' title="bbox 514 2534 777 2642">
    <p class='ocr_par' dir='ltr' id='par_1_4' title="bbox 514 2534 777 2642">
     <span class='ocr_line' id='line_1_5' title="bbox 516 2534 777 2589; baseline -0.015 -9"><span class='ocrx_word' id='word_1_24' title='bbox 516 2535 719 2589; x_wconf 54' lang='lat' dir='ltr'><strong>(Um-515</strong></span> <span class='ocrx_word' id='word_1_25' title='bbox 732 2534 777 2585; x_wconf 83' lang='grc' dir='ltr'><strong>Β,</strong></span> 
     </span>
     <span class='ocr_line' id='line_1_6' title="bbox 514 2597 669 2642; baseline 0 -1"><span class='ocrx_word' id='word_1_26' title='bbox 514 2601 591 2642; x_wconf 77' lang='lat'><strong>517</strong></span> <span class='ocrx_word' id='word_1_27' title='bbox 608 2597 669 2642; x_wconf 83' lang='lat' dir='ltr'><strong>B&#39;.</strong></span> 
     </span>
    </p>
   </div>
   <div class='ocr_carea' id='block_1_5' title="bbox 804 452 927 521">
    <p class='ocr_par' dir='ltr' id='par_1_5' title="bbox 804 452 927 521">
     <span class='ocr_line' id='line_1_7' title="bbox 804 452 927 521; baseline 0 0"><span class='ocrx_word' id='word_1_28' title='bbox 804 452 927 521; x_wconf 71' lang='lat'><strong>586</strong></span> 
     </span>
    </p>
   </div>
   <div class='ocr_carea' id='block_1_6' title="bbox 802 746 2308 1815">
    <p class='ocr_par' dir='ltr' id='par_1_6' title="bbox 802 746 2308 1815">
     <span class='ocr_line' id='line_1_8' title="bbox 808 746 2302 831; baseline 0 -22"><span class='ocrx_word' id='word_1_29' title='bbox 808 746 941 809; x_wconf 90' lang='lat' dir='ltr'><strong>rius</strong></span> <span class='ocrx_word' id='word_1_30' title='bbox 986 755 1158 810; x_wconf 88' lang='lat' dir='ltr'><strong>mota</strong></span> <span class='ocrx_word' id='word_1_31' title='bbox 1201 755 1314 810; x_wconf 90' lang='lat' dir='ltr'><strong>est.</strong></span> <span class='ocrx_word' id='word_1_32' title='bbox 1350 748 1427 810; x_wconf 92' lang='lat' dir='ltr'><strong>Et</strong></span> <span class='ocrx_word' id='word_1_33' title='bbox 1465 749 1806 831; x_wconf 78' lang='lat' dir='ltr'><strong>respondet</strong></span> <span class='ocrx_word' id='word_1_34' title='bbox 1851 748 1929 812; x_wconf 86' lang='lat' dir='ltr'><strong>ad</strong></span> <span class='ocrx_word' id='word_1_35' title='bbox 1980 749 2157 812; x_wconf 91' lang='lat' dir='ltr'><strong>illam</strong></span> <span class='ocrx_word' id='word_1_36' title='bbox 2196 748 2302 810; x_wconf 92' lang='lat' dir='ltr'><strong>hic</strong></span> 
     </span>
     <span class='ocr_line' id='line_1_9' title="bbox 807 846 2303 930; baseline -0.001 -22"><span class='ocrx_word' id='word_1_37' title='bbox 807 846 972 908; x_wconf 89' lang='lat' dir='ltr'><strong>sicut</strong></span> <span class='ocrx_word' id='word_1_38' title='bbox 1000 853 1065 909; x_wconf 90' lang='lat' dir='ltr'><strong>et</strong></span> <span class='ocrx_word' id='word_1_39' title='bbox 1091 853 1237 909; x_wconf 88' lang='lat' dir='ltr'><strong>ante</strong></span> <span class='ocrx_word' id='word_1_40' title='bbox 1262 847 1394 928; x_wconf 89' lang='lat' dir='ltr'><strong>jam</strong></span> <span class='ocrx_word' id='word_1_41' title='bbox 1426 846 2303 930; x_wconf 87' lang='lat' dir='ltr'><strong>patuit.—Seeundo,utrum</strong></span> 
     </span>
     <span class='ocr_line' id='line_1_10' title="bbox 806 944 2302 1028; baseline 0.001 -22"><span class='ocrx_word' id='word_1_42' title='bbox 806 962 885 1006; x_wconf 88' lang='lat' dir='ltr'><strong>ex</strong></span> <span class='ocrx_word' id='word_1_43' title='bbox 926 944 1334 1008; x_wconf 79' lang='lat' dir='ltr'><strong>concessione</strong></span> <span class='ocrx_word' id='word_1_44' title='bbox 1373 964 1488 1028; x_wconf 85' lang='lat' dir='ltr'><strong>per</strong></span> <span class='ocrx_word' id='word_1_45' title='bbox 1530 945 1939 1027; x_wconf 83' lang='lat' dir='ltr'><strong>privilegium</strong></span> <span class='ocrx_word' id='word_1_46' title='bbox 1982 945 2060 1009; x_wconf 90' lang='lat' dir='ltr'><strong>de</strong></span> <span class='ocrx_word' id='word_1_47' title='bbox 2096 945 2302 1008; x_wconf 89' lang='lat' dir='ltr'><strong>absol·</strong></span> 
     </span>
     <span class='ocr_line' id='line_1_11' title="bbox 804 1042 2305 1126; baseline 0.001 -21"><span class='ocrx_word' id='word_1_48' title='bbox 804 1042 1014 1106; x_wconf 85' lang='lat' dir='ltr'><strong>vendo</strong></span> <span class='ocrx_word' id='word_1_49' title='bbox 1059 1062 1096 1105; x_wconf 94' lang='lat' dir='ltr'><strong>a</strong></span> <span class='ocrx_word' id='word_1_50' title='bbox 1144 1044 1421 1125; x_wconf 91' lang='lat' dir='ltr'><strong>peccatis</strong></span> <span class='ocrx_word' id='word_1_51' title='bbox 1469 1044 1871 1126; x_wconf 87' lang='lat' dir='ltr'><strong>simpliciter,</strong></span> <span class='ocrx_word' id='word_1_52' title='bbox 1922 1044 2305 1107; x_wconf 86' lang='lat' dir='ltr'><strong>concedatur</strong></span> 
     </span>
     <span class='ocr_line' id='line_1_12' title="bbox 805 1140 2302 1224; baseline 0 -21"><span class='ocrx_word' id='word_1_53' title='bbox 805 1148 1081 1223; x_wconf 84' lang='lat' dir='ltr'><strong>potestas</strong></span> <span class='ocrx_word' id='word_1_54' title='bbox 1130 1140 1501 1205; x_wconf 86' lang='lat' dir='ltr'><strong>absolvendi</strong></span> <span class='ocrx_word' id='word_1_55' title='bbox 1544 1162 1581 1205; x_wconf 92' lang='lat' dir='ltr'><strong>a</strong></span> <span class='ocrx_word' id='word_1_56' title='bbox 1626 1141 1976 1224; x_wconf 73' lang='lat' dir='ltr'><strong>maioribus</strong></span> <span class='ocrx_word' id='word_1_57' title='bbox 2020 1142 2302 1204; x_wconf 88' lang='lat' dir='ltr'><strong>crimini-</strong></span> 
     </span>
     <span class='ocr_line' id='line_1_13' title="bbox 803 1237 2304 1322; baseline 0.001 -21"><span class='ocrx_word' id='word_1_58' title='bbox 803 1237 925 1301; x_wconf 86' lang='lat' dir='ltr'><strong>bus</strong></span> <span class='ocrx_word' id='word_1_59' title='bbox 966 1259 1109 1321; x_wconf 78' lang='lat' dir='ltr'><strong>quae</strong></span> <span class='ocrx_word' id='word_1_60' title='bbox 1146 1247 1297 1302; x_wconf 91' lang='lat' dir='ltr'><strong>sunt</strong></span> <span class='ocrx_word' id='word_1_61' title='bbox 1324 1239 1645 1322; x_wconf 90' lang='lat' dir='ltr'><strong>episcopis</strong></span> <span class='ocrx_word' id='word_1_62' title='bbox 1684 1248 2017 1303; x_wconf 85' lang='lat' dir='ltr'><strong>reservata.</strong></span> <span class='ocrx_word' id='word_1_63' title='bbox 2054 1240 2131 1302; x_wconf 88' lang='lat' dir='ltr'><strong>Et</strong></span> <span class='ocrx_word' id='word_1_64' title='bbox 2162 1256 2304 1322; x_wconf 90' lang='lat' dir='ltr'><strong>pro-</strong></span> 
     </span>
     <span class='ocr_line' id='line_1_14' title="bbox 802 1336 2306 1420; baseline 0.001 -21"><span class='ocrx_word' id='word_1_65' title='bbox 802 1336 913 1399; x_wconf 90' lang='lat' dir='ltr'><strong>bat</strong></span> <span class='ocrx_word' id='word_1_66' title='bbox 966 1338 1136 1420; x_wconf 90' lang='lat' dir='ltr'><strong>quod</strong></span> <span class='ocrx_word' id='word_1_67' title='bbox 1196 1355 1345 1411; x_wconf 91' lang='lat' dir='ltr'><strong>non,</strong></span> <span class='ocrx_word' id='word_1_68' title='bbox 1396 1338 1587 1400; x_wconf 88' lang='lat' dir='ltr'><strong>etiam</strong></span> <span class='ocrx_word' id='word_1_69' title='bbox 1641 1358 1718 1401; x_wconf 85' lang='lat' dir='ltr'><strong>ex</strong></span> <span class='ocrx_word' id='word_1_70' title='bbox 1777 1346 1997 1401; x_wconf 85' lang='lat' dir='ltr'><strong>tenore</strong></span> <span class='ocrx_word' id='word_1_71' title='bbox 2048 1338 2306 1420; x_wconf 88' lang='lat' dir='ltr'><strong>privile·</strong></span> 
     </span>
     <span class='ocr_line' id='line_1_15' title="bbox 804 1435 2301 1518; baseline 0.001 -21"><span class='ocrx_word' id='word_1_72' title='bbox 804 1435 1056 1518; x_wconf 78' lang='lat' dir='ltr'><strong>giorum</strong></span> <span class='ocrx_word' id='word_1_73' title='bbox 1116 1436 1439 1499; x_wconf 76' lang='lat' dir='ltr'><strong>Fratribus</strong></span> <span class='ocrx_word' id='word_1_74' title='bbox 1498 1437 1750 1501; x_wconf 84' lang='lat' dir='ltr'><strong>Ordinis</strong></span> <span class='ocrx_word' id='word_1_75' title='bbox 1808 1436 2301 1500; x_wconf 87' lang='lat' dir='ltr'><strong>Mendicantium</strong></span> 
     </span>
     <span class='ocr_line' id='line_1_16' title="bbox 804 1535 2304 1619; baseline -0.001 -21"><span class='ocrx_word' id='word_1_76' title='bbox 804 1552 1272 1599; x_wconf 90' lang='lat' dir='ltr'><strong>concessorum.</strong></span> <span class='ocrx_word' id='word_1_77' title='bbox 1318 1536 1395 1598; x_wconf 89' lang='lat' dir='ltr'><strong>Et</strong></span> <span class='ocrx_word' id='word_1_78' title='bbox 1436 1536 1524 1598; x_wconf 85' lang='lat' dir='ltr'><strong>ita</strong></span> <span class='ocrx_word' id='word_1_79' title='bbox 1567 1535 1689 1619; x_wconf 90' lang='lat' dir='ltr'><strong>ipsi</strong></span> <span class='ocrx_word' id='word_1_80' title='bbox 1731 1536 1975 1599; x_wconf 80' lang='lat' dir='ltr'><strong>Fratres</strong></span> <span class='ocrx_word' id='word_1_81' title='bbox 2018 1553 2304 1598; x_wconf 91' lang='lat' dir='ltr'><strong>commu-</strong></span> 
     </span>
     <span class='ocr_line' id='line_1_17' title="bbox 810 1633 2308 1717; baseline -0.001 -22"><span class='ocrx_word' id='word_1_82' title='bbox 810 1634 977 1696; x_wconf 91' lang='lat' dir='ltr'><strong>niter</strong></span> <span class='ocrx_word' id='word_1_83' title='bbox 1005 1642 1225 1697; x_wconf 54' lang='lat' dir='ltr'><strong>&#39;tenent</strong></span> <span class='ocrx_word' id='word_1_84' title='bbox 1257 1651 1271 1697; x_wconf 93' lang='lat'><strong>:</strong></span> <span class='ocrx_word' id='word_1_85' title='bbox 1306 1654 1452 1697; x_wconf 91' lang='lat' dir='ltr'><strong>nam</strong></span> <span class='ocrx_word' id='word_1_86' title='bbox 1484 1633 1565 1696; x_wconf 91' lang='lat' dir='ltr'><strong>ab</strong></span> <span class='ocrx_word' id='word_1_87' title='bbox 1594 1634 1914 1717; x_wconf 88' lang='lat' dir='ltr'><strong>episcopis</strong></span> <span class='ocrx_word' id='word_1_88' title='bbox 1946 1642 2174 1715; x_wconf 90' lang='lat' dir='ltr'><strong>petunt</strong></span> <span class='ocrx_word' id='word_1_89' title='bbox 2201 1651 2308 1695; x_wconf 90' lang='lat' dir='ltr'><strong>au-</strong></span> 
     </span>
     <span class='ocr_line' id='line_1_18' title="bbox 806 1729 2304 1815; baseline -0.003 -20"><span class='ocrx_word' id='word_1_90' title='bbox 806 1732 1163 1795; x_wconf 86' lang='lat' dir='ltr'><strong>ctoritatem</strong></span> <span class='ocrx_word' id='word_1_91' title='bbox 1208 1739 1398 1815; x_wconf 85' lang='lat' dir='ltr'><strong>atque</strong></span> <span class='ocrx_word' id='word_1_92' title='bbox 1443 1732 1763 1795; x_wconf 82' lang='lat' dir='ltr'><strong>licentiam</strong></span> <span class='ocrx_word' id='word_1_93' title='bbox 1810 1731 2182 1795; x_wconf 84' lang='lat' dir='ltr'><strong>absolvendi</strong></span> <span class='ocrx_word' id='word_1_94' title='bbox 2223 1729 2304 1793; x_wconf 93' lang='lat' dir='ltr'><strong>ab</strong></span> 
     </span>
    </p>
   </div>
   <div class='ocr_carea' id='block_1_7' title="bbox 806 1928 2308 2995">
    <p class='ocr_par' dir='ltr' id='par_1_7' title="bbox 806 1928 2308 2995">
     <span class='ocr_line' id='line_1_19' title="bbox 806 1928 2302 2012; baseline 0 -21"><span class='ocrx_word' id='word_1_95' title='bbox 806 1929 1095 2012; x_wconf 84' lang='lat' dir='ltr'><strong>episcopi</strong></span> <span class='ocrx_word' id='word_1_96' title='bbox 1135 1936 1434 1992; x_wconf 87' lang='lat' dir='ltr'><strong>tenentur</strong></span> <span class='ocrx_word' id='word_1_97' title='bbox 1467 1929 1649 2011; x_wconf 85' lang='lat' dir='ltr'><strong>juxta</strong></span> <span class='ocrx_word' id='word_1_98' title='bbox 1691 1937 1986 1993; x_wconf 88' lang='lat' dir='ltr'><strong>contenta</strong></span> <span class='ocrx_word' id='word_1_99' title='bbox 2034 1930 2099 1990; x_wconf 91' lang='lat' dir='ltr'><strong>in</strong></span> <span class='ocrx_word' id='word_1_100' title='bbox 2134 1928 2302 2011; x_wconf 86' lang='lat' dir='ltr'><strong>jure,</strong></span> 
     </span>
     <span class='ocr_line' id='line_1_20' title="bbox 807 2026 2306 2111; baseline -0.001 -20"><span class='ocrx_word' id='word_1_101' title='bbox 807 2045 915 2091; x_wconf 92' lang='lat' dir='ltr'><strong>eos</strong></span> <span class='ocrx_word' id='word_1_102' title='bbox 956 2028 1187 2111; x_wconf 89' lang='lat' dir='ltr'><strong>punire</strong></span> <span class='ocrx_word' id='word_1_103' title='bbox 1216 2029 1328 2110; x_wconf 91' lang='lat' dir='ltr'><strong>qui</strong></span> <span class='ocrx_word' id='word_1_104' title='bbox 1369 2044 1495 2090; x_wconf 90' lang='lat' dir='ltr'><strong>non</strong></span> <span class='ocrx_word' id='word_1_105' title='bbox 1528 2028 1918 2091; x_wconf 80' lang='lat' dir='ltr'><strong>confitentur</strong></span> <span class='ocrx_word' id='word_1_106' title='bbox 1949 2026 2148 2090; x_wconf 91' lang='lat' dir='ltr'><strong>semel</strong></span> <span class='ocrx_word' id='word_1_107' title='bbox 2188 2027 2306 2089; x_wconf 91' lang='lat' dir='ltr'><strong>sal-</strong></span> 
     </span>
     <span class='ocr_line' id='line_1_21' title="bbox 806 2125 2307 2209; baseline -0.001 -20"><span class='ocrx_word' id='word_1_108' title='bbox 806 2134 935 2190; x_wconf 89' lang='lat' dir='ltr'><strong>tem</strong></span> <span class='ocrx_word' id='word_1_109' title='bbox 979 2126 1044 2189; x_wconf 91' lang='lat' dir='ltr'><strong>in</strong></span> <span class='ocrx_word' id='word_1_110' title='bbox 1083 2144 1251 2190; x_wconf 86' lang='lat' dir='ltr'><strong>anno</strong></span> <span class='ocrx_word' id='word_1_111' title='bbox 1289 2126 1547 2209; x_wconf 92' lang='lat' dir='ltr'><strong>proprio</strong></span> <span class='ocrx_word' id='word_1_112' title='bbox 1584 2126 1917 2201; x_wconf 88' lang='lat' dir='ltr'><strong>sacerdoti,</strong></span> <span class='ocrx_word' id='word_1_113' title='bbox 1951 2125 2038 2188; x_wconf 88' lang='lat' dir='ltr'><strong>ita</strong></span> <span class='ocrx_word' id='word_1_114' title='bbox 2076 2133 2147 2188; x_wconf 91' lang='lat' dir='ltr'><strong>ut</strong></span> <span class='ocrx_word' id='word_1_115' title='bbox 2174 2125 2307 2189; x_wconf 87' lang='lat' dir='ltr'><strong>vivi</strong></span> 
     </span>
     <span class='ocr_line' id='line_1_22' title="bbox 810 2224 2308 2307; baseline -0.002 -19"><span class='ocrx_word' id='word_1_116' title='bbox 810 2232 1147 2289; x_wconf 78' lang='lat' dir='ltr'><strong>arceantur</strong></span> <span class='ocrx_word' id='word_1_117' title='bbox 1182 2225 1264 2288; x_wconf 91' lang='lat' dir='ltr'><strong>ab</strong></span> <span class='ocrx_word' id='word_1_118' title='bbox 1302 2225 1591 2307; x_wconf 89' lang='lat' dir='ltr'><strong>ingressu</strong></span> <span class='ocrx_word' id='word_1_119' title='bbox 1632 2224 1938 2299; x_wconf 83' lang='lat' dir='ltr'><strong>ecclesiae,</strong></span> <span class='ocrx_word' id='word_1_120' title='bbox 1972 2232 2037 2287; x_wconf 93' lang='lat' dir='ltr'><strong>et</strong></span> <span class='ocrx_word' id='word_1_121' title='bbox 2074 2224 2308 2288; x_wconf 90' lang='lat' dir='ltr'><strong>mortui</strong></span> 
     </span>
     <span class='ocr_line' id='line_1_23' title="bbox 810 2323 2307 2407; baseline -0.001 -20"><span class='ocrx_word' id='word_1_122' title='bbox 810 2323 1142 2407; x_wconf 78' lang='lat' dir='ltr'><strong>sepultura</strong></span> <span class='ocrx_word' id='word_1_123' title='bbox 1198 2324 1549 2407; x_wconf 87' lang='lat' dir='ltr'><strong>priventur.</strong></span> <span class='ocrx_word' id='word_1_124' title='bbox 1608 2324 1684 2386; x_wconf 89' lang='lat' dir='ltr'><strong>Et</strong></span> <span class='ocrx_word' id='word_1_125' title='bbox 1741 2324 2081 2406; x_wconf 84' lang='lat' dir='ltr'><strong>respondet</strong></span> <span class='ocrx_word' id='word_1_126' title='bbox 2136 2323 2307 2405; x_wconf 92' lang='lat' dir='ltr'><strong>quod</strong></span> 
     </span>
     <span class='ocr_line' id='line_1_24' title="bbox 811 2422 2306 2505; baseline -0.001 -20"><span class='ocrx_word' id='word_1_127' title='bbox 811 2423 963 2497; x_wconf 89' lang='lat' dir='ltr'><strong>im0‚</strong></span> <span class='ocrx_word' id='word_1_128' title='bbox 980 2422 1331 2505; x_wconf 86' lang='lat' dir='ltr'><strong>praesertim</strong></span> <span class='ocrx_word' id='word_1_129' title='bbox 1363 2422 1776 2505; x_wconf 81' lang='lat' dir='ltr'><strong>particulares</strong></span> <span class='ocrx_word' id='word_1_130' title='bbox 1805 2440 2127 2505; x_wconf 88' lang='lat' dir='ltr'><strong>personas.</strong></span> <span class='ocrx_word' id='word_1_131' title='bbox 2149 2422 2306 2485; x_wconf 91' lang='lat' dir='ltr'><strong>Nam</strong></span> 
     </span>
     <span class='ocr_line' id='line_1_25' title="bbox 810 2520 2307 2603; baseline -0.001 -19"><span class='ocrx_word' id='word_1_132' title='bbox 810 2521 1252 2585; x_wconf 79' lang='lat' dir='ltr'><strong>communitati</strong></span> <span class='ocrx_word' id='word_1_133' title='bbox 1300 2522 1691 2603; x_wconf 88' lang='lat' dir='ltr'><strong>parcendum</strong></span> <span class='ocrx_word' id='word_1_134' title='bbox 1736 2529 1851 2594; x_wconf 88' lang='lat' dir='ltr'><strong>est,</strong></span> <span class='ocrx_word' id='word_1_135' title='bbox 1894 2520 2019 2583; x_wconf 90' lang='lat' dir='ltr'><strong>nisi</strong></span> <span class='ocrx_word' id='word_1_136' title='bbox 2064 2538 2142 2582; x_wconf 86' lang='lat' dir='ltr'><strong>ex</strong></span> <span class='ocrx_word' id='word_1_137' title='bbox 2185 2520 2307 2583; x_wconf 90' lang='lat' dir='ltr'><strong>hoc</strong></span> 
     </span>
     <span class='ocr_line' id='line_1_26' title="bbox 808 2618 2306 2701; baseline 0 -20"><span class='ocrx_word' id='word_1_138' title='bbox 808 2620 1113 2682; x_wconf 89' lang='lat' dir='ltr'><strong>timeatur</strong></span> <span class='ocrx_word' id='word_1_139' title='bbox 1142 2619 1220 2682; x_wconf 90' lang='lat' dir='ltr'><strong>de</strong></span> <span class='ocrx_word' id='word_1_140' title='bbox 1262 2620 1428 2682; x_wconf 84' lang='lat' dir='ltr'><strong>malo</strong></span> <span class='ocrx_word' id='word_1_141' title='bbox 1465 2618 1763 2701; x_wconf 80' lang='lat' dir='ltr'><strong>graviori,</strong></span> <span class='ocrx_word' id='word_1_142' title='bbox 1795 2618 2095 2682; x_wconf 87' lang='lat' dir='ltr'><strong>videlicet</strong></span> <span class='ocrx_word' id='word_1_143' title='bbox 2126 2619 2306 2682; x_wconf 89' lang='lat' dir='ltr'><strong>dero-</strong></span> 
     </span>
     <span class='ocr_line' id='line_1_27' title="bbox 807 2717 2305 2802; baseline -0.001 -22"><span class='ocrx_word' id='word_1_144' title='bbox 807 2718 1060 2801; x_wconf 90' lang='lat' dir='ltr'><strong>gatione</strong></span> <span class='ocrx_word' id='word_1_145' title='bbox 1120 2718 1527 2802; x_wconf 79' lang='lat' dir='ltr'><strong>praelationis,</strong></span> <span class='ocrx_word' id='word_1_146' title='bbox 1580 2726 1650 2780; x_wconf 89' lang='lat' dir='ltr'><strong>ut</strong></span> <span class='ocrx_word' id='word_1_147' title='bbox 1709 2718 1774 2780; x_wconf 92' lang='lat' dir='ltr'><strong>in</strong></span> <span class='ocrx_word' id='word_1_148' title='bbox 1832 2718 2178 2801; x_wconf 87' lang='lat' dir='ltr'><strong>proposito.</strong></span> <span class='ocrx_word' id='word_1_149' title='bbox 2241 2717 2305 2779; x_wconf 90' lang='lat' dir='ltr'><strong>Si</strong></span> 
     </span>
     <span class='ocr_line' id='line_1_28' title="bbox 808 2815 2305 2900; baseline -0.003 -20"><span class='ocrx_word' id='word_1_150' title='bbox 808 2823 1020 2880; x_wconf 89' lang='lat' dir='ltr'><strong>autem</strong></span> <span class='ocrx_word' id='word_1_151' title='bbox 1070 2817 1444 2900; x_wconf 89' lang='lat' dir='ltr'><strong>episcopum</strong></span> <span class='ocrx_word' id='word_1_152' title='bbox 1496 2815 1703 2890; x_wconf 89' lang='lat' dir='ltr'><strong>lateat,</strong></span> <span class='ocrx_word' id='word_1_153' title='bbox 1752 2836 1830 2879; x_wconf 88' lang='lat' dir='ltr'><strong>an</strong></span> <span class='ocrx_word' id='word_1_154' title='bbox 1879 2816 2161 2897; x_wconf 90' lang='lat' dir='ltr'><strong>generali</strong></span> <span class='ocrx_word' id='word_1_155' title='bbox 2211 2815 2305 2876; x_wconf 90' lang='lat' dir='ltr'><strong>illi</strong></span> 
     </span>
     <span class='ocr_line' id='line_1_29' title="bbox 808 2914 2305 2995; baseline -0.001 -18"><span class='ocrx_word' id='word_1_156' title='bbox 808 2922 1043 2977; x_wconf 86' lang='lat' dir='ltr'><strong>statuto</strong></span> <span class='ocrx_word' id='word_1_157' title='bbox 1082 2915 1160 2978; x_wconf 92' lang='lat' dir='ltr'><strong>de</strong></span> <span class='ocrx_word' id='word_1_158' title='bbox 1200 2914 1397 2977; x_wconf 90' lang='lat' dir='ltr'><strong>semel</strong></span> <span class='ocrx_word' id='word_1_159' title='bbox 1445 2914 1811 2977; x_wconf 82' lang='lat' dir='ltr'><strong>confitendo</strong></span> <span class='ocrx_word' id='word_1_160' title='bbox 1850 2914 1913 2976; x_wconf 90' lang='lat' dir='ltr'><strong>in</strong></span> <span class='ocrx_word' id='word_1_161' title='bbox 1954 2931 2121 2976; x_wconf 89' lang='lat' dir='ltr'><strong>anno</strong></span> <span class='ocrx_word' id='word_1_162' title='bbox 2165 2930 2305 2995; x_wconf 92' lang='lat' dir='ltr'><strong>pro·</strong></span> 
     </span>
    </p>
   </div>
   <div class='ocr_carea' id='block_1_8' title="bbox 1430 476 3274 544">
    <p class='ocr_par' dir='ltr' id='par_1_8' title="bbox 1430 476 3274 544">
     <span class='ocr_line' id='line_1_30' title="bbox 1430 476 3274 544; baseline 0.003 -21"><span class='ocrx_word' id='word_1_163' title='bbox 1430 476 1496 523; x_wconf 78' lang='lat' dir='ltr'><strong>m</strong></span> <span class='ocrx_word' id='word_1_164' title='bbox 1535 478 1759 525; x_wconf 71' lang='lat' dir='ltr'><strong>Lunum</strong></span> <span class='ocrx_word' id='word_1_165' title='bbox 1798 478 1862 525; x_wconf 85' lang='lat' dir='ltr'><strong>lv</strong></span> <span class='ocrx_word' id='word_1_166' title='bbox 1904 477 2388 525; x_wconf 57' lang='lat' dir='ltr'><strong>summanum</strong></span> <span class='ocrx_word' id='word_1_167' title='bbox 2430 496 2512 507; x_wconf 92' lang='lat'><strong>—</strong></span> <span class='ocrx_word' id='word_1_168' title='bbox 2551 478 2707 527; x_wconf 68' lang='lat' dir='ltr'><strong>mar.</strong></span> <span class='ocrx_word' id='word_1_169' title='bbox 2746 480 2919 544; x_wconf 75' lang='lat'><em>11113</em></span> <span class='ocrx_word' id='word_1_170' title='bbox 2961 480 3187 537; x_wconf 64' lang='lat' dir='ltr'><strong>Qusssr.</strong></span> <span class='ocrx_word' id='word_1_171' title='bbox 3229 480 3274 528; x_wconf 88' lang='lat'><strong>11</strong></span> 
     </span>
    </p>
   </div>
   <div class='ocr_carea' id='block_1_9' title="bbox 2410 748 3914 1815">
    <p class='ocr_par' dir='ltr' id='par_1_9' title="bbox 2410 748 3914 1815">
     <span class='ocr_line' id='line_1_31' title="bbox 2411 748 3906 832; baseline 0.002 -21"><span class='ocrx_word' id='word_1_172' title='bbox 2411 748 2709 831; x_wconf 80' lang='lat' dir='ltr'><strong>praelatus</strong></span> <span class='ocrx_word' id='word_1_173' title='bbox 2756 749 3035 832; x_wconf 86' lang='lat' dir='ltr'><strong>religiosi</strong></span> <span class='ocrx_word' id='word_1_174' title='bbox 3085 750 3517 815; x_wconf 81' lang='lat' dir='ltr'><strong>consessiones</strong></span> <span class='ocrx_word' id='word_1_175' title='bbox 3563 752 3906 827; x_wconf 89' lang='lat' dir='ltr'><strong>audientis,</strong></span> 
     </span>
     <span class='ocr_line' id='line_1_32' title="bbox 2412 847 3911 933; baseline 0.003 -24"><span class='ocrx_word' id='word_1_176' title='bbox 2412 847 2613 929; x_wconf 90' lang='lat' dir='ltr'><strong>possit</strong></span> <span class='ocrx_word' id='word_1_177' title='bbox 2653 848 2714 910; x_wconf 91' lang='lat' dir='ltr'><strong>ei</strong></span> <span class='ocrx_word' id='word_1_178' title='bbox 2762 847 3136 912; x_wconf 82' lang='lat' dir='ltr'><strong>subtrahere</strong></span> <span class='ocrx_word' id='word_1_179' title='bbox 3182 849 3463 932; x_wconf 89' lang='lat' dir='ltr'><strong>aliquem</strong></span> <span class='ocrx_word' id='word_1_180' title='bbox 3523 868 3744 913; x_wconf 89' lang='lat' dir='ltr'><strong>casum</strong></span> <span class='ocrx_word' id='word_1_181' title='bbox 3795 850 3911 933; x_wconf 89' lang='lat' dir='ltr'><strong>qui</strong></span> 
     </span>
     <span class='ocr_line' id='line_1_33' title="bbox 2410 943 3911 1031; baseline 0.003 -24"><span class='ocrx_word' id='word_1_182' title='bbox 2410 943 2566 1007; x_wconf 87' lang='lat' dir='ltr'><strong>alias</strong></span> <span class='ocrx_word' id='word_1_183' title='bbox 2613 946 2960 1028; x_wconf 88' lang='lat' dir='ltr'><strong>pertineret</strong></span> <span class='ocrx_word' id='word_1_184' title='bbox 3000 948 3079 1010; x_wconf 94' lang='lat' dir='ltr'><strong>de</strong></span> <span class='ocrx_word' id='word_1_185' title='bbox 3119 948 3265 1029; x_wconf 85' lang='lat' dir='ltr'><strong>jure</strong></span> <span class='ocrx_word' id='word_1_186' title='bbox 3307 948 3384 1011; x_wconf 89' lang='lat' dir='ltr'><strong>ad</strong></span> <span class='ocrx_word' id='word_1_187' title='bbox 3432 948 3664 1031; x_wconf 89' lang='lat' dir='ltr'><strong>ipsum.</strong></span> <span class='ocrx_word' id='word_1_188' title='bbox 3701 948 3780 1010; x_wconf 86' lang='lat' dir='ltr'><strong>Et</strong></span> <span class='ocrx_word' id='word_1_189' title='bbox 3815 966 3911 1011; x_wconf 91' lang='lat' dir='ltr'><strong>re·</strong></span> 
     </span>
     <span class='ocr_line' id='line_1_34' title="bbox 2412 1043 3910 1126; baseline 0.003 -22"><span class='ocrx_word' id='word_1_190' title='bbox 2412 1043 2703 1125; x_wconf 84' lang='lat' dir='ltr'><strong>spondet,</strong></span> <span class='ocrx_word' id='word_1_191' title='bbox 2755 1044 2924 1126; x_wconf 93' lang='lat' dir='ltr'><strong>quod</strong></span> <span class='ocrx_word' id='word_1_192' title='bbox 2984 1064 3062 1108; x_wconf 89' lang='lat' dir='ltr'><strong>ex</strong></span> <span class='ocrx_word' id='word_1_193' title='bbox 3121 1045 3481 1109; x_wconf 87' lang='lat' dir='ltr'><strong>rationabili</strong></span> <span class='ocrx_word' id='word_1_194' title='bbox 3540 1065 3732 1108; x_wconf 89' lang='lat' dir='ltr'><strong>causa</strong></span> <span class='ocrx_word' id='word_1_195' title='bbox 3787 1045 3910 1109; x_wconf 86' lang='lat' dir='ltr'><strong>hoe</strong></span> 
     </span>
     <span class='ocr_line' id='line_1_35' title="bbox 2412 1143 3911 1224; baseline 0.002 -21"><span class='ocrx_word' id='word_1_196' title='bbox 2412 1148 2641 1223; x_wconf 91' lang='lat' dir='ltr'><strong>potest,</strong></span> <span class='ocrx_word' id='word_1_197' title='bbox 2671 1143 2926 1224; x_wconf 91' lang='lat' dir='ltr'><strong>quando</strong></span> <span class='ocrx_word' id='word_1_198' title='bbox 2956 1143 3251 1207; x_wconf 87' lang='lat' dir='ltr'><strong>subditus</strong></span> <span class='ocrx_word' id='word_1_199' title='bbox 3283 1144 3393 1208; x_wconf 92' lang='lat' dir='ltr'><strong>ille</strong></span> <span class='ocrx_word' id='word_1_200' title='bbox 3421 1163 3549 1208; x_wconf 89' lang='lat' dir='ltr'><strong>non</strong></span> <span class='ocrx_word' id='word_1_201' title='bbox 3587 1143 3782 1207; x_wconf 89' lang='lat' dir='ltr'><strong>habet</strong></span> <span class='ocrx_word' id='word_1_202' title='bbox 3811 1162 3911 1208; x_wconf 93' lang='lat' dir='ltr'><strong>or-</strong></span> 
     </span>
     <span class='ocr_line' id='line_1_36' title="bbox 2411 1238 3914 1322; baseline 0.002 -21"><span class='ocrx_word' id='word_1_203' title='bbox 2411 1238 2721 1302; x_wconf 89' lang='lat' dir='ltr'><strong>dinariam</strong></span> <span class='ocrx_word' id='word_1_204' title='bbox 2763 1240 3276 1322; x_wconf 88' lang='lat' dir='ltr'><strong>jurisdictionem</strong></span> <span class='ocrx_word' id='word_1_205' title='bbox 3317 1243 3616 1306; x_wconf 90' lang='lat' dir='ltr'><strong>audiendi</strong></span> <span class='ocrx_word' id='word_1_206' title='bbox 3663 1241 3914 1306; x_wconf 80' lang='lat' dir='ltr'><strong>confes-</strong></span> 
     </span>
     <span class='ocr_line' id='line_1_37' title="bbox 2412 1338 3914 1425; baseline 0.002 -25"><span class='ocrx_word' id='word_1_207' title='bbox 2412 1338 2644 1414; x_wconf 62' lang='lat' dir='ltr'><strong>siones»,</strong></span> <span class='ocrx_word' id='word_1_208' title='bbox 2678 1340 2790 1403; x_wconf 88' lang='lat' dir='ltr'><strong>sed</strong></span> <span class='ocrx_word' id='word_1_209' title='bbox 2834 1340 3042 1403; x_wconf 88' lang='lat' dir='ltr'><strong>solum</strong></span> <span class='ocrx_word' id='word_1_210' title='bbox 3087 1360 3164 1405; x_wconf 83' lang='lat' dir='ltr'><strong>ex</strong></span> <span class='ocrx_word' id='word_1_211' title='bbox 3207 1341 3556 1425; x_wconf 88' lang='lat' dir='ltr'><strong>superioris</strong></span> <span class='ocrx_word' id='word_1_212' title='bbox 3601 1342 3702 1404; x_wconf 87' lang='lat' dir='ltr'><strong>sui</strong></span> <span class='ocrx_word' id='word_1_213' title='bbox 3743 1358 3914 1404; x_wconf 87' lang='lat' dir='ltr'><strong>com—</strong></span> 
     </span>
     <span class='ocr_line' id='line_1_38' title="bbox 2415 1437 3913 1522; baseline 0.002 -24"><span class='ocrx_word' id='word_1_214' title='bbox 2415 1437 2719 1502; x_wconf 88' lang='lat' dir='ltr'><strong>missione</strong></span> <span class='ocrx_word' id='word_1_215' title='bbox 2765 1439 2942 1501; x_wconf 89' lang='lat' dir='ltr'><strong>audit</strong></span> <span class='ocrx_word' id='word_1_216' title='bbox 2983 1458 3109 1503; x_wconf 89' lang='lat' dir='ltr'><strong>eas.</strong></span> <span class='ocrx_word' id='word_1_217' title='bbox 3153 1439 3330 1503; x_wconf 86' lang='lat' dir='ltr'><strong>Tunc</strong></span> <span class='ocrx_word' id='word_1_218' title='bbox 3371 1440 3546 1503; x_wconf 88' lang='lat' dir='ltr'><strong>enim</strong></span> <span class='ocrx_word' id='word_1_219' title='bbox 3595 1446 3805 1522; x_wconf 88' lang='lat' dir='ltr'><strong>potest</strong></span> <span class='ocrx_word' id='word_1_220' title='bbox 3849 1440 3913 1501; x_wconf 91' lang='lat' dir='ltr'><strong>ei</strong></span> 
     </span>
     <span class='ocr_line' id='line_1_39' title="bbox 2413 1538 3912 1602; baseline 0.002 -5"><span class='ocrx_word' id='word_1_221' title='bbox 2413 1543 2608 1599; x_wconf 84' lang='lat' dir='ltr'><strong>totam</strong></span> <span class='ocrx_word' id='word_1_222' title='bbox 2636 1539 3076 1602; x_wconf 84' lang='lat' dir='ltr'><strong>auctoritatem</strong></span> <span class='ocrx_word' id='word_1_223' title='bbox 3111 1538 3283 1602; x_wconf 89' lang='lat' dir='ltr'><strong>illam</strong></span> <span class='ocrx_word' id='word_1_224' title='bbox 3315 1538 3584 1602; x_wconf 79' lang='lat' dir='ltr'><strong>auferre.</strong></span> <span class='ocrx_word' id='word_1_225' title='bbox 3599 1538 3665 1602; x_wconf 91' lang='lat' dir='ltr'><strong>Si</strong></span> <span class='ocrx_word' id='word_1_226' title='bbox 3693 1545 3912 1601; x_wconf 85' lang='lat' dir='ltr'><strong>autem</strong></span> 
     </span>
     <span class='ocr_line' id='line_1_40' title="bbox 2413 1633 3914 1720; baseline 0.003 -25"><span class='ocrx_word' id='word_1_227' title='bbox 2413 1633 2678 1697; x_wconf 87' lang='lat' dir='ltr'><strong>inferior</strong></span> <span class='ocrx_word' id='word_1_228' title='bbox 2721 1636 2912 1699; x_wconf 91' lang='lat' dir='ltr'><strong>habet</strong></span> <span class='ocrx_word' id='word_1_229' title='bbox 2947 1637 3224 1720; x_wconf 86' lang='lat' dir='ltr'><strong>aliquam</strong></span> <span class='ocrx_word' id='word_1_230' title='bbox 3270 1638 3655 1700; x_wconf 88' lang='lat' dir='ltr'><strong>ordinariam</strong></span> <span class='ocrx_word' id='word_1_231' title='bbox 3697 1644 3914 1699; x_wconf 89' lang='lat' dir='ltr'><strong>aucto-</strong></span> 
     </span>
     <span class='ocr_line' id='line_1_41' title="bbox 2414 1732 3912 1815; baseline 0.002 -21"><span class='ocrx_word' id='word_1_232' title='bbox 2414 1732 2665 1796; x_wconf 88' lang='lat' dir='ltr'><strong>ritatem</strong></span> <span class='ocrx_word' id='word_1_233' title='bbox 2698 1742 2762 1796; x_wconf 89' lang='lat' dir='ltr'><strong>et</strong></span> <span class='ocrx_word' id='word_1_234' title='bbox 2787 1734 3302 1815; x_wconf 85' lang='lat' dir='ltr'><strong>jurisdictionem</strong></span> <span class='ocrx_word' id='word_1_235' title='bbox 3331 1735 3632 1798; x_wconf 89' lang='lat' dir='ltr'><strong>audiendi</strong></span> <span class='ocrx_word' id='word_1_236' title='bbox 3665 1733 3912 1798; x_wconf 76' lang='lat' dir='ltr'><strong>confes-</strong></span> 
     </span>
    </p>
   </div>
   <div class='ocr_carea' id='block_1_10' title="bbox 708 1828 3914 1912">
    <p class='ocr_par' dir='ltr' id='par_1_10' title="bbox 708 1828 3914 1912">
     <span class='ocr_line' id='line_1_42' title="bbox 708 1828 3914 1912; baseline 0.001 -20"><span class='ocrx_word' id='word_1_237' title='bbox 708 1877 722 1892; x_wconf 90' lang='lat'>.</span> <span class='ocrx_word' id='word_1_238' title='bbox 803 1829 1278 1912; x_wconf 88' lang='lat' dir='ltr'><strong>episcopalibus</strong></span> <span class='ocrx_word' id='word_1_239' title='bbox 1336 1831 1612 1893; x_wconf 80' lang='lat' dir='ltr'><strong>casibuS.</strong></span> <span class='ocrx_word' id='word_1_240' title='bbox 1662 1866 1743 1878; x_wconf 92' lang='lat'><em>-</em></span> <span class='ocrx_word' id='word_1_241' title='bbox 1796 1830 2027 1904; x_wconf 88' lang='lat' dir='ltr'><strong>Tertio,</strong></span> <span class='ocrx_word' id='word_1_242' title='bbox 2089 1837 2304 1892; x_wconf 89' lang='lat' dir='ltr'><strong>utrum</strong></span> <span class='ocrx_word' id='word_1_243' title='bbox 2331 1828 2379 1891; x_wconf 91' lang='lat' dir='ltr'>B</span> <span class='ocrx_word' id='word_1_244' title='bbox 2416 1829 2627 1892; x_wconf 90' lang='lat' dir='ltr'><strong>siones</strong></span> <span class='ocrx_word' id='word_1_245' title='bbox 2674 1830 3074 1895; x_wconf 90' lang='lat' dir='ltr'><strong>subditorum</strong></span> <span class='ocrx_word' id='word_1_246' title='bbox 3119 1851 3403 1908; x_wconf 88' lang='lat' dir='ltr'><strong>suorum,</strong></span> <span class='ocrx_word' id='word_1_247' title='bbox 3447 1841 3518 1896; x_wconf 92' lang='lat' dir='ltr'><strong>ut</strong></span> <span class='ocrx_word' id='word_1_248' title='bbox 3553 1833 3914 1897; x_wconf 85' lang='lat' dir='ltr'><strong>sacerdotes</strong></span> 
     </span>
    </p>
   </div>
   <div class='ocr_carea' id='block_1_11' title="bbox 2413 1929 3916 2995">
    <p class='ocr_par' dir='ltr' id='par_1_11' title="bbox 2413 1929 3916 2995">
     <span class='ocr_line' id='line_1_43' title="bbox 2415 1929 3914 2015; baseline 0.002 -25"><span class='ocrx_word' id='word_1_249' title='bbox 2415 1929 2647 2009; x_wconf 84' lang='lat' dir='ltr'><strong>curati;</strong></span> <span class='ocrx_word' id='word_1_250' title='bbox 2679 1936 2832 1992; x_wconf 91' lang='lat' dir='ltr'><strong>tunc</strong></span> <span class='ocrx_word' id='word_1_251' title='bbox 2863 1932 3202 2015; x_wconf 88' lang='lat' dir='ltr'><strong>episcopus</strong></span> <span class='ocrx_word' id='word_1_252' title='bbox 3231 1950 3357 1995; x_wconf 92' lang='lat' dir='ltr'><strong>non</strong></span> <span class='ocrx_word' id='word_1_253' title='bbox 3391 1938 3598 2014; x_wconf 89' lang='lat' dir='ltr'><strong>potest</strong></span> <span class='ocrx_word' id='word_1_254' title='bbox 3625 1950 3766 1996; x_wconf 88' lang='lat' dir='ltr'><strong>eam</strong></span> <span class='ocrx_word' id='word_1_255' title='bbox 3795 1931 3914 1995; x_wconf 90' lang='lat' dir='ltr'><strong>tali</strong></span> 
     </span>
     <span class='ocr_line' id='line_1_44' title="bbox 2413 2026 3915 2111; baseline 0.002 -22"><span class='ocrx_word' id='word_1_256' title='bbox 2413 2026 2665 2104; x_wconf 78' lang='lat' dir='ltr'><strong>auferre</strong></span> <span class='ocrx_word' id='word_1_257' title='bbox 2708 2028 2787 2091; x_wconf 91' lang='lat' dir='ltr'><strong>ad</strong></span> <span class='ocrx_word' id='word_1_258' title='bbox 2826 2028 3155 2111; x_wconf 90' lang='lat' dir='ltr'><strong>placitum,</strong></span> <span class='ocrx_word' id='word_1_259' title='bbox 3197 2029 3327 2093; x_wconf 92' lang='lat' dir='ltr'><strong>imo</strong></span> <span class='ocrx_word' id='word_1_260' title='bbox 3365 2038 3619 2093; x_wconf 85' lang='lat' dir='ltr'><strong>tenetur</strong></span> <span class='ocrx_word' id='word_1_261' title='bbox 3654 2048 3915 2111; x_wconf 86' lang='lat' dir='ltr'><strong>genera-</strong></span> 
     </span>
     <span class='ocr_line' id='line_1_45' title="bbox 2417 2125 3916 2203; baseline 0.002 -15"><span class='ocrx_word' id='word_1_262' title='bbox 2417 2125 2542 2188; x_wconf 90' lang='lat' dir='ltr'><strong>lem</strong></span> <span class='ocrx_word' id='word_1_263' title='bbox 2576 2128 3104 2191; x_wconf 88' lang='lat' dir='ltr'><strong>consuetudinem</strong></span> <span class='ocrx_word' id='word_1_264' title='bbox 3137 2127 3435 2192; x_wconf 83' lang='lat' dir='ltr'><strong>Ecclesiae</strong></span> <span class='ocrx_word' id='word_1_265' title='bbox 3469 2128 3812 2203; x_wconf 88' lang='lat' dir='ltr'><strong>custodire,</strong></span> <span class='ocrx_word' id='word_1_266' title='bbox 3845 2136 3916 2191; x_wconf 85' lang='lat' dir='ltr'><strong>et</strong></span> 
     </span>
     <span class='ocr_line' id='line_1_46' title="bbox 2413 2223 3912 2308; baseline 0.001 -22"><span class='ocrx_word' id='word_1_267' title='bbox 2413 2223 2878 2287; x_wconf 87' lang='lat' dir='ltr'><strong>ordinationem</strong></span> <span class='ocrx_word' id='word_1_268' title='bbox 2907 2224 3050 2307; x_wconf 85' lang='lat' dir='ltr'><strong>ejus</strong></span> <span class='ocrx_word' id='word_1_269' title='bbox 3079 2243 3363 2305; x_wconf 84' lang='lat' dir='ltr'><strong>servare3</strong></span> <span class='ocrx_word' id='word_1_270' title='bbox 3385 2244 3502 2289; x_wconf 89' lang='lat' dir='ltr'><strong>nec</strong></span> <span class='ocrx_word' id='word_1_271' title='bbox 3534 2234 3742 2308; x_wconf 87' lang='lat' dir='ltr'><strong>potest</strong></span> <span class='ocrx_word' id='word_1_272' title='bbox 3769 2244 3912 2288; x_wconf 89' lang='lat' dir='ltr'><strong>eam</strong></span> 
     </span>
     <span class='ocr_line' id='line_1_47' title="bbox 2415 2321 3914 2405; baseline 0.001 -21"><span class='ocrx_word' id='word_1_273' title='bbox 2415 2321 2588 2385; x_wconf 91' lang='lat' dir='ltr'><strong>solus</strong></span> <span class='ocrx_word' id='word_1_274' title='bbox 2629 2332 2898 2399; x_wconf 89' lang='lat' dir='ltr'><strong>mutare,</strong></span> <span class='ocrx_word' id='word_1_275' title='bbox 2932 2323 3044 2387; x_wconf 90' lang='lat' dir='ltr'><strong>ubi</strong></span> <span class='ocrx_word' id='word_1_276' title='bbox 3083 2342 3161 2387; x_wconf 89' lang='lat' dir='ltr'><strong>ex</strong></span> <span class='ocrx_word' id='word_1_277' title='bbox 3199 2324 3525 2387; x_wconf 88' lang='lat' dir='ltr'><strong>communi</strong></span> <span class='ocrx_word' id='word_1_278' title='bbox 3560 2324 3706 2405; x_wconf 86' lang='lat' dir='ltr'><strong>jure</strong></span> <span class='ocrx_word' id='word_1_279' title='bbox 3745 2324 3914 2387; x_wconf 87' lang='lat' dir='ltr'><strong>ordi-</strong></span> 
     </span>
     <span class='ocr_line' id='line_1_48' title="bbox 2415 2421 3914 2505; baseline 0.003 -23"><span class='ocrx_word' id='word_1_280' title='bbox 2415 2421 2615 2496; x_wconf 90' lang='lat' dir='ltr'><strong>nario,</strong></span> <span class='ocrx_word' id='word_1_281' title='bbox 2657 2422 2760 2485; x_wconf 89' lang='lat' dir='ltr'><strong>vel</strong></span> <span class='ocrx_word' id='word_1_282' title='bbox 2807 2441 2886 2485; x_wconf 85' lang='lat' dir='ltr'><strong>ex</strong></span> <span class='ocrx_word' id='word_1_283' title='bbox 2935 2423 3397 2486; x_wconf 89' lang='lat' dir='ltr'><strong>consuetudine</strong></span> <span class='ocrx_word' id='word_1_284' title='bbox 3445 2442 3594 2486; x_wconf 87' lang='lat' dir='ltr'><strong>sana</strong></span> <span class='ocrx_word' id='word_1_285' title='bbox 3642 2430 3708 2485; x_wconf 88' lang='lat' dir='ltr'><strong>et</strong></span> <span class='ocrx_word' id='word_1_286' title='bbox 3755 2442 3914 2505; x_wconf 82' lang='lat' dir='ltr'><strong>prae-</strong></span> 
     </span>
     <span class='ocr_line' id='line_1_49' title="bbox 2415 2520 3912 2603; baseline 0 -20"><span class='ocrx_word' id='word_1_287' title='bbox 2415 2520 2672 2602; x_wconf 88' lang='lat' dir='ltr'><strong>scripta,</strong></span> <span class='ocrx_word' id='word_1_288' title='bbox 2705 2539 2848 2602; x_wconf 83' lang='lat' dir='ltr'><strong>quae</strong></span> <span class='ocrx_word' id='word_1_289' title='bbox 2889 2521 2956 2583; x_wconf 91' lang='lat' dir='ltr'><strong>in</strong></span> <span class='ocrx_word' id='word_1_290' title='bbox 3001 2521 3122 2584; x_wconf 90' lang='lat' dir='ltr'><strong>hoc</strong></span> <span class='ocrx_word' id='word_1_291' title='bbox 3159 2520 3325 2602; x_wconf 79' lang='lat' dir='ltr'><strong>juris</strong></span> <span class='ocrx_word' id='word_1_292' title='bbox 3368 2520 3560 2584; x_wconf 88' lang='lat' dir='ltr'><strong>habet</strong></span> <span class='ocrx_word' id='word_1_293' title='bbox 3600 2522 3912 2603; x_wconf 83' lang='lat' dir='ltr'><strong>vigorem,</strong></span> 
     </span>
     <span class='ocr_line' id='line_1_50' title="bbox 2415 2618 3913 2700; baseline 0.001 -19"><span class='ocrx_word' id='word_1_294' title='bbox 2415 2618 2538 2700; x_wconf 91' lang='lat' dir='ltr'><strong>ipsi</strong></span> <span class='ocrx_word' id='word_1_295' title='bbox 2571 2619 2772 2681; x_wconf 89' lang='lat' dir='ltr'><strong>curati</strong></span> <span class='ocrx_word' id='word_1_296' title='bbox 2799 2618 3306 2700; x_wconf 72' lang='lat' dir='ltr'><strong>Jurisdictionem</strong></span> <span class='ocrx_word' id='word_1_297' title='bbox 3339 2618 3462 2683; x_wconf 88' lang='lat' dir='ltr'><strong>sibi</strong></span> <span class='ocrx_word' id='word_1_298' title='bbox 3491 2638 3806 2683; x_wconf 82' lang='lat' dir='ltr'><strong>annexam</strong></span> <span class='ocrx_word' id='word_1_299' title='bbox 3836 2638 3913 2683; x_wconf 89' lang='lat' dir='ltr'><strong>ac</strong></span> 
     </span>
     <span class='ocr_line' id='line_1_51' title="bbox 2415 2717 3914 2800; baseline 0.002 -22"><span class='ocrx_word' id='word_1_300' title='bbox 2415 2717 2694 2779; x_wconf 85' lang='lat' dir='ltr'><strong>debitam</strong></span> <span class='ocrx_word' id='word_1_301' title='bbox 2747 2718 3119 2780; x_wconf 89' lang='lat' dir='ltr'><strong>sortiuntur.</strong></span> <span class='ocrx_word' id='word_1_302' title='bbox 3173 2718 3332 2792; x_wconf 91' lang='lat' dir='ltr'><strong>Non,</strong></span> <span class='ocrx_word' id='word_1_303' title='bbox 3375 2717 3660 2800; x_wconf 89' lang='lat' dir='ltr'><strong>inquam,</strong></span> <span class='ocrx_word' id='word_1_304' title='bbox 3702 2726 3914 2800; x_wconf 88' lang='lat' dir='ltr'><strong>potest</strong></span> 
     </span>
     <span class='ocr_line' id='line_1_52' title="bbox 2414 2815 3912 2898; baseline 0.001 -21"><span class='ocrx_word' id='word_1_305' title='bbox 2414 2815 2534 2879; x_wconf 91' lang='lat' dir='ltr'><strong>hoc</strong></span> <span class='ocrx_word' id='word_1_306' title='bbox 2577 2816 2716 2879; x_wconf 89' lang='lat' dir='ltr'><strong>sine</strong></span> <span class='ocrx_word' id='word_1_307' title='bbox 2767 2816 3050 2897; x_wconf 86' lang='lat' dir='ltr'><strong>legitima</strong></span> <span class='ocrx_word' id='word_1_308' title='bbox 3096 2834 3306 2890; x_wconf 90' lang='lat' dir='ltr'><strong>causa,</strong></span> <span class='ocrx_word' id='word_1_309' title='bbox 3349 2815 3500 2898; x_wconf 89' lang='lat' dir='ltr'><strong>quia</strong></span> <span class='ocrx_word' id='word_1_310' title='bbox 3547 2816 3912 2898; x_wconf 82' lang='lat' dir='ltr'><strong>superiores</strong></span> 
     </span>
     <span class='ocr_line' id='line_1_53' title="bbox 2414 2913 3915 2995; baseline 0.001 -19"><span class='ocrx_word' id='word_1_311' title='bbox 2414 2921 2712 2976; x_wconf 90' lang='lat' dir='ltr'><strong>tenentur</strong></span> <span class='ocrx_word' id='word_1_312' title='bbox 2760 2913 3173 2977; x_wconf 84' lang='lat' dir='ltr'><strong>inferioribus</strong></span> <span class='ocrx_word' id='word_1_313' title='bbox 3226 2914 3374 2995; x_wconf 85' lang='lat' dir='ltr'><strong>jura</strong></span> <span class='ocrx_word' id='word_1_314' title='bbox 3428 2932 3543 2977; x_wconf 88' lang='lat' dir='ltr'><strong>sua</strong></span> <span class='ocrx_word' id='word_1_315' title='bbox 3589 2914 3915 2977; x_wconf 86' lang='lat' dir='ltr'><strong>custodire</strong></span> 
     </span>
    </p>
   </div>
   <div class='ocr_carea' id='block_1_12' title="bbox 810 3008 3915 3096">
    <p class='ocr_par' dir='ltr' id='par_1_12' title="bbox 810 3008 3915 3096">
     <span class='ocr_line' id='line_1_54' title="bbox 810 3008 3915 3096; baseline 0 -21"><span class='ocrx_word' id='word_1_316' title='bbox 810 3014 953 3096; x_wconf 88' lang='lat' dir='ltr'><strong>prio</strong></span> <span class='ocrx_word' id='word_1_317' title='bbox 996 3014 1327 3087; x_wconf 89' lang='lat' dir='ltr'><strong>sacerdoti,</strong></span> <span class='ocrx_word' id='word_1_318' title='bbox 1360 3014 1727 3094; x_wconf 88' lang='lat' dir='ltr'><strong>derogatum</strong></span> <span class='ocrx_word' id='word_1_319' title='bbox 1768 3013 1851 3076; x_wconf 92' lang='lat' dir='ltr'><strong>sit</strong></span> <span class='ocrx_word' id='word_1_320' title='bbox 1888 3030 2004 3094; x_wconf 88' lang='lat' dir='ltr'><strong>per</strong></span> <span class='ocrx_word' id='word_1_321' title='bbox 2045 3011 2304 3093; x_wconf 89' lang='lat' dir='ltr'><strong>privile·</strong></span> <span class='ocrx_word' id='word_1_322' title='bbox 2335 3008 2377 3073; x_wconf 93' lang='lat' dir='ltr'>C</span> <span class='ocrx_word' id='word_1_323' title='bbox 2416 3011 2630 3075; x_wconf 82' lang='lat' dir='ltr'><strong>illaesa.</strong></span> <span class='ocrx_word' id='word_1_324' title='bbox 2668 3012 2743 3075; x_wconf 88' lang='lat' dir='ltr'><strong>Et</strong></span> <span class='ocrx_word' id='word_1_325' title='bbox 2779 3013 2901 3075; x_wconf 89' lang='lat' dir='ltr'><strong>hoc</strong></span> <span class='ocrx_word' id='word_1_326' title='bbox 2944 3011 3152 3075; x_wconf 90' lang='lat' dir='ltr'><strong>solum</strong></span> <span class='ocrx_word' id='word_1_327' title='bbox 3191 3012 3471 3075; x_wconf 88' lang='lat' dir='ltr'><strong>dicimur</strong></span> <span class='ocrx_word' id='word_1_328' title='bbox 3516 3029 3702 3093; x_wconf 89' lang='lat' dir='ltr'><strong>posse</strong></span> <span class='ocrx_word' id='word_1_329' title='bbox 3740 3013 3915 3094; x_wconf 91' lang='lat' dir='ltr'><strong>quod</strong></span> 
     </span>
    </p>
   </div>
   <div class='ocr_carea' id='block_1_13' title="bbox 806 3110 2304 3372">
    <p class='ocr_par' dir='ltr' id='par_1_13' title="bbox 806 3110 2304 3372">
     <span class='ocr_line' id='line_1_55' title="bbox 806 3110 2303 3195; baseline -0.002 -20"><span class='ocrx_word' id='word_1_330' title='bbox 806 3112 983 3195; x_wconf 90' lang='lat' dir='ltr'><strong>gium</strong></span> <span class='ocrx_word' id='word_1_331' title='bbox 1031 3131 1327 3194; x_wconf 83' lang='lat' dir='ltr'><strong>sequenS‚</strong></span> <span class='ocrx_word' id='word_1_332' title='bbox 1369 3111 1559 3174; x_wconf 92' lang='lat' dir='ltr'><strong>debet</strong></span> <span class='ocrx_word' id='word_1_333' title='bbox 1604 3112 2077 3174; x_wconf 87' lang='lat' dir='ltr'><strong>exsecutionem</strong></span> <span class='ocrx_word' id='word_1_334' title='bbox 2127 3110 2303 3173; x_wconf 90' lang='lat' dir='ltr'><strong>illam</strong></span> 
     </span>
     <span class='ocr_line' id='line_1_56' title="bbox 812 3209 2304 3294; baseline -0.003 -19"><span class='ocrx_word' id='word_1_335' title='bbox 812 3211 1131 3294; x_wconf 88' lang='lat' dir='ltr'><strong>poenalem</strong></span> <span class='ocrx_word' id='word_1_336' title='bbox 1174 3210 1460 3283; x_wconf 77' lang='lat' dir='ltr'><strong>differre,</strong></span> <span class='ocrx_word' id='word_1_337' title='bbox 1492 3228 1825 3293; x_wconf 87' lang='lat' dir='ltr'><strong>quousque</strong></span> <span class='ocrx_word' id='word_1_338' title='bbox 1870 3229 1937 3273; x_wconf 93' lang='lat' dir='ltr'><strong>se</strong></span> <span class='ocrx_word' id='word_1_339' title='bbox 1976 3211 2168 3273; x_wconf 82' lang='lat' dir='ltr'><strong>faciat</strong></span> <span class='ocrx_word' id='word_1_340' title='bbox 2211 3209 2304 3271; x_wconf 89' lang='lat' dir='ltr'><strong>in-</strong></span> 
     </span>
     <span class='ocr_line' id='line_1_57' title="bbox 812 3309 2301 3372; baseline -0.001 0"><span class='ocrx_word' id='word_1_341' title='bbox 812 3309 1074 3372; x_wconf 87' lang='lat' dir='ltr'><strong>formari</strong></span> <span class='ocrx_word' id='word_1_342' title='bbox 1112 3317 1176 3372; x_wconf 88' lang='lat' dir='ltr'><strong>et</strong></span> <span class='ocrx_word' id='word_1_343' title='bbox 1205 3309 1546 3372; x_wconf 87' lang='lat' dir='ltr'><strong>certificari</strong></span> <span class='ocrx_word' id='word_1_344' title='bbox 1585 3309 1663 3371; x_wconf 91' lang='lat' dir='ltr'><strong>de</strong></span> <span class='ocrx_word' id='word_1_345' title='bbox 1703 3328 1818 3372; x_wconf 93' lang='lat' dir='ltr'><strong>sua</strong></span> <span class='ocrx_word' id='word_1_346' title='bbox 1855 3309 2252 3372; x_wconf 84' lang='lat' dir='ltr'><strong>dubitatione</strong></span> <span class='ocrx_word' id='word_1_347' title='bbox 2287 3325 2301 3370; x_wconf 72' lang='grc' dir='ltr'><strong><em>ε</em></strong></span> 
     </span>
    </p>
   </div>
   <div class='ocr_carea' id='block_1_14' title="bbox 682 3407 2306 3588">
    <p class='ocr_par' dir='ltr' id='par_1_14' title="bbox 682 3407 2306 3588">
     <span class='ocr_line' id='line_1_58' title="bbox 760 3407 2302 3490; baseline 0.001 -24"><span class='ocrx_word' id='word_1_348' title='bbox 760 3423 782 3466; x_wconf 90' lang='grc'><strong>·.</strong></span> <span class='ocrx_word' id='word_1_349' title='bbox 812 3408 979 3472; x_wconf 89' lang='lat' dir='ltr'><strong>sicut</strong></span> <span class='ocrx_word' id='word_1_350' title='bbox 1012 3427 1203 3482; x_wconf 89' lang='lat' dir='ltr'><strong>nunc,</strong></span> <span class='ocrx_word' id='word_1_351' title='bbox 1239 3408 1466 3490; x_wconf 88' lang='lat' dir='ltr'><strong>inquit,</strong></span> <span class='ocrx_word' id='word_1_352' title='bbox 1500 3415 1596 3470; x_wconf 88' lang='lat' dir='ltr'><strong>est</strong></span> <span class='ocrx_word' id='word_1_353' title='bbox 1626 3407 2033 3470; x_wconf 88' lang='lat' dir='ltr'><strong>declaratum.</strong></span> <span class='ocrx_word' id='word_1_354' title='bbox 2067 3408 2302 3469; x_wconf 90' lang='lat' dir='ltr'><strong>Verum</strong></span> 
     </span>
     <span class='ocr_line' id='line_1_59' title="bbox 682 3505 2306 3588; baseline 0.002 -24"><span class='ocrx_word' id='word_1_355' title='bbox 682 3536 782 3575; x_wconf 71' lang='lat' dir='ltr'><strong>xva.</strong></span> <span class='ocrx_word' id='word_1_356' title='bbox 813 3508 892 3570; x_wconf 92' lang='lat' dir='ltr'><strong>de</strong></span> <span class='ocrx_word' id='word_1_357' title='bbox 942 3507 1063 3569; x_wconf 87' lang='lat' dir='ltr'><strong>isto</strong></span> <span class='ocrx_word' id='word_1_358' title='bbox 1108 3507 1405 3588; x_wconf 89' lang='lat' dir='ltr'><strong>superius</strong></span> <span class='ocrx_word' id='word_1_359' title='bbox 1461 3506 1704 3568; x_wconf 90' lang='lat' dir='ltr'><strong>dictum</strong></span> <span class='ocrx_word' id='word_1_360' title='bbox 1757 3514 1853 3570; x_wconf 89' lang='lat' dir='ltr'><strong>est</strong></span> <span class='ocrx_word' id='word_1_361' title='bbox 1900 3505 2172 3588; x_wconf 89' lang='lat' dir='ltr'><strong>plenius.</strong></span> <span class='ocrx_word' id='word_1_362' title='bbox 2224 3539 2306 3550; x_wconf 89' lang='lat'><strong>—</strong></span> 
     </span>
    </p>
   </div>
   <div class='ocr_carea' id='block_1_15' title="bbox 810 3603 2303 3687">
    <p class='ocr_par' dir='ltr' id='par_1_15' title="bbox 810 3603 2303 3687">
     <span class='ocr_line' id='line_1_60' title="bbox 810 3603 2303 3687; baseline -0.001 -19"><span class='ocrx_word' id='word_1_363' title='bbox 810 3605 1062 3679; x_wconf 86' lang='lat' dir='ltr'><strong>Quarto,</strong></span> <span class='ocrx_word' id='word_1_364' title='bbox 1102 3624 1184 3667; x_wconf 90' lang='lat' dir='ltr'><strong>an</strong></span> <span class='ocrx_word' id='word_1_365' title='bbox 1230 3604 1526 3687; x_wconf 84' lang='lat' dir='ltr'><strong>expediat</strong></span> <span class='ocrx_word' id='word_1_366' title='bbox 1566 3603 1838 3666; x_wconf 89' lang='lat' dir='ltr'><strong>subditis</strong></span> <span class='ocrx_word' id='word_1_367' title='bbox 1877 3621 1992 3686; x_wconf 89' lang='lat' dir='ltr'><strong>pro</strong></span> <span class='ocrx_word' id='word_1_368' title='bbox 2040 3623 2156 3666; x_wconf 90' lang='lat' dir='ltr'><strong>sua</strong></span> <span class='ocrx_word' id='word_1_369' title='bbox 2197 3620 2303 3666; x_wconf 89' lang='lat' dir='ltr'><strong>vo-</strong></span> 
     </span>
    </p>
   </div>
   <div class='ocr_carea' id='block_1_16' title="bbox 598 3701 2939 3886">
    <p class='ocr_par' dir='ltr' id='par_1_16' title="bbox 598 3701 2939 3886">
     <span class='ocr_line' id='line_1_61' title="bbox 598 3701 2304 3784; baseline 0.002 -24"><span class='ocrx_word' id='word_1_370' title='bbox 598 3731 625 3760; x_wconf 69' lang='grc' dir='ltr'><strong>υ</strong></span> <span class='ocrx_word' id='word_1_371' title='bbox 702 3733 779 3770; x_wconf 71' lang='lat' dir='ltr'><strong>.x‚</strong></span> <span class='ocrx_word' id='word_1_372' title='bbox 810 3704 1051 3767; x_wconf 90' lang='lat' dir='ltr'><strong>luntate</strong></span> <span class='ocrx_word' id='word_1_373' title='bbox 1098 3704 1332 3784; x_wconf 81' lang='lat' dir='ltr'><strong>eligere</strong></span> <span class='ocrx_word' id='word_1_374' title='bbox 1382 3701 1795 3766; x_wconf 69' lang='lat' dir='ltr'><strong>confessores</strong></span> <span class='ocrx_word' id='word_1_375' title='bbox 1845 3702 1938 3765; x_wconf 87' lang='lat' dir='ltr'><strong>Ad</strong></span> <span class='ocrx_word' id='word_1_376' title='bbox 1988 3702 2158 3784; x_wconf 89' lang='lat' dir='ltr'><strong>quod</strong></span> <span class='ocrx_word' id='word_1_377' title='bbox 2209 3721 2304 3764; x_wconf 91' lang='lat' dir='ltr'><strong>re-</strong></span> 
     </span>
     <span class='ocr_line' id='line_1_62' title="bbox 808 3800 2939 3886; baseline -0.002 -20"><span class='ocrx_word' id='word_1_378' title='bbox 808 3804 1079 3886; x_wconf 88' lang='lat' dir='ltr'><strong>spondet</strong></span> <span class='ocrx_word' id='word_1_379' title='bbox 1107 3803 1556 3883; x_wconf 86' lang='lat' dir='ltr'><strong>distinguendo</strong></span> <span class='ocrx_word' id='word_1_380' title='bbox 1586 3809 1776 3884; x_wconf 89' lang='lat' dir='ltr'><strong>atque</strong></span> <span class='ocrx_word' id='word_1_381' title='bbox 1807 3801 2098 3875; x_wconf 89' lang='lat' dir='ltr'><strong>dicend0,</strong></span> <span class='ocrx_word' id='word_1_382' title='bbox 2131 3801 2301 3882; x_wconf 92' lang='lat' dir='ltr'><strong>quod</strong></span> <span class='ocrx_word' id='word_1_383' title='bbox 2404 3800 2939 3883; x_wconf 86' lang='lat' dir='ltr'><strong>jurisdictionem.</strong></span> 
     </span>
    </p>
   </div>
   <div class='ocr_carea' id='block_1_17' title="bbox 806 3900 2304 4182">
    <p class='ocr_par' dir='ltr' id='par_1_17' title="bbox 806 3900 2304 4182">
     <span class='ocr_line' id='line_1_63' title="bbox 808 3900 2304 3983; baseline -0.002 -18"><span class='ocrx_word' id='word_1_384' title='bbox 808 3920 935 3965; x_wconf 91' lang='lat' dir='ltr'><strong>non</strong></span> <span class='ocrx_word' id='word_1_385' title='bbox 969 3902 1153 3964; x_wconf 89' lang='lat' dir='ltr'><strong>liceat</strong></span> <span class='ocrx_word' id='word_1_386' title='bbox 1181 3901 1283 3963; x_wconf 92' lang='lat' dir='ltr'><strong>vel</strong></span> <span class='ocrx_word' id='word_1_387' title='bbox 1314 3901 1609 3983; x_wconf 85' lang='lat' dir='ltr'><strong>expediat</strong></span> <span class='ocrx_word' id='word_1_388' title='bbox 1637 3900 1758 3963; x_wconf 89' lang='lat' dir='ltr'><strong>hoc</strong></span> <span class='ocrx_word' id='word_1_389' title='bbox 1787 3900 1931 3963; x_wconf 83' lang='lat' dir='ltr'><strong>sieri</strong></span> <span class='ocrx_word' id='word_1_390' title='bbox 1964 3901 2200 3982; x_wconf 89' lang='lat' dir='ltr'><strong>passim</strong></span> <span class='ocrx_word' id='word_1_391' title='bbox 2239 3907 2304 3962; x_wconf 92' lang='lat' dir='ltr'><strong>et</strong></span> 
     </span>
     <span class='ocr_line' id='line_1_64' title="bbox 808 3997 2299 4080; baseline -0.002 -18"><span class='ocrx_word' id='word_1_392' title='bbox 808 4001 946 4062; x_wconf 89' lang='lat' dir='ltr'><strong>sine</strong></span> <span class='ocrx_word' id='word_1_393' title='bbox 977 3997 1335 4063; x_wconf 88' lang='lat' dir='ltr'><strong>rationabili</strong></span> <span class='ocrx_word' id='word_1_394' title='bbox 1368 4017 1578 4071; x_wconf 89' lang='lat' dir='ltr'><strong>causa,</strong></span> <span class='ocrx_word' id='word_1_395' title='bbox 1610 4017 1683 4061; x_wconf 91' lang='lat' dir='ltr'><strong>ac</strong></span> <span class='ocrx_word' id='word_1_396' title='bbox 1715 4006 1943 4080; x_wconf 80' lang='lat' dir='ltr'><strong>praeter</strong></span> <span class='ocrx_word' id='word_1_397' title='bbox 1977 3999 2299 4062; x_wconf 86' lang='lat' dir='ltr'><strong>licentiam</strong></span> 
     </span>
     <span class='ocr_line' id='line_1_65' title="bbox 806 4096 2298 4182; baseline -0.001 -22"><span class='ocrx_word' id='word_1_398' title='bbox 806 4099 1047 4182; x_wconf 91' lang='lat' dir='ltr'><strong>proprii</strong></span> <span class='ocrx_word' id='word_1_399' title='bbox 1080 4097 1424 4161; x_wconf 88' lang='lat' dir='ltr'><strong>sacerdotis</strong></span> <span class='ocrx_word' id='word_1_400' title='bbox 1454 4104 1564 4158; x_wconf 89' lang='lat' dir='ltr'><strong>aut</strong></span> <span class='ocrx_word' id='word_1_401' title='bbox 1592 4096 1972 4180; x_wconf 88' lang='lat' dir='ltr'><strong>superioris:</strong></span> <span class='ocrx_word' id='word_1_402' title='bbox 1996 4097 2298 4180; x_wconf 89' lang='lat' dir='ltr'><strong>quoniam</strong></span> 
     </span>
    </p>
   </div>
   <div class='ocr_carea' id='block_1_18' title="bbox 2410 3109 3916 3785">
    <p class='ocr_par' dir='ltr' id='par_1_18' title="bbox 2410 3109 3916 3785">
     <span class='ocr_line' id='line_1_66' title="bbox 2415 3109 3915 3195; baseline 0.001 -21"><span class='ocrx_word' id='word_1_403' title='bbox 2415 3129 2755 3195; x_wconf 91' lang='lat' dir='ltr'><strong>possumus</strong></span> <span class='ocrx_word' id='word_1_404' title='bbox 2794 3110 2873 3174; x_wconf 94' lang='lat' dir='ltr'><strong>de</strong></span> <span class='ocrx_word' id='word_1_405' title='bbox 2906 3110 3070 3192; x_wconf 86' lang='lat' dir='ltr'><strong>jure.</strong></span> <span class='ocrx_word' id='word_1_406' title='bbox 3115 3110 3181 3174; x_wconf 91' lang='lat' dir='ltr'><strong>Si</strong></span> <span class='ocrx_word' id='word_1_407' title='bbox 3223 3117 3438 3174; x_wconf 88' lang='lat' dir='ltr'><strong>autem</strong></span> <span class='ocrx_word' id='word_1_408' title='bbox 3481 3109 3714 3174; x_wconf 90' lang='lat' dir='ltr'><strong>habeat</strong></span> <span class='ocrx_word' id='word_1_409' title='bbox 3754 3131 3915 3194; x_wconf 81' lang='lat' dir='ltr'><strong>prae-</strong></span> 
     </span>
     <span class='ocr_line' id='line_1_67' title="bbox 2411 3209 3914 3292; baseline -0.001 -19"><span class='ocrx_word' id='word_1_410' title='bbox 2411 3210 2511 3273; x_wconf 90' lang='lat' dir='ltr'><strong>sul</strong></span> <span class='ocrx_word' id='word_1_411' title='bbox 2543 3216 2831 3272; x_wconf 89' lang='lat' dir='ltr'><strong>curatum</strong></span> <span class='ocrx_word' id='word_1_412' title='bbox 2863 3219 3234 3292; x_wconf 88' lang='lat' dir='ltr'><strong>suspectum</strong></span> <span class='ocrx_word' id='word_1_413' title='bbox 3265 3210 3344 3272; x_wconf 94' lang='lat' dir='ltr'><strong>de</strong></span> <span class='ocrx_word' id='word_1_414' title='bbox 3373 3210 3588 3291; x_wconf 90' lang='lat' dir='ltr'><strong>aliquo</strong></span> <span class='ocrx_word' id='word_1_415' title='bbox 3617 3209 3914 3286; x_wconf 89' lang='lat' dir='ltr'><strong>crimine,</strong></span> 
     </span>
     <span class='ocr_line' id='line_1_68' title="bbox 2413 3308 3916 3390; baseline -0.001 -18"><span class='ocrx_word' id='word_1_416' title='bbox 2413 3317 2621 3390; x_wconf 91' lang='lat' dir='ltr'><strong>potest</strong></span> <span class='ocrx_word' id='word_1_417' title='bbox 2667 3309 2725 3371; x_wconf 90' lang='lat' dir='ltr'><strong>ei</strong></span> <span class='ocrx_word' id='word_1_418' title='bbox 2783 3308 3155 3371; x_wconf 88' lang='lat' dir='ltr'><strong>subtrahere</strong></span> <span class='ocrx_word' id='word_1_419' title='bbox 3203 3308 3670 3371; x_wconf 88' lang='lat' dir='ltr'><strong>absolutionem</strong></span> <span class='ocrx_word' id='word_1_420' title='bbox 3716 3327 3754 3370; x_wconf 88' lang='lat' dir='ltr'><strong>a</strong></span> <span class='ocrx_word' id='word_1_421' title='bbox 3799 3309 3916 3372; x_wconf 90' lang='lat' dir='ltr'><strong>tali</strong></span> 
     </span>
     <span class='ocr_line' id='line_1_69' title="bbox 2413 3406 3916 3487; baseline -0.001 -18"><span class='ocrx_word' id='word_1_422' title='bbox 2413 3406 2712 3471; x_wconf 77' lang='lat' dir='ltr'><strong>facinore.</strong></span> <span class='ocrx_word' id='word_1_423' title='bbox 2762 3407 2850 3470; x_wconf 92' lang='lat' dir='ltr'><strong>De</strong></span> <span class='ocrx_word' id='word_1_424' title='bbox 2893 3406 3145 3470; x_wconf 85' lang='lat' dir='ltr'><strong>casibus</strong></span> <span class='ocrx_word' id='word_1_425' title='bbox 3195 3414 3406 3470; x_wconf 92' lang='lat' dir='ltr'><strong>autem</strong></span> <span class='ocrx_word' id='word_1_426' title='bbox 3447 3426 3484 3469; x_wconf 89' lang='lat' dir='ltr'><strong>a</strong></span> <span class='ocrx_word' id='word_1_427' title='bbox 3517 3406 3664 3487; x_wconf 90' lang='lat' dir='ltr'><strong>jure</strong></span> <span class='ocrx_word' id='word_1_428' title='bbox 3711 3425 3916 3469; x_wconf 89' lang='lat' dir='ltr'><strong>reser—</strong></span> 
     </span>
     <span class='ocr_line' id='line_1_70' title="bbox 2412 3505 3912 3589; baseline -0.001 -21"><span class='ocrx_word' id='word_1_429' title='bbox 2412 3506 2574 3568; x_wconf 83' lang='lat' dir='ltr'><strong>vatis</strong></span> <span class='ocrx_word' id='word_1_430' title='bbox 2617 3505 2932 3588; x_wconf 91' lang='lat' dir='ltr'><strong>superiori</strong></span> <span class='ocrx_word' id='word_1_431' title='bbox 2977 3505 3234 3588; x_wconf 83' lang='lat' dir='ltr'><strong>praelato</strong></span> <span class='ocrx_word' id='word_1_432' title='bbox 3275 3513 3481 3589; x_wconf 88' lang='lat' dir='ltr'><strong>potest</strong></span> <span class='ocrx_word' id='word_1_433' title='bbox 3517 3505 3576 3568; x_wconf 88' lang='lat' dir='ltr'><strong>ei</strong></span> <span class='ocrx_word' id='word_1_434' title='bbox 3619 3506 3912 3569; x_wconf 87' lang='lat' dir='ltr'><strong>commit-</strong></span> 
     </span>
     <span class='ocr_line' id='line_1_71' title="bbox 2410 3603 3912 3686; baseline 0.001 -21"><span class='ocrx_word' id='word_1_435' title='bbox 2410 3611 2544 3666; x_wconf 91' lang='lat' dir='ltr'><strong>tere</strong></span> <span class='ocrx_word' id='word_1_436' title='bbox 2572 3612 2779 3668; x_wconf 88' lang='lat' dir='ltr'><strong>totum</strong></span> <span class='ocrx_word' id='word_1_437' title='bbox 2810 3603 2911 3667; x_wconf 92' lang='lat' dir='ltr'><strong>vel</strong></span> <span class='ocrx_word' id='word_1_438' title='bbox 2951 3611 3218 3686; x_wconf 89' lang='lat' dir='ltr'><strong>partem,</strong></span> <span class='ocrx_word' id='word_1_439' title='bbox 3252 3604 3352 3667; x_wconf 86' lang='lat' dir='ltr'><strong>vel</strong></span> <span class='ocrx_word' id='word_1_440' title='bbox 3393 3603 3576 3678; x_wconf 88' lang='lat' dir='ltr'><strong>nihil,</strong></span> <span class='ocrx_word' id='word_1_441' title='bbox 3609 3604 3912 3686; x_wconf 80' lang='lat' dir='ltr'><strong>quemad·</strong></span> 
     </span>
     <span class='ocr_line' id='line_1_72' title="bbox 2414 3701 3912 3785; baseline 0 -20"><span class='ocrx_word' id='word_1_442' title='bbox 2414 3702 2672 3765; x_wconf 90' lang='lat' dir='ltr'><strong>modum</strong></span> <span class='ocrx_word' id='word_1_443' title='bbox 2713 3703 2895 3765; x_wconf 91' lang='lat' dir='ltr'><strong>alteri</strong></span> <span class='ocrx_word' id='word_1_444' title='bbox 2927 3702 3036 3785; x_wconf 91' lang='lat' dir='ltr'><strong>qui</strong></span> <span class='ocrx_word' id='word_1_445' title='bbox 3069 3721 3148 3765; x_wconf 86' lang='lat' dir='ltr'><strong>ex</strong></span> <span class='ocrx_word' id='word_1_446' title='bbox 3175 3701 3398 3765; x_wconf 77' lang='lat' dir='ltr'><strong>officio</strong></span> <span class='ocrx_word' id='word_1_447' title='bbox 3433 3701 3674 3764; x_wconf 91' lang='lat' dir='ltr'><strong>nullam</strong></span> <span class='ocrx_word' id='word_1_448' title='bbox 3715 3701 3912 3765; x_wconf 88' lang='lat' dir='ltr'><strong>habet</strong></span> 
     </span>
    </p>
   </div>
   <div class='ocr_carea' id='block_1_19' title="bbox 2488 3899 3908 3982">
    <p class='ocr_par' dir='ltr' id='par_1_19' title="bbox 2488 3899 4124 3982">
     <span class='ocr_line' id='line_1_73' title="bbox 2488 3899 3908 3982; baseline -0.002 -20"><span class='ocrx_word' id='word_1_449' title='bbox 2488 3899 2780 3982; x_wconf 87' lang='lat' dir='ltr'><strong>Amplius</strong></span> <span class='ocrx_word' id='word_1_450' title='bbox 2839 3900 2892 3961; x_wconf 92' lang='lat' dir='ltr'><strong>si</strong></span> <span class='ocrx_word' id='word_1_451' title='bbox 2943 3906 3282 3981; x_wconf 83' lang='lat' dir='ltr'><strong>quaeratur,</strong></span> <span class='ocrx_word' id='word_1_452' title='bbox 3331 3906 3548 3961; x_wconf 90' lang='lat' dir='ltr'><strong>utrum</strong></span> <span class='ocrx_word' id='word_1_453' title='bbox 3606 3899 3908 3982; x_wconf 80' lang='lat' dir='ltr'><strong>praelatus</strong></span> 
     </span>
    </p>
   </div>
   <div class='ocr_carea' id='block_1_20' title="bbox 2409 3996 3910 4177">
    <p class='ocr_par' dir='ltr' id='par_1_20' title="bbox 2409 3996 3910 4177">
     <span class='ocr_line' id='line_1_74' title="bbox 2409 3996 3910 4080; baseline -0.001 -20"><span class='ocrx_word' id='word_1_454' title='bbox 2409 3998 2610 4080; x_wconf 87' lang='lat' dir='ltr'><strong>possit</strong></span> <span class='ocrx_word' id='word_1_455' title='bbox 2657 3996 2912 4060; x_wconf 86' lang='lat' dir='ltr'><strong>subdito</strong></span> <span class='ocrx_word' id='word_1_456' title='bbox 2957 4015 3074 4060; x_wconf 93' lang='lat' dir='ltr'><strong>suo</strong></span> <span class='ocrx_word' id='word_1_457' title='bbox 3131 3996 3564 4060; x_wconf 77' lang='lat' dir='ltr'><strong>confessiones</strong></span> <span class='ocrx_word' id='word_1_458' title='bbox 3619 3997 3910 4059; x_wconf 89' lang='lat' dir='ltr'><strong>audienti</strong></span> 
     </span>
     <span class='ocr_line' id='line_1_75' title="bbox 2411 4094 3906 4177; baseline 0 -19"><span class='ocrx_word' id='word_1_459' title='bbox 2411 4096 2758 4159; x_wconf 89' lang='lat' dir='ltr'><strong>concedere</strong></span> <span class='ocrx_word' id='word_1_460' title='bbox 2793 4097 3009 4177; x_wconf 89' lang='lat' dir='ltr'><strong>plures</strong></span> <span class='ocrx_word' id='word_1_461' title='bbox 3041 4115 3224 4157; x_wconf 87' lang='lat' dir='ltr'><strong>casus</strong></span> <span class='ocrx_word' id='word_1_462' title='bbox 3253 4114 3290 4157; x_wconf 94' lang='lat' dir='ltr'><strong>a</strong></span> <span class='ocrx_word' id='word_1_463' title='bbox 3320 4095 3556 4177; x_wconf 91' lang='lat' dir='ltr'><strong>quibus</strong></span> <span class='ocrx_word' id='word_1_464' title='bbox 3594 4094 3906 4170; x_wconf 86' lang='lat' dir='ltr'><strong>absolvat,</strong></span> 
     </span>
    </p>
   </div>
   <div class='ocr_carea' id='block_1_21' title="bbox 808 4193 3914 4278">
    <p class='ocr_par' dir='ltr' id='par_1_21' title="bbox 808 4193 3914 4278">
     <span class='ocr_line' id='line_1_76' title="bbox 808 4193 3914 4278; baseline -0.001 -19"><span class='ocrx_word' id='word_1_465' title='bbox 808 4198 1008 4260; x_wconf 88' lang='lat' dir='ltr'><strong>multa</strong></span> <span class='ocrx_word' id='word_1_466' title='bbox 1062 4196 1227 4259; x_wconf 91' lang='lat' dir='ltr'><strong>mala</strong></span> <span class='ocrx_word' id='word_1_467' title='bbox 1276 4203 1696 4278; x_wconf 90' lang='lat' dir='ltr'><strong>sequerentur</strong></span> <span class='ocrx_word' id='word_1_468' title='bbox 1751 4214 1829 4258; x_wconf 83' lang='lat' dir='ltr'><strong>ex</strong></span> <span class='ocrx_word' id='word_1_469' title='bbox 1886 4196 2026 4270; x_wconf 90' lang='lat' dir='ltr'><strong>hoc,</strong></span> <span class='ocrx_word' id='word_1_470' title='bbox 2080 4203 2299 4277; x_wconf 91' lang='lat' dir='ltr'><strong>utpote</strong></span> <span class='ocrx_word' id='word_1_471' title='bbox 2330 4197 2378 4259; x_wconf 92' lang='lat' dir='ltr'>D</span> <span class='ocrx_word' id='word_1_472' title='bbox 2411 4213 2597 4277; x_wconf 91' lang='lat' dir='ltr'><strong>quam</strong></span> <span class='ocrx_word' id='word_1_473' title='bbox 2623 4193 2764 4275; x_wconf 84' lang='lat' dir='ltr'><strong>jura</strong></span> <span class='ocrx_word' id='word_1_474' title='bbox 2793 4193 3726 4277; x_wconf 76' lang='lat' dir='ltr'><strong>conceduntzdicendum‚quod</strong></span> <span class='ocrx_word' id='word_1_475' title='bbox 3757 4195 3914 4275; x_wconf 92' lang='lat' dir='ltr'><strong>quia</strong></span> 
     </span>
    </p>
   </div>
   <div class='ocr_carea' id='block_1_22' title="bbox 798 4293 2306 5360">
    <p class='ocr_par' dir='ltr' id='par_1_22' title="bbox 798 4293 2306 5360">
     <span class='ocr_line' id='line_1_77' title="bbox 806 4293 2298 4379; baseline -0.002 -20"><span class='ocrx_word' id='word_1_476' title='bbox 806 4297 975 4379; x_wconf 91' lang='lat' dir='ltr'><strong>quod</strong></span> <span class='ocrx_word' id='word_1_477' title='bbox 1018 4294 1201 4358; x_wconf 90' lang='lat' dir='ltr'><strong>multi</strong></span> <span class='ocrx_word' id='word_1_478' title='bbox 1240 4295 1549 4376; x_wconf 82' lang='lat' dir='ltr'><strong>eligerent</strong></span> <span class='ocrx_word' id='word_1_479' title='bbox 1586 4294 1708 4356; x_wconf 91' lang='lat' dir='ltr'><strong>sibi</strong></span> <span class='ocrx_word' id='word_1_480' title='bbox 1752 4293 2148 4357; x_wconf 81' lang='lat' dir='ltr'><strong>confessores</strong></span> <span class='ocrx_word' id='word_1_481' title='bbox 2183 4294 2298 4356; x_wconf 90' lang='lat' dir='ltr'><strong>mi-</strong></span> 
     </span>
     <span class='ocr_line' id='line_1_78' title="bbox 806 4392 2300 4476; baseline -0.003 -18"><span class='ocrx_word' id='word_1_482' title='bbox 806 4415 927 4458; x_wconf 91' lang='lat' dir='ltr'><strong>nus</strong></span> <span class='ocrx_word' id='word_1_483' title='bbox 960 4395 1197 4476; x_wconf 89' lang='lat' dir='ltr'><strong>peritos</strong></span> <span class='ocrx_word' id='word_1_484' title='bbox 1228 4401 1288 4455; x_wconf 88' lang='lat' dir='ltr'><strong>et</strong></span> <span class='ocrx_word' id='word_1_485' title='bbox 1323 4393 1515 4466; x_wconf 85' lang='lat' dir='ltr'><strong>laxos,</strong></span> <span class='ocrx_word' id='word_1_486' title='bbox 1549 4392 1673 4455; x_wconf 87' lang='lat' dir='ltr'><strong>sibi</strong></span> <span class='ocrx_word' id='word_1_487' title='bbox 1714 4392 2039 4474; x_wconf 80' lang='lat' dir='ltr'><strong>superflue</strong></span> <span class='ocrx_word' id='word_1_488' title='bbox 2071 4392 2300 4455; x_wconf 91' lang='lat' dir='ltr'><strong>conde—</strong></span> 
     </span>
     <span class='ocr_line' id='line_1_79' title="bbox 808 4490 2302 4572; baseline -0.002 -17"><span class='ocrx_word' id='word_1_489' title='bbox 808 4494 1206 4564; x_wconf 80' lang='lat' dir='ltr'><strong>scendenteS,</strong></span> <span class='ocrx_word' id='word_1_490' title='bbox 1240 4499 1359 4553; x_wconf 89' lang='lat' dir='ltr'><strong>ete.</strong></span> <span class='ocrx_word' id='word_1_491' title='bbox 1395 4490 1719 4553; x_wconf 89' lang='lat' dir='ltr'><strong>Interdum</strong></span> <span class='ocrx_word' id='word_1_492' title='bbox 1749 4509 1901 4553; x_wconf 86' lang='lat' dir='ltr'><strong>vero</strong></span> <span class='ocrx_word' id='word_1_493' title='bbox 1941 4491 2003 4553; x_wconf 93' lang='lat' dir='ltr'><strong>id</strong></span> <span class='ocrx_word' id='word_1_494' title='bbox 2042 4492 2302 4572; x_wconf 79' lang='lat' dir='ltr'><strong>expedit</strong></span> 
     </span>
     <span class='ocr_line' id='line_1_80' title="bbox 802 4588 2303 4670; baseline -0.003 -15"><span class='ocrx_word' id='word_1_495' title='bbox 802 4611 880 4655; x_wconf 84' lang='lat' dir='ltr'><strong>ex</strong></span> <span class='ocrx_word' id='word_1_496' title='bbox 922 4588 1282 4653; x_wconf 87' lang='lat' dir='ltr'><strong>rationabili</strong></span> <span class='ocrx_word' id='word_1_497' title='bbox 1323 4607 1533 4663; x_wconf 91' lang='lat' dir='ltr'><strong>causa,</strong></span> <span class='ocrx_word' id='word_1_498' title='bbox 1574 4597 1639 4651; x_wconf 89' lang='lat' dir='ltr'><strong>et</strong></span> <span class='ocrx_word' id='word_1_499' title='bbox 1686 4607 1831 4650; x_wconf 89' lang='lat' dir='ltr'><strong>cum</strong></span> <span class='ocrx_word' id='word_1_500' title='bbox 1883 4596 2181 4670; x_wconf 85' lang='lat' dir='ltr'><strong>praetacta</strong></span> <span class='ocrx_word' id='word_1_501' title='bbox 2229 4589 2303 4651; x_wconf 92' lang='lat' dir='ltr'><strong>li-</strong></span> 
     </span>
     <span class='ocr_line' id='line_1_81' title="bbox 805 4685 2304 4760; baseline -0.002 -8"><span class='ocrx_word' id='word_1_502' title='bbox 805 4689 1015 4752; x_wconf 90' lang='lat' dir='ltr'><strong>centia</strong></span> <span class='ocrx_word' id='word_1_503' title='bbox 1043 4688 1145 4751; x_wconf 89' lang='lat' dir='ltr'><strong>vel</strong></span> <span class='ocrx_word' id='word_1_504' title='bbox 1177 4694 1650 4760; x_wconf 88' lang='lat' dir='ltr'><strong>consensu,etc.</strong></span> <span class='ocrx_word' id='word_1_505' title='bbox 1680 4685 1766 4749; x_wconf 92' lang='lat' dir='ltr'><strong>De</strong></span> <span class='ocrx_word' id='word_1_506' title='bbox 1796 4686 1897 4749; x_wconf 90' lang='lat' dir='ltr'><strong>his</strong></span> <span class='ocrx_word' id='word_1_507' title='bbox 1928 4687 2129 4750; x_wconf 89' lang='lat' dir='ltr'><strong>multa</strong></span> <span class='ocrx_word' id='word_1_508' title='bbox 2159 4704 2304 4750; x_wconf 90' lang='lat' dir='ltr'><strong>con-</strong></span> 
     </span>
     <span class='ocr_line' id='line_1_82' title="bbox 802 4785 2303 4870; baseline -0.003 -18"><span class='ocrx_word' id='word_1_509' title='bbox 802 4787 1047 4863; x_wconf 90' lang='lat' dir='ltr'><strong>scribit,</strong></span> <span class='ocrx_word' id='word_1_510' title='bbox 1064 4807 1205 4870; x_wconf 79' lang='lat' dir='ltr'><strong>quae</strong></span> <span class='ocrx_word' id='word_1_511' title='bbox 1237 4785 1564 4848; x_wconf 88' lang='lat' dir='ltr'><strong>recitative</strong></span> <span class='ocrx_word' id='word_1_512' title='bbox 1598 4785 1797 4866; x_wconf 91' lang='lat' dir='ltr'><strong>magis</strong></span> <span class='ocrx_word' id='word_1_513' title='bbox 1826 4804 2017 4867; x_wconf 90' lang='lat' dir='ltr'><strong>quam</strong></span> <span class='ocrx_word' id='word_1_514' title='bbox 2049 4786 2303 4848; x_wconf 88' lang='lat' dir='ltr'><strong>asserti-</strong></span> 
     </span>
     <span class='ocr_line' id='line_1_83' title="bbox 800 4883 2304 4967; baseline -0.003 -17"><span class='ocrx_word' id='word_1_515' title='bbox 800 4905 879 4950; x_wconf 89' lang='lat' dir='ltr'><strong>ve</strong></span> <span class='ocrx_word' id='word_1_516' title='bbox 910 4902 1340 4949; x_wconf 87' lang='lat' dir='ltr'><strong>commemoro</strong></span> <span class='ocrx_word' id='word_1_517' title='bbox 1362 4883 1545 4966; x_wconf 91' lang='lat' dir='ltr'><strong>:quia</strong></span> <span class='ocrx_word' id='word_1_518' title='bbox 1576 4901 1689 4966; x_wconf 92' lang='lat' dir='ltr'><strong>per</strong></span> <span class='ocrx_word' id='word_1_519' title='bbox 1718 4885 2025 4966; x_wconf 87' lang='lat' dir='ltr'><strong>temporis</strong></span> <span class='ocrx_word' id='word_1_520' title='bbox 2056 4885 2304 4967; x_wconf 89' lang='lat' dir='ltr'><strong>lapsum</strong></span> 
     </span>
     <span class='ocr_line' id='line_1_84' title="bbox 798 4982 2306 5067; baseline -0.002 -19"><span class='ocrx_word' id='word_1_521' title='bbox 798 4985 1050 5048; x_wconf 89' lang='lat' dir='ltr'><strong>diversa</strong></span> <span class='ocrx_word' id='word_1_522' title='bbox 1079 4982 1413 5067; x_wconf 84' lang='lat' dir='ltr'><strong>privilegia</strong></span> <span class='ocrx_word' id='word_1_523' title='bbox 1442 4991 1589 5045; x_wconf 89' lang='lat' dir='ltr'><strong>sunt</strong></span> <span class='ocrx_word' id='word_1_524' title='bbox 1618 5000 1930 5056; x_wconf 87' lang='lat' dir='ltr'><strong>concessa,</strong></span> <span class='ocrx_word' id='word_1_525' title='bbox 1945 5003 2085 5065; x_wconf 80' lang='lat' dir='ltr'><strong>quae</strong></span> <span class='ocrx_word' id='word_1_526' title='bbox 2112 5002 2306 5066; x_wconf 90' lang='lat' dir='ltr'><strong>quan-</strong></span> 
     </span>
     <span class='ocr_line' id='line_1_85' title="bbox 798 5079 2302 5164; baseline -0.002 -17"><span class='ocrx_word' id='word_1_527' title='bbox 798 5091 935 5147; x_wconf 91' lang='lat' dir='ltr'><strong>tum</strong></span> <span class='ocrx_word' id='word_1_528' title='bbox 982 5082 1326 5164; x_wconf 84' lang='lat' dir='ltr'><strong>expediant</strong></span> <span class='ocrx_word' id='word_1_529' title='bbox 1364 5081 1669 5144; x_wconf 87' lang='lat' dir='ltr'><strong>Dominus</strong></span> <span class='ocrx_word' id='word_1_530' title='bbox 1708 5081 1905 5146; x_wconf 86' lang='lat' dir='ltr'><strong>novit.</strong></span> <span class='ocrx_word' id='word_1_531' title='bbox 1940 5079 2058 5155; x_wconf 85' lang='lat' dir='ltr'><strong>Qui</strong></span> <span class='ocrx_word' id='word_1_532' title='bbox 2086 5090 2302 5144; x_wconf 89' lang='lat' dir='ltr'><strong>autem</strong></span> 
     </span>
     <span class='ocr_line' id='line_1_86' title="bbox 801 5178 2305 5262; baseline -0.002 -17"><span class='ocrx_word' id='word_1_533' title='bbox 801 5183 881 5245; x_wconf 89' lang='lat' dir='ltr'><strong>de</strong></span> <span class='ocrx_word' id='word_1_534' title='bbox 922 5180 1022 5243; x_wconf 92' lang='lat' dir='ltr'><strong>his</strong></span> <span class='ocrx_word' id='word_1_535' title='bbox 1064 5180 1317 5262; x_wconf 85' lang='lat' dir='ltr'><strong>plenius</strong></span> <span class='ocrx_word' id='word_1_536' title='bbox 1355 5179 1601 5262; x_wconf 89' lang='lat' dir='ltr'><strong>appetit</strong></span> <span class='ocrx_word' id='word_1_537' title='bbox 1636 5178 1990 5253; x_wconf 78' lang='lat' dir='ltr'><strong>informari,</strong></span> <span class='ocrx_word' id='word_1_538' title='bbox 2032 5180 2110 5242; x_wconf 89' lang='lat' dir='ltr'><strong>ad</strong></span> <span class='ocrx_word' id='word_1_539' title='bbox 2151 5199 2305 5262; x_wconf 82' lang='lat' dir='ltr'><strong>prae·</strong></span> 
     </span>
     <span class='ocr_line' id='line_1_87' title="bbox 802 5277 2298 5360; baseline -0.003 -17"><span class='ocrx_word' id='word_1_540' title='bbox 802 5287 968 5343; x_wconf 88' lang='lat' dir='ltr'><strong>tacta</strong></span> <span class='ocrx_word' id='word_1_541' title='bbox 1011 5278 1384 5354; x_wconf 86' lang='lat' dir='ltr'><strong>Quodlibeta</strong></span> <span class='ocrx_word' id='word_1_542' title='bbox 1432 5297 1507 5341; x_wconf 90' lang='lat' dir='ltr'><strong>ac</strong></span> <span class='ocrx_word' id='word_1_543' title='bbox 1548 5277 1673 5340; x_wconf 89' lang='lat' dir='ltr'><strong>alia</strong></span> <span class='ocrx_word' id='word_1_544' title='bbox 1716 5277 1955 5360; x_wconf 89' lang='lat' dir='ltr'><strong>scripta</strong></span> <span class='ocrx_word' id='word_1_545' title='bbox 1997 5284 2298 5341; x_wconf 88' lang='lat' dir='ltr'><strong>recurrat.</strong></span> 
     </span>
    </p>
   </div>
   <div class='ocr_carea' id='block_1_23' title="bbox 2410 4291 3916 5358">
    <p class='ocr_par' dir='ltr' id='par_1_23' title="bbox 2410 4291 3916 5358">
     <span class='ocr_line' id='line_1_88' title="bbox 2411 4291 3910 4376; baseline 0 -21"><span class='ocrx_word' id='word_1_546' title='bbox 2411 4293 2655 4376; x_wconf 87' lang='lat' dir='ltr'><strong>praelati</strong></span> <span class='ocrx_word' id='word_1_547' title='bbox 2707 4292 3068 4375; x_wconf 91' lang='lat' dir='ltr'><strong>superiores</strong></span> <span class='ocrx_word' id='word_1_548' title='bbox 3125 4291 3366 4354; x_wconf 89' lang='lat' dir='ltr'><strong>babent</strong></span> <span class='ocrx_word' id='word_1_549' title='bbox 3409 4292 3910 4355; x_wconf 87' lang='lat' dir='ltr'><strong>sollicitudinem</strong></span> 
     </span>
     <span class='ocr_line' id='line_1_89' title="bbox 2410 4390 3914 4473; baseline 0.001 -20"><span class='ocrx_word' id='word_1_550' title='bbox 2410 4392 2770 4473; x_wconf 88' lang='lat' dir='ltr'><strong>generalem</strong></span> <span class='ocrx_word' id='word_1_551' title='bbox 2829 4399 2894 4453; x_wconf 90' lang='lat' dir='ltr'><strong>et</strong></span> <span class='ocrx_word' id='word_1_552' title='bbox 2952 4390 3388 4453; x_wconf 88' lang='lat' dir='ltr'><strong>immediatam</strong></span> <span class='ocrx_word' id='word_1_553' title='bbox 3446 4409 3640 4472; x_wconf 89' lang='lat' dir='ltr'><strong>super</strong></span> <span class='ocrx_word' id='word_1_554' title='bbox 3685 4409 3914 4454; x_wconf 89' lang='lat' dir='ltr'><strong>omnes</strong></span> 
     </span>
     <span class='ocr_line' id='line_1_90' title="bbox 2411 4489 3914 4571; baseline -0.001 -19"><span class='ocrx_word' id='word_1_555' title='bbox 2411 4490 2700 4553; x_wconf 89' lang='lat' dir='ltr'><strong>subditos</strong></span> <span class='ocrx_word' id='word_1_556' title='bbox 2761 4506 2930 4562; x_wconf 79' lang='lat' dir='ltr'><strong>suOS,</strong></span> <span class='ocrx_word' id='word_1_557' title='bbox 2991 4489 3158 4551; x_wconf 89' lang='lat' dir='ltr'><strong>sicut</strong></span> <span class='ocrx_word' id='word_1_558' title='bbox 3212 4489 3378 4571; x_wconf 88' lang='lat' dir='ltr'><strong>Papa</strong></span> <span class='ocrx_word' id='word_1_559' title='bbox 3437 4489 3503 4550; x_wconf 92' lang='lat' dir='ltr'><strong>in</strong></span> <span class='ocrx_word' id='word_1_560' title='bbox 3561 4489 3914 4552; x_wconf 86' lang='lat' dir='ltr'><strong>universali</strong></span> 
     </span>
     <span class='ocr_line' id='line_1_91' title="bbox 2413 4587 3914 4670; baseline 0 -20"><span class='ocrx_word' id='word_1_561' title='bbox 2413 4587 2717 4662; x_wconf 87' lang='lat' dir='ltr'><strong>Ecclesia,</strong></span> <span class='ocrx_word' id='word_1_562' title='bbox 2758 4596 2822 4650; x_wconf 88' lang='lat' dir='ltr'><strong>et</strong></span> <span class='ocrx_word' id='word_1_563' title='bbox 2867 4588 3207 4670; x_wconf 90' lang='lat' dir='ltr'><strong>episcopus</strong></span> <span class='ocrx_word' id='word_1_564' title='bbox 3257 4587 3319 4649; x_wconf 91' lang='lat' dir='ltr'><strong>in</strong></span> <span class='ocrx_word' id='word_1_565' title='bbox 3365 4587 3626 4651; x_wconf 85' lang='lat' dir='ltr'><strong>dioecesi</strong></span> <span class='ocrx_word' id='word_1_566' title='bbox 3675 4606 3811 4660; x_wconf 87' lang='lat' dir='ltr'><strong>sua,</strong></span> <span class='ocrx_word' id='word_1_567' title='bbox 3845 4597 3914 4650; x_wconf 87' lang='lat' dir='ltr'><strong>et</strong></span> 
     </span>
     <span class='ocr_line' id='line_1_92' title="bbox 2412 4685 3915 4768; baseline -0.001 -19"><span class='ocrx_word' id='word_1_568' title='bbox 2412 4687 2608 4749; x_wconf 86' lang='lat' dir='ltr'><strong>abbas</strong></span> <span class='ocrx_word' id='word_1_569' title='bbox 2653 4686 2718 4748; x_wconf 89' lang='lat' dir='ltr'><strong>in</strong></span> <span class='ocrx_word' id='word_1_570' title='bbox 2771 4685 3156 4749; x_wconf 87' lang='lat' dir='ltr'><strong>monasterio</strong></span> <span class='ocrx_word' id='word_1_571' title='bbox 3197 4703 3334 4760; x_wconf 91' lang='lat' dir='ltr'><strong>suo,</strong></span> <span class='ocrx_word' id='word_1_572' title='bbox 3377 4705 3496 4749; x_wconf 88' lang='lat' dir='ltr'><strong>nec</strong></span> <span class='ocrx_word' id='word_1_573' title='bbox 3538 4692 3750 4748; x_wconf 89' lang='lat' dir='ltr'><strong>tamen</strong></span> <span class='ocrx_word' id='word_1_574' title='bbox 3795 4704 3915 4768; x_wconf 87' lang='lat' dir='ltr'><strong>per</strong></span> 
     </span>
     <span class='ocr_line' id='line_1_93' title="bbox 2413 4782 3914 4865; baseline -0.001 -17"><span class='ocrx_word' id='word_1_575' title='bbox 2413 4805 2480 4848; x_wconf 92' lang='lat' dir='ltr'><strong>se</strong></span> <span class='ocrx_word' id='word_1_576' title='bbox 2537 4783 2876 4847; x_wconf 75' lang='lat' dir='ltr'><strong>sufficiunt</strong></span> <span class='ocrx_word' id='word_1_577' title='bbox 2929 4784 3009 4846; x_wconf 90' lang='lat' dir='ltr'><strong>ad</strong></span> <span class='ocrx_word' id='word_1_578' title='bbox 3063 4784 3540 4865; x_wconf 86' lang='lat' dir='ltr'><strong>exsequendum</strong></span> <span class='ocrx_word' id='word_1_579' title='bbox 3601 4782 3914 4847; x_wconf 81' lang='lat' dir='ltr'><strong>effectum</strong></span> 
     </span>
     <span class='ocr_line' id='line_1_94' title="bbox 2415 4881 3916 4963; baseline -0.001 -18"><span class='ocrx_word' id='word_1_580' title='bbox 2415 4881 2781 4946; x_wconf 88' lang='lat' dir='ltr'><strong>immediate</strong></span> <span class='ocrx_word' id='word_1_581' title='bbox 2829 4881 2896 4943; x_wconf 89' lang='lat' dir='ltr'><strong>in</strong></span> <span class='ocrx_word' id='word_1_582' title='bbox 2945 4898 3198 4960; x_wconf 90' lang='lat' dir='ltr'><strong>omnes;</strong></span> <span class='ocrx_word' id='word_1_583' title='bbox 3250 4881 3489 4944; x_wconf 90' lang='lat' dir='ltr'><strong>idcirco</strong></span> <span class='ocrx_word' id='word_1_584' title='bbox 3535 4881 3614 4944; x_wconf 92' lang='lat' dir='ltr'><strong>de</strong></span> <span class='ocrx_word' id='word_1_585' title='bbox 3659 4881 3806 4963; x_wconf 91' lang='lat' dir='ltr'><strong>jure</strong></span> <span class='ocrx_word' id='word_1_586' title='bbox 3847 4890 3916 4944; x_wconf 92' lang='lat' dir='ltr'><strong>et</strong></span> 
     </span>
     <span class='ocr_line' id='line_1_95' title="bbox 2413 4979 3913 5062; baseline -0.001 -18"><span class='ocrx_word' id='word_1_587' title='bbox 2413 4983 2491 5044; x_wconf 91' lang='lat' dir='ltr'><strong>de</strong></span> <span class='ocrx_word' id='word_1_588' title='bbox 2521 4979 2982 5044; x_wconf 90' lang='lat' dir='ltr'><strong>consuetudine</strong></span> <span class='ocrx_word' id='word_1_589' title='bbox 3011 4997 3288 5042; x_wconf 87' lang='lat' dir='ltr'><strong>consona</strong></span> <span class='ocrx_word' id='word_1_590' title='bbox 3313 4979 3459 5061; x_wconf 81' lang='lat' dir='ltr'><strong>juri,</strong></span> <span class='ocrx_word' id='word_1_591' title='bbox 3476 4979 3712 5042; x_wconf 88' lang='lat' dir='ltr'><strong>habent</strong></span> <span class='ocrx_word' id='word_1_592' title='bbox 3739 4981 3913 5062; x_wconf 88' lang='lat' dir='ltr'><strong>quod</strong></span> 
     </span>
     <span class='ocr_line' id='line_1_96' title="bbox 2411 5077 3912 5162; baseline -0.001 -19"><span class='ocrx_word' id='word_1_593' title='bbox 2411 5100 2486 5144; x_wconf 92' lang='lat' dir='ltr'><strong>ea</strong></span> <span class='ocrx_word' id='word_1_594' title='bbox 2532 5099 2674 5162; x_wconf 83' lang='lat' dir='ltr'><strong>quae</strong></span> <span class='ocrx_word' id='word_1_595' title='bbox 2719 5079 2797 5142; x_wconf 92' lang='lat' dir='ltr'><strong>ad</strong></span> <span class='ocrx_word' id='word_1_596' title='bbox 2846 5097 2914 5142; x_wconf 90' lang='lat' dir='ltr'><strong>se</strong></span> <span class='ocrx_word' id='word_1_597' title='bbox 2963 5077 3326 5161; x_wconf 89' lang='lat' dir='ltr'><strong>specialiter</strong></span> <span class='ocrx_word' id='word_1_598' title='bbox 3372 5079 3715 5160; x_wconf 86' lang='lat' dir='ltr'><strong>pertinent,</strong></span> <span class='ocrx_word' id='word_1_599' title='bbox 3765 5079 3912 5142; x_wconf 87' lang='lat' dir='ltr'><strong>aliis</strong></span> 
     </span>
     <span class='ocr_line' id='line_1_97' title="bbox 2412 5176 3912 5262; baseline 0 -22"><span class='ocrx_word' id='word_1_600' title='bbox 2412 5185 2650 5262; x_wconf 91' lang='lat' dir='ltr'><strong>queant</strong></span> <span class='ocrx_word' id='word_1_601' title='bbox 2696 5177 3094 5240; x_wconf 90' lang='lat' dir='ltr'><strong>committere</strong></span> <span class='ocrx_word' id='word_1_602' title='bbox 3141 5197 3156 5240; x_wconf 89' lang='lat'><strong>:</strong></span> <span class='ocrx_word' id='word_1_603' title='bbox 3208 5184 3272 5239; x_wconf 88' lang='lat' dir='ltr'><strong>et</strong></span> <span class='ocrx_word' id='word_1_604' title='bbox 3319 5176 3440 5240; x_wconf 89' lang='lat' dir='ltr'><strong>hoc</strong></span> <span class='ocrx_word' id='word_1_605' title='bbox 3489 5176 3712 5252; x_wconf 90' lang='lat' dir='ltr'><strong>libere,</strong></span> <span class='ocrx_word' id='word_1_606' title='bbox 3755 5195 3912 5260; x_wconf 91' lang='lat' dir='ltr'><strong>quo-</strong></span> 
     </span>
     <span class='ocr_line' id='line_1_98' title="bbox 2414 5274 3914 5358; baseline -0.001 -19"><span class='ocrx_word' id='word_1_607' title='bbox 2414 5277 2588 5339; x_wconf 91' lang='lat' dir='ltr'><strong>niam</strong></span> <span class='ocrx_word' id='word_1_608' title='bbox 2639 5275 2798 5338; x_wconf 90' lang='lat' dir='ltr'><strong>nulli</strong></span> <span class='ocrx_word' id='word_1_609' title='bbox 2845 5275 2954 5337; x_wconf 91' lang='lat' dir='ltr'><strong>alii</strong></span> <span class='ocrx_word' id='word_1_610' title='bbox 3003 5293 3080 5337; x_wconf 84' lang='lat' dir='ltr'><strong>ex</strong></span> <span class='ocrx_word' id='word_1_611' title='bbox 3127 5274 3348 5338; x_wconf 80' lang='lat' dir='ltr'><strong>officio</strong></span> <span class='ocrx_word' id='word_1_612' title='bbox 3396 5283 3787 5358; x_wconf 89' lang='lat' dir='ltr'><strong>competunt.</strong></span> <span class='ocrx_word' id='word_1_613' title='bbox 3837 5275 3914 5338; x_wconf 85' lang='lat' dir='ltr'><strong>Et</strong></span> 
     </span>
    </p>
   </div>
   <div class='ocr_carea' id='block_1_24' title="bbox 4248 5371 4253 5947">
    <p class='ocr_par' dir='ltr' id='par_1_24' title="bbox 4248 5371 4253 5947">
     <span class='ocr_line' id='line_1_99' title="bbox 4248 5371 4253 5947; baseline 0 0"><span class='ocrx_word' id='word_1_614' title='bbox 4248 5371 4253 5947; x_wconf 95' lang='lat' dir='ltr'><strong> </strong></span> 
     </span>
    </p>
   </div>
  </div>
 </body>
</html>
