4267 6250
509 482 728 540 onaisr.
774 483 835 529 iv
877 484 893 528 :
933 483 1136 532 uranu
1177 480 1574 528 rmum-mu
1615 479 1854 526 nannai·
1893 477 2084 536 usone
2126 478 2191 524 m
2232 477 2419 525 rma!
2459 478 2617 526 vrrae
2656 476 3046 535 commum,
3086 475 3215 524 arc.
3300 457 3419 522 367

349 653 576 717 nocenti
606 672 724 717 nec
755 653 1024 717 Christo,
1055 652 1198 716 Alio
1227 652 1418 715 modo
1455 651 1577 714 sub
1607 648 1816 714 condi·
1847 647 1901 712 A
1931 655 2256 723 caverunt,
2298 649 2409 712 sed
2457 648 2809 729 transgredi
2857 654 3205 731 potuerunt
3250 665 3265 711 :
3312 645 3425 730 qui

345 752 516 825 tione,
566 751 778 814 taliter
831 751 1168 833 cogitando
1219 768 1234 812 ε
1287 750 1353 813 Si
1412 765 1820 832 quocumque

343 850 510 912 modo
536 850 736 912 Deum
765 849 1190 922 offenderem,
1209 866 1355 912 mox
1385 847 1816 921 emendarem,

339 955 491 1012 etex
522 948 706 1010 corde
737 948 1030 1030 protinus
1062 946 1602 1030 poeniterem.Hoc
1631 945 1822 1007 modo

338 1054 500 1108 actus
552 1046 944 1127 poeuitentiae
989 1045 1180 1109 debet
1225 1063 1366 1109 esse
1417 1045 1482 1106 in
1531 1042 1822 1126 quolibet

334 1143 491 1223 justo
517 1143 804 1226 quamvis
835 1144 1189 1216 innocente,
1203 1150 1329 1206 tam
1359 1143 1598 1207 viatore
1629 1159 1820 1225 quam

338 1242 875 1323 comprehensore.
913 1241 1074 1304 Hinc
1121 1241 1498 1324 poenitentia
1545 1259 1670 1303 non
1721 1256 1820 1302 so-

338 1338 458 1401 lum
485 1347 798 1421 quantum
827 1340 906 1401 ad
936 1339 1374 1413 ornatum,sed
1404 1339 1596 1402 etiam
1629 1357 1824 1420 quan-

339 1445 462 1500 tum
503 1438 582 1501 ad
619 1438 1066 1520 hujuscemodi
1109 1445 1346 1510 actum,
1380 1438 1635 1500 videtur
1681 1455 1820 1500 esse

337 1537 396 1598 in
439 1535 685 1599 Christo
726 1553 853 1599 non
903 1536 1119 1598 minus
1159 1555 1354 1619 quam
1401 1536 1467 1598 in
1513 1553 1820 1618 quocum-

337 1653 452 1716 que
477 1634 602 1697 alio
635 1633 812 1715 justo
847 1654 922 1698 ac
963 1635 1321 1698 innocente.
1355 1634 1500 1698 Haec
1533 1633 1821 1716 Argenti-

334 1751 562 1795 nensis.
1567 1760 1574 1766 ·

1930 748 1984 810 si
2032 755 2425 831 peccassent,
2458 755 2791 830 peccatum
2840 765 3063 812 eorum
3113 746 3425 830 potuisset

1930 846 2192 920 remitti,
2221 854 2291 908 ut
2320 854 2471 908 sunt
2497 846 2726 910 animae
2754 847 2955 910 beatae
2984 844 3424 909 innocentium

1929 946 1982 1007 si
2013 945 2122 1008 diu
2156 945 2537 1007 mansissent
2566 945 2631 1007 in
2664 962 2941 1027 corpore.
2955 944 3081 1007 Alii
3111 961 3429 1025 nunquam

1929 1051 2378 1125 peccaverunt,
2410 1044 2522 1105 sed
2563 1049 2909 1125 potuerunt
2946 1061 3233 1124 peccare,
3266 1048 3331 1104 et
3372 1041 3427 1102 si

1930 1149 2317 1224 peccassent,
2352 1141 2604 1204 veniam
2636 1141 2940 1222 consequi
2970 1140 3425 1222 nequivissent,

1931 1247 2003 1300 ut
2041 1248 2189 1301 sunt
2230 1239 2442 1321 angeli
2481 1239 2703 1302 sancti.
2737 1238 2863 1301 Alii
2904 1256 3169 1320 peccare
3208 1246 3429 1320 potue-

1931 1345 2082 1398 runt
2115 1344 2182 1400 et
2227 1345 2655 1419 peccaverunt
2696 1355 2709 1400 :
2755 1345 2823 1398 ut
2874 1337 2982 1418 qui
3031 1336 3097 1398 in
3139 1336 3257 1399 hac
3300 1334 3431 1397 vita

1931 1433 2214 1498 finaliter
2252 1437 2707 1518 poenituerunt.
2741 1435 2810 1497 In
2852 1434 3077 1518 primis
3116 1441 3213 1496 est
3254 1431 3431 1495 habi-

1931 1540 2034 1595 tus
2074 1534 2484 1615 poenitentiae.
2519 1533 2677 1597 Nam
2720 1534 3013 1615 quamvis
3054 1532 3119 1595 in
3163 1531 3256 1594 eis
3300 1548 3428 1593 non

1932 1630 2155 1694 habuit
2186 1640 2423 1706 actum,
2456 1632 2665 1714 potuit
2702 1639 2915 1694 tamen
2956 1630 3209 1693 habere.
3244 1627 3433 1692 Habi-

1933 1738 2036 1794 tus
2075 1750 2351 1813 namque
2392 1731 2643 1793 inlusus
2686 1748 2813 1793 non
2858 1728 3297 1813 praesupponit
3327 1746 3430 1790 ac-

403 1831 636 1893 Verum
687 1830 754 1892 in
799 1831 900 1894 his
944 1831 1182 1914 scripta
1223 1831 1283 1895 S.
1317 1831 1572 1895 Thomae
1619 1831 1820 1894 multo
1856 1833 1905 1896 B
1933 1836 2068 1891 tum
2119 1848 2327 1911 neque
2379 1828 2669 1904 includit,
2718 1829 2827 1891 sed
2876 1827 3315 1911 praesupponit
3362 1825 3427 1887 in

331 1928 799 1993 rationabiliora
827 1948 968 1992 esse
995 1930 1312 1993 videntur.
1345 1929 1588 2013 Nempe
1617 1947 1817 2012 quum

328 2027 577 2090 habitus
606 2027 938 2090 ordinetur
966 2029 1044 2090 ad
1073 2035 1311 2102 actum,
1344 2045 1470 2091 non
1511 2035 1608 2091 est
1635 2028 1820 2090 ratio-

328 2125 532 2189 nabile
563 2144 802 2208 ponere
829 2126 1123 2189 habitum
1155 2126 1264 2189 ubi
1296 2126 1696 2209 impossibile
1727 2133 1824 2188 est

327 2223 460 2304 ejus
509 2224 860 2288 consistere
901 2232 1136 2287 actum.
1173 2224 1630 2288 conditionalis
1671 2241 1824 2306 quo-

327 2341 444 2402 que
474 2321 568 2384 nil
599 2323 812 2404 ponit;
833 2331 898 2384 et
917 2322 1063 2384 talis
1093 2322 1386 2386 voluntas
1417 2340 1545 2385 non
1573 2330 1672 2385 est
1698 2323 1823 2386 nisi

329 2421 504 2482 valde
536 2420 926 2502 incompleta
953 2421 1263 2494 velleitaS,
1294 2439 1414 2483 nec
1445 2422 1525 2483 ad
1555 2439 1698 2484 eam
1729 2440 1824 2484 re-

330 2517 604 2599 quiritur
632 2519 1026 2600 poenitentiae
1054 2518 1280 2592 virtus,
1313 2519 1424 2582 sed
1453 2518 1700 2581 sufficit
1729 2538 1826 2582 ca-

334 2616 480 2678 ritas
527 2623 594 2680 et
643 2616 1028 2680 illuminatio
1077 2617 1330 2680 mentis.
1379 2617 1666 2698 Denique
1713 2617 1826 2680 ali-

335 2716 484 2796 quid
521 2722 773 2798 spectat
807 2716 887 2778 ad
923 2723 1216 2778 ornatum
1260 2723 1324 2777 et
1367 2715 1823 2798 perfectionem

335 2813 399 2874 in
427 2831 576 2887 uno,
610 2814 782 2896 quod
822 2831 948 2876 non
989 2815 1336 2896 pertineret
1373 2815 1450 2876 ad
1492 2813 1825 2896 perfectio-

335 2930 475 2974 nem
520 2919 588 2975 et
629 2919 926 2975 ornatum
969 2911 1034 2973 in
1073 2911 1220 2986 alio,
1253 2913 1365 2976 sed
1402 2913 1482 2975 ad
1520 2913 1826 2993 grandem

1932 1927 2225 2008 subjecto
2254 1946 2370 1991 suo
2407 1927 2897 2010 possibilitatem
2938 1927 3015 1990 ad
3044 1934 3259 1989 actum
3290 1942 3430 2006 pos-

1933 2025 2188 2089 sibilem
2232 2026 2379 2089 elici
2421 2046 2536 2110 per
2573 2027 2755 2089 illum
2798 2027 3097 2090 eumdem
3136 2023 3427 2087 habitum

1934 2125 2000 2186 in
2033 2126 2441 2200 numero,vel
2473 2145 2587 2208 per
2616 2126 2814 2189 alium
2842 2125 3083 2209 speciei
3112 2124 3423 2206 ejusdem.

1933 2223 2002 2285 In
2044 2224 2249 2286 tertiis
2288 2242 2542 2306 quoque
2579 2233 2676 2288 est
2718 2225 2974 2288 habitus
3013 2222 3427 2307 poenitentiae,
3544 2229 3553 2240 '

1934 2322 2086 2404 quia
2129 2322 2195 2384 in
2234 2323 2327 2385 eis
2366 2325 2573 2404 potuit
2612 2323 2846 2386 habere
2885 2342 3074 2385 suum
3112 2329 3324 2385 actum
3368 2327 3432 2383 et

1935 2419 2161 2482 habuit
2202 2438 2216 2482 :
2264 2421 2395 2483 imo
2439 2421 2645 2484 adhuc
2688 2421 2881 2484 habet
2926 2439 3054 2484 non
3098 2427 3307 2483 actum
3362 2418 3433 2481 il-

1938 2518 2071 2582 lum
2103 2519 2214 2601 qui
2243 2527 2341 2600 est
2366 2520 2445 2582 de
2475 2527 2738 2601 peccato
2774 2518 3010 2594 dolere,
3044 2520 3155 2582 sed
3193 2517 3305 2600 qui
3334 2524 3432 2580 est

1933 2617 2209 2696 gaudere
2248 2618 2327 2679 de
2366 2616 2741 2680 remissione
2781 2616 3025 2700 peccati
3065 2624 3129 2680 et
3166 2635 3236 2679 se
3265 2613 3429 2678 velle

1936 2733 2265 2796 nunquam
2317 2731 2613 2796 peccasse
2660 2715 2716 2778 si
2763 2723 2933 2779 esset
2979 2715 3305 2799 possibile.
3358 2714 3427 2775 ln

1941 2812 2167 2875 mediis
2216 2831 2368 2876 vero
2424 2831 2550 2876 non
2609 2821 2706 2876 est
2762 2813 3153 2896 poenitentiae
3201 2813 3426 2886 virtuS,

1936 2911 2240 2993 quoniam
2280 2930 2607 2995 nunquam
2648 2913 2959 2995 potuisset
2996 2912 3064 2975 in
3104 2912 3199 2974 eis
3240 2929 3430 2974 suum

335 3007 888 3091 imperiectionem
913 3007 1119 3071 :sicut
1149 3009 1215 3071 in
1245 3009 1506 3072 homine
1537 3028 1676 3072 esse
1705 3011 1828 3072 dis-
1861 3012 1905 3076 C
1935 3017 2149 3073 actum
2189 3010 2446 3086 hahere,
2482 3011 2633 3093 quia
2675 3011 2985 3094 poenitere
3024 3030 3152 3075 non
3192 3009 3434 3093 potuis-

334 3107 682 3183 cursivum,
713 3115 908 3190 atque
948 3107 1232 3190 quotidie
1273 3106 1340 3171 in
1379 3109 1664 3171 scientiis
1705 3109 1828 3171 vir-

333 3206 702 3289 tutibusque
733 3205 1069 3289 proficere,
1093 3208 1262 3289 quod
1296 3208 1361 3269 in
1390 3208 1631 3289 angelis
1661 3215 1829 3271 esset

335 3304 854 3389 imperfectionis,
890 3306 1023 3369 Imo
1061 3305 1127 3368 in
1158 3307 1384 3369 eodem
1423 3306 1685 3370 homine
1713 3306 1826 3369 ali-

332 3405 479 3487 quid
511 3412 610 3467 est
650 3403 1064 3487 perfectionis
1104 3412 1170 3467 et
1205 3404 1560 3468 ornamenti
1592 3405 1659 3466 in
1697 3422 1826 3467 uno

335 3503 530 3586 ipsius
561 3510 755 3577 statu,
777 3504 949 3586 quod
979 3503 1046 3565 in
1071 3502 1198 3567 alio
1227 3503 1368 3583 ejus
1398 3510 1564 3566 statu
1594 3504 1828 3585 imper-

332 3601 626 3666 fectionis
669 3602 1005 3665 exsisteret
1051 3601 1118 3664 in
1165 3601 1388 3665 eodem
1426 3620 1440 3665 ε
1474 3603 1641 3665 sicut
1685 3621 1826 3666 esse

331 3698 556 3764 fortem
601 3701 666 3764 in
712 3699 845 3763 fide
887 3707 951 3762 et
993 3719 1129 3782 spe,
1162 3707 1261 3763 est
1303 3698 1713 3782 perfectionis
1763 3709 1828 3763 et

334 3799 574 3863 decoris
617 3800 684 3862 in
715 3799 841 3874 via,
873 3816 1004 3862 non
1035 3798 1098 3861 in
1129 3797 1352 3881 patria.
1389 3798 1492 3862 Sic
1534 3799 1824 3881 quamvis

334 3898 722 3979 poenitentiae
751 3897 1054 3961 virtutem
1085 3898 1343 3972 habere,
1378 3897 1462 3960 sit
1491 3916 1824 3961 ornamen-

331 4004 462 4058 tum
522 3995 590 4059 in
649 3996 858 4058 Beatis
913 3996 1026 4078 qui
1082 3996 1426 4079 aliquando
1483 4004 1827 4079 potuerunt

333 4113 615 4177 peccare,
649 4111 779 4157 non
821 4101 1036 4157 tamen
1075 4096 1141 4157 in
1183 4095 1432 4159 Christo
1470 4097 1826 4159 secundum

327 4200 722 4275 assumptam
753 4199 1066 4266 naturam,
1098 4194 1451 4256 secundum
1481 4213 1674 4277 quam
1705 4194 1829 4257 fuit
1857 4196 1906 4257 D

331 4290 748 4354 confirmatus
815 4289 884 4351 in
945 4290 1112 4355 bono
1177 4299 1242 4355 et
1306 4292 1823 4374 comprehensor,

329 4396 640 4471 quantum
695 4388 776 4451 ad
840 4390 1234 4471 superiorem
1295 4391 1524 4454 animae
1588 4390 1826 4473 portio-

329 4508 492 4562 nem,
511 4507 551 4550 a
578 4488 792 4570 primo
821 4486 1274 4551 incarnationis
1303 4488 1576 4551 instanti.
1597 4489 1828 4552 Eadem

329 4587 520 4649 etiam
551 4586 798 4649 ratione
827 4602 954 4667 qua
995 4585 1297 4667 probatur
1326 4586 1392 4648 in
1421 4586 1669 4650 Christo
1698 4606 1828 4669 poe-

328 4685 599 4749 nitentia
627 4702 790 4757 esse,
823 4691 1196 4765 sequeretur
1224 4685 1395 4767 quod
1426 4684 1493 4746 in
1529 4685 1669 4767 ipso
1697 4686 1826 4749 sint

329 4782 491 4846 sides
521 4791 586 4846 et
613 4800 784 4865 speS,
818 4782 1170 4863 praesertim
1200 4801 1400 4865 quum
1431 4782 1528 4846 hae
1559 4782 1826 4847 virtutes

327 4882 456 4943 sint
498 4880 879 4964 poenitentia
926 4880 1268 4961 dignioreS,
1304 4882 1471 4944 unde
1513 4889 1577 4944 et
1624 4884 1826 4964 magis

327 4988 576 5043 ornant.

409 5077 764 5142 Richardus
792 5094 1048 5159 quoque
1077 5084 1369 5139 sanctum
1407 5096 1680 5161 sequens
1711 5079 1826 5141 Do-

327 5184 570 5241 ctorem
594 5176 727 5240 :Ad
756 5176 944 5239 istam
971 5176 1237 5259 (inquit)
1265 5178 1684 5258 quaestionem
1713 5177 1825 5239 ali-

325 5276 440 5361 qui
467 5275 1066 5352 dicunt,Beatorum
1093 5275 1290 5359 aliqui
1323 5294 1652 5358 nunquam
1683 5294 1828 5358 pec-

1937 3116 2096 3171 sent.
2133 3109 2309 3172 Unde
2340 3128 2457 3172 nec
2495 3110 2871 3193 poenitentia
2909 3109 3032 3173 ruit
3061 3111 3126 3173 in
3158 3108 3425 3173 Christo,

1937 3207 2201 3271 Habitus
2231 3209 2405 3271 enim
2436 3210 2871 3293 praesupponit
2900 3228 3039 3272 esse
3072 3208 3174 3272 vel
3204 3207 3426 3282 fuisse,

1938 3305 2001 3367 in
2037 3306 2149 3370 illo
2187 3307 2251 3369 in
2294 3326 2422 3389 quo
2458 3316 2573 3381 est,
2608 3306 3095 3389 possibilitatem
3129 3309 3207 3370 ad
3239 3326 3428 3370 suum

1935 3412 2169 3466 actum.
2204 3405 2273 3467 In
2304 3405 2757 3469 exsistentibus
2786 3425 2937 3470 vero
2968 3408 3032 3469 in
3068 3407 3431 3489 purgatorio

1935 3511 2032 3564 est
2062 3503 2435 3584 poenitentia
2465 3511 2775 3586 quantum
2802 3505 2880 3567 ad
2918 3512 3133 3567 actum
3164 3512 3225 3568 et
3256 3503 3431 3568 habi·

1936 3608 2072 3663 tum
2119 3618 2134 3663 :
2177 3601 2392 3665 dolent
2439 3600 2677 3665 etenim
2718 3602 2795 3665 de
2841 3602 2973 3665 suis
3024 3603 3323 3686 peccatiS,
3366 3609 3430 3665 et

1933 3698 2151 3781 aliquo
2195 3700 2383 3763 modo
2425 3701 2702 3782 gaudent
2739 3700 2819 3763 de
2869 3701 3243 3764 remissione
3288 3720 3432 3782 pec-

1936 3798 2076 3861 cati.
2113 3799 2257 3862 Haec
2304 3800 2669 3863 Richardus.
2703 3835 2784 3845 —
2814 3800 2903 3862 Ex
2952 3800 3187 3882 quihus
3236 3801 3428 3864 etiam

1936 3905 2129 3979 patet,
2164 3899 2333 3980 quod
2365 3899 2431 3960 in
2471 3906 2634 3961 statu
2668 3900 3045 3963 innocentiae
3076 3899 3199 3961 fuit
3227 3900 3426 3983 poeni-

1935 3996 2135 4059 tentia
2177 3996 2518 4059 habitualis
2560 3995 2625 4057 in
2670 3997 2895 4080 primis
2938 3995 3327 4078 parentibus,

2364 4312 2841 4387 QUAESTIO
2894 4312 3001 4376 IV

1943 4584 2351 4786 QUaeritur
2398 4604 2674 4669 quoque,
2716 4588 3006 4655 Utrum
3052 4587 3432 4668 poeniten-

2108 4685 2229 4751 tia
2258 4684 2539 4751 debeat
2566 4700 2811 4765 usque
2841 4687 2926 4751 111
2964 4684 3205 4751 finem
3233 4686 3429 4751 vitae

1935 4784 2410 4863 continuari,
2442 4798 2541 4849 an
2590 4782 2882 4861 gaudio
2923 4783 3429 4863 interrumpi,

1934 4884 2019 4949 et
2057 4896 2159 4948 an
2198 4881 2470 4947 valeat
2508 4881 2818 4948 iterari.

2015 4980 2086 5042 In
2134 4979 2252 5041 hac
2310 4977 2659 5060 quaestione
2711 4978 2833 5041 tria
2888 4984 3249 5058 tanguntur.
3301 4978 3431 5040 Pri-

1936 5097 2114 5142 mum
2154 5086 2271 5152 est,
2302 5095 2384 5140 an
2424 5076 2867 5160 poenitentiam
2903 5083 3189 5158 oporteat
3228 5094 3429 5157 usque

1936 5178 2002 5239 in
2032 5176 2232 5239 finem
2262 5175 2510 5238 durare.
2534 5175 2797 5238 Videtur
2823 5174 2993 5256 quod
3022 5174 3170 5236 imo.
3194 5173 3425 5249 Prim0,

1935 5292 2125 5339 omne
2153 5281 2408 5356 tempus
2434 5273 2581 5338 vitae
2613 5272 2944 5356 praesentis
2984 5270 3301 5335 indultum
3332 5279 3430 5351 est
