4267 6250
819 486 940 553 404

1470 503 1536 551 IN
1576 502 1798 551 mmm
1839 502 1901 548 lv
1943 498 2425 547 summunt.
2466 516 2548 527 --
2586 498 2741 545 ms'r.
2782 498 2906 563 XV3
2948 498 3175 555 QUAEs'r.
3216 498 3281 547 IV

824 674 978 758 quid
1022 674 1362 749 mutuanti,
1403 690 1533 737 non
1573 681 1671 737 est
1712 672 1994 736 liberalis
2036 669 2314 745 donatio,
2346 670 2399 735 A
2426 670 2631 733 tinere
2670 688 2785 752 pro
2826 689 2946 733 usu
2990 668 3082 732 rei
3128 669 3366 744 locatae,
3398 668 3593 731 etiam
3632 669 3789 732 dum
3837 669 3931 732 lo-

825 773 936 836 sed
985 774 1167 856 quasi
1225 772 1345 835 sub
1403 772 1764 836 conditione
1823 778 2054 836 coacta.
2108 769 2319 833 Tertio

826 872 1015 935 modo
1045 871 1356 952 contingit
1392 870 1634 953 aliquid
1671 870 1962 953 accipere
1997 868 2165 931 ultra
2192 885 2321 930 sor-

821 977 953 1033 tem
1002 969 1524 1053 quadrupliciter.
1575 968 1806 1043 Primo‚
1849 966 2102 1050 quando
2150 965 2319 1048 capi-

824 1068 947 1131 tale
987 1076 1051 1131 et
1089 1068 1340 1130 lucrum
1382 1074 1708 1150 ponuntur
1749 1065 1870 1129 sub
1913 1063 2314 1128 certitudine.

825 1167 1137 1241 SecundO,
1171 1166 1425 1248 quando
1466 1166 1736 1249 capitale
1774 1163 1895 1227 sub
1939 1162 2319 1226 certitudine

825 1264 1106 1347 ponitur,
1147 1272 1212 1327 et
1257 1264 1508 1326 lucrum
1547 1263 1614 1325 in
1657 1263 1913 1326 fortuna
1948 1280 1962 1323 ε
2010 1269 2082 1323 ut
2117 1277 2317 1342 quum

823 1363 1057 1447 aliquis
1094 1364 1279 1426 alteri
1317 1371 1566 1425 mutuat
1607 1370 1863 1425 centum
1902 1360 2022 1425 sub
2060 1360 2172 1422 tali
2212 1378 2321 1442 pa-

824 1470 948 1537 cto,
997 1463 1168 1545 quod
1217 1461 1479 1525 habebit
1535 1462 1813 1544 aliquam
1875 1459 2036 1522 lucri
2089 1458 2323 1541 portio-

822 1580 994 1635 nem,
1047 1562 1101 1623 si
1149 1560 1345 1623 fuerit
1393 1561 1664 1634 lucrum,
1715 1558 1972 1641 capitali
2029 1574 2146 1619 suo
2194 1554 2320 1618 sibi

822 1676 1079 1741 semper
1116 1658 1292 1722 salvo
1339 1657 1653 1740 quidquid
1698 1656 2038 1737 contingat.
2083 1654 2317 1727 Tertio,

822 1756 976 1818 dum
1028 1756 1280 1818 lucrum
1329 1755 1590 1837 ponitur
1635 1754 1756 1817 sub
1804 1752 2209 1826 certitudine,
2254 1759 2320 1813 et

2427 776 2653 831 cantur
2680 786 2781 831 res
2810 788 2949 851 quae
2978 785 3103 830 non
3135 767 3521 850 pejorantur,
3536 774 3606 830 ut
3634 767 3935 850 pecuniae

2428 866 2532 928 vel
2561 866 2785 949 scyphi
2814 866 3117 948 argentei,
3150 866 3229 929 ad
3262 866 3705 930 honorandum
3736 866 3931 929 illum

2431 964 2543 1047 qui
2571 966 2825 1048 accipit.
2854 965 2958 1028 Sic
2996 966 3171 1028 enim
3208 965 3359 1028 dare
3399 965 3761 1047 pecuniam,
3792 982 3931 1028 non
3963 1022 3971 1029 .

2431 1070 2529 1125 est
2556 1082 2695 1125 eam
2733 1070 3047 1138 mutuare,
3081 1063 3193 1126 sed
3234 1064 3441 1127 locare
3475 1082 3490 1126 :
3524 1062 3595 1125 ff.
3630 1063 3931 1127 Commo-

2430 1161 2558 1223 dati
2603 1162 2705 1223 vel
2750 1169 2986 1225 contra.
3038 1160 3133 1224 lbi
3176 1162 3415 1227 etenim
3462 1161 3717 1236 dicitur,
3748 1162 3931 1244 quod

2428 1278 2556 1323 non
2606 1268 2813 1343 potest
2858 1261 3248 1324 commodari
3298 1261 3362 1323 id
3404 1261 3574 1343 quod
3616 1280 3735 1323 usu
3780 1278 3934 1325 con·

2428 1359 2723 1433 sumitur,
2757 1359 2881 1422 nisi
2920 1358 3084 1422 forte
3120 1360 3199 1422 ad
3244 1377 3547 1442 pompam
3576 1360 3680 1423 vel
3718 1367 3933 1423 osten-

2428 1458 2733 1521 tationem
2790 1458 2937 1540 quis
2992 1458 3283 1540 accipiat.
3334 1492 3417 1504 —
3462 1459 3534 1521 In
3591 1466 3929 1522 contractu

2428 1573 2683 1638 quoque
2730 1556 3118 1621 venditionis
3170 1555 3419 1619 licitum
3478 1563 3576 1620 est
3630 1558 3929 1640 accipere

2430 1652 2597 1715 ultra
2624 1660 2883 1729 sortem,
2916 1671 3045 1718 non
3073 1661 3287 1717 tamen
3318 1653 3485 1717 ultra
3520 1654 3584 1717 id
3618 1656 3791 1737 quod
3822 1674 3929 1718 res

2429 1750 2598 1813 valet
2634 1752 2787 1813 dum
2822 1752 3137 1815 venditur.
3172 1752 3416 1834 Nempe
3452 1753 3745 1816 eamdem
3782 1772 3929 1816 rem

821 1854 1092 1937 capitale
1133 1855 1196 1916 in
1239 1853 1494 1918 fortuna
1535 1871 1549 1916 ε
1592 1862 1664 1915 ut
1705 1871 1906 1935 quum
1950 1852 2095 1934 quis
2138 1850 2316 1913 eunti
2353 1850 2402 1912 B
2432 1868 2559 1913 uno
2608 1858 2909 1933 tempore.
2940 1859 3007 1913 et
3052 1852 3117 1913 in
3166 1869 3294 1914 una
3340 1859 3510 1914 terra
3554 1851 3712 1915 emit
3753 1872 3929 1915 unus

820 1952 898 2015 ad
961 1951 1279 2015 nundinas
1341 1959 1590 2013 mutuat
1648 1957 1906 2013 centum
1970 1967 2088 2032 pro
2145 1956 2319 2011 certa

821 2068 1074 2113 summa
1121 2050 1432 2132 pecuniis,
1477 2048 1793 2132 recipiens
1837 2048 1904 2110 in
1953 2067 2021 2110 se
2067 2046 2316 2129 pericu-

821 2148 960 2210 lum
999 2147 1311 2230 capitalis,
1345 2147 1469 2211 nisi
1511 2154 1730 2229 pereat
1757 2164 1880 2229 per
1917 2145 2175 2227 culpam
2215 2144 2317 2206 vel

819 2246 1274 2328 negligentiam
1306 2253 1603 2317 mutuum
1631 2243 2026 2326 accipientis.
2060 2245 2316 2318 Quarto,

819 2344 974 2407 dum
1007 2352 1351 2427 utrumque
1381 2344 1641 2427 ponitur
1669 2342 1789 2405 sub
1813 2341 2022 2415 dubio,
2039 2341 2126 2404 ita
2150 2342 2317 2424 quod

820 2461 949 2507 non
989 2444 1244 2506 videtur
1281 2442 1647 2507 notabiliter
1690 2442 1890 2523 magis
1929 2441 1993 2504 in
2031 2441 2314 2505 favorem

818 2542 1030 2605 dantis
1086 2560 1280 2624 quam
1345 2540 1740 2623 accipientis,
1803 2539 2032 2602 Tribus
2091 2538 2317 2621 primis

823 2640 1030 2703 modis
1075 2640 1398 2723 accipiens
1445 2638 1689 2721 aliquid
1731 2638 1898 2700 ultra
1939 2646 2197 2713 sortem,
2238 2637 2316 2700 ad

819 2738 1286 2802 restitutionem
1356 2745 1609 2801 tenetur
1666 2755 1681 2799 ε
1742 2737 1895 2820 quia
1955 2744 2317 2799 contractus

819 2843 970 2899 sunt
1016 2837 1314 2912 usurarii,
1360 2836 1496 2899 sive
1543 2835 1705 2897 fiant
1751 2835 1991 2897 directe
2037 2834 2173 2897 sive
2222 2833 2313 2895 in-

821 2934 1206 3009 directe,vel
1237 2933 1539 3016 explicite
1569 2933 1703 2996 sive
1735 2932 2065 3015 implicite.
2085 2932 2317 3006 Quum·

2430 1965 2545 2029 pro
2591 1955 2871 2022 centum,
2922 1968 3065 2031 quae
3114 1949 3181 2011 in
3236 1949 3365 2013 alio
3408 1957 3697 2033 tempore
3742 1958 3808 2014 et
3855 1950 3927 2013 in

2426 2045 2551 2107 alia
2591 2054 2759 2109 terra
2805 2044 2975 2109 valet
3020 2054 3278 2110 centum
3326 2047 3572 2128 viginti.
3618 2048 3775 2111 Item
3826 2067 3929 2111 ra·

2426 2143 2601 2207 tione
2648 2144 2993 2226 emptionis
3048 2145 3334 2208 redditus
3383 2145 3771 2221 hereditarii,
3819 2146 3929 2209 vel

2428 2242 2507 2303 ad
2545 2242 2766 2317 vitam,
2799 2242 3048 2305 licitum
3087 2251 3185 2305 est
3222 2243 3508 2327 recipere
3550 2251 3925 2327 proventuS,

2431 2342 2721 2421 quamvis
2762 2342 3070 2404 excedant
3106 2349 3365 2418 sortem,
3398 2343 3455 2405 si
3490 2343 3556 2405 in
3596 2342 3928 2426 emptione

2428 2447 2716 2502 servetur
2742 2440 3069 2522 aequalitas
3095 2440 3260 2520 juris
3288 2441 3765 2515 naturalis,sine
3796 2461 3930 2524 qua

2427 2536 2606 2599 nulla
2634 2538 2875 2619 emptio
2908 2537 3081 2600 licita
3108 2558 3249 2602 esse
3280 2546 3523 2622 potest:
3550 2538 3648 2616 16,
3672 2540 3932 2623 quaesti-

2426 2653 2547 2698 one
2576 2635 2639 2710 3,
2668 2636 2950 2718 capitulo
2988 2636 3052 2700 Si
3093 2637 3471 2701 sacerdotes.
3501 2674 3583 2685 --
3610 2639 3790 2702 Ratio
3816 2657 3932 2703 au-

2428 2740 2557 2796 tem
2604 2752 2721 2796 cur
2762 2751 2878 2816 pro
2920 2753 2990 2797 re
3034 2741 3320 2798 mutuata
3362 2736 3457 2798 nil
3498 2736 3667 2819 exigi
3716 2744 3931 2820 potest

2428 2831 2593 2894 ultra
2624 2839 2882 2908 sortem,
2914 2840 2979 2896 et
3009 2841 3216 2915 potest
3252 2852 3368 2917 pro
3406 2853 3475 2898 re
3516 2835 3738 2912 locata,
3770 2843 3871 2899 est
3906 2853 3925 2899 z

2426 2931 2731 3014 quoniam
2779 2939 3078 2995 mutuum
3126 2940 3225 2996 est
3270 2934 3349 2996 de
3407 2934 3599 2997 rebus
3648 2953 3929 3017 quarum

822 3051 948 3115 que
995 3032 1165 3096 istud
1213 3049 1340 3096 non
1389 3032 1472 3095 sit
1517 3039 1648 3095 tam
1695 3030 1958 3093 evidens
2005 3031 2084 3093 de
2129 3031 2317 3093 tertio
2346 3032 2391 3096 C
2428 3029 2801 3112 principalis
2832 3050 2985 3093 usus
3009 3049 3135 3094 non
3163 3038 3370 3114 potest
3400 3033 3665 3096 concedi
3690 3033 3829 3096 sine
3854 3052 3931 3097 re

822 3132 1011 3194 modo
1049 3131 1217 3194 sicut
1255 3131 1334 3193 de
1373 3129 1584 3213 primo
1611 3137 1676 3192 et
1703 3130 2024 3210 secund03
2057 3129 2201 3192 ideo
2233 3130 2317 3192 is-

821 3229 935 3291 tud
978 3230 1058 3291 de
1100 3228 1288 3292 tertio
1332 3228 1519 3292 modo
1556 3226 1861 3310 probatur
1899 3247 2013 3310 per
2049 3228 2317 3290 auctori-

819 3335 1038 3402 tatem,
1071 3337 1265 3388 eoetra
1303 3328 1380 3390 de
1418 3326 1659 3402 UsuriS,
1693 3325 1973 3408 capitulo
2005 3326 2314 3409 Navigan-

820 3427 870 3488 ti
897 3444 910 3488 :
935 3443 1064 3508 quo
1094 3426 1233 3489 loco
1261 3424 1867 3506 dicitur,Naviganti
1897 3425 1999 3488 vel
2030 3425 2207 3487 eunti
2238 3426 2317 3488 ad

822 3525 1141 3588 nundinas
1181 3533 1418 3587 certam
1460 3531 1758 3587 mutuans
1799 3523 2086 3606 pecuniae
2119 3544 2319 3607 quan-

820 3624 1088 3699 titatem,
1137 3642 1252 3705 pro
1294 3641 1372 3687 eo
1414 3622 1584 3704 quod
1628 3621 1899 3704 suscipit
1937 3623 2004 3685 in
2045 3641 2114 3685 se
2152 3623 2319 3706 peri-

824 3723 1042 3786 culum
1075 3729 1450 3805 recepturus
1487 3720 1730 3803 aliquid
1772 3721 1959 3796 ultra,
1990 3722 2319 3785 usurarius

823 3829 922 3884 est
961 3821 1338 3884 censendus,
1371 3821 1602 3893 Quarto
1643 3819 1831 3882 modo
1873 3819 2115 3902 aliquid
2156 3821 2318 3884 acci-

823 3920 1006 4002 piens
1039 3919 1202 3981 ultra
1231 3925 1488 3992 sortem,
1512 3917 1840 3980 restituere
1870 3935 1998 3981 non
2027 3926 2314 3982 tenetur:

822 4018 1127 4100 quoniam
1165 4017 1409 4079 ratione
1447 4014 1818 4078 verisimilis
1848 4015 2029 4079 dubii
2059 4035 2319 4080 excusa-

819 4121 926 4178 tur
954 4122 1312 4180 contractus
1342 4113 1732 4194 hujusmodi,
1751 4124 1942 4176 extra
1971 4115 2050 4177 de
2075 4115 2317 4190 UsuriS,

2427 3129 2587 3211 ipsa,
2619 3147 2697 3192 eo
2724 3130 2897 3212 quod
2926 3129 3035 3193 ille
3064 3150 3219 3194 usus
3250 3139 3347 3194 est
3372 3151 3591 3194 earum
3627 3150 3929 3196 consum-

2430 3227 2585 3309 ptio,
2618 3235 2689 3290 ut
2718 3235 2890 3310 patet
2923 3227 2989 3291 in
3022 3227 3361 3292 esibilibus
3393 3237 3458 3294 et
3494 3230 3926 3313 potabilibus3

2429 3327 2532 3388 vel
2560 3326 2909 3402 distractio,
2936 3335 3008 3390 ut
3036 3335 3209 3410 patet
3236 3329 3316 3391 de
3346 3328 3641 3411 pecunia,
3672 3349 3815 3412 quae
3841 3331 3929 3394 ad

2428 3425 2549 3488 hoc
2581 3425 3022 3508 principaliter
3053 3434 3151 3490 est
3190 3427 3471 3502 inventa,
3504 3435 3576 3490 ut
3611 3429 3933 3511 expenda-

2428 3532 2533 3586 tur
2572 3524 2639 3586 in
2678 3526 3001 3607 emptione
3050 3545 3267 3589 rerum
3314 3526 3607 3590 aliarum.
3657 3528 3929 3605 Idcirco,

2431 3624 2684 3705 quando
2724 3643 2825 3686 res
2863 3624 3021 3688 tales
3048 3624 3193 3687 aliis
3234 3625 3692 3701 conceduntur,
3724 3634 3932 3689 trans-

2429 3720 2634 3784 fertur
2662 3721 2729 3784 in
2762 3722 2905 3786 illos
2934 3741 3155 3786 earum
3184 3723 3565 3787 dominium.
3592 3724 3766 3787 Unde
3798 3744 3937 3788 mu·

2430 3827 2608 3882 tuare
2650 3827 2768 3895 est,
2802 3820 2880 3883 de
2925 3838 3066 3884 meo
3108 3828 3293 3883 tuum
3336 3821 3562 3885 facere.
3596 3822 3933 3905 Quumque

2430 3919 2777 3982 concedere
2826 3919 3247 4001 principalem
3296 3939 3485 3983 usum
3536 3939 3751 3984 rerum
3794 3921 3936 3985 illa·

2430 4036 2597 4093 rum,
2617 4018 2701 4080 sit
2730 4018 3079 4081 concedere
3107 4037 3209 4082 res
3240 4018 3448 4101 ipsas3
3479 4018 3587 4082 ille
3618 4019 3730 4102 qui
3759 4020 3933 4084 ultra

2430 4117 3087 4199 recompensationem
3120 4117 3213 4180 rei
3250 4117 3451 4199 exigit
3486 4135 3931 4201 recompensa-

821 4214 1102 4297 capitulo
1130 4212 1483 4294 Naviganti.
1517 4212 1907 4294 Rationeque
1945 4212 2317 4295 hujusmodi
2347 4214 2398 4277 D
2428 4214 2669 4277 tionem
2710 4233 2825 4298 pro
2865 4235 2987 4278 usu
3024 4214 3188 4296 ejuS,
3222 4215 3419 4297 exigit
3455 4232 3571 4298 pro
3600 4216 3825 4280 eadem
3854 4236 3927 4281 re

821 4311 1003 4374 dubii
1047 4318 1408 4385 excusatur,
1462 4310 1574 4392 qui
1622 4329 1867 4373 merces
1911 4330 2056 4374 suas
2098 4313 2321 4376 vendit

821 4417 894 4472 ut
931 4411 996 4472 in
1039 4409 1316 4472 termino
1359 4415 1531 4470 certo
1573 4407 1841 4489 recipiat
1883 4409 2161 4491 amplius
2202 4428 2319 4494 pro

821 4509 1089 4582 eisdem,
1122 4525 1316 4590 quam
1354 4506 1570 4570 valent
1607 4513 1892 4589 tempore
1931 4514 2314 4584 contractuS,

821 4608 876 4670 si
906 4616 1121 4671 tamen
1151 4612 1509 4670 contractus
1548 4611 1834 4687 tempore
1874 4623 1980 4668 eas
2019 4621 2147 4668 non
2184 4603 2321 4668 fue-

820 4713 919 4770 rat
973 4705 1368 4769 vendituruS.
1423 4703 1488 4767 Si
1545 4711 1759 4767 autem
1817 4704 1972 4767 alias
2029 4711 2317 4786 tempore

821 4812 1180 4870 contractus
1222 4803 1347 4868 fuit
1387 4821 1524 4866 rem
1571 4803 1746 4865 illam
1787 4802 2163 4866 venditurus
2202 4821 2318 4885 pro

821 4904 1054 4967 minori
1085 4903 1312 4986 pretio,
1345 4909 1536 4984 atque
1565 4920 1645 4964 ex
1675 4907 1847 4963 certa
1875 4900 2144 4963 scientia
2171 4901 2316 4983 plus

819 5003 1088 5084 recipiat
1122 5001 1248 5065 alio
1284 5008 1596 5082 tempore,
1629 4999 1813 5082 quasi
1852 4998 2182 5061 usurarius
2220 5007 2317 5062 est

819 5102 1195 5166 censendus,

897 5202 1089 5264 Porro
1119 5200 1183 5262 in
1213 5206 1539 5262 contractu
1571 5197 1903 5262 locationis
1935 5196 2184 5260 licitum
2218 5206 2315 5260 est

819 5301 988 5363 ultra
1016 5318 1153 5362 rem
1183 5298 1449 5361 locatam
1486 5297 1779 5379 accipere
1817 5296 2060 5379 aliquid
2099 5315 2172 5359 ac
2215 5316 2311 5360 re-

2427 4312 2527 4375 bis
2577 4313 3233 4396 recompensationem
3280 4331 3297 4376 t
3343 4314 3512 4396 quod
3560 4322 3660 4377 est
3704 4323 3927 4379 contra

2427 4411 2733 4474 naturalis
2772 4411 2938 4492 juris
2982 4413 3429 4495 aequalitatem.
3476 4411 3731 4476 Locatio
3768 4431 3927 4477 vero

2427 4517 2524 4572 est
2559 4510 2639 4572 de
2680 4509 2870 4573 rebus
2905 4529 3179 4592 quarum
3221 4530 3375 4574 usus
3414 4511 3679 4574 concedi
3716 4519 3930 4594 potest

2426 4607 2565 4670 sine
2606 4626 2695 4682 re,
2738 4608 2891 4690 quia
2932 4627 3154 4671 earum
3197 4629 3352 4672 usus
3392 4627 3520 4673 non
3568 4616 3665 4672 est
3702 4628 3929 4674 earum

2426 4706 2853 4789 consumptio.
2886 4706 3047 4769 Hinc
3086 4707 3279 4770 vendi
3322 4715 3529 4790 potest
3563 4708 3931 4773 dominium

2425 4804 2670 4880 domus,
2686 4813 2931 4869 retento
2960 4824 3081 4868 usu
3112 4806 3345 4888 ipsius3
3368 4813 3434 4868 et
3461 4807 3725 4870 concedi
3754 4826 3928 4884 usus,

2424 4910 2670 4965 retento
2717 4902 3021 4965 dominio.
3068 4903 3215 4965 Ideo
3266 4902 3375 4966 ille
3424 4904 3528 4966 cui
3568 4905 3933 4968 restituitur

2424 5000 2651 5063 domus
2693 5001 2914 5076 locata,
2956 5001 3010 5063 si
3050 5001 3215 5063 ultra
3256 5000 3377 5065 hoc
3405 5002 3605 5084 exigit
3644 5003 3929 5085 pretium

2423 5117 2539 5183 pro
2569 5119 2689 5162 usu
2720 5100 2916 5174 illius,
2944 5117 3070 5162 non
3103 5099 3299 5182 exigit
3326 5117 3443 5183 pro
3471 5102 3693 5165 eadem
3724 5121 3793 5166 re
3822 5103 3927 5168 bis

2430 5199 3103 5282 recompensationem,
3120 5216 3238 5262 nec
3268 5201 3925 5283 recompensationem

2423 5316 2539 5380 pro
2586 5314 2663 5361 eo
2709 5298 2879 5380 quod
2922 5315 3049 5361 non
3092 5306 3207 5360 est.
3240 5332 3323 5344 —
3360 5299 3505 5364 Haec
3543 5299 3917 5364 Richardus.

3976 1088 4239 1145 mgnum„

3964 1155 4037 1203 ¹³,
4052 1154 4127 1196 tit.
4142 1156 4186 1196 6.

3962 2566 4234 2623 Decuma.
