4267 6250
1078 518 1358 566 amem
1396 515 1866 566 nisrmcrionuu
1903 517 2064 564 unm
2104 517 2168 565 Ν
2210 517 2675 566 saman-runnu
3349 500 3429 566 13

325 687 488 746 rioris
513 703 711 761 poena,
742 690 984 761 peccata
1011 685 1190 745 deleri
1219 689 1462 759 possunt
1490 702 1594 759 per
1631 683 1827 742 interi·
1853 685 1906 750 Α
1934 685 2052 742 Etsi
2079 684 2239 743 enim
2269 688 2427 759 apud
2455 688 2639 743 Deum
2677 685 2890 759 aliquis
2922 685 3146 744 solutus
3174 690 3278 753 est,
3310 702 3429 744 non

325 793 478 835 onem
521 777 721 834 cordis
765 776 1196 834 contritionem.
1233 777 1342 834 Per
1381 777 1538 849 quod
1585 775 1824 848 quidem

325 867 632 924 contrarioe
659 866 970 941 opiniones
997 868 1072 922 ad
1103 882 1316 922 sanum
1356 864 1715 922 intellectum
1745 881 1830 920 re-

326 957 636 1022 ducuntur,
659 960 719 1014 et
745 955 1120 1014 auctoritates
1148 971 1294 1027 quas
1323 955 1645 1020 adducunt,
1676 956 1828 1010 recte

325 1045 753 1118 intelliguntur.
793 1047 1031 1117 Oportet
1073 1047 1270 1101 autem
1318 1046 1384 1100 ut
1421 1043 1531 1100 hoc
1576 1045 1651 1100 ad
1697 1043 1830 1100 effe-

325 1138 482 1192 ctum
521 1137 884 1207 perducatur
909 1138 1172 1206 tempore
1201 1136 1545 1206 opportuno.
1577 1133 1692 1189 Nec
1721 1131 1828 1188 soli

324 1226 436 1282 Deo
481 1224 751 1282 confiteri
797 1223 1026 1288 sufficit,
1067 1224 1391 1280 dummodo
1431 1221 1596 1294 copia
1640 1238 1828 1278 sacer·

325 1314 471 1370 dotis
502 1313 711 1370 haberi
752 1313 936 1386 possit
961 1313 1060 1386 qui
1098 1310 1502 1384 poenitentiam
1542 1311 1824 1383 imponat.

323 1404 466 1460 Nam
495 1402 918 1460 satisfactionis
955 1399 1254 1458 modus‘et
1279 1399 1598 1473 peccatoris
1629 1417 1829 1457 recon-

321 1494 556 1556 ciliatio.
590 1496 669 1551 ad
707 1494 1010 1551 ministros
1045 1492 1316 1550 Ecclesiae
1355 1491 1664 1564 pertinent,
1697 1507 1828 1564 quae

321 1583 444 1640 sine
473 1583 842 1642 confessione
873 1582 997 1640 fieri
1025 1599 1144 1639 non
1184 1585 1444 1654 possunt.
1471 1583 1584 1639 Sed
1613 1585 1672 1638 et
1697 1599 1826 1639 eru·

321 1673 614 1730 bescentia
661 1673 725 1729 in
768 1671 1130 1729 confessione
1171 1675 1260 1728 est
1295 1687 1512 1743 magna
1553 1687 1686 1742 pars
1729 1672 1826 1727 de-

318 1761 550 1818 letionis
599 1777 791 1834 poenae
836 1761 1046 1817 debitae
1091 1778 1195 1832 pro
1243 1759 1512 1833 peccatis.
1559 1760 1724 1817 Unde
1770 1762 1827 1816 et

1934 778 2133 832 tamen
2173 775 2232 832 in
2262 774 2407 833 facie
2434 775 2705 833 Ecclesiae
2731 775 2866 832 talis
2902 774 3149 833 habetur
3176 775 3289 832 nisi
3328 792 3433 849 per

1934 865 2251 922 sacerdotis
2270 865 2583 938 judicium.
2606 865 2811 939 Ligare
2838 865 3016 922 etiam
3046 866 3315 922 sacerdos
3346 864 3434 921 di-

1935 953 2104 1018 citur,
2149 956 2289 1011 dum
2340 954 2694 1027 poenitentiae
2740 952 3197 1011 satisfactionem
3246 954 3434 1025 impo-

1935 1042 2041 1099 nit.
2080 1043 2310 1100 Solvere
2351 1047 2547 1100 autem
2588 1043 2819 1107 dicitur,
2850 1041 3076 1115 aliquid
3118 1043 3188 1099 de
3226 1042 3433 1098 eadem

1935 1130 2304 1198 remittendo,
2318 1135 2375 1190 et
2395 1132 2867 1190 communionem
2891 1133 3274 1190 decernendo.
3290 1132 3430 1188 [tem

1934 1224 1993 1278 et
2019 1221 2199 1294 ligare
2230 1222 2461 1288 dicitur,
2485 1225 2890 1279 contumacem
2921 1221 3437 1279 excommunican-

1936 1313 2010 1368 do
2027 1329 2042 1378 3
2074 1313 2130 1368 et
2158 1310 2395 1377 solvere,
2427 1312 2803 1383 poenitentem
2832 1311 3284 1369 reconciliando,
3326 1311 3435 1367 Per

1935 1416 2112 1473 quam
2155 1401 2824 1458 excommunicationem
2867 1401 3055 1475 gratia
3083 1405 3141 1458 et
3166 1400 3265 1457 Dei
3301 1417 3433 1472 pro·

1934 1489 2106 1546 tectio
2133 1490 2358 1546 homini
2390 1489 2767 1555 subtrahitur,
2800 1493 2858 1546 et
2889 1490 3433 1547 excommunicatus

1933 1579 2042 1635 sibi
2089 1578 2201 1651 ipsi
2256 1579 2624 1653 relinquitur,
2674 1584 2731 1637 et
2777 1580 3008 1637 diabolo
3062 1583 3315 1654 potestas
3371 1578 3429 1634 in

1934 1668 2128 1741 ipsum
2170 1670 2359 1734 datur,
2393 1685 2500 1726 nec
2537 1670 2827 1727 orationes
2852 1670 3122 1727 Ecclesiae
3159 1671 3433 1742 prodesse

1933 1758 2042 1813 sibi
2080 1760 2378 1830 putantur.
2413 1760 2560 1816 Sunt
2595 1763 2790 1816 autem
2830 1759 2955 1816 haec
2993 1759 3193 1816 omnia
3226 1759 3435 1816 intelli-

317 1851 561 1923 leprosis
612 1852 836 1908 dictum
881 1853 986 1915 est,
1028 1851 1184 1923 quod
1225 1851 1597 1906 ostenderent
1639 1867 1698 1906 se
1741 1867 1827 1906 sa·
1858 1848 1904 1910 B
1936 1848 2142 1919 genda,
2159 1849 2302 1904 dum
2332 1847 2485 1904 adsit
2514 1847 2874 1914 discretio,et
2900 1849 3059 1907 clave
3086 1865 3204 1906 non
3234 1865 3432 1905 erran-

317 1941 650 1998 cerdotibus
681 1957 696 1996 :
729 1942 888 1997 unde
928 1942 986 1997 et
1024 1939 1274 2011 expedit,
1317 1939 1474 1996 idem
1520 1941 1822 2011 peccatum
1933 1941 2007 1994 te.
2046 1938 2270 1995 Macula
2316 1943 2513 1996 autem
2561 1941 2635 1996 de
2679 1957 2797 2012 qua
2842 1939 3063 1998 dictum
3112 1944 3199 1997 est
3236 1957 3430 2012 supra,

317 2029 584 2100 pluribus
613 2028 896 2085 confiteri.
928 2029 1160 2094 Quaerat
1185 2029 1380 2084 autem
1422 2027 1702 2084 confitens
1741 2043 1825 2082 sa·
1934 2030 2021 2083 est
2049 2028 2467 2085 dissimilitudo
2506 2031 2563 2086 et
2589 2030 2898 2102 elongatio.
2926 2031 3198 2087 Tenebrae
3236 2033 3432 2087 autem

317 2120 612 2174 cerdotem
653 2117 938 2175 scientem
981 2116 1198 2173 solvere
1238 2119 1296 2173 et
1332 2116 1532 2189 ligare.
1566 2118 1732 2183 Quod
1773 2116 1823 2173 si
1934 2117 2238 2174 interiores
2276 2121 2431 2174 stant
2458 2119 2519 2174 in
2560 2119 2761 2191 gratiae
2789 2119 3079 2177 ablatione
3115 2122 3170 2177 et
3200 2123 3435 2177 natura-

314 2211 586 2267 sacerdos
643 2208 912 2274 defuerit,
962 2208 1117 2264 socio
1164 2207 1398 2265 interim
1458 2207 1819 2264 confiteatur.
1935 2205 2080 2262 lium
2130 2207 2445 2273 debilitate,
2496 2225 2626 2281 quae
2679 2208 2828 2265 fiunt
2872 2226 2976 2282 per
3025 2213 3348 2281 peccatum,
3399 2228 3435 2268 a

287 2300 430 2360 Boe
457 2303 664 2357 tamen
705 2316 822 2355 non
851 2301 939 2356 est
967 2298 1381 2362 necessarium,
1414 2314 1596 2370 quum
1625 2300 1822 2353 aucto·
1933 2295 2146 2368 quibus
2183 2295 2459 2353 omnibus
2502 2297 2675 2354 homo
2718 2314 2820 2369 per
2857 2299 3257 2372 poenitentiam
3304 2317 3437 2372 pur-

319 2389 550 2446 ritatem
589 2387 932 2446 absolvendi
971 2386 1067 2444 ille
1105 2403 1222 2442 non
1261 2387 1487 2444 habeat.
1519 2389 1686 2453 Quod
1724 2403 1823 2443 au·
1934 2388 2120 2457 gatur.
2154 2385 2217 2441 ln
2246 2402 2363 2458 qua
2388 2388 2659 2443 sacerdos
2685 2387 2837 2445 vices
2870 2389 3045 2446 habet
3070 2389 3301 2454 medici,
3333 2407 3433 2447 cu·

319 2483 434 2534 tem
462 2479 708 2535 Petrum
738 2476 953 2551 legitur
979 2477 1220 2542 flevisse,
1237 2493 1352 2532 non
1382 2479 1580 2533 tamen
1609 2475 1824 2548 legitur
1923 2475 2023 2548 Jus
2070 2477 2158 2530 est
2201 2475 2457 2531 viventes
2502 2475 2743 2548 quidem
2792 2494 3016 2542 curare,
3066 2494 3182 2534 non
3231 2481 3429 2535 autem

317 2585 448 2625 eum
489 2571 802 2640 peccatum
831 2566 1162 2624 confessum
1201 2582 1341 2633 esse,
1375 2565 1666 2639 praedictis
1705 2581 1820 2622 non
1931 2566 2195 2619 mortuos
2224 2563 2503 2620 suscitare
2536 2580 2549 2619 :
2581 2564 2689 2620 hoc
2726 2565 2883 2622 enim
2915 2565 3013 2622 Dei
3052 2569 3138 2622 est
3166 2583 3270 2639 per
3302 2585 3431 2640 gra-

319 2659 522 2714 obstat.
565 2658 696 2714 Non
739 2656 900 2713 enim
943 2655 1145 2713 omnia
1189 2654 1344 2712 sacta
1380 2655 1616 2728 scriptis
1661 2671 1825 2711 man-

321 2749 452 2804 data
490 2750 650 2804 sunt.
685 2745 970 2802 Similiter
995 2748 1054 2802 et
1079 2745 1197 2802 alia
1232 2761 1362 2817 quoe
1395 2745 1456 2801 in
1489 2745 1820 2817 oppositum

317 2835 500 2894 facere
531 2837 902 2900 videbantur,
925 2835 987 2891 in
1013 2837 1175 2892 textu
1205 2835 1618 2891 dissolvuntur.
1644 2833 1826 2908 Igitur

319 2925 646 2982 necessaria
683 2926 773 2982 est
798 2923 916 2981 oris
954 2922 1238 2980 confessio
1275 2941 1410 2997 pars
1449 2923 1821 2995 poenitentioe,

319 3018 442 3071 tum
471 3017 714 3087 propter
739 3012 1060 3088 peccatoris
1088 3013 1568 3080 erubescentiam,
1590 3016 1718 3070 tum
1749 3013 1823 3070 ob
1854 3004 1898 3068 C

317 3104 634 3161 sacerdotis
662 3101 980 3177 judicium,
1008 3106 1136 3161 tum
1171 3104 1246 3159 ad
1275 3101 1608 3161 futurorum
1637 3106 1825 3161 caute·

323 3192 460 3257 lam,
499 3197 560 3250 et
596 3191 1016 3251 humilitatem.

317 3310 566 3362 Tandem
597 3308 886 3361 sincerum
915 3308 1104 3361 cordis
1132 3308 1307 3374 liquet
1329 3322 1457 3360 esse
1488 3307 1756 3370 dolorem,

378 3383 438 3433 Si
468 3382 598 3447 quis
629 3380 988 3447 propositum
1019 3383 1086 3431 ut
1113 3380 1465 3442 confiteatur,
1500 3380 1684 3433 habet.

729 3578 1158 3643 DISTINCTIO
1199 3577 1406 3641 XVIII.

679 3714 794 3777 Hic
848 3714 1046 3796 quaeri
1100 3712 1279 3787 solet,
1333 3718 1451 3774 etc.

429 3912 652 3969 LAVES
692 3910 906 3985 quibus
951 3926 1202 3983 regnum
1240 3908 1519 3965 coelorum
1560 3905 1820 3980 indignis

455 4000 755 4058 clauditur
782 4002 840 4057 et
867 3999 1061 4073 dignis
1095 3998 1370 4071 aperitur,
1402 4014 1516 4054 non
1551 4013 1820 4069 corpora-

319 4090 398 4147 les
423 4093 582 4155 sunt,
613 4090 720 4147 sed
755 4088 1126 4161 spirituales:
1152 4086 1524 4145 discernendi
1550 4085 1821 4143 videlicet

1930 2651 2073 2707 tiam
2114 2653 2299 2725 ipsius
2331 2652 2537 2710 facere.

1930 2770 2117 2820 Donat
2144 2768 2471 2835 presbytero
2503 2768 2665 2822 binas
2686 2770 2941 2823 Ecclesia
2968 2772 3177 2835 claves,

1995 2841 2068 2892 Ut
2095 2839 2237 2892 bene
2268 2841 2570 2902 discernat,
2598 2843 2814 2907 ¹iudicet
2842 2847 3016 2910 utque
3044 2845 3206 2898 bene.

2363 3039 2788 3103 DISTINCTIO
2838 3040 2993 3104 XIX.

2182 3176 2520 3258 Postquam
2562 3182 2890 3239 ostensum
2933 3185 3051 3254 est,
3095 3144 3235 3243 etc..

2045 3373 2200 3430 OLIS
2245 3372 2485 3446 quidem
2522 3374 2939 3441 sacerdotibus,
2970 3392 3073 3447 per
3114 3375 3430 3435 ministeri-

2071 3478 2173 3519 um
2222 3461 2495 3535 episcopi,
2536 3462 2598 3518 in
2650 3463 3014 3535 promotione
3060 3482 3169 3523 sua
3215 3467 3431 3524 dantur

1929 3550 2116 3609 claves
2146 3568 2161 3608 ε
2192 3549 2371 3608 simul
2408 3550 2569 3608 enim
2608 3569 2744 3609 cum
2775 3552 2992 3610 Ordine
3029 3554 3336 3611 sacerdotii
3374 3559 3433 3613 et

1928 3641 2118 3697 claves
2164 3639 2547 3713 recipiuntur.
2594 3641 2864 3713 Magistro
2911 3645 3107 3700 tamen
3154 3645 3224 3701 de
3272 3644 3427 3702 clave

1927 3730 2186 3787 scientiae
2230 3747 2333 3788 seu
2390 3729 2755 3787 discretionis
2799 3730 3047 3797 videtur,
3097 3735 3253 3805 quod
3308 3749 3426 3790 non

1928 3836 2133 3877 omnes
2182 3836 2309 3877 eam
2357 3819 2660 3893 recipiant.
2701 3820 2813 3877 Sed
2864 3820 2975 3877 hoc
3016 3822 3087 3877 ab
3132 3822 3263 3879 aliis
3309 3839 3425 3880 non

1925 3912 2158 3967 tenetur
2212 3910 2325 3965 nisi
2379 3909 2719 3975 limitatum,
2776 3909 2998 3967 scilicet
3051 3913 3126 3968 ad
3182 3911 3425 3985 dignam

1925 3999 2319 4071 receptionem
2362 4000 2624 4072 ejusdem
2675 3998 2868 4065 clavis,
2910 4016 3039 4072 quoe
3080 4001 3302 4058 seilicet
3342 4004 3429 4059 est

1926 4088 2243 4145 auctoritas
2285 4088 2673 4145 discernendi.
2702 4089 2849 4144 Nam
2894 4092 2952 4145 et
2990 4089 3092 4146 illa
3135 4094 3289 4147 stare
3331 4108 3430 4162 po-

316 4178 554 4237 scicntia
593 4180 652 4235 et
688 4180 942 4251 potestas
970 4177 1298 4251 judicandi,
1331 4194 1446 4249 qua
1485 4176 1702 4233 scilicet
1732 4192 1818 4232 ec·
1845 4180 1897 4243 D
1924 4180 2038 4234 test
2069 4178 2197 4235 sine
2236 4177 2449 4235 actuali
2490 4178 2838 4250 cognitione.
2869 4179 2981 4235 Sed
3020 4182 3077 4237 et
3108 4180 3207 4252 qui
3246 4179 3427 4237 scien·

317 4268 672 4325 clesiasticus
716 4269 902 4341 Judex
961 4266 1168 4340 dignos
1223 4266 1397 4323 habet
1438 4264 1711 4338 recipere,
1760 4268 1818 4322 et

316 4358 586 4431 indignos
623 4356 936 4414 excludere
970 4372 1005 4412 a
1041 4372 1220 4427 regno
1259 4354 1378 4420 Dei,
1410 4354 1470 4411 id
1509 4358 1596 4411 est
1622 4354 1814 4411 Eccle-

315 4447 400 4505 sia
441 4450 500 4505 et
544 4447 1053 4503 sacramentorum
1109 4444 1494 4516 perceptione.
1542 4444 1706 4500 Unde
1759 4448 1816 4501 et

316 4536 420 4593 hoc
455 4552 578 4594 non
614 4534 904 4592 haereticis
946 4534 1220 4607 praecisiS,
1251 4535 1353 4591 sed
1396 4533 1665 4591 Ecclesiae
1705 4532 1815 4590 mi-

317 4624 510 4683 nistris
537 4624 837 4697 competit.
869 4624 1128 4681 Clavium
1169 4623 1350 4698 igitur
1385 4642 1526 4681 usus
1555 4624 1818 4681 consistit

317 4715 372 4772 in
420 4716 811 4773 discernendo
857 4714 1126 4788 ligandos
1171 4717 1229 4771 et
1273 4713 1568 4779 solvendo,
1617 4717 1673 4771 et
1717 4714 1817 4769 illa

317 4808 702 4879 exsequendo,
744 4804 1024 4871 Quamvis
1071 4807 1270 4861 autem
1317 4803 1510 4878 magis
1548 4802 1816 4876 probabi·

315 4894 440 4955 liter
467 4895 628 4953 solus
655 4896 808 4952 Deus
838 4892 1054 4950 dicitur
1079 4894 1346 4949 animam
1373 4909 1410 4949 a
1433 4895 1668 4966 peccato
1697 4908 1818 4949 sus-

317 4984 504 5053 citare,
533 4988 594 5043 et
629 5000 868 5057 poenam
907 4982 1188 5049 relaxare,
1225 4986 1282 5039 et
1319 4981 1581 5038 animam
1623 4999 1659 5039 a
1696 4999 1818 5038 ma-

318 5076 442 5133 cula
485 5092 760 5150 purgare,
811 5072 950 5147 quia
1004 5072 1164 5129 solus
1209 5070 1514 5129 caritatem
1560 5070 1819 5130 infundit

319 5182 426 5237 qua
459 5165 586 5224 haec
611 5165 792 5230 flunt;
821 5166 1026 5219 tamen
1057 5164 1116 5219 et
1140 5163 1411 5219 sacerdos
1440 5161 1655 5219 dicitur
1691 5178 1818 5235 pec·

320 5256 504 5313 catum
544 5254 866 5318 dimittere,
904 5254 962 5309 et
999 5254 1362 5324 peccatorem
1409 5249 1648 5316 solvere,
1679 5251 1817 5324 quia

321 5344 438 5409 hec
465 5345 616 5405 facta
641 5344 734 5406 vel
751 5359 887 5413 ⁴non
917 5340 1070 5400 facta
1098 5340 1352 5401 ostendit
1377 5343 1436 5400 et
1459 5339 1812 5401 manifestat.

1924 4267 2068 4323 tiam
2120 4268 2353 4333 habent,
2396 4267 2615 4324 dictam
2664 4272 2860 4324 tamen
2908 4268 3279 4326 discernendi
3326 4287 3428 4328 au·

1926 4356 2252 4414 ctoritatem
2293 4373 2411 4412 non
2450 4357 2668 4413 habent
2695 4356 2807 4413 nisi
2847 4357 3120 4425 ordinati,
3152 4376 3290 4433 ergo
3319 4376 3426 4418 nec

1923 4445 2183 4502 scientiae
2220 4445 2458 4503 clavem.
2490 4446 2673 4519 Igitur
2710 4446 2898 4503 claves
2941 4446 3071 4503 illas
3108 4448 3331 4521 ligandi
3369 4452 3426 4506 et

1919 4533 2185 4591 solvendi
2226 4537 2554 4593 sacerdotes
2600 4552 2823 4600 omnes,
2865 4537 3009 4593 dum
3056 4538 3422 4605 ordinantur,

1924 4623 2222 4696 accipiunt
2235 4642 2250 4691 ;
2284 4626 2384 4681 sed
2428 4623 2534 4681 soli
2578 4625 2714 4681 boni
2754 4642 2851 4682 eas
2894 4624 3069 4699 digne
3107 4618 3427 4693 habent‚'et

1923 4712 2006 4770 eis
2044 4713 2219 4785 digne
2257 4715 2522 4771 utuntur.
2559 4715 2809 4771 Tametsi
2858 4720 3055 4774 autem
3094 4717 3279 4775 sancti
3315 4718 3426 4775 viri

1925 4818 2040 4857 non
2085 4803 2428 4868 sacerdotes,
2468 4802 2809 4861 benedicere
2850 4804 2983 4861 aliis
3023 4806 3263 4878 possint,
3306 4822 3424 4864 non

1923 4894 2120 4949 tamen
2159 4909 2229 4949 ea
2270 4893 2672 4951 benedictione
2710 4910 2841 4967 quae
2880 4898 2969 4952 est
3004 4898 3373 4954 sacerdotum
3406 4915 3421 4954 ε

1925 4998 2100 5055 quam
2138 4984 2197 5039 et
2233 4982 2499 5055 quamvis
2536 4999 2743 5041 omnes
2778 4984 3047 5051 habeant,
3077 4986 3185 5059 soli
3223 4989 3422 5045 tamen

1925 5070 2062 5127 boni
2109 5070 2323 5128 habere
2372 5070 2666 5137 dicuntur,
2707 5071 2846 5146 quia
2892 5072 2955 5128 hi
3000 5073 3107 5130 soli
3152 5077 3308 5132 recte
3354 5091 3423 5133 ea

1923 5163 2187 5217 utuntur.
2218 5160 2415 5233 Neque
2456 5164 2654 5218 tamen
2698 5161 2857 5219 mala
2892 5165 3289 5234 quorumdam
3330 5181 3422 5222 sa·

1924 5253 2228 5308 cerdotum
2255 5249 2375 5306 vita
2401 5250 2583 5307 bonos
2612 5250 2789 5319 laedit,
2823 5253 3147 5311 dummodo
3176 5253 3236 5310 in
3267 5255 3421 5312 bona

1925 5340 2187 5415 ipsorum
2218 5338 2483 5399 doctrina
2512 5340 2655 5417 ipsis
2682 5342 3097 5425 obsequantur.
3128 5345 3295 5411 Quod
3317 5361 3419 5404 au·
