4267 6250
849 473 931 538 50
1465 493 1530 540 11*
1569 493 1794 540 [mann
1835 493 1896 539 1v
1939 491 2423 540 sauramlmun.
2463 511 2545 521 —
2584 492 2737 538 msr.
2783 493 2844 555 13
2888 493 3113 550 oufflsr.
3156 493 3226 539 111

849 664 1161 728 lissimam
1191 665 1490 728 vitiorum
1523 664 1895 727 servitutem
1921 663 2071 727 totis
2099 663 2348 726 viribus
2378 662 2431 726 Α
2460 662 2599 726 nire
2651 682 2792 746 quae
2838 663 3089 726 occasio
3136 663 3514 726 exstiterunt
3564 663 3768 726 ruinae
3818 679 3834 724 t
3886 669 3961 724 ut

849 782 918 825 se
946 763 1271 844 accingat?
1301 763 1452 836 Quis
1483 762 1742 824 militari
1775 761 1995 825 officio
2025 780 2094 824 se
2129 761 2351 843 praedi-

849 869 988 924 tum
1029 863 1206 936 sciat,
1246 869 1310 924 et
1351 880 1527 924 arma
1566 861 1854 942 ignorare
1894 860 2351 942 imbellemque

849 978 918 1022 se
956 979 1117 1034 esse,
1150 959 1500 1022 infideliter
1538 977 1792 1040 quoque
1831 966 1895 1020 et
1933 959 2245 1040 ignaviter
2283 957 2349 1019 in

850 1057 1020 1120 bello
1049 1076 1235 1139 agere
1273 1076 1400 1120 non
1439 1056 1818 1119 erubescat?
1846 1057 1998 1131 Quis
2033 1063 2166 1118 tam
2198 1075 2352 1138 prae-

851 1156 1021 1218 clara
1064 1155 1371 1218 civilitate
1419 1174 1486 1218 se
1535 1156 1804 1236 gaudeat
1849 1155 2254 1228 honoratum,
2288 1161 2351 1216 et

849 1253 1164 1317 eversioni
1197 1273 1328 1316 suae
1359 1253 1657 1326 civitatis,
1693 1253 1755 1314 id
1795 1260 1892 1315 est
1929 1251 2351 1334 impugnatio-

849 1353 917 1414 ni
951 1351 1269 1424 Ecclesiae,
1303 1369 1429 1413 non
1471 1350 1838 1424 reluctetur,
1875 1351 2173 1432 legesque
2208 1350 2351 1430 ejus

849 1469 922 1513 ac
950 1451 1096 1530 jura
1124 1468 1251 1513 non
1293 1467 1408 1532 pro
1439 1449 1684 1512 viribus
1722 1452 2014 1528 tueatur?
2043 1447 2351 1512 Possibile

852 1548 1110 1630 quidem
1144 1555 1241 1610 est
1269 1548 1558 1611 omnium
1589 1547 1833 1610 auctori
1864 1546 2351 1620 bonorum,abs-

851 1665 976 1727 que
1007 1644 1374 1708 visibilibus
1406 1646 1602 1726 signis
1633 1663 1792 1727 quos
1824 1644 2097 1707 voluerit
2127 1645 2352 1707 sancti-

850 1743 1046 1806 ficare
1091 1761 1105 1805 z
1147 1744 1317 1826 quod
1366 1751 1428 1806 et
1473 1743 1810 1825 aliquoties
1853 1742 2082 1806 fecisse
2129 1743 2350 1823 digno-

2458 760 2626 823 sicut
2662 761 2855 824 homo
2892 778 3009 843 per
3047 761 3293 843 lignum
3334 768 3677 834 corruerat,
3710 761 3799 822 ita
3841 777 3962 842 per

2463 859 2707 941 lignum
2755 859 2977 922 salutis
3020 860 3375 923 remedium
3422 865 3846 942 recuperaret.
3878 893 3965 904 --

2461 958 2797 1040 Quumque
2838 959 3028 1021 homo
3064 959 3463 1022 occasionem
3508 957 3708 1020 ruinae
3745 976 3786 1020 a
3810 956 3965 1020 visi-

2464 1055 2703 1118 bilibus
2740 1057 3107 1138 sumpserit,
3140 1057 3357 1120 decuit
3384 1056 3667 1119 divinam
3708 1055 3962 1137 sapien-

2460 1153 2614 1215 tiam
2674 1153 2741 1216 in
2798 1154 3041 1216 eisdem
3100 1154 3457 1217 remedium
3514 1153 3827 1217 ordinare.
3884 1153 3967 1214 Et

2459 1251 2611 1332 quia
2654 1259 2925 1333 aegrotus
2965 1261 3099 1315 erat
3147 1272 3352 1316 caecus
3396 1259 3705 1335 quantum
3744 1252 3822 1314 ad
3864 1271 3963 1313 ra-

2459 1349 2784 1424 tionalem,
2836 1352 2980 1413 data
3035 1358 3185 1413 sunt
3232 1358 3626 1414 sacramenta
3676 1349 3965 1412 visibilia

2458 1449 2535 1511 ad
2566 1449 3029 1528 eruditionem3
3061 1449 3263 1512 elatus
3294 1450 3501 1531 quoad
3541 1447 3959 1522 irascibilem,

2459 1547 2603 1608 data
2668 1553 2819 1608 sunt
2878 1547 2938 1609 ei
3006 1555 3401 1610 sacramenta
3468 1546 3819 1629 corporalia
3878 1547 3963 1608 ad

2460 1643 3011 1722 humiliationem3
3043 1643 3377 1707 fastidiens
3406 1645 3615 1727 quoad
3654 1644 3963 1726 concupi-

2460 1741 2777 1816 scibilem,
2811 1741 2897 1804 ita
2927 1743 3095 1824 quod
3127 1742 3483 1824 spiritualia
3510 1743 3570 1805 ei
3602 1759 3729 1805 non
3758 1742 3967 1824 sapie-

849 1843 1069 1905 scitur.
1097 1842 1216 1905 Sed
1249 1842 1301 1904 si
1335 1841 1422 1904 ita
1452 1842 1515 1903 in
1547 1841 1847 1904 omnibus
1877 1841 2136 1916 faceret,
2158 1857 2349 1903 nemo
2383 1837 2433 1901 B
2465 1839 2636 1913 bant,
2669 1841 2812 1903 data
2840 1848 2991 1902 sunt
3018 1841 3077 1904 ei
3118 1849 3511 1904 sacramenta
3538 1841 3617 1903 ad
3654 1841 3965 1904 exercita-

850 1942 930 2004 de
972 1941 1236 2004 alterius
1279 1939 1786 2003 sanctificatione
1828 1938 2072 2022 aliquid
2106 1940 2346 2001 sciret:

850 2039 1392 2120 quemadmodum
1441 2055 1591 2118 ergo
1638 2039 1690 2100 si
1735 2054 1956 2101 omnes
2002 2037 2083 2099 ab
2123 2037 2347 2100 eodem

850 2144 1064 2198 essent
1092 2136 1406 2218 progeniti
1439 2142 1638 2217 patre,
1671 2143 1735 2198 et
1767 2136 2130 2217 ignorarent
2158 2153 2225 2197 se
2259 2153 2353 2197 es—

849 2253 919 2297 se
961 2233 1210 2306 fratres,
1244 2233 1483 2316 periret
1522 2234 1688 2295 inter
1728 2234 1899 2316 ipsos
1939 2232 2351 2295 fraternitatis

849 2351 1029 2396 amor
1059 2331 1545 2407 fortissimuS,et
1573 2332 1879 2394 naturalis
1911 2332 2192 2404 societaS,
2211 2350 2353 2413 quae

848 2431 1111 2493 vinculo
1159 2430 1572 2494 fraternitatis
1624 2429 2002 2511 constringit
2051 2428 2351 2491 naturali—

849 2537 948 2592 ter
993 2547 1255 2608 omnes;
1289 2529 1380 2592 sic
1420 2536 1485 2592 et
1534 2529 1601 2591 in
1651 2527 2067 2591 sanctificatis
2115 2527 2354 2610 periret

851 2628 1284 2691 validissimus
1322 2629 1538 2709 gratias
1567 2646 1767 2701 amor,
1801 2645 1929 2709 quo
1957 2627 2130 2708 viget
2167 2634 2230 2688 et
2259 2627 2352 2689 vi-

851 2726 945 2788 vit
999 2725 1350 2808 spiritualis
1409 2725 1696 2788 societas,
1747 2725 1890 2788 Haec
1944 2724 2349 2798 GuillelmuS,

587 2847 824 2904 (31.1».αο
852 2824 963 2906 qui
992 2823 1136 2887 aliis
1167 2823 1638 2906 multiplicibus
1665 2822 2351 2897 rationibuS,similitu-

557 2915 604 2955 et
615 2923 654 2955 ι.

853 2923 1114 2986 dinibus
1144 2930 1208 2986 et
1237 2923 1548 3005 exemplis
1579 2922 1877 2996 declarat,
1912 2940 2102 3004 quam
2135 2941 2352 2985 neces-

2461 1939 2725 2013 tionem,
2778 1958 2859 2002 ne
2903 1947 3243 2020 generetur
3290 1939 3348 2001 ei
3396 1940 3654 2002 taedium
3711 1939 3778 2002 in
3826 1939 3965 2002 sola

2462 2039 2655 2100 unius
2694 2039 3074 2100 sacramenti
3114 2039 3545 2121 perceptione,
3578 2045 3688 2101 aut
3724 2039 3793 2100 in
3826 2038 3965 2102 sola

2462 2135 2895 2217 spiritualium
2946 2136 3499 2218 contemplatione.
3544 2137 3704 2199 Hinc
3749 2138 3967 2218 Augu-

2463 2234 2668 2296 stinus
2699 2241 2917 2298 contra
2946 2235 3247 2296 Faustum
3278 2235 3600 2308 disseruit,
3624 2235 3795 2317 quod
3826 2252 3965 2297 om-

2464 2333 2565 2394 nis
2626 2331 2849 2413 religio
2909 2331 3133 2395 habuit
3194 2351 3449 2415 semper
3504 2332 3719 2415 aliqua
3778 2331 3966 2413 signa

2463 2432 2775 2494 exteriora
2814 2430 2881 2492 in
2912 2430 3148 2513 quibus
3186 2429 3329 2511 ejus
3366 2431 3643 2494 cultores
3672 2447 3964 2501 commu-

2463 2528 2780 2590 nicabant.
2800 2563 2882 2572 —-—
2902 2529 2976 2590 Et
3004 2529 3057 2590 si
3088 2528 3447 2610 objiciatur,
3460 2529 3629 2611 quod
3658 2529 3809 2592 solae
3839 2527 3967 2591 vir-

2463 2632 2630 2688 tutes
2660 2626 3020 2700 sufficiunt,
3053 2634 3116 2689 et
3147 2627 3651 2712 reprehensibile
3687 2633 3787 2690 est
3813 2625 3965 2688 fieri

2466 2743 2580 2807 per
2622 2724 2808 2807 plura
2848 2726 3017 2808 quod
3065 2725 3209 2788 fieri
3255 2727 3422 2789 valet
3463 2745 3579 2808 per
3620 2726 3963 2808 pauciora3

2464 2824 3001 2906 respondendum,
3026 2826 3193 2907 quod
3224 2825 3492 2888 virtutes
3522 2831 3835 2906 quantum
3866 2832 3968 2887 est

2464 2940 2543 2984 ex
2589 2929 2768 3004 parte
2816 2923 3099 3003 ipsarum
3150 2923 3510 2998 sufficiunt,
3562 2931 3626 2986 et
3676 2924 3742 2986 in
3792 2930 3966 2986 statu

853 3039 921 3084 se
961 3020 1084 3082 fuit
1123 3028 1186 3082 et
1226 3019 1381 3082 utile
1421 3019 1557 3083 haec
1595 3019 1926 3082 sensibilia
1959 3027 2353 3082 sacramenta
2384 3022 2427 3086 C
2466 3019 2845 3084 innocentiae
2887 3021 3026 3084 sine
3072 3023 3485 3085 sacramentis
3526 3020 3960 3085 suffecissent.

855 3119 921 3182 in
953 3119 1237 3183 Ecclesia
1265 3137 1426 3194 esse,
1459 3127 1521 3181 et
1563 3137 1676 3201 per
1706 3136 1780 3181 ea
1809 3117 2034 3181 fideles
2072 3117 2353 3181 invicem

856 3218 1355 3293 communicare,
1388 3225 1451 3281 et
1493 3217 1576 3280 ab
1619 3216 1992 3281 infidelibus
2036 3217 2234 3280 dividi
2278 3236 2353 3280 ac

855 3318 1123 3381 secerni.

936 3417 1242 3480 Praeterea
1289 3406 1730 3479 Bonaventura
1781 3433 1794 3477 :
1847 3414 2167 3477 Institutio
2212 3414 2358 3496 (ait)

857 3522 1399 3577 sacramentorum
1431 3514 1646 3577 decuit
1672 3514 1898 3588 Deum,
1930 3521 1993 3576 et
2017 3512 2204 3577 nobis
2235 3513 2359 3576 fuit

859 3612 1225 3695 expediens.
1261 3611 1486 3675 Decuit
1514 3611 1756 3695 quippe
1783 3612 1895 3675 Dei
1931 3612 2358 3675 misericordi·

857 3730 985 3786 am,
1016 3717 1081 3775 et
1105 3710 1442 3792 justitiam,
1476 3718 1539 3773 et
1568 3711 1947 3793 sapientiam
1976 3728 1991 3775 ε
2026 3711 2090 3773 in
2119 3710 2358 3794 quibus

858 3809 1066 3873 tribus
1112 3810 1461 3873 attenditur
1501 3810 1711 3873 omnis
1754 3812 1861 3873 via
1912 3829 2025 3873 seu
2074 3810 2359 3893 operatio

859 3908 992 3972 Dei.
1041 3908 1265 3971 Decuit
1311 3907 1572 3989 quidem
1625 3908 2130 3971 misericordiam
2179 3907 2291 3971 Dei
2340 3923 2355 3969 :

859 4006 1163 4089 quoniam
1213 4007 1405 4069 homo
1446 4006 1712 4087 gratiam
1766 4005 1930 4069 male
1979 4006 2255 4069 servavit
2298 4012 2362 4068 et

861 4106 1226 4178 custodivit,
1242 4105 1480 4168 idcirco
1509 4105 1676 4167 Deus
1707 4104 1982 4168 instituit
2009 4124 2363 4169 sacramen—

861 4208 946 4276 ta,
997 4201 1076 4264 ad
1123 4221 1265 4284 quae
1323 4202 1514 4265 homo
1565 4220 1900 4264 recurrens
1958 4208 2363 4284 recuperaret
2393 4204 2441 4266 D

862 4300 1130 4382 gratiam
1165 4318 1180 4361 ε
1215 4300 1435 4382 sicque
1477 4317 1718 4381 magnae
1757 4300 2211 4364 misericordiae
2240 4300 2364 4362 fuit

864 4397 998 4461 haec
1038 4398 1391 4472 instituere,
1425 4398 1576 4479 quia
1619 4416 1746 4460 non
1785 4397 1993 4461 solum
2033 4398 2249 4462 valent
2284 4399 2362 4461 ad

866 4495 1308 4559 remissionem
1342 4495 1568 4577 culpae,
1603 4497 1713 4559 sed
1743 4495 1936 4558 etiam
1974 4496 2205 4560 debitae
2236 4514 2365 4578 poe-

863 4614 976 4657 nae.
994 4594 1216 4657 Decuit
1245 4611 1500 4676 quoque
1526 4593 1840 4674 justitiam
1874 4593 2128 4677 Dei,qui
2162 4614 2361 4678 quum

862 4692 1074 4773 justus
1105 4691 1208 4767 sit,
1228 4691 1426 4773 exigit
1453 4691 1535 4755 ab
1564 4691 1824 4755 homine
1855 4691 2363 4757 habilitationem

864 4791 1506 4873 humiliationemque
1554 4790 1860 4872 aliquam,
1893 4810 2008 4873 per
2054 4810 2248 4873 quam
2296 4811 2364 4855 se

865 4890 1058 4953 bomo
1095 4890 1390 4971 disponat
1429 4888 1508 4951 ad
1545 4888 1834 4970 gratiam,
1869 4897 1933 4951 et
1969 4899 2365 4954 sacramenta

865 4988 1274 5071 suscipiendo
1310 4988 1492 5071 quasi
1523 5007 1600 5052 ex
1640 4997 1825 5071 pacto
1865 4990 2151 5053 inveniat
2183 5009 2362 5071 eam3

865 5096 929 5151 et
958 5089 1078 5152 hoc
1109 5088 1207 5163 fit,
1241 5090 1396 5151 dum
1425 5089 1505 5150 ad
1534 5096 1932 5151 sacramenta
1959 5090 2224 5153 accedit.
2258 5090 2365 5153 De-

865 5195 968 5249 cet
1013 5195 1076 5249 et
1123 5187 1503 5269 sapientiam
1551 5206 1891 5249 summam.
1947 5188 2227 5253 Summae
2275 5197 2365 5252 et-

867 5285 1042 5348 enim
1071 5286 1398 5367 sapientiae
1427 5284 1644 5361 fuit,in
1675 5286 1776 5348 his
1805 5288 2162 5350 remedium
2194 5287 2367 5351 inve·

2466 3118 2587 3182 Sed
2630 3119 2876 3183 homini
2917 3119 3249 3184 vulnerato
3290 3140 3364 3184 ac
3411 3120 3711 3203 languido
3759 3121 3967 3184 multa

2467 3218 2825 3281 necessaria
2870 3226 3051 3282 erant
3098 3239 3213 3302 per
3259 3240 3403 3303 quae
3448 3218 3719 3283 virtutes
3746 3220 3966 3302 acqui·

2464 3323 2655 3391 reret,
2674 3317 2953 3399 perditas
2983 3325 3409 3400 recuperaret,
3427 3325 3963 3400 recuperatasque

2468 3423 2889 3479 conservaret.
2926 3416 3100 3489 Quod
3138 3424 3351 3480 autem
3390 3436 3569 3499 aeque
3606 3399 3779 3480 bene'
3812 3416 3963 3479 fieri

2469 3520 2678 3596 potest
2727 3533 2842 3596 per
2891 3516 3211 3597 pauciora,
3264 3534 3391 3579 non
3444 3522 3542 3578 est
3593 3514 3965 3579 faciendum

2469 3631 2585 3694 per
2627 3614 2827 3695 plura.
2874 3614 3018 3679 Haec
3062 3614 3520 3678 Bonaventura.

2892 3887 3366 3962 QUAESTIO
3432 3887 3557 3952 111

2600 4103 2771 4167 Ertio
2788 4105 3109 4186 quaeritur,
3123 4108 3253 4171 An
3274 4108 3774 4174 sacramenta
3797 4121 3975 4175 oon·

2626 4206 2918 4271 sistant
2956 4206 3043 4270 111
3084 4204 3356 4271 verbis
3395 4207 3480 4272 et
3521 4205 3783 4273 rebus

2549 4303 2813 4367 Videtur
2859 4304 3029 4385 quod
3072 4321 3219 4366 non.
3254 4304 3484 4379 Primo,
3523 4305 3822 4386 quoniam
3872 4324 3975 4368 sa-

2471 4409 2868 4465 cramentum
2918 4410 3016 4465 est
3060 4402 3348 4484 signum;
3394 4404 3564 4466 idem
3608 4410 3823 4466 autem
3866 4413 3974 4468 est

2471 4500 2705 4574 dicere,
2742 4501 2997 4581 signum
3046 4508 3108 4562 et
3159 4520 3359 4563 unum
3394 4501 3647 4582 signum
3682 4518 3698 4564 ε
3730 4502 3842 4565 sed
3886 4521 3975 4566 ex

2471 4597 2686 4660 verbis
2728 4605 2793 4661 et
2840 4598 3031 4661 rebus
3072 4616 3198 4663 non
3243 4598 3507 4661 resultat
3553 4617 3671 4662 nec
3718 4608 3975 4663 constat

2475 4716 2674 4758 unum
2724 4697 3001 4778 signum,
3042 4698 3153 4761 sed
3204 4698 3331 4760 duo
3378 4697 3578 4779 signa,
3609 4698 3712 4761 vel
3761 4718 3973 4764 unum

2472 4795 2727 4875 signum
2758 4802 2824 4858 et
2854 4796 3178 4859 materiale
3208 4796 3402 4859 illius.
3426 4797 3838 4872 —Secund0,
3872 4818 3979 4861 sa-

2473 4899 2872 4955 cramentum
2914 4902 3012 4956 est
3057 4894 3299 4976 aliquid
3346 4912 3587 4975 unum3
3618 4913 3697 4957 ex
3746 4913 3815 4957 re
3858 4915 3978 4960 au-

2472 5000 2601 5055 tem
2634 5000 2697 5054 et
2729 4992 2924 5056 verbo
2953 5010 3081 5056 non
3112 5000 3359 5056 constat
3386 4993 3542 5075 quid
3572 5012 3772 5056 unum
3796 5012 3813 5056 τ
3837 4995 3980 5060 imo

2472 5098 2819 5174 utrumque
2850 5092 3107 5155 illorum
3138 5098 3235 5155 est
3264 5110 3378 5155 ens
3416 5100 3585 5167 actu,
3618 5100 3682 5154 et
3710 5111 3787 5155 ex
3818 5094 3981 5159 duo-

2472 5189 2593 5253 bus
2636 5190 2893 5253 entibus
2935 5190 3002 5254 in
3042 5197 3186 5253 actu
3228 5208 3357 5254 non
3402 5190 3478 5253 fit
3518 5210 3739 5254 unum.

2555 5288 2625 5350 In
2654 5289 3020 5371 oppositum
3053 5290 3459 5353 auctoritates
3490 5296 3641 5352 sunt
3670 5289 3736 5352 in
3764 5298 3971 5357 textu.
