4267 6250
551 528 774 583 ouaesr.
817 530 886 576 ιιι
929 529 944 574 :
985 530 1189 578 mauu
1227 529 1454 577 conrns
1497 528 1734 576 emus-ri
1773 529 1870 576 srr
1907 529 2106 575 τοτιιιι
2148 529 2211 575 m
2252 529 2547 586 Quanam·
2586 530 2920 578 naricum
2961 530 3196 578 nesi-m
3302 511 3424 577 259

343 697 410 759 ad
438 717 619 761 suum
659 699 1044 782 subjectum.
1079 699 1216 764 Non
1257 707 1352 763 est
1390 716 1540 783 ergo
1580 699 1644 763 in
1682 719 1821 782 spe·
1847 698 1900 764 A
1927 699 2149 783 sicque
2179 709 2346 764 esset
2376 700 2685 764 infinities
2723 701 2843 765 sub
2872 701 3163 784 ejusdem
3200 699 3422 766 hostiae

344 795 429 858 cie
455 802 522 859 ut
549 797 614 859 in
645 797 807 873 loco,
841 798 973 861 imo
1000 804 1097 862 est
1127 797 1216 860 ibi
1247 798 1436 862 modo
1463 797 1646 880 quasi
1675 815 1820 861 con-
1925 798 2283 881 speciebus,

343 895 517 957 trario
565 896 624 958 ei
675 914 802 978 quo
853 896 1132 960 locatum
1179 903 1278 959 est
1325 897 1390 958 in
1439 896 1578 960 loco
1617 913 1631 958 :
1667 895 1820 978 quia
2004 896 2317 970 Quaeritur
2346 915 2623 980 quoque,
2655 901 2785 965 An
2814 900 2918 966 ad
2948 899 3260 965 motum
3289 897 3421 966 ho-

341 991 676 1056 substantia
704 994 923 1068 locata,
938 1002 1037 1057 est
1065 995 1130 1057 in
1165 994 1304 1058 loco
1333 993 1654 1058 mediante
1684 1012 1818 1076 pro-
1924 995 2101 1062 stiae
2144 1011 2284 1063 seu
2328 998 2651 1078 pyndts
2689 999 3129 1065 moveatur.

341 1090 464 1170 pria
489 1092 862 1172 quantitate,
896 1111 1038 1175 quae
1067 1093 1278 1176 primo
1305 1100 1710 1174 comparatur
1735 1092 1815 1153 ad
2003 1093 2268 1157 Videtur
2323 1094 2494 1178 quod
2552 1113 2701 1170 non,
2758 1095 3061 1179 quoniam
3118 1113 3417 1177 sequere-

341 1187 573 1268 locum3
621 1191 944 1272 quantitas
993 1209 1146 1255 vero
1195 1191 1500 1273 corporiS,
1551 1197 1648 1254 est
1693 1188 1813 1252 sub
1925 1199 2027 1254 tur
2055 1192 2227 1273 quod
2260 1192 2454 1254 simul
2492 1200 2557 1255 et
2592 1193 2791 1256 semel
2832 1201 3195 1256 moveretur
3228 1201 3422 1276 atque

339 1286 532 1366 specie
573 1287 894 1350 mediante
933 1287 1304 1352 substantia.
1923 1289 2301 1371 quiesceret,
2336 1291 2467 1354 imo
2504 1291 2838 1355 contrariis
2880 1291 3161 1355 motibus
3206 1308 3420 1354 move-

407 1385 587 1448 Porro
615 1387 667 1448 si
697 1405 970 1469 quaeras,
1001 1406 1082 1450 an
1122 1388 1324 1470 possit
1351 1385 1542 1449 simul
1577 1404 1716 1448 esse
1747 1385 1812 1448 in
1921 1396 2115 1449 retur.

337 1481 612 1564 pluribus
641 1484 800 1548 locis
828 1503 944 1549 seu
979 1485 1239 1565 hostiis;
1272 1484 1810 1567 respondendum,
2001 1485 2379 1567 Oppositum
2410 1494 2622 1550 tamen
2656 1487 2976 1570 probatur,
2992 1487 3295 1570 quoniam
3322 1507 3426 1550 an·

337 1581 470 1662 quia
497 1589 566 1644 ut
592 1583 681 1645 ait
708 1585 1116 1647 Innocentius
1146 1585 1246 1658 ΠΙ,
1278 1584 1446 1647 sicut
1475 1583 1671 1646 Filius
1699 1583 1810 1645 Dei
1920 1584 2100 1665 gelus
2131 1592 2424 1648 movetur
2453 1605 2570 1668 per
2606 1585 2901 1656 accidens
2932 1587 2998 1648 in
3038 1603 3301 1669 corpore
3330 1605 3425 1648 as-

337 1697 438 1760 per
463 1689 749 1744 naturam
781 1682 1066 1746 divinam
1095 1681 1287 1746 habet
1324 1682 1646 1764 triplicem
1681 1699 1811 1744 mo-
1923 1689 2202 1764 sumpto,
2252 1682 2466 1745 anima
2522 1701 2773 1766 quoque
2825 1684 2891 1746 in
2948 1700 3214 1766 corpore
3270 1703 3307 1746 a
3354 1703 3423 1747 se

336 1777 472 1841 dum
517 1780 864 1843 exsistendi
907 1781 974 1842 in
1024 1780 1214 1843 rebus
1256 1783 1380 1862 (εει
1423 1798 1700 1862 namque
1746 1779 1810 1841 in
1926 1779 2302 1860 informat03
2336 1801 2534 1863 quum
2564 1790 2779 1844 tamen
2818 1781 3081 1864 angelus
3109 1790 3175 1844 et
3210 1781 3425 1844 anima

337 1877 612 1941 omnibus
643 1897 760 1961 per
795 1879 1162 1954 essentiam,
1197 1880 1262 1941 in
1298 1878 1489 1960 justis
1525 1897 1642 1962 per
1677 1897 1811 1960 gra·
1850 1874 1897 1937 B
1925 1878 2056 1940 sint
2088 1878 2311 1943 formae
2350 1879 2799 1964 incorporales,
2835 1881 2999 1962 Ergo
3036 1881 3239 1944 multo
3276 1880 3423 1963 plus

335 1975 488 2052 tiam,
507 1977 570 2040 in
601 1985 826 2041 natura
852 1986 1178 2061 assumpta
1210 1998 1323 2061 per
1351 1977 1810 2062 hypostaticam
1927 1994 2159 2060 corpus
2203 1978 2436 2042 Christi
2486 1979 2553 2041 in
2602 1988 3015 2043 sacramento.
3049 2014 3132 2024 —
3159 1980 3417 2055 lterum,

337 2075 668 2156 unionem),
703 2078 790 2140 ita
819 2095 1052 2160 corpus
1091 2077 1232 2159 ejus
1271 2076 1462 2140 habet
1491 2077 1808 2161 triplicem
1924 2077 2351 2140 communiter
2380 2077 2635 2152 dicitur,
2656 2078 2826 2160 quod
2857 2085 3144 2161 portatur
3172 2077 3251 2140 de
3282 2078 3423 2141 loco

338 2174 576 2237 modum
613 2175 888 2239 essendi.
926 2176 1037 2238 Est
1072 2177 1245 2239 enim
1289 2176 1356 2238 in
1401 2176 1562 2240 coelo
1601 2176 1812 2240 locali·
1922 2175 2001 2236 ad
2034 2174 2350 2249 locum,et
2377 2177 2610 2239 desinit
2639 2195 2779 2238 esse
2809 2176 2875 2238 in
2905 2176 3043 2239 loco
3074 2176 3215 2252 isto,
3230 2195 3303 2238 ac
3334 2175 3422 2239 in-

335 2279 438 2344 ter,
469 2274 532 2335 in
565 2273 773 2338 Verbo
811 2275 1249 2357 personaliter,
1284 2275 1348 2338 in
1387 2275 1566 2338 altari
1608 2295 1810 2338 sacra·
1923 2272 2081 2355 cipit
2109 2272 2265 2336 alibi
2293 2293 2431 2337 esse
2463 2275 2528 2336 in
2560 2274 2685 2337 alio
2714 2293 2829 2357 per
2859 2282 3103 2338 motum
3132 2274 3419 2338 localem.

337 2374 694 2436 mentaliter.
754 2374 946 2438 Porro
1006 2375 1360 2438 secundum
1423 2393 1561 2438 esse
1619 2395 1808 2439 suum

337 2471 598 2533 naturale
628 2471 694 2533 in
726 2472 912 2546 coelo‚
945 2480 1044 2535 εει
1080 2479 1328 2536 tantum
1364 2472 1430 2535 in
1469 2491 1599 2536 uno
1628 2473 1807 2553 loco;

335 2568 664 2631 secundum
694 2587 838 2632 esse
867 2570 1222 2654 personale,
1255 2589 1382 2634 non
1413 2579 1510 2634 εει
1540 2571 1604 2633 in
1636 2570 1806 2652 loco;

333 2667 664 2730 secundum
695 2687 840 2732 esse
868 2669 1344 2744 sacramentale,
1379 2677 1475 2732 εει
1514 2668 1580 2731 in
1613 2668 1809 2751 pluri-

335 2761 439 2826 bus
468 2763 638 2828 locis.
673 2767 754 2828 Et
783 2766 904 2830 hoc
943 2768 1244 2830 convenit
1272 2767 1331 2830 ei
1366 2785 1485 2830 nec
1515 2767 1582 2830 in
1611 2787 1810 2850 quan-

333 2867 454 2925 tum
481 2862 1067 2944 glorificatum‚nec
1097 2866 1164 2928 in
1192 2873 1504 2948 quantum
1535 2866 1807 2940 unitum,

335 2961 430 3023 sed
457 2963 598 3044 quia
624 2971 720 3026 est
745 2964 1054 3028 terminus
1085 2965 1508 3028 conversionis
1538 2964 1813 3047 plurium

2002 2470 2096 2532 Ad
2158 2471 2293 2535 haec
2357 2471 2698 2554 respondet
2755 2471 3293 2535 Antisiodorensis
3353 2472 3419 2534 in

1924 2568 2207 2643 Summa,
2240 2568 2404 2633 libro
2441 2578 2667 2652 quarto
2702 2589 2716 2634 :
2749 2571 2819 2632 In
2858 2570 2979 2634 hoc
3024 2577 3422 2634 sacramento

1923 2666 2215 2748 quaedam
2263 2675 2412 2730 sunt
2458 2669 2809 2731 secundum
2864 2676 3203 2749 naturam3
3252 2687 3423 2751 quae-

1923 2765 2070 2828 dam
2109 2785 2303 2848 supra
2340 2773 2654 2840 naturam,
2688 2766 2799 2829 sed
2837 2784 2965 2830 non
3006 2785 3201 2849 supra
3238 2767 3422 2830 intel-

1925 2863 2198 2943 lectum3
2244 2864 2532 2946 quaedam
2580 2871 2730 2927 sunt
2776 2884 2970 2948 supra
3018 2873 3309 2928 naturam
3360 2873 3425 2928 et

1924 2961 2341 3026 intellectum.
2378 2963 2741 3026 Secundum
2791 2971 3081 3027 naturam
3132 2971 3282 3027 sunt
3326 2984 3425 3027 ac·

335 3058 808 3126 substantiarum
844 3063 907 3127 in
951 3063 1161 3146 ipsum
1193 3062 1258 3125 in
1302 3063 1596 3145 pluribus
1630 3063 1804 3128 locis.
1847 3059 1892 3127 C
1924 3061 2201 3123 cidentia
2240 3061 2305 3123 in
2347 3061 2485 3125 loco
2521 3061 2963 3137 determinato,
2996 3069 3065 3125 ut
3104 3062 3298 3139 color,
3331 3081 3425 3126 sa·

335 3192 404 3203 -
431 3159 570 3224 Haec
613 3162 850 3224 Petrus.
896 3162 1246 3225 Concordat
1289 3162 1659 3236 Richardus,
1697 3162 1809 3245 qui
1924 3178 2060 3243 por,
2103 3160 2457 3224 rotunditas
2491 3178 2505 3223 ε
2538 3180 2682 3244 quae
2730 3170 2880 3224 sunt
2927 3162 3017 3225 ibi
3068 3163 3421 3226 secundum

336 3263 392 3317 et
433 3258 640 3339 plures
683 3260 1068 3342 quaestiones
1114 3259 1222 3322 hic
1269 3259 1635 3336 introducit,
1667 3281 1810 3344 quae
1925 3267 2238 3333 naturam,
2271 3257 2424 3341 quia
2452 3259 2806 3322 seeundum
2839 3268 3130 3323 naturam
3170 3261 3425 3343 specifi-

337 3356 584 3420 curiosae
622 3358 923 3421 videntur
964 3357 1164 3440 magis
1208 3377 1400 3441 quam
1445 3358 1804 3423 fructuosae.
1924 3377 2062 3420 cam
2097 3357 2188 3420 ibi
2228 3363 2393 3420 sunt.
2430 3357 2551 3420 Sed
2582 3357 2703 3420 hoc
2740 3376 2935 3439 supra
2972 3366 3263 3421 naturam
3302 3367 3421 3435 est,

335 3453 404 3513 At
439 3472 588 3517 vero
625 3456 958 3538 responsio
1003 3456 1460 3521 Bonaventurae
1509 3457 1574 3519 in
1622 3457 1810 3520 dictis
1926 3456 2094 3537 quod
2125 3456 2263 3518 sine
2294 3454 2584 3535 subjecto
2623 3454 3015 3534 consistunt3
3048 3473 3177 3519 non
3208 3463 3423 3519 tamen

338 3550 484 3614 Petri
529 3555 906 3617 continetur.
1922 3554 2044 3617 hoc
2081 3560 2180 3616 est
2206 3571 2400 3635 supra
2439 3551 2861 3626 intellectum,
2893 3554 3197 3635 quoniam
3240 3554 3424 3618 intel-

1924 3652 2124 3715 lectus
2156 3651 2319 3714 bene
2349 3650 2630 3732 concipit
2657 3650 3015 3713 accidentia
3042 3670 3159 3734 per
3185 3651 3425 3715 abstra-

1924 3751 2202 3814 ctionem
2252 3750 2391 3812 sine
2438 3748 2747 3829 subjecto,
2790 3748 3126 3832 Quumque
3177 3750 3424 3814 intelle-

1924 3857 2062 3911 ctus
2122 3847 2480 3929 intelligere
2528 3852 2719 3928 queat
2774 3845 3129 3909 accidentia
3180 3845 3423 3930 absque

1923 3948 2235 4029 subjecto,
2294 3947 2460 4008 Deus
2518 3952 2728 4029 potest
2783 3944 2992 4008 iacere
3050 3964 3124 4008 ea
3177 3945 3421 4030 absque

1920 4046 2212 4127 subjecto
2250 4062 2387 4107 esse
2422 4060 2437 4106 :
2470 4043 2773 4126 quoniam
2819 4044 2985 4107 Deus
3022 4051 3229 4128 potest
3275 4045 3419 4127 plus

445 4142 715 4208 Raeterea
773 4143 1102 4227 quaeritur,
1163 4145 1455 4213 ‘Utrum
1522 4160 1810 4229 eorpus
1922 4143 2152 4218 iacere,
2185 4161 2377 4225 quam
2420 4141 2783 4205 intellectus
2821 4160 2935 4204 seu
2975 4142 3136 4206 ratio
3165 4161 3411 4225 capere.

469 4243 771 4310 Christi
827 4242 939 4310 sit
987 4246 1252 4311 totum
1310 4246 1396 4311 in
1451 4245 1811 4327 qualibet
1837 4244 1889 4308 D
1921 4243 2155 4305 Verum
2198 4258 2391 4323 supra
2427 4247 2719 4303 naturam
2759 4248 2825 4303 et
2862 4240 3256 4304 intellectum
3296 4249 3414 4318 est,

335 4342 710 4419 particula
751 4341 1057 4410 hostiae.
1919 4339 2090 4422 quod
2140 4338 2427 4403 Christus
2471 4347 2566 4402 est
2616 4339 2681 4401 in
2729 4346 2903 4401 tanta
2948 4339 3300 4422 quantitate
3350 4340 3415 4404 in

403 4438 656 4502 Videtur
697 4439 870 4522 quod
912 4457 1062 4515 non,
1095 4441 1397 4523 quoniam
1439 4450 1813 4525 sequeretur
1919 4438 2126 4501 hostia
2174 4438 2341 4500 sicut
2389 4438 2454 4500 in
2504 4438 2687 4512 coelo,
2737 4456 2857 4501 nec
2904 4446 3119 4502 tamen
3168 4440 3419 4503 excedit

1921 4536 2228 4600 terminos
2271 4535 2446 4599 illius
2488 4544 2617 4599 tam
2662 4537 2928 4601 modicae
2976 4536 3218 4602 formai.
3255 4538 3419 4601 Dici-

1923 4657 2065 4701 mus
2105 4653 2276 4717 ergo,
2309 4635 2480 4718 quod
2519 4635 2639 4698 sub
2680 4636 2857 4699 totali
2900 4635 3009 4699 illa
3046 4636 3269 4700 hostiae
3297 4637 3422 4701 for·

1923 4756 2026 4799 ma
2065 4736 2151 4798 ita
2190 4741 2288 4797 est
2326 4733 2612 4797 Christus
2650 4741 2841 4808 totuS,
2874 4735 3044 4816 quod
3084 4734 3205 4797 sub
3245 4736 3423 4798 nulla

1922 4834 2062 4916 ejus
2092 4840 2270 4916 parte
2302 4831 2384 4895 sit
2412 4838 2600 4894 totus.
2636 4832 2757 4895 Sed
2787 4833 2939 4894 dum
2973 4831 3287 4914 frangitur
3317 4833 3425 4897 ho·

1923 4934 2062 5007 stia,
2095 4931 2217 4995 sub
2265 4930 2554 5013 qualibet
2593 4936 2771 5012 parte
2811 4930 3147 4993 divisionis
3190 4937 3290 4992 est
3332 4930 3425 4992 in-

732 3868 1208 3944 QUAESTIO
1274 3872 1400 3936 III

335 4538 482 4616 quod
531 4537 926 4621 ubicumque
975 4547 1145 4602 esset
1189 4558 1392 4602 unum
1445 4539 1809 4603 membrum

334 4636 596 4719 corporis
631 4636 798 4718 ejuS,
832 4644 1046 4699 essent
1081 4638 1296 4700 omnia
1335 4637 1625 4701 membra
1664 4638 1812 4722 ipsi—

334 4750 430 4797 us:
451 4753 526 4797 ex
557 4753 686 4817 quo
719 4735 920 4797 multa
949 4736 1320 4799 viderentur
1349 4738 1530 4819 sequi
1571 4736 1806 4820 inepta,

335 4838 394 4892 ut
426 4834 594 4915 quod
633 4833 900 4897 haberet
937 4835 1167 4916 pedem
1208 4842 1273 4897 et
1307 4853 1449 4899 ossa
1493 4835 1556 4897 in
1600 4836 1808 4911 oculo,

333 4937 388 4990 et
425 4932 784 4995 consimilia
833 4932 1054 4995 multa.
1107 4933 1236 4996 Nec
1284 4933 1610 4997 videretur
1657 4935 1812 4998 ordo

333 5036 501 5111 atque
529 5030 858 5114 proportio
887 5030 1054 5094 inter
1093 5031 1381 5095 membra
1416 5032 1806 5113 hujusmodi.
1925 5040 2098 5114 teger
2140 5030 2445 5094 ChristuS.
2481 5029 2557 5090 Et
2594 5028 2715 5091 hoc
2754 5045 2884 5090 non
2924 5034 3021 5091 est
3058 5035 3308 5090 tantum
3344 5047 3423 5091 ex

333 5162 400 5173 -
424 5130 598 5205 ltem,
633 5148 835 5213 quum
879 5146 1072 5193 omne
1119 5130 1495 5194 continuum
1537 5131 1620 5194 sit
1658 5132 1814 5195 divi-

335 5226 502 5292 sibile
530 5228 598 5291 in
635 5227 992 5304 infinitum,
1026 5236 1400 5312 sequeretur
1433 5230 1602 5312 quod
1643 5237 1813 5295 totus

336 5323 599 5391 Christus
628 5336 800 5392 esset
827 5327 895 5390 in
927 5327 1204 5392 infinitis
1233 5327 1524 5411 partibus
1553 5328 1808 5394 hostiae:

1923 5129 2419 5203 consecratione,
2452 5126 2563 5190 sed
2594 5145 2671 5190 ex
2702 5126 3177 5190 consecratione
3208 5134 3273 5188 et
3300 5126 3424 5189 sra-

1924 5230 2151 5292 ctione.
2188 5227 2563 5291 consecrata
2590 5225 2762 5288 enim
2794 5224 2820 5287 l'
2822 5224 2918 5287 uit
2944 5224 3249 5308 quaelibet
3277 5244 3422 5308 pars

1925 5329 1991 5392 in
2030 5336 2162 5392 ιοιο
2200 5346 2335 5391 ειιο.
2372 5326 2606 5410 Estque
2649 5325 2983 5390 consimile
3026 5326 3093 5388 in
3134 5324 3415 5410 speculo.
