4267 6250
761 499 966 548 mm!
1004 499 1230 548 CORPUS
1271 498 1510 548 CHRISTI
1552 499 1646 548 st‘r
1684 497 1882 546 Towu
1923 497 1988 546 m
2028 497 2325 556 Quanam·
2366 497 2702 547 pannem
2741 499 2975 548 HOSTIAE

324 667 674 733 substantia
701 671 988 754 corporis
1019 669 1249 734 Christi
1280 678 1378 734 est
1411 689 1490 733 ex
1519 670 1582 734 vi
1611 688 1815 734 sacra·
1845 668 1898 734 A
2002 668 2165 733 Hinc
2220 669 2447 733 scribit
2489 670 2773 752 AEgidius
2823 688 2837 733 :
2889 671 3189 746 Quamvis
3234 671 3418 735 valde
3471 685 3676 732 ιιιοοω.

324 769 540 844 menti,
592 770 914 852 quantitas
960 776 1172 832 autem
1221 769 1577 833 dimensiva
1624 787 1702 832 ex
1748 769 1814 832 vi

323 866 505 930 realis
533 868 1062 933 concomitantiae.
1085 868 1324 951 Corpus
1357 885 1611 951 quoque
1641 868 1816 931 Chri-

325 966 400 1028 sti
431 965 496 1028 in
525 966 649 1029 hoe
682 973 1081 1030 sacramento
1107 973 1204 1030 est
1231 984 1347 1048 per
1377 967 1637 1029 modum
1670 967 1818 1029 sub-

323 1063 587 1139 stantiae,
621 1063 687 1126 id
723 1072 822 1127 est
860 1083 974 1147 per
1004 1063 1266 1127 modum
1297 1081 1425 1146 quo
1458 1062 1818 1127 substantia

325 1169 414 1223 est
459 1161 582 1224 sub
629 1161 1166 1236 dimensionibus,
1213 1178 1340 1224 non
1388 1179 1504 1244 per
1553 1162 1812 1224 modum

323 1259 818 1334 dimensionum,
852 1259 913 1322 id
946 1268 1062 1334 est,
1095 1276 1224 1322 non
1252 1279 1368 1342 per
1397 1260 1659 1324 modum
1689 1277 1816 1342 quo

321 1357 638 1439 quantitas
680 1357 1038 1420 dimensiva
1079 1357 1364 1440 corporis
1406 1357 1679 1438 alicujus
1721 1363 1818 1420 est

321 1455 439 1518 sub
477 1456 834 1538 quantitate
873 1455 1230 1519 dimensiva
1268 1454 1412 1519 loci.
1444 1455 1680 1518 Natura
1707 1474 1816 1518 au·

319 1563 446 1617 tem
478 1553 852 1618 substantiae
881 1561 1012 1618 tota
1039 1562 1137 1617 est
1173 1553 1294 1618 sub
1324 1553 1611 1637 qualibet
1639 1560 1816 1635 parte

319 1652 794 1716 dimensionum
822 1651 945 1716 sub
975 1652 1212 1735 quibus
1247 1654 1630 1728 continetur,
1653 1653 1820 1716 sicut

321 1750 438 1814 sub
467 1751 757 1832 qualibet
795 1759 976 1834 parte
1011 1751 1178 1814 aeris
1215 1760 1312 1815 est
1347 1759 1477 1816 tota
1513 1751 1680 1814 aeris
1709 1771 1816 1815 na·

3296 479 3413 545 261

1927 767 2219 832 mirabile
2250 769 2353 842 sit,
2376 769 2547 851 quod
2586 787 2818 852 corpus
2856 769 3087 832 Christi
3116 777 3247 832 tam
3290 788 3419 832 ma-

1923 885 2146 948 gnum,
2184 867 2304 931 sub
2347 867 2859 931 dimensionibus
2892 875 3023 930 tam
3062 887 3273 950 parvae
3312 868 3422 930 ho—

1925 964 2060 1028 stiae
2093 966 2476 1039 continetur,
2500 973 2713 1029 tamen
2744 965 3099 1028 secundum
3131 965 3424 1029 ineffabi-

1926 1063 2051 1126 lem
2113 1061 2268 1125 fidei
2317 1064 2649 1126 veritatem
2708 1062 2892 1126 fateri
2950 1064 3421 1146 compellimur,

1925 1161 2095 1243 quod
2127 1177 2253 1223 11011
2294 1161 2500 1224 solum
2539 1169 2711 1224 totus
2742 1162 3029 1225 Christus
3071 1161 3136 1224 in
3175 1168 3304 1225 tota
3342 1162 3427 1224 sit

1925 1258 2132 1322 hostia
2181 1266 2567 1334 consecrata,
2619 1260 2730 1323 sed
2778 1259 2973 1323 etiam
3026 1260 3093 1322 in
3141 1259 3428 1342 qualibet

1926 1357 2067 1438 ejus
2124 1365 2321 1440 parte.
2374 1358 2551 1432 Quod
2604 1359 2848 1442 triplici
2896 1359 3001 1422 via
3048 1359 3421 1422 ostenditur.

1924 1455 2021 1518 Pri
2031 1457 2524 1530 mo,sccundum
2556 1458 2727 1540 quod
2756 1457 3113 1520 substantia
3142 1459 3427 1540 corporis

1927 1554 2161 1618 Christi
2204 1564 2608 1637 comparatur
2642 1556 2721 1620 ad
2756 1555 3175 1619 substantiam
3216 1557 3423 1639 paniS,

1927 1671 2069 1735 quae
2100 1652 2166 1715 in
2199 1653 2403 1735 ipsam
2442 1654 2853 1718 convertitur.
2888 1654 3201 1730 Secundo,
3237 1662 3427 1737 prout

1927 1751 2248 1834 quantitas
2294 1751 2577 1834 corporis
2622 1751 2853 1814 Christi
2903 1760 3306 1834 comparatur
3346 1753 3425 1816 ad

319 1857 460 1912 tura
491 1865 507 1911 :
540 1857 606 1911 et
643 1848 766 1912 hoc
804 1849 1268 1924 indifferenter,
1301 1849 1436 1912 sive
1472 1849 1813 1914 dimensio-
1852 1850 1900 1914 B
1930 1849 2351 1914 substantiam
2380 1849 2545 1931 ejus,
2570 1849 2635 1912 in
2666 1869 2791 1932 qua
2820 1850 3156 1913 radicatur.
3192 1851 3423 1926 Terti0,

324 1966 432 2009 nes
471 1954 620 2010 actu
663 1947 814 2022 sint,
845 1947 982 2011 sive
1024 1947 1456 2030 potentialiter
1497 1948 1813 2031 separabi-

327 2045 432 2109 les.
464 2045 624 2108 Hinc
671 2046 958 2109 Christus
1005 2054 1103 2108 est
1151 2053 1317 2110 totus
1367 2045 1486 2108 sub
1533 2045 1819 2129 qualibet

329 2152 498 2227 parte
539 2143 904 2227 specierum
948 2143 1152 2226 paniS,
1185 2145 1380 2208 etiam
1417 2144 1625 2208 hostia
1661 2145 1818 2207 inte·

329 2261 432 2324 gra
468 2249 902 2325 permanente.

404 2342 612 2416 Porro,
643 2342 698 2404 si
729 2349 1071 2424 quaeratur,
1101 2361 1182 2404 an
1213 2341 1292 2404 ad
1326 2349 1568 2404 motum
1599 2342 1820 2405 hostiae

332 2440 608 2503 Christus
665 2447 1028 2519 moveatur;
1069 2440 1606 2522 respondendum,
1650 2439 1819 2522 quod

331 2539 474 2601 dum
517 2539 764 2621 aliquid
803 2545 900 2601 est
937 2557 1137 2600 unum
1177 2538 1470 2620 subiecto
1507 2546 1573 2601 et
1610 2538 1821 2601 multi-

331 2637 468 2718 plex
497 2637 856 2700 seeundum
884 2655 1046 2712 esse,
1079 2636 1170 2699 nil
1208 2635 1509 2719 prohibet
1539 2636 1698 2699 illud
1728 2656 1822 2700 se-

329 2737 600 2799 cundum
629 2734 875 2817 aliquid
905 2736 1150 2799 moveri
1180 2743 1244 2798 et
1271 2735 1616 2799 secundum
1645 2736 1820 2798 aliud

331 2833 654 2898 immobile
693 2853 833 2897 esse
867 2851 882 2896 ε
916 2833 1085 2897 sicut
1122 2854 1324 2916 quum
1363 2833 1612 2917 corpori
1645 2835 1819 2897 aliud

329 2932 408 2996 sit
445 2951 584 2996 esse
622 2932 866 3007 album,
899 2932 1074 2995 aliud
1119 2951 1444 3014 magnum,
1477 2940 1685 3016 potest
1725 2951 1819 2995 se-

1933 1956 2121 2030 prout
2170 1947 2489 2030 quantitas
2537 1947 2730 2010 unius
2777 1948 2975 2031 partis
3023 1956 3429 2031 comparatur

1931 2047 2008 2110 ad
2057 2047 2477 2128 quantitatem
2534 2047 2732 2130 partis
2783 2047 3063 2110 alterius,
3115 2048 3304 2111 Porro
3361 2047 3429 2110 in

1933 2145 2124 2207 rebus
2156 2144 2593 2227 corporalibus
2622 2145 2861 2227 duplex
2898 2145 3190 2208 consistit
3224 2147 3431 2209 totali-

1931 2249 2028 2304 tas
2061 2260 2076 2304 :
2111 2261 2237 2304 una
2276 2243 2657 2317 essentialiS,
2689 2242 2816 2305 alia
2849 2243 3223 2306 dimensiva.
3256 2243 3435 2306 Sicut

1927 2340 2211 2404 albedini
2243 2341 2517 2404 totalitas
2559 2341 2867 2426 competit
2900 2341 3276 2417 dimensiva,
3306 2362 3434 2425 qua

1930 2439 2295 2503 extenditur
2336 2440 2705 2504 extensione
2750 2439 3119 2523 superficiei
3160 2457 3175 2502 ε
3212 2439 3435 2523 sicque

1930 2538 2158 2602 albedo
2196 2546 2293 2602 est
2330 2545 2460 2602 tota
2504 2539 2569 2602 in
2616 2539 2961 2622 superficie
2998 2545 3150 2613 tota,
3184 2546 3248 2601 et
3286 2557 3431 2621 pars

1931 2637 2072 2719 ejus
2105 2637 2170 2700 in
2203 2644 2379 2721 parte
2412 2636 2603 2701 illius.
2625 2637 2921 2701 Totalitas
2950 2644 3165 2700 autem
3193 2636 3431 2701 albedi-

1930 2737 2030 2799 nis
2062 2737 2482 2819 quidditativa
2519 2755 2631 2800 seu
2670 2735 3025 2800 essentialis
3056 2743 3120 2798 et
3146 2734 3427 2799 definiti-

1929 2855 2008 2898 va
2037 2842 2155 2909 est,
2174 2854 2317 2917 quae
2346 2853 2462 2917 per
2487 2853 2689 2917 genus
2717 2834 2859 2915 ejus
2888 2853 2963 2896 ac
2990 2833 3425 2898 differentiam

1929 2933 2327 3015 designatur3
2359 2941 2424 2996 et
2460 2933 2812 2996 secundum
2852 2932 3017 2995 hanc
3048 2933 3424 2996 totalitatem

329 3033 603 3095 cundum
647 3031 1011 3095 albedinem
1057 3032 1302 3095 moveri
1349 3051 1464 3114 per
1509 3031 1822 3094 alteratio-
1856 3031 1899 3096 C
1926 3031 2155 3094 albedo
2199 3048 2326 3094 non
2371 3038 2469 3094 est
2512 3038 2643 3094 tota
2688 3031 2753 3093 in
2796 3036 2930 3094 toto
2970 3037 3036 3094 et
3080 3031 3313 3114 partim
3357 3031 3425 3093 in

327 3150 490 3205 nem,
539 3139 733 3214 atque
791 3130 1124 3196 immobile
1171 3149 1546 3215 permanere
1595 3148 1818 3193 secun-

327 3230 472 3292 dum
533 3229 1061 3311 magnitudinem.
1115 3230 1364 3294 Christo
1419 3236 1634 3293 autem
1691 3247 1819 3292 non

326 3336 416 3390 est
464 3328 636 3392 idem
686 3346 825 3391 esse
871 3329 1226 3392 secundum
1276 3347 1366 3403 se,
1399 3336 1464 3391 et
1510 3346 1669 3392 esse·
1697 3327 1818 3390 sub

326 3426 438 3489 hoc
476 3434 876 3491 sacramento
909 3444 924 3490 :
958 3428 1111 3509 quia
1151 3447 1268 3510 per
1303 3428 1425 3490 hoc
1466 3426 1635 3509 quod
1669 3426 1821 3488 dici-

327 3546 464 3589 mus
495 3544 647 3589 eum
687 3545 826 3589 esse
865 3526 988 3589 sub
1018 3527 1138 3589 hoc
1178 3533 1595 3599 sacramentO,
1629 3525 1820 3607 signi-

327 3623 552 3688 ficatur
587 3626 880 3708 quaedam
921 3623 1228 3687 habitudo
1271 3624 1412 3705 ejus
1449 3624 1528 3687 ad
1566 3624 1687 3687 hoe
1724 3643 1818 3686 sa-

329 3732 740 3787 cramentum.
800 3723 1039 3805 ltaque,
1091 3722 1447 3785 secundum
1503 3722 1625 3785 hoc
1681 3741 1821 3785 esse

331 3840 447 3883 11011
501 3828 798 3883 movetur
845 3820 1132 3883 Christus
1181 3839 1298 3903 per
1346 3839 1414 3884 se
1467 3821 1818 3883 secundum

333 3919 555 3993 locum,
589 3919 700 3982 sed
733 3918 948 3981 solum
979 3937 1096 4001 per
1123 3918 1421 3982 accidens
1455 3938 1471 3983 :
1505 3919 1656 4001 quia
1691 3936 1818 3982 non

331 4018 513 4079 estin
541 4018 665 4080 hoc
705 4024 1104 4079 sacramento
1135 4018 1303 4079 sicut
1341 4016 1406 4079 in
1445 4016 1602 4081 loco.
1638 4017 1822 4081 Simi-

331 4114 482 4187 liter,
499 4132 712 4197 neque
740 4134 854 4197 per
883 4133 951 4177 se
982 4122 1278 4178 movetur
1305 4115 1657 4178 secundum
1683 4134 1820 4177 esse

1929 3137 2128 3213 parte,
2181 3148 2391 3211 neque
2438 3129 2745 3193 dividitur
2791 3129 3107 3194 divisione
3155 3129 3425 3211 superfi-

1930 3228 2075 3303 ciei,
2110 3228 2241 3292 imo
2270 3236 2367 3291 est
2393 3235 2524 3291 tota
2553 3228 2618 3291 in
2649 3235 2781 3292 tota
2809 3226 3177 3311 superficie,
3203 3233 3269 3290 et
3295 3235 3429 3291 tota

1930 3327 1996 3391 in
2027 3326 2312 3410 qualibet
2335 3326 2478 3406 ejus
2502 3334 2693 3408 parte.
2712 3324 3022 3389 Similiter
3048 3342 3304 3408 quoque
3330 3333 3430 3389 est

1930 3426 1995 3487 in
2044 3424 2417 3487 substantiis
2460 3442 2475 3487 ε
2516 3424 2819 3507 quoniam
2869 3423 3031 3506 lapis
3082 3425 3428 3488 secundum

1929 3543 2110 3586 suam
2140 3522 2513 3585 totalitatem
2544 3522 2988 3597 dimensivam,
3020 3528 3119 3586 est
3152 3530 3323 3586 totus
3362 3522 3429 3585 in

1927 3622 2145 3704 aliquo
2194 3622 2355 3696 loco,
2397 3628 2461 3683 et
2506 3640 2653 3704 pars
2693 3622 2759 3683 in
2801 3629 3018 3704 parte;
3059 3622 3169 3685 sed
3219 3622 3427 3704 quoad

1928 3739 2110 3783 suam
2154 3718 2529 3783 totalitatem
2574 3720 2977 3783 essentialem
3028 3719 3425 3803 specificam,

1929 3827 2026 3882 est
2055 3826 2223 3881 totus
2254 3818 2316 3880 in
2349 3825 2480 3881 toto
2518 3817 2851 3881 individuo
2888 3835 3025 3893 suc,
3058 3825 3123 3881 et
3159 3825 3327 3881 totus
3359 3818 3426 3881 in

1928 3916 2215 3999 qualibet
2261 3916 2402 3997 ejus
2449 3922 2647 3998 parte,
2675 3935 2873 3998 quum
2924 3914 3225 3997 quaelibet
3270 3916 3424 3998 lapi-

1928 4016 2027 4078 dis
2057 4034 2205 4098 pars
2235 4015 2318 4077 sit
2346 4014 2527 4096 lapis.
2549 4014 2884 4095 Quumque
2914 4021 3043 4077 tota
3072 4013 3427 4077 substantia

1930 4114 2112 4196 panis
2171 4119 2575 4177 convertatur
2634 4111 2699 4174 in
2751 4119 2944 4175 totam
3002 4111 3423 4175 substantiam

333 4214 491 4295 quod
537 4212 737 4275 habet
777 4212 843 4275 in
894 4213 1015 4276 isto
1061 4221 1478 4286 sacramento,
1517 4232 1816 4295 quacum·
1849 4215 1901 4279 D
1931 4212 2215 4293 corporis
2246 4210 2499 4286 Christi,
2533 4210 2850 4292 loquendo
2880 4211 2959 4273 de
2995 4210 3303 4274 totalitate
3332 4230 3428 4274 es-

333 4330 448 4393 que
475 4312 598 4375 alia
639 4312 1012 4385 mutatione,
1047 4318 1200 4393 puta
1237 4318 1547 4393 quantum
1585 4312 1664 4374 ad
1698 4311 1821 4374 hoc

334 4411 492 4491 quod
537 4410 790 4473 desinat
837 4427 976 4473 esse
1026 4408 1148 4471 sub
1195 4409 1318 4471 hoc
1365 4417 1760 4472 sacramento
1803 4427 1817 4471 :

333 4508 624 4588 quoniam
673 4507 844 4589 quod
893 4506 1248 4570 secundum
1291 4525 1361 4570 se
1408 4506 1599 4570 habet
1649 4508 1821 4570 inde-

335 4604 550 4669 ficiens
605 4623 769 4680 esse,
829 4622 956 4667 non
1014 4612 1224 4687 potest
1277 4624 1419 4668 esse
1477 4605 1821 4669 deficiendi

336 4704 754 4788 principium;
785 4704 896 4767 sed
925 4703 1052 4766 alio
1079 4702 1444 4779 deficiente,
1468 4704 1703 4768 desinit
1731 4724 1822 4767 es-

334 4822 398 4864 se
427 4802 490 4865 in
527 4802 664 4877 illo,
695 4801 1238 4884 quemadmodum
1277 4796 1444 4865 Deus
1483 4820 1625 4865 esse
1659 4801 1823 4865 desi-

335 4899 428 4962 nit
471 4901 534 4963 in
581 4908 874 4963 ereatura
917 4919 1062 4982 quae
1109 4900 1560 4982 corrumpitur.
1593 4899 1824 4983 Sicque

336 4998 610 5062 Christus
654 4997 892 5061 desinit
933 5017 1072 5061 esse
1113 4997 1234 5061 sub
1273 4998 1392 5062 hoc
1430 5006 1824 5061 sacramento

337 5114 454 5159 non
481 5117 595 5181 per
623 5098 892 5161 localem
923 5116 1271 5171 recessum,
1289 5097 1400 5160 sed
1430 5116 1546 5180 per
1574 5097 1827 5160 desitio-

335 5214 474 5259 nem
502 5204 566 5259 et
591 5193 1070 5276 corruptionem
1103 5194 1656 5259 sacramentalium
1689 5213 1827 5277 spe-

338 5291 587 5357 cierum.
621 5329 704 5339 —
734 5293 878 5357 Haee
923 5293 989 5355 in
1033 5293 1312 5356 Summa.

1931 4310 2207 4384 sentiali,
2238 4327 2366 4373 non
2412 4309 2770 4373 dimensiva
2806 4308 2954 4389 (hac
2997 4310 3241 4393 quippe
3281 4328 3429 4373 con-

1929 4408 2223 4472 versione
2281 4408 2675 4471 convertitur
2733 4408 2889 4490 quid
2947 4408 3014 4470 in
3071 4407 3251 4491 quid,
3302 4426 3430 4472 non

1937 4515 2247 4589 quantum
2291 4506 2355 4568 in
2394 4507 2738 4589 quantum)
2769 4524 2784 4569 :
2817 4506 2968 4569 hinc
3007 4526 3085 4569 ex
3123 4507 3187 4570 vi
3227 4525 3432 4570 sacra-

1935 4605 2157 4679 menti,
2206 4604 2493 4667 Christus
2531 4612 2628 4667 est
2665 4605 2785 4667 sub
2827 4604 3033 4667 hostia
3078 4604 3286 4668 solum
3337 4625 3431 4668 se-

1931 4705 2213 4767 cundum
2254 4702 2626 4765 totalitatem
2668 4701 3173 4765 substantialem.
3207 4703 3434 4777 Quem-

1930 4802 2273 4866 admodum
2336 4818 2487 4883 ergo
2548 4807 2693 4863 ante
2753 4800 3235 4864 conversionem
3302 4809 3432 4867 tota

1931 4899 2287 4965 substantia
2318 4898 2523 4981 paniS,
2558 4898 2772 4980 quoad·
2802 4898 2988 4960 istam
3027 4898 3425 4974 totalitatem,
3544 4904 3549 4909 ’

1931 4999 2056 5061 fuit
2085 4998 2151 5060 in
2182 4996 2466 5079 qualibet
2493 4996 2713 5060 hostiae
2754 5002 2962 5078 parte;
2995 4996 3081 5057 ita
3111 5002 3253 5078 post
3282 5014 3427 5061 con·

1932 5097 2291 5161 versionem
2330 5102 2532 5159 totum
2573 5112 2803 5177 corpus
2843 5093 3075 5157 Christi
3116 5093 3183 5156 in
3222 5094 3424 5177 quali-

1934 5196 2042 5259 bet
2090 5201 2270 5277 parte
2318 5200 2415 5256 est
2458 5192 2698 5257 hostiae.
2750 5192 2827 5255 Et
2873 5191 3177 5274 quoniam
3228 5198 3423 5256 totam

1936 5294 2346 5357 substantiam
2376 5292 2657 5376 corporis
2686 5292 2965 5375 sequitur
2994 5292 3266 5356 totalitas
3297 5309 3429 5374 pro-
