4267 6250
613 1081 768 1129 Galat.

863 479 944 542 66
1525 500 1590 546 ΙΝ
1630 501 1852 546 Limum
1895 501 1956 547 IV
1996 500 2482 547 SENTENTIARUU.
2524 518 2604 528 —
2646 501 2799 546 msT.
2846 501 2904 564 13
2948 501 3173 556 QUAEST.
3218 501 3303 548 VH

867 667 1036 748 quod
1093 677 1488 731 sacramenta
1541 668 1824 732 Mosaicae
1883 669 2040 751 legis
2096 668 2364 751 gratiam
2394 669 2447 733 A
2471 659 2962 751 Hugonis,quod
2994 677 3263 752 utroque
3294 670 3482 732 modo
3508 668 3972 751 justificabant,

863 764 1328 846 justificantem
1375 768 1785 830 contulerunt
1829 787 1942 851 per
1989 787 2057 830 se
2109 768 2267 849 ipsa,
2302 767 2366 830 id

868 872 963 926 est
997 865 1254 947 propria
1280 866 1533 928 virtute.
1565 867 1668 930 Sic
1701 886 1977 948 namque
2010 866 2369 929 necessaria

869 981 996 1025 non
1040 963 1268 1026 fuisset
1315 964 1527 1046 passio
1569 965 1824 1038 Christi,
1854 965 2036 1045 juxta
2081 965 2239 1027 illud
2289 964 2366 1027 ad

796 1094 838 1130 n.
869 1060 1115 1125 Galatas
1149 1079 1164 1124 z
1199 1062 1262 1125 Si
1302 1082 1380 1125 ex
1422 1063 1560 1145 lege
1594 1063 1865 1144 justitia,
1897 1081 2047 1145 ergo
2081 1063 2367 1126 Christus

867 1159 1060 1241 gratis
1108 1169 1396 1224 mortuus
1437 1169 1551 1224 est.
1587 1162 1714 1224 Nec
1765 1161 1890 1224 dici
1935 1169 2164 1245 potest,
2200 1161 2367 1242 quod

872 1258 1172 1320 virtutem
1213 1258 1534 1322 habebant
1575 1258 1943 1322 conferendi
1984 1260 2251 1341 gratiam
2291 1278 2368 1321 ex

870 1356 1102 1420 Christi
1167 1359 1480 1440 passione.
1544 1359 1756 1421 Virtus
1819 1358 1991 1420 enim
2057 1358 2369 1441 passionis

869 1454 1098 1517 Christi
1141 1457 1478 1537 copulatur
1515 1455 1886 1518 hominibus
1927 1475 2040 1537 per
2069 1455 2266 1518 fidem
2308 1462 2372 1518 et

869 1560 1283 1626 sacramenta,
1301 1561 1576 1616 attamen
1608 1553 1984 1617 differenter
2016 1572 2030 1616 ε
2067 1553 2369 1636 quoniam

872 1651 1264 1714 continuatio
1309 1671 1422 1734 per
1466 1651 1686 1725 fidem,
1721 1651 1797 1714 fit
1835 1671 1950 1735 per
1996 1652 2226 1716 animae
2273 1670 2371 1715 ac-

870 1757 1044 1828 tum3
1078 1750 1471 1813 continuatio
1511 1768 1662 1813 vero
1702 1771 1842 1833 quae
1881 1759 1977 1814 est
2016 1770 2128 1833 per
2166 1770 2369 1813 sacra-

2473 773 2539 829 et
2565 768 2772 849 quoad
2803 786 2965 850 opus
2994 786 3265 851 operans
3296 787 3411 851 per
3442 769 3703 832 modum
3736 766 3974 840 meriti,

2475 866 2729 946 quando
2768 866 3013 929 fiebant
3047 885 3124 930 ex
3164 867 3446 940 caritate,
3478 875 3543 930 et
3571 867 3777 950 quoad
3808 883 3979 949 opus

2476 972 2809 1046 operatum
2840 984 2955 1047 per
2986 965 3245 1029 modum
3276 965 3693 1044 sacramenti3
3723 983 3853 1028 non
3884 972 3978 1026 ta-

2478 1081 2624 1124 men
2674 1071 2826 1125 tunc
2870 1062 3315 1144 justificabant
3362 1064 3449 1126 ita
3497 1063 3865 1126 immediate
3914 1071 3982 1124 et

2479 1180 2592 1242 per
2622 1180 2711 1234 se,
2746 1168 2817 1222 ut
2846 1170 3240 1224 sacramenta
3270 1180 3449 1226 novae
3482 1162 3659 1243 legis,
3692 1163 3805 1224 sed
3846 1181 3980 1224 me-

2478 1259 2645 1321 diate
2694 1266 2757 1321 et
2802 1279 2916 1342 per
2961 1260 3279 1335 accidenS,
3326 1260 3389 1322 in
3438 1268 3746 1341 quantum
3797 1267 3985 1322 erant

2480 1356 2711 1418 Christi
2770 1356 2977 1439 figura
3028 1375 3041 1419 ε
3095 1357 3316 1440 sicque
3374 1375 3595 1420 eorum
3655 1358 3985 1439 susceptio

2480 1462 2614 1518 erat
2661 1455 2950 1536 quendam
2999 1455 3312 1538 professio
3359 1474 3433 1518 ac
3478 1455 3805 1519 veneratio
3853 1455 3986 1518 Sal-

2480 1553 2734 1616 vatoris.
2770 1555 2979 1616 Tertia
3026 1554 3244 1637 opinio
3292 1563 3389 1616 est
3437 1555 3799 1616 communis
3844 1555 3983 1635 jam

2481 1651 2759 1714 recitata.
2824 1652 3029 1715 Prima
3084 1661 3297 1715 autem
3360 1652 3579 1735 opinio
3637 1651 3830 1714 nimis
3886 1671 3983 1715 re-

2483 1750 2738 1831 stringit
2785 1751 3125 1813 utilitatem
3174 1758 3715 1813 sacramentorum
3768 1750 3987 1831 legali-

871 1856 1106 1922 menta,
1139 1847 1218 1910 fit
1247 1868 1362 1931 per
1395 1869 1578 1910 usum
1613 1868 1826 1911 rerum
1858 1849 2265 1913 exteriorum.
2301 1849 2369 1911 ld
2408 1851 2455 1911 B
2486 1867 2618 1922 um,
2651 1867 2852 1930 quum
2890 1857 2955 1912 et
2990 1868 3181 1932 opera
3221 1848 3655 1912 indifferentia
3693 1848 3861 1910 facta
3904 1869 3985 1911 ex

868 1953 1084 2009 autem
1125 1947 1296 2028 quod
1336 1955 1432 2009 est
1471 1948 1786 2029 posterius
1822 1956 2130 2029 tempore,
2165 1954 2373 2029 potest
2485 1947 2745 2010 caritate
2784 1948 2911 2010 sint
2955 1949 3295 2011 meritoria.
3332 1948 3623 2011 Secunda
3654 1947 3880 2029 opinio
3910 1948 3985 2009 il-

873 2062 1129 2107 movere
1157 2053 1496 2126 antequam
1525 2045 1992 2119 sit,secundum
2024 2045 2193 2128 quod
2224 2065 2377 2127 prae—
2486 2044 2611 2106 lam
2660 2045 2853 2107 nimis
2903 2046 3259 2129 amplificat
3308 2054 3372 2108 et
3419 2045 3726 2120 extendit,
3778 2064 3987 2127 quum

874 2143 1044 2205 cedit
1091 2143 1156 2204 in
1204 2142 1714 2225 apprehensione
1761 2150 2034 2225 actuque
2083 2142 2313 2206 animae
2355 2160 2369 2204 :

874 2241 1042 2302 sicut
1073 2239 1222 2302 finis
1266 2247 1476 2303 movet
1514 2248 1824 2322 agentem.
1861 2241 1982 2303 Sed
2014 2241 2182 2323 quod
2223 2258 2375 2303 non-

875 2339 1028 2400 dum
1091 2345 1188 2401 est
1250 2339 1314 2400 in
1381 2359 1593 2401 rerum
1657 2348 1901 2414 natura,
1968 2359 2096 2404 non
2164 2349 2377 2404 movet

875 2437 1229 2499 secundum
1281 2457 1470 2500 usum
1517 2457 1629 2500 seu
1677 2445 1893 2500 actum
1943 2457 2157 2501 rerum
2208 2447 2377 2501 exte-

875 2536 1116 2598 riorum
1152 2553 1167 2597 :
1202 2544 1461 2618 propter
1497 2536 1667 2618 quod
1700 2555 1890 2599 causa
1919 2536 2215 2600 efficiens
2247 2556 2373 2601 non

873 2635 1041 2698 valet
1071 2653 1210 2697 esse
1240 2636 1552 2717 posterior
1579 2653 1696 2699 suo
1725 2634 1960 2699 effectu
1997 2636 2062 2698 in
2093 2655 2255 2711 esse,
2279 2654 2376 2699 or-

873 2733 1023 2795 dine
1067 2733 1443 2808 durationiS,
1475 2735 2017 2816 quemadmodum
2061 2753 2253 2798 causa
2300 2734 2376 2796 fi-

873 2831 1050 2893 ualis
1070 2831 1473 2895 Manifestum
1504 2841 1600 2895 est
1628 2851 1797 2914 erg0‚
1816 2833 1981 2915 quod
2013 2853 2050 2896 a
2080 2834 2375 2916 passione

873 2928 1128 3004 Christi,
1162 2949 1304 3012 quae
1351 2937 1449 2992 est
1495 2949 1686 2993 causa
1729 2931 2211 3012 justificationis
2258 2931 2374 2993 hu-

2484 2152 2879 2207 sacramenta
2937 2146 3163 2226 legalia
3208 2145 3390 2227 quasi
3436 2143 3731 2226 parificet
3776 2163 3987 2207 sacra-

2488 2243 2719 2322 mentis
2762 2244 3143 2326 evangelicae
3186 2243 3363 2325 legis.
3410 2243 3553 2306 Haec
3595 2241 3833 2304 Petrus,

2876 2559 3349 2632 QUAESTIO
3434 2539 3621 2624 νη

2607 2830 2859 2913 Eptimo
2916 2833 3243 2913 quaeritur,
3293 2834 3424 2900 An
3474 2835 3987 2903 circumcisio

2622 2928 2781 2996 fuit
2808 2934 3392 2999 sacramentum
3420 2935 3508 3000 in
3536 2936 3985 3002 remedium

874 3047 1099 3102 mame,
1124 3029 1577 3090 convenienter
1607 3029 1932 3091 derivatur
1960 3030 2164 3092 virtus
2192 3029 2375 3110 justi·
2410 3028 2454 3091 C
2482 3032 2763 3095 eontra
2805 3031 3197 3108 originale
3238 3033 3687 3115 peecatum3
3720 3037 3804 3100 et
3836 3049 3988 3101 our

871 3127 1132 3191 ficativa
1177 3128 1256 3189 ad
1315 3128 1471 3209 legis
1519 3128 1902 3209 evangelicae
1956 3137 2371 3203 sacramenta,

873 3244 1000 3289 non
1031 3227 1108 3288 ad
1139 3234 1534 3289 sacramenta
1563 3228 1796 3289 veteris
1829 3227 2004 3309 legis,
2032 3227 2145 3290 Per
2175 3226 2373 3289 fidem

871 3322 1085 3387 tamen
1120 3324 1430 3406 passionis
1461 3324 1690 3387 Christi
1719 3324 2242 3406 justificabantur
2272 3346 2377 3408 pa·

874 3431 1002 3485 tres
1033 3423 1304 3505 antiqui,
1338 3424 1504 3485 sicut
1533 3431 1596 3485 et
1626 3441 1756 3486 nos,
1791 3424 2197 3487 Sacramenta
2224 3443 2377 3507 quo·

873 3540 999 3603 que
1031 3522 1262 3586 veteris
1294 3522 1449 3603 legis
1480 3529 1660 3585 erant
1688 3523 1978 3604 quaedam
2019 3524 2375 3606 protestati-

873 3638 1028 3683 ones
1057 3619 1212 3683 fidei
1244 3620 1460 3701 hujuS,
1487 3621 1551 3683 in
1583 3629 1894 3703 quantum
1925 3621 2377 3703 significabant

876 3720 1236 3802 passionem
1281 3719 1510 3782 Christi
1550 3728 1614 3783 et
1651 3720 1792 3801 ejus
1829 3720 2120 3783 effectus,
2156 3722 2374 3803 Itaque

874 3826 1268 3881 sacramenta
1312 3819 1468 3900 legis
1512 3837 1640 3882 non
1684 3819 2004 3882 habebant
2047 3820 2111 3882 in
2152 3839 2220 3882 se
2262 3821 2375 3883 ali-

874 3936 1066 3998 quam
1115 3917 1419 3981 virtutem
1469 3937 1594 3999 qua
1641 3927 2057 3999 operarentur
2105 3919 2183 3980 ad
2232 3937 2377 3981 con-

876 4014 1210 4079 ferendum
1259 4017 1527 4097 gratiam
1573 4016 2056 4096 justificantem.
2112 4017 2256 4080 Haec
2308 4018 2374 4079 in

876 4115 1160 4178 Summa.

2484 3130 2744 3210 primo
2773 3131 2957 3196 data
2986 3132 3109 3196 est
3134 3130 3503 3215 Abrahoe‚
3524 3147 3615 3200 ac
3649 3148 3793 3216 pro
3821 3148 3988 3201 ma-

2484 3228 2713 3295 ribus
2752 3230 3090 3296 tantum.

2550 3326 2815 3388 Videtur
2844 3327 3013 3408 quod
3042 3327 3447 3391 circumcisio
3478 3347 3605 3392 non
3636 3329 3761 3391 fuit
3790 3349 3991 3394 reme-

2484 3423 2663 3485 dium
2704 3443 3037 3487 removens
3072 3425 3380 3506 originale
3414 3436 3749 3509 peccatum
3782 3444 3797 3490 t
3830 3448 3985 3492 nam

2484 3522 2801 3585 Abraham
2844 3531 2990 3585 ante
3029 3523 3587 3589 circumcisionem
3626 3546 3809 3590 suam
3847 3529 3987 3610 pla-

2484 3621 2619 3683 cuit
2657 3622 2803 3684 Deo.
2837 3658 2918 3667 —
2956 3623 3113 3684 ltem
3152 3621 3274 3685 filii
3313 3624 3503 3687 Israel
3545 3625 3675 3687 nati
3718 3626 3787 3688 in
3830 3626 3984 3691 soli-
4011 3648 4245 3698 mucan

2484 3719 2707 3781 tudine
2746 3740 2860 3802 per
2896 3738 3095 3783 annos
3135 3722 3571 3804 quadraginta,
3608 3734 3988 3789 manserunt

2486 3818 2940 3893 incircumcisi,
3003 3838 3333 3902 quousque
3392 3822 3659 3885 transito
3712 3824 3989 3887 Iordane

2486 3916 2747 3980 fuerunt
2794 3918 3158 3980 circumcisi
3201 3912 3328 3981 'sub
3372 3920 3605 3998 Josue3
3656 3929 3721 3983 et
3766 3930 3989 3985 tamen

2488 4016 2653 4077 inter
2700 4015 2842 4078 illos
2893 4016 3077 4078 multi
3140 4015 3397 4079 fuerunt
3446 4018 3573 4081 Deo
3634 4019 3986 4101 placentes,

2488 4131 2613 4175 non
2655 4114 3042 4188 circumcisi,
3077 4134 3194 4177 nec
3234 4123 3410 4178 tanto
3448 4123 3737 4199 tempore
3768 4118 3833 4180 in
3862 4119 3993 4181 ori-

973 4212 1289 4275 Consonat
1344 4212 1586 4286 PetruS,
1645 4212 1756 4293 qui
1818 4219 2028 4274 tamen
2087 4214 2377 4294 quaedam
2408 4219 2457 4281 D
2486 4212 2681 4293 ginali
2737 4220 3108 4274 manserunt
3157 4221 3435 4295 peccato.
3470 4250 3553 4261 —
3584 4215 3814 4291 Terti0,
3864 4217 3992 4279 cir-

879 4330 1051 4373 nunc
1090 4311 1260 4373 dicta
1300 4310 1554 4393 plenius
1591 4310 1896 4393 exprimit
1929 4328 1942 4372 ε
1976 4312 2134 4383 Du0,
2170 4312 2379 4393 inqui-

879 4428 1014 4483 enS,
1049 4409 1532 4472 considerantur
1569 4410 1738 4472 circa
1781 4416 2176 4472 sacramenta
2218 4410 2379 4491 lega-

881 4505 978 4579 lia,
1000 4514 1217 4588 utpote
1247 4524 1409 4588 opus
1439 4524 1708 4588 operans
1740 4516 1804 4569 et
1831 4526 1992 4590 opus
2023 4516 2375 4591 operatum.

879 4604 1099 4667 Utrum
1129 4612 1339 4667 autem
1365 4604 1805 4685 justificabant
1833 4608 2039 4689 quoad
2071 4608 2205 4671 haec
2235 4608 2376 4683 du0,

877 4702 978 4765 vel
1037 4703 1246 4784 quoad
1301 4702 1572 4767 alterum
1635 4703 1914 4778 illorum,
1967 4705 2197 4787 triplex
2257 4707 2382 4769 fuit

874 4800 1113 4882 opinio,
1151 4802 1284 4864 Una
1331 4800 1632 4883 Magistri,
1671 4802 1839 4884 quod
1889 4810 2116 4865 neutro
2169 4805 2376 4880 mod0,

878 4898 1029 4982 quia
1059 4917 1176 4962 nec
1207 4917 1369 4982 opus
1399 4917 1670 4982 operans
1700 4899 1944 4982 profuit
1974 4920 2088 4983 per
2117 4902 2379 4965 modum

881 4997 1113 5071 meriti,
1148 5016 1266 5060 nec
1295 5016 1458 5080 opus
1487 5006 1818 5081 operatum
1851 5018 1966 5081 per
1995 5000 2259 5062 modum
2290 5019 2383 5062 sa-

880 5096 1211 5169 cramenti,
1245 5113 1323 5158 eo
1369 5096 1540 5177 quod
1585 5114 1748 5179 opus
1797 5115 2067 5179 operans
2111 5105 2246 5159 erat
2288 5098 2381 5159 in-

880 5194 1172 5256 stitutum
1205 5193 1272 5255 in
1301 5211 1630 5269 onuS‚non
1661 5195 1728 5257 in
1761 5196 2095 5274 meritum3
2127 5202 2193 5257 et
2220 5213 2383 5278 opus

879 5300 1212 5379 operatum
1245 5292 1310 5355 in
1350 5292 1628 5373 signum,
1662 5310 1789 5357 non
1823 5293 1888 5356 in
1928 5312 2207 5357 causam.
2244 5294 2383 5356 Alia

2489 4310 2799 4373 cumcisio
2840 4310 2962 4373 fuit
3000 4320 3469 4376 sacramentum
3511 4314 3743 4377 veteris
3774 4315 3936 4396 legis
3974 4334 3988 4379 :

2488 4426 2639 4488 ergo
2667 4408 2934 4489 gratiam
2964 4427 3091 4471 non
3132 4410 3392 4473 donavit
3404 4428 3421 4491 3
3454 4413 3564 4475 sed
3604 4412 3740 4475 sine
3768 4413 3994 4493 gratiae

2490 4505 2811 4569 infusione
2841 4525 2969 4570 non
3000 4507 3247 4571 deletur
3282 4509 3591 4592 originale
3624 4528 3639 4572 ε
3672 4528 3824 4591 ergo
3858 4530 3995 4575 non

2488 4604 2689 4666 valuit
2736 4606 2801 4667 in
2851 4605 3025 4668 illius
3080 4608 3433 4670 remedium
3491 4616 3680 4690 atque
3728 4609 3997 4673 deletio-

2489 4721 2657 4765 nem.
2694 4739 2776 4749 -
2812 4703 3067 4778 Quarto,
3113 4724 3150 4767 a
3201 4713 3482 4787 tempore
3527 4705 3675 4769 Adae
3724 4706 3997 4771 fuerunt

2488 4802 2611 4865 alia
2659 4809 2879 4866 contra
2920 4803 3228 4885 originale
3272 4811 3605 4885 peccatum
3652 4806 3941 4869 remedia
3976 4828 3993 4872 :

2489 4918 2639 4980 ergo
2670 4918 2797 4963 non
2828 4901 2952 4963 fuit
2981 4902 3691 4985 convenienS,tempore
3720 4903 3997 4970 Abrahae

2488 4999 2609 5061 hoc
2641 5017 2879 5063 novum
2914 5000 3160 5062 institui
3194 5008 3412 5063 contra
3448 5001 3755 5083 originale
3787 5021 3997 5068 reme—

2490 5098 2688 5161 dium.
2734 5134 2815 5144 —
2862 5100 3113 5173 Quinto,
3164 5099 3421 5163 feminae
3469 5108 3648 5163 erant
3694 5102 3997 5184 originali

2488 5197 2779 5261 obnoxiae
2808 5198 2974 5260 sicut
3004 5204 3069 5260 et
3096 5198 3216 5260 viri
3252 5216 3267 5260 t
3300 5216 3451 5279 ergo
3480 5200 3998 5267 circumcisionis

2492 5303 2879 5378 praeccptum
2930 5296 3154 5359 debuit
3194 5316 3299 5360 eas
3343 5315 3597 5381 quoque
3647 5300 3991 5383 respicere.
