4267 6250
894 489 1027 564 346'

1541 518 1604 565 IN
1645 517 1868 565 Lunum
1909 517 1971 564 lv
2013 515 2496 564 SENTENTIARUR.
2538 535 2619 545 —
2660 517 2813 565 nlsr.
2856 518 3008 581 11113
3052 519 3277 575 QUAEST.
3320 521 3365 565 n

981 689 1160 752 Circa
1206 691 1327 754 hoc
1374 690 1465 753 ait
1509 690 1806 753 Albertus
1850 707 1863 751 :
1907 689 2255 753 Haereticus
2301 689 2394 751 di·
2426 688 2477 751 A
2510 688 2739 751 Christi
2784 689 3063 773 exponit.
3107 690 3267 754 Hinc
3310 690 3569 755 haeresis
3614 699 3713 754 est
3758 691 4008 775 species

898 788 1065 851 citur
1105 807 1142 850 a
1184 789 1402 864 verbo,
1436 789 1665 864 haeren,
1699 789 1922 862 haereS,
1957 788 2059 851 vel
2099 807 2136 850 a
2181 787 2396 851 Graeco

898 887 1178 961 nomine,
1231 889 1460 973 αἵρεσις,
1513 888 1682 970 quod
1732 895 1828 951 θεῖ
1883 887 2130 950 electio.
2184 886 2395 949 Primo

898 986 1087 1049 modo
1133 995 1397 1050 vocatur
1454 987 1814 1061 haereticus‚
1866 987 1976 1069 qui
2037 985 2394 1048 inordinate

897 1085 1091 1147 haeret
1137 1104 1268 1148 suae
1317 1085 1667 1159 sententiae,
1706 1084 2004 1167 quamvis
2051 1103 2088 1146 a
2131 1082 2261 1146 fide
2310 1082 2393 1145 sit

894 1183 1122 1256 aliena,
1165 1192 1229 1246 et
1269 1202 1410 1246 eam
1455 1184 1757 1246 defendit.
1803 1183 2116 1256 Secundo,
2159 1181 2270 1263 qui
2309 1189 2394 1243 ta—

897 1281 1024 1343 lem
1063 1299 1253 1343 suum
1285 1299 1564 1344 errorem
1596 1298 1742 1343 cum
1774 1279 2085 1343 electione
2117 1285 2395 1341 sectatur

898 1380 1099 1462 magis
1137 1399 1330 1462 quam
1370 1399 1585 1442 veram
1627 1379 2006 1443 sententiam
2041 1377 2393 1460 Scriptura-

896 1497 1190 1553 rum,nec
1220 1497 1387 1542 sanae
1418 1477 1851 1542 informationi
1881 1475 2391 1559 acquiescitimo

897 1578 1188 1661 pertinax
1233 1585 1465 1640 manet.

977 1676 1065 1739 De
1095 1676 1194 1738 his
1225 1675 1478 1758 plenius
1509 1674 1733 1738 scribit
1760 1674 2201 1737 Bonaventura
2225 1690 2239 1735 ε
2262 1673 2394 1736 Hae-

894 1774 1153 1849 reticus‚
1206 1773 1526 1857 inquienS,
1578 1790 1707 1836 non
1753 1791 1831 1835 ex
1878 1771 2046 1834 dono
2094 1770 2229 1845 Dei,
2280 1772 2391 1834 sed

2510 786 2910 850 infidelitatis
2948 805 3170 852 eorum
3209 789 3323 871 qui
3361 788 3561 852 sidem
3598 788 3831 852 Christi
3870 808 4009 873 pro-

2508 885 2799 961 fitentur,
2852 887 2962 949 sed
3010 887 3167 950 fidei
3225 888 3521 970 dogmata
3566 897 4005 970 corrumpunt.

2508 985 2655 1048 Ideo
2694 985 2759 1048 in
2806 986 2969 1049 libro
3008 986 3088 1048 de
3126 987 3403 1050 Utilitate
3442 986 3745 1050 credendi
3780 988 4011 1050 asserit

2507 1083 2898 1164 Augustinus
2928 1101 2942 1146 :
2969 1084 3315 1149 Haereticus
3346 1093 3463 1159 est,
3494 1085 3605 1167 qui
3636 1086 4009 1168 temporalis

2510 1181 2801 1244 utilitatis
2848 1190 2913 1245 ct
2958 1183 3233 1247 maxime
3279 1183 3677 1266 principatus
3722 1190 3835 1246 aut
3880 1183 4009 1264 glo-

2508 1279 2617 1343 riae
2656 1299 2787 1344 suae
2830 1299 3039 1356 causa,
3074 1281 3263 1344 falsas
3306 1299 3629 1364 novasque
3670 1281 4008 1364 opiniones

2506 1379 2711 1461 gignit
2749 1387 2859 1441 aut
2897 1380 3203 1462 sequitur.
3238 1380 3382 1444 Haec
3412 1380 3685 1444 Thomas
3724 1380 3788 1442 in
3821 1380 4005 1443 Sum-

2509 1497 2629 1540 ma.
2662 1513 2743 1523 —
2774 1478 2891 1552 Qui
2920 1477 3113 1541 etiam
3146 1478 3211 1540 in
3243 1479 3491 1561 Scripto
3521 1479 3722 1542 multa
3756 1478 4008 1541 inducit

2487 1576 2585 1672 ῥθ
2633 1577 2733 1640 his
2781 1594 2795 1639 :
2848 1577 2928 1639 de
2974 1576 3211 1659 quibus
3259 1585 3648 1659 pertranse0,
3698 1577 4003 1659 quoniam

2503 1675 2682 1750 alibi,
2733 1675 2845 1738 ubi
2892 1677 3417 1759 opportuniorem
3477 1675 3715 1738 habent
3762 1676 4000 1748 locum,
4034 1695 4226 1751 cmxv:

2504 1775 2733 1857 scripsi
2775 1776 2854 1839 de
2894 1775 3008 1838 eis.
4028 1758 4227 1814 ‘'³⁶¹⁸'‘

894 1873 1151 1956 propria
1186 1873 1365 1955 quasi
1404 1871 1778 1935 auctoritate
1809 1878 1872 1934 et
1901 1870 2162 1953 proprio
2200 1889 2391 1933 sensu
2420 1869 2467 1930 B
2585 1874 2673 1936 De
2712 1873 3087 1937 enormitate
3126 1881 3338 1936 autem
3384 1871 3695 1937 haereticae
3733 1873 4006 1955 pravita-

892 1971 1128 2053 accipit
1165 1970 1444 2052 aliquam
1475 1968 1700 2032 salsam
1733 1969 2112 2032 sententiam
2148 1985 2163 2030 z
2195 1987 2387 2051 quam

893 2069 1130 2132 dicitur
1179 2069 1434 2150 eligere,
1487 2086 1615 2132 non
1672 2067 2203 2150 quandocumque
2256 2067 2392 2149 opi-

895 2174 1083 2230 natur
1125 2166 1358 2229 falsum
1402 2166 1668 2248 aliquid,
1705 2166 1815 2228 sed
1860 2165 2114 2247 quando
2157 2165 2389 2228 falsum

897 2271 1314 2347 praeaccepmt
1341 2271 1405 2326 et
1435 2263 1843 2345 pertinaciter
1873 2270 2059 2336 tenet,
2088 2262 2224 2326 sive
2257 2263 2391 2345 ipse

895 2362 1032 2426 sive
1066 2362 1225 2424 alter
1266 2361 1582 2424 invenerit
1609 2361 1735 2424 tale
1768 2360 2002 2424 falsum
2037 2379 2150 2424 seu
2189 2361 2397 2423 finxe-

898 2463 997 2524 rit.
1051 2461 1226 2524 Unde
1275 2460 1643 2523 desiniendo
1689 2460 1816 2522 dici
1866 2467 2074 2542 potest
2125 2477 2141 2522 ε
2191 2460 2393 2522 Haere-

897 2561 1060 2623 ticus
1090 2567 1208 2634 est,
1247 2559 1480 2622 divinae
1521 2558 1677 2640 legis
1713 2559 2066 2640 ignorantia
2105 2557 2207 2621 vel
2246 2575 2393 2621 con-

894 2667 1154 2742 temptu,
1171 2659 1456 2741 pertinax
1487 2657 1718 2721 erroris
1749 2657 2174 2732 inventor,aut
2203 2656 2393 2720 alieni

895 2766 1167 2822 sectator
1196 2757 1450 2831 erroriS,
1485 2757 1596 2838 qui
1627 2756 1953 2820 catholicae
1984 2755 2233 2819 veritati
2268 2775 2394 2818 ma-

893 2857 992 2938 gis
1036 2856 1175 2918 vult
1219 2855 1538 2918 adversari
1582 2874 1773 2936 quam
1821 2854 2076 2935 subjici.
2120 2855 2238 2929 Qui
2285 2874 2395 2917 au-

894 2963 1022 3018 tem
1067 2973 1246 3016 suam
1297 2952 1674 3015 sententiam
1721 2952 2013 3034 quamvis
2061 2971 2391 3016 erroneam

2504 1971 2586 2033 tis
2614 1972 2842 2034 asserit
2871 1971 3141 2034 Thomas
3178 1988 3193 2032 ε
3227 1971 3739 2054 Unumquodque
3768 1970 4007 2032 dicitur

2506 2069 2747 2132 malum
2778 2070 3128 2133 secundum
3160 2069 3329 2152 quod
3359 2077 3564 2132 nocet.
3592 2069 3783 2142 Unde,
3798 2088 4003 2150 quum

2505 2168 2764 2231 haeresis
2815 2167 2959 2251 plus
3007 2175 3231 2230 noceat
3279 2186 3472 2249 quam
3519 2167 3778 2250 aliquod
3826 2167 4003 2230 aliud

2505 2275 2863 2349 peccatum,
2896 2267 3050 2351 quia
3091 2267 3383 2330 omnium
3424 2267 3737 2329 virtutum
3780 2265 4006 2328 funda-

2506 2373 2795 2428 mentum
2843 2367 3090 2449 (utpote
3148 2365 3378 2446 fidem)
3424 2365 3755 2439 subvertit,
3808 2365 4007 2427 maxi·

2506 2483 2683 2526 mum
2716 2470 2813 2526 est
2841 2463 3132 2526 omnium
3161 2464 3465 2527 vitiorum
3496 2481 3573 2525 ex
3602 2481 3833 2544 genere
3864 2480 4003 2536 suo,

2506 2563 2657 2645 quia
2684 2562 2985 2625 duritiam
3016 2562 3226 2625 cordis
3256 2561 3449 2624 habet
3474 2561 4009 2642 adjunctam,ele-

2506 2661 2911 2744 ctionemque
2966 2660 3151 2740 mali3
3204 2660 3499 2743 quamvis
3558 2679 3635 2722 ex
3688 2659 4007 2723 accidenti

2505 2759 2761 2842 aliquod
2806 2767 3139 2842 peccatum
3185 2757 3387 2841 possit
3422 2777 3562 2821 esse
3606 2757 3862 2840 gravius
3906 2776 4005 2834 e0‚

2506 2858 2571 2920 in
2611 2866 2920 2941 quantum
2962 2857 3166 2938 major
3204 2857 3314 2920 Dei
3354 2863 3759 2939 contemptus
3802 2855 4009 2919 inclu-

2506 2957 2762 3020 deretur
2806 2957 2870 3019 in
2910 2973 3005 3020 eo.
3039 2956 3275 3018 Verum
3316 2955 3395 3018 de
3434 2973 3511 3018 eo
3550 2955 3719 3037 quod
3760 2963 3857 3018 est
3894 2974 4010 3037 per

895 3074 1007 3117 seu
1042 3051 1623 3137 perversam,nulla
1656 3050 1962 3133 pertinaci
1991 3051 2390 3114 animositate
2422 3053 2466 3116 C
2505 3053 2821 3129 accidens,
2876 3071 3003 3116 non
3063 3061 3161 3115 est
3216 3052 3593 3127 curandum,
3647 3051 4004 3114 secundum

897 3152 1270 3226 defendunt,
1313 3150 1514 3233 parati
1566 3149 1817 3231 corrigi,
1858 3168 1985 3213 non
2034 3157 2184 3212 sunt
2227 3150 2392 3212 inter

896 3250 1228 3314 haereticos
1272 3248 1702 3332 computandi.
1742 3248 1884 3312 Haec
1927 3248 2385 3311 Bonaventura.

975 3350 1164 3412 Porro
1192 3348 1465 3411 Thomas
1496 3347 1558 3408 in
1591 3348 1869 3409 secunda
1898 3346 2392 3429 secundae,quae-

897 3447 1101 3510 stione
1143 3444 1483 3509 undecima
1517 3465 1530 3510 :
1571 3444 1830 3519 Electio,
1876 3444 2104 3527 inquit,
2149 3452 2393 3527 spectat

895 3547 974 3609 ad
1015 3544 1328 3608 haeresim.
1363 3544 1603 3607 Electio
1641 3551 1853 3606 autem
1897 3550 1994 3607 est
2033 3543 2389 3607 mediorum

893 3645 972 3707 ad
1012 3644 1236 3717 finem,
1271 3642 1733 3725 praesupposito
1762 3641 1914 3705 fine.
1949 3643 2020 3704 In
2057 3642 2390 3705 credendis

893 3760 1044 3805 vero
1073 3742 1364 3805 voluntas
1393 3741 1658 3803 assentit
1686 3740 1877 3802 alicui
1909 3758 2077 3815 vero,
2091 3747 2393 3822 tanquam

893 3840 1152 3924 proprio
1200 3839 1386 3902 bono.
1441 3838 1616 3901 Unde
1674 3839 1842 3920 quod
1892 3847 1988 3901 est
2036 3838 2391 3921 principale

891 3958 1138 4013 verum,
1174 3938 1366 4001 habet
1409 3938 1719 4001 rationem
1763 3937 1915 4000 finis
1960 3936 2208 4018 ultimi3
2249 3958 2391 4020 quae

892 4046 1106 4101 autem
1156 4034 1533 4099 secundaria
1581 4042 1750 4109 sunt,
1793 4033 2030 4097 habent
2079 4036 2389 4099 rationem

891 4154 1113 4200 eorum
1155 4154 1297 4217 quae
1337 4139 1485 4196 sunt
1523 4133 1600 4195 ad
1640 4132 1861 4194 finem.
1896 4133 1965 4195 In
2006 4132 2136 4195 side
2175 4141 2387 4197 autem

2504 3152 2958 3234 Philosophum
2989 3152 3215 3235 quinto
3244 3152 3634 3213 Ethicorum.
3668 3151 3811 3214 Haec
3842 3150 4005 3213 Tho·

2504 3269 2637 3313 mas
2670 3250 2732 3313 in
2767 3249 3033 3332 Scripto.
3066 3286 3147 3295 —
3176 3250 3409 3312 Verum
3443 3250 3507 3311 in
3539 3248 3748 3331 prima
3774 3266 4003 3311 secun-

2501 3349 2598 3413 dae
2627 3348 2879 3430 plenius
2911 3347 3115 3420 docet,
3148 3347 3424 3429 qualiter
3450 3347 3723 3429 gravitas
3756 3347 3821 3409 in
3856 3366 4003 3430 pec-
4056 3367 4224 3421 quam

2502 3446 2658 3508 catis
2698 3445 3117 3508 diversimode
3157 3451 3221 3507 et
3258 3463 3335 3506 ex
3373 3444 3644 3509 diversis
3681 3454 3998 3527 pensatur.

2501 3544 2737 3626 Estque
2786 3542 3137 3626 probabile,
3178 3543 3348 3625 quod
3397 3542 3563 3605 sicut
3609 3542 3837 3604 caritas
3888 3543 4000 3605 Dei
4078 3566 4139 3604 m
4174 3564 4205 3603 ι.

2502 3650 2597 3705 θεῖ
2626 3660 2877 3705 summa
2904 3642 3130 3716 virtuS,
3162 3641 3255 3703 sic
3295 3641 3513 3704 odium
3551 3640 3664 3703 Dei
3702 3640 4001 3721 gravissi—

2502 3760 2678 3804 mum
2721 3741 2805 3803 sit
2844 3747 3198 3823 peccatum,
3232 3759 3434 3822 quum
3473 3748 3537 3801 et
3572 3747 3795 3803 octavo
3826 3740 4001 3801 Ethi-

2502 3857 2722 3902 corum
2755 3840 3021 3913 dicatur,
3056 3838 3225 3920 quod
3268 3837 3621 3921 pessimum
3656 3837 4005 3919 opponitur

2500 3937 2764 4021 optimo.
2794 3936 3188 4011 Quibusdam
3228 3952 3483 4019 quoque
3522 3934 3795 4008 videtur,
3828 3934 4003 4017 quod

2503 4044 2763 4119 peccata
2830 4036 2897 4098 in
2959 4034 3269 4117 Spiritum
3330 4035 3631 4097 Sanctum
3698 4032 4002 4115 gravissi·

2502 4154 2606 4198 ma
2648 4136 2794 4197 sint.

892 4233 1208 4298 credentis
1251 4239 1348 4294 est
1384 4230 1617 4313 aliquis
1663 4230 1848 4310 cujus
1893 4230 2079 4293 dictis
2124 4233 2390 4295 credens
2421 4236 2470 4297 D
2582 4233 2894 4307 Quaeritur
2931 4233 3215 4303 demum,
3249 4251 3329 4293 an
3373 4229 3653 4294 haeretici
3696 4230 3825 4293 sint
3868 4250 4003 4293 sus·

891 4330 1170 4404 assentit,
1185 4337 1248 4392 et
1276 4329 1396 4391 hoc
1427 4336 1524 4391 est
1553 4328 1906 4410 principale
1937 4328 2001 4390 in
2033 4328 2389 4410 fide3aliud

892 4440 991 4493 est
1037 4427 1371 4499 sententia,
1418 4445 1608 4509 quam
1660 4427 1984 4508 sequendo
2033 4428 2236 4490 credit
2280 4428 2391 4491 ali-

894 4529 1017 4593 cui.
1053 4528 1102 4590 A
1143 4526 1273 4589 fide
1317 4544 1468 4607 ergo
1510 4524 1856 4587 christiana
1898 4524 2241 4607 dupliciter
2283 4527 2388 4591 de·

892 4627 1118 4691 viatur.
1164 4624 1393 4698 Primo,
1425 4640 1552 4685 non
1595 4622 1999 4685 assentiendo
2044 4623 2168 4705 ipsi
2213 4625 2388 4688 Chri·

892 4733 1019 4797 sto:
1043 4731 1106 4786 et
1135 4722 1278 4784 talis
1307 4727 1404 4784 est
1434 4719 1780 4783 infidelitas
1807 4720 2167 4785 Judaeorum
2197 4729 2388 4804 atque

891 4822 1252 4906 gentilium,
1287 4818 1395 4901 qui
1439 4817 1606 4881 circa
1644 4817 1845 4881 finem
1889 4818 2126 4881 habent
2165 4821 2388 4884 volun-

889 4929 1085 4985 tatem
1131 4935 1515 5002 perversam.
1555 4916 1868 4991 Secundo,
1903 4935 2019 4998 per
2057 4918 2179 4980 hoc
2218 4920 2388 5001 quod

890 5019 1037 5104 quis
1097 5016 1346 5081 Christo
1403 5014 1710 5077 assentire
1770 5014 2063 5089 intendit,
2117 5018 2229 5079 sed
2288 5036 2388 5080 er-

894 5126 991 5181 rat
1035 5116 1100 5178 in
1147 5114 1399 5189 mediiS,
1431 5112 1726 5193 eligendo
1768 5131 1844 5174 ea
1886 5132 2029 5194 quae
2072 5132 2200 5177 non
2242 5124 2392 5179 sunt

892 5214 1121 5278 tradita
1167 5234 1204 5276 a
1250 5210 1521 5284 Christe,
1573 5210 1684 5273 sed
1734 5229 1878 5292 quae
1926 5212 2183 5294 propria
2229 5214 2389 5278 ratio

893 5312 1194 5395 suggerit,
1226 5318 1291 5374 et
1316 5309 1497 5392 juxta
1536 5308 1867 5391 proprium
1904 5328 2163 5373 sensum
2195 5312 2390 5375 verba

2500 4331 2767 4395 tinendi.
2802 4330 2894 4393 Ad
2926 4330 3097 4413 quod
3138 4329 3307 4392 idem
3339 4330 3569 4393 Doctor
3606 4329 3953 4411 respondet
3986 4345 3999 4389 :

2500 4430 2768 4494 Haeresis
2833 4435 2929 4491 est
2986 4427 3215 4491 vitium
3282 4427 3677 4490 infectivum.
3739 4427 4003 4510 Propter

2500 4528 2669 4611 quod
2709 4528 2788 4589 ad
2818 4526 3221 4590 Timotheum
3256 4525 3336 4587 de
3368 4525 3683 4588 haereticis
3719 4524 3809 4587 ait
3838 4526 4001 4608 Apo—

2500 4626 2699 4689 stolus
2734 4642 2748 4687 :
2780 4624 3047 4687 Multum
3084 4622 3437 4706 proficiunt
3461 4624 3541 4685 ad
3578 4622 3997 4705 impietatem,
4055 4644 4086 4687 ιι
4109 4641 4218 4683 rm:

2500 4734 2563 4789 et
2593 4742 2803 4788 sermo
2832 4742 3055 4787 eorum
3086 4732 3157 4786 ut
3186 4741 3415 4785 cancer
3442 4722 3658 4804 serpit.
3694 4722 3855 4784 Hinc
3888 4723 3998 4785 Ec·
4032 4710 4088 4755 ¹⁶²
4110 4707 4165 4746 ¹⁷·

2500 4824 2694 4887 clesia
2742 4840 2851 4885 eos
2896 4840 2933 4884 a
2982 4821 3301 4885 consortio
3348 4820 3629 4884 excludit
3676 4820 3997 4895 fidelium,

2501 4918 2852 5003 praesertim
2892 4936 2973 4981 ne
3003 4916 3332 5001 simplices
3362 4925 3817 4980 conversentur
3850 4936 3998 4981 cum

2498 5018 2615 5093 θίε,
2646 5036 2729 5081 ne
2768 5024 3277 5099 corrumpantur.
3311 5016 3457 5079 Ideo
3496 5034 3612 5098 per
3643 5014 3999 5078 Ecclesiam

2499 5118 2974 5179 incarcerantur
3029 5122 3093 5178 et
3150 5114 3527 5198 puniuntur,
3589 5113 3996 5197 potissimum

2500 5214 2551 5277 si
2596 5213 2889 5277 inficiant
2923 5213 3100 5277 alios,
3135 5214 3198 5277 Si
3236 5221 3452 5276 autem
3489 5230 3619 5276 non
3658 5212 3998 5276 inficerent

2502 5313 2681 5387 alioS,
2715 5319 2974 5394 possent
3004 5310 3277 5375 tolerari.
3312 5310 3428 5384 Qui
3459 5328 3611 5374 vero
3643 5319 3795 5373 sunt
3820 5309 3994 5373 sirmi
