4267 6250
1217 459 1394 508 mn
1433 461 1497 507 rv
1535 459 2020 507 smmuntn.
2061 478 2143 488 —
2182 460 2337 507 nm.
2378 461 2485 507 nv
3272 442 3389 507 351

303 635 632 717 fleverunt,
661 635 964 700 iterando
999 635 1448 700 committunt.
1479 635 1688 699 Isaias
1711 635 1796 700 de
1821 635 2275 717 peccatoribus
2302 635 2465 698 dicit
2496 657 2514 698 ε
2546 635 2915 714 Lavamini,
2946 635 3179 698 mundi
3214 637 3393 700 esto·
3436 653 3541 728 raa.
3560 654 3685 700 sn«.

303 755 386 816 te.
423 753 710 816 Lavatur
749 755 818 817 et
853 752 1144 816 mundus
1178 755 1304 830 est,
1343 753 1462 833 qui
1499 754 1566 816 et
1599 752 1934 833 praeterita
1966 752 2245 833 plangit,
2288 754 2355 815 et
2389 752 2605 816 flenda
2644 753 2886 815 iterum
2918 770 3053 816 non
3090 754 3397 816 commit-
3416 716 3687 824 'Jffl'm‘'

304 872 398 932 tit.
433 871 716 934 Lavatur
742 873 809 935 et
835 888 970 933 non
999 873 1101 934 est
1135 870 1452 949 munduS,
1483 869 1600 950 qui
1625 871 1880 951 plangit
1905 886 2054 950 quae
2081 871 2311 950 gessit,
2342 887 2463 932 nec
2498 871 2779 950 deserit3
2818 873 2885 932 et
2910 874 3062 952 post
3090 871 3395 934 lacrimas
3446 843 3511 886 ¹⁸·
3530 847 3641 894 ''¹‘'

304 1005 376 1052 ea
409 1005 554 1068 quae
598 987 954 1050 defleverat
992 988 1252 1068 repetit.
1295 987 1466 1049 Item
1500 987 1918 1068 Augustinus
1957 1005 1974 1046 z
2021 987 2247 1049 Inanis
2292 989 2395 1050 eet
2436 987 2821 1068 poeniteutia
2862 1005 3065 1068 quam
3110 1005 3395 1070 sequens
3442 1003 3507 1078 p·
3530 1003 3689 1049 rua.

303 1103 488 1184 ⁰¹¹¹P³
522 1103 926 1184 mimum&
967 1102 1154 1165 Nihil
1187 1103 1466 1184 prosunt
1501 1101 1810 1180 lamenta,
1847 1103 1905 1164 si
1943 1102 2343 1184 replicantm
2375 1105 2661 1184 peecata.
2702 1104 2885 1167 Nihil
2922 1104 3097 1167 valet
3132 1105 3395 1168 veniam
3418 1067 3691 1116 ‘'⁸²¹¹'·²¹²

303 1237 338 1282 a
371 1219 562 1282 malis
595 1237 888 1301 poscere,
923 1221 988 1282 et
1025 1219 1202 1282 mala
1234 1218 1452 1283 denuo
1489 1219 1747 1282 iterare.
1780 1219 1946 1282 Item
1977 1219 2337 1300 Gregorius
2366 1239 2383 1280 ε
2416 1219 2547 1293 Qui
2582 1221 2939 1284 commissa
2965 1221 3241 1302 plangit,
3274 1238 3395 1284 nec
3472 1236 3647 1294 ungu.

303 1339 514 1400 tamen
549 1335 812 1416 deserit,
845 1353 1058 1417 poenae
1089 1335 1377 1416 graviori
1413 1353 1486 1398 se
1521 1334 1810 1416 subjicit.
1853 1336 2022 1398 Item
2050 1334 2445 1399 Ambrosius
2477 1355 2493 1397 :
2524 1335 2971 1416 Reperiuntur
2996 1337 3115 1418 qui
3148 1337 3397 1418 saepius
3418 1298 3695 1418 ffi‘ssgssf·

303 1453 610 1534 agendam
642 1453 1100 1534 poenitentiam
1137 1453 1398 1532 putant,
1431 1453 1548 1533 qui
1585 1451 2003 1516 luxuriantur
2034 1451 2104 1514 in
2133 1451 2419 1516 Christo.
2450 1453 2623 1516 Nam
2658 1453 2718 1516 si
2750 1470 2903 1518 vere
2937 1454 3392 1536 poenitentiam
3422 1425 3693 1531 pffi'uffi

305 1569 368 1632 in
403 1569 662 1632 Christo
699 1569 990 1649 agerent,
1021 1568 1386 1631 iterandam
1425 1569 1656 1648 postea
1690 1583 1822 1630 non
1859 1568 2167 1648 putarent
2206 1587 2223 1626 ε
2264 1569 2421 1649 quia
2456 1569 2629 1632 sicut
2664 1587 2874 1632 unum
2912 1569 3277 1652 Baptisma,
3300 1571 3397 1634 ita
3418 1562 3523 1599 ⁰¹¹¹·
3540 1553 3610 1594 ⁹⁵·

305 1687 397 1748 est
422 1703 556 1749 una
587 1685 1008 1749 Poenitentia.
1039 1719 1132 1730 -
1157 1684 1286 1747 His
1321 1685 1602 1764 aliisque
1635 1682 1938 1764 pluribus
1973 1685 2251 1747 utuntur
2288 1685 2357 1748 in
2392 1685 2821 1748 assertionem
2857 1705 2997 1750 suae
3034 1687 3389 1768 opinionis.

305 1802 426 1866 Sed
452 1801 846 1865 Ambrosius
875 1801 1038 1864 dicit
1071 1821 1086 1862 :
1119 1800 1282 1864 Haec
1311 1817 1466 1864 vera
1491 1799 1878 1881 poeniteutia
1905 1800 2028 1880 est,
2055 1817 2309 1864 cessare
2336 1819 2377 1863 a
2402 1803 2691 1882 peccato.
2724 1803 2809 1864 Et
2850 1802 3087 1866 iterum
3124 1824 3140 1864 ε
3172 1803 3393 1885 Magni
3420 1818 3695 1865 Aah-mim.

305 1920 626 2002 profectus
670 1920 796 1999 est,
837 1919 1248 1982 renuntiasse
1291 1918 1520 1981 errori.
1559 1917 1860 1980 Imbutos
1905 1918 2084 1980 enim
2119 1919 2303 1982 vitiis
2346 1917 2605 1982 animos
2650 1936 2889 1984 exuere
2933 1923 3133 2002 atque
3174 1939 3395 1986 emen·
3420 1883 3691 1990 {fucum

305 2037 472 2116 dare,
511 2035 778 2099 virtutis
823 2037 925 2098 est
967 2034 1276 2116 perfectae
1321 2035 1388 2098 et
1433 2033 1718 2097 coelaetis
1759 2035 2012 2114 gratiae.
3420 2010 3693 2128 gaz-⁸:

3421 2137 3575 2184 non.
3592 2137 3693 2186 ιε,

810 2267 890 2330 Β.
931 2271 1032 2330 De
1079 2269 1552 2342 Poenitentta,
1601 2268 1674 2329 et
1715 2268 2245 2331 determinatio
2284 2271 2875 2340 praemissorum.
3424 2203 3467 2244 ³⁸

431 2485 511 2548 Et
547 2483 700 2547 ideo
737 2500 898 2546 sane
935 2483 1028 2544 ita
1061 2481 1322 2546 definiri
1361 2481 1580 2562 potest
1614 2501 1629 2540 :
1660 2479 2056 2543 Poenitentia
2092 2482 2194 2543 est
2228 2480 2441 2544 virtus
2476 2496 2609 2561 qua
2644 2482 3001 2545 commissa
3036 2481 3211 2545 mala
3246 2500 3399 2546 cum

311 2599 776 2665 emendationis
831 2597 1172 2679 proposito
1225 2596 1605 2677 plangimus
1657 2597 1724 2659 et
1771 2595 2058 2676 odimus,
2117 2597 2183 2660 et
2236 2596 2603 2678 plangenda
2656 2596 2935 2660 ulterius
2990 2599 3401 2662 committere

309 2717 608 2780 nolumus
639 2735 656 2776 ε
691 2715 850 2796 quia
879 2713 1266 2794 poenitentia
1311 2729 1466 2775 vera
1503 2713 1626 2790 est,
1659 2712 1729 2774 in
1765 2712 1988 2774 animo
2023 2712 2247 2776 dolere
2283 2715 2349 2776 et
2384 2712 2567 2776 odire
2603 2713 2787 2775 vitia.
2825 2713 3012 2778 Unde
3048 2715 3165 2777 illa
3204 2715 3403 2779 verba

309 2833 662 2912 praemissa,
694 2830 1022 2894 Poenitere
1059 2832 1160 2892 est
1193 2829 1493 2892 anteacta
1531 2826 1794 2907 deflere,
1827 2829 1892 2891 et
1926 2827 2143 2891 flenda
2179 2846 2312 2893 non
2349 2829 2783 2909 committere,
2832 2833 3005 2894 recte
3050 2832 3147 2894 sic
3190 2831 3401 2914 accipi

307 2951 594 3029 possunt,
627 2949 706 3012 ut
729 2965 866 3010 non
902 2947 987 3010 ad
1013 2947 1274 3011 diversa
1301 2947 1622 3027 tempora,
1653 2945 1770 3008 sed
1794 2945 1880 3006 ad
1907 2945 2084 3008 idem
2123 2947 2488 3010 referantur
2516 2967 2533 3007 :
2566 2947 2643 3009 ut
2666 2947 2919 3010 scilicet
2944 2949 3240 3030 tempore
3268 2966 3401 3031 quo

306 3064 484 3130 deflet
527 3065 890 3130 commissa
925 3063 1122 3143 mala,
1155 3078 1290 3126 non
1330 3061 1704 3126 committat
1740 3061 2076 3125 voluntate
2113 3060 2219 3125 vel
2256 3079 2451 3143 opere
2486 3062 2723 3127 flenda.
2756 3063 2949 3137 Quod
2986 3063 3284 3129 innuitur
3318 3083 3403 3129 ex

307 3182 510 3245 verbis
551 3180 1114 3262 consequentibus
1151 3200 1166 3241 :
1207 3180 1380 3243 Nam
1421 3179 1539 3261 qui
1579 3179 1676 3241 sic
1712 3178 1842 3241 alia
1879 3176 2199 3258 deplorat,
2247 3180 2371 3242 etc.
2420 3179 2595 3242 Hinc
2637 3179 3055 3261 Augustinus
3094 3182 3187 3244 ait
3223 3202 3240 3243 :
3280 3181 3403 3245 Ca·
3428 3204 3701 3262 auom.

309 3298 586 3361 vendum
625 3299 750 3378 est,
791 3315 874 3361 ne
915 3297 1066 3378 quis
1102 3296 1438 3360 existimet
1479 3294 1758 3358 nefanda
1799 3293 1915 3355 illa
1955 3294 2256 3371 crimina,
2291 3294 2513 3375 qualia
2554 3296 2669 3376 qui
2706 3297 2932 3377 agunt,
2962 3314 3239 3377 regnum
3276 3298 3401 3362 Dei
3428 3269 3615 3375 ”1¹02ss
3617 3272 3698 3382 οὲ,

309 3432 428 3477 non
481 3413 942 3496 possidebunt,
991 3413 1289 3493 quotidie
1334 3410 1766 3493 perpetranda
1812 3412 1878 3474 et
1933 3410 2373 3491 eleemosynis
2420 3410 2821 3475 redimenda.
2880 3412 2959 3475 In
3014 3413 3255 3478 melius
3302 3415 3403 3477 est
3427 3398 3469 3445 ⁹·
3496 3397 3563 3437 ¹⁰·

309 3532 472 3594 enim
503 3532 642 3593 vita
669 3530 1008 3610 mutanda,
1031 3532 1098 3593 et
1121 3547 1236 3612 per
1265 3529 1718 3609 eleemosynas
1745 3528 1828 3590 de
1855 3526 2141 3607 peccatis
2176 3526 2527 3609 praeteritis
2553 3528 3012 3608 propitiandus
3040 3531 3141 3593 θεῖ
3167 3530 3349 3594 Deus
3382 3550 3397 3591 :

306 3664 428 3709 non
463 3648 548 3709 ad
578 3647 704 3709 hoc
733 3646 1052 3709 emendus
1079 3644 1596 3725 quodammodo,
1625 3645 1702 3704 ut
1729 3660 1808 3707 ea
1836 3660 2097 3723 semper
2133 3643 2327 3706 liceat
2361 3643 2631 3724 impune
2669 3646 3101 3708 committere.
3134 3646 3402 3709 Nemini

309 3763 476 3825 enim
512 3762 696 3825 dedit
731 3762 1180 3824 laxamentum
1228 3758 1564 3841 peccandi,
1604 3758 1728 3820 etsi
1769 3758 2141 3821 miserando
2179 3758 2393 3821 deleat
2436 3758 2793 3821 commissa
2838 3762 3123 3839 peccata,
3164 3761 3224 3823 si
3270 3778 3402 3824 non

309 3878 662 3942 satisfactio
699 3894 990 3958 congrua
1034 3876 1425 3957 negligatur.
1467 3872 1637 3936 Item
1673 3873 1838 3937 Pius
1881 3873 2062 3954 Papa
2103 3894 2119 3935 :
2160 3873 2343 3936 Nihil
2387 3872 2654 3955 prodest
2697 3874 2952 3937 homini
2992 3875 3291 3955 jejunare
3338 3879 3403 3941 et
3459 3894 3519 3969 oe
3538 3894 3699 3939 ema.

309 4011 484 4059 orare
521 3997 587 4058 et
623 3994 754 4057 alia
792 3992 1134 4073 religionis
1171 4008 1370 4073 opera
1405 4009 1618 4074 agere,
1653 3993 1785 4056 nisi
1825 4010 2014 4056 mens
2051 3992 2136 4056 ab
2172 3992 2519 4074 iniquitate
2556 3994 2917 4057 revocetur.
2952 4030 3043 4039 —
3072 3994 3201 4067 Qui
3248 4014 3401 4078 ergo
3429 3957 3535 4063 32⁸}
3564 3971 3625 4009 'n'
3654 3972 3695 4002 θ’

307 4128 342 4173 a
361 4111 554 4175 malis
582 4111 680 4174 sic
708 4109 1000 4173 mentem
1030 4110 1315 4188 revocat,
1330 4110 1404 4171 ut
1433 4109 1790 4173 commissa
1815 4108 2106 4190 plangat,
2124 4110 2189 4173 et
2218 4107 2587 4191 plangenda
2613 4110 3027 4174 committere
3054 4128 3189 4175 non
3216 4113 3397 4193 velit,

304 4244 417 4291 nec
447 4226 828 4291 satisfacere
869 4224 1182 4305 negligat,
1217 4240 1370 4287 vere
1411 4224 1707 4305 poenitet.
1741 4224 1878 4289 Nec
1920 4224 2068 4289 ideo
2107 4242 2242 4288 non
2280 4226 2379 4288 est
2406 4242 2561 4288 vera
2601 4225 3007 4306 poenitentia,
3039 4228 3197 4308 quia
3234 4227 3401 4293 forte

305 4346 450 4423 post
473 4360 608 4406 non
635 4342 719 4406 de
756 4341 1120 4422 proposito,
1153 4340 1270 4403 sed
1297 4356 1454 4403 casu
1481 4339 1588 4403 vel
1624 4339 2005 4403 infirmitate
2034 4339 2350 4420 peccabit.
2382 4338 2503 4402 Ille
2534 4342 2755 4403 autem
2793 4340 3021 4404 irrisor
3048 4346 3147 4406 est
3175 4345 3242 4407 et
3268 4361 3401 4407 non
3431 4360 3699 4417 nugas-nm·

305 4460 648 4540 poeniten-3,
689 4457 806 4539 qui
853 4456 950 4519 sic
987 4456 1344 4519 commissa
1381 4454 1658 4537 plangit,
1701 4457 1776 4519 ut
1815 4454 2184 4537 plangenda
2221 4455 2559 4522 voluntate
2597 4454 2701 4519 vel
2747 4472 2942 4536 opere
2989 4460 3401 4525 committere
3428 4424 3697 4541 3222&ss

308 4592 434 4639 non
469 4576 750 4639 desinat.
785 4572 906 4636 Ille
943 4572 1146 4635 etiam
1181 4571 1296 4652 qui
1335 4571 1488 4651 post
1523 4572 1828 4636 lacrimas
1863 4572 2101 4652 repetit
2138 4588 2287 4653 quae
2324 4571 2530 4652 flevit,
2563 4570 2819 4634 lavatur
2854 4573 2936 4635 ad
2969 4575 3255 4656 tempuS‚
3287 4576 3403 4639 sed
3432 4552 3496 4592 ¹²·

311 4690 592 4755 mundus
627 4706 766 4751 non
793 4689 916 4766 est,
947 4687 1015 4750 id
1043 4687 1165 4767 est,
1196 4686 1312 4748 illa
1349 4686 1676 4749 munditia
1711 4703 1846 4749 non
1881 4690 1980 4751 est
2010 4688 2072 4750 ei
2099 4686 2431 4751 sufficiens
2466 4686 2550 4749 ad
2586 4687 2865 4751 salutem
2896 4708 2911 4748 :
2944 4689 3101 4769 quia
3138 4692 3237 4753 est
3265 4708 3407 4754 mo-

312 4809 676 4885 montanea,
691 4822 828 4867 non
854 4820 1306 4885 perseveram.
1333 4803 1500 4866 Item
1530 4801 1717 4882 illud,
1741 4803 1966 4866 Inanis
1992 4806 2093 4868 est
2119 4802 2505 4883 poenitentia
2531 4819 2731 4883 quam
2762 4819 3045 4883 sequens
3073 4804 3266 4886 culpa
3294 4824 3407 4870 co-

313 4924 632 5006 inquinat,
661 4917 761 4985 sic
809 4919 1307 5001 intelligendum
1353 4920 1456 4983 est
1487 4939 1503 4981 ε
1538 4919 1764 4982 Inanis
1800 4920 1923 4997 est,
1955 4919 2207 4982 scilicet
2244 4934 2470 4981 carens
2511 4916 2751 4996 fructu,
2794 4917 2977 4981 illius
3022 4921 3406 4999 poenitentia

313 5058 506 5122 quam
545 5054 834 5120 sequeus
871 5036 1063 5117 culpa
1107 5036 1434 5117 inquinat.
1481 5034 1669 5099 Illius
1705 5036 1882 5098 enim
1929 5034 2185 5098 fructus
2231 5035 2333 5098 est
2378 5033 2607 5096 vitatio
2656 5033 2994 5114 gehennae,
3040 5036 3105 5098 et
3142 5036 3404 5119 adeptio

313 5158 558 5237 gloriae.
573 5148 1009 5217 Mortificatur
1035 5152 1216 5217 enim
1243 5150 1358 5215 illa
1385 5151 1794 5233 poenitentia,
1807 5153 1871 5215 et
1894 5151 2024 5214 alia
2045 5150 2340 5214 anteacta
2362 5148 2557 5229 bona,
2574 5166 2691 5230 per
2718 5165 3001 5230 sequens
3027 5154 3400 5231 peccatum:

312 5276 382 5337 ut
423 5290 558 5337 non
601 5268 965 5335 sortiantur
1009 5268 1375 5333 mercedem
1415 5284 1613 5349 quam
1661 5268 2043 5332 meruerunt
2084 5283 2293 5347 quum
2342 5266 2593 5345 fierent,
2644 5266 2708 5328 et
2744 5281 2947 5345 quam
2992 5266 3304 5331 haberent
3347 5270 3406 5335 si
