4267 6250
104 4983 145 5024 ii.

828 511 1054 566 QUAEST.
1098 510 1165 557 111
1208 511 1223 555 2
1264 510 1351 556 AN
1393 508 1587 556 Fumo
1629 508 1920 555 mptum
1958 507 2244 555 BAr'nslu
2285 507 2618 567 Brmcrnu,
2660 508 2787 555 HC.

3242 490 3360 555 127

276 678 467 741 tionis.
498 676 749 743 Etenim
792 680 1012 744 lumen
1050 688 1147 743 est
1174 698 1303 763 quo
1339 680 1403 743 in
1436 680 1750 743 visionem
1779 679 1830 743 A
1866 678 1931 741 in
1968 678 2343 742 ascensione
2380 686 2638 762 apertus
2675 687 2788 743 est.
2842 677 3069 742 Tribus
3105 697 3362 762 quoque

276 776 525 858 alicujus
572 778 667 841 rei
716 778 1076 860 dirigimur.
1128 779 1491 861 Baptismus
1538 786 1751 841 autem

276 875 473 956 dirigit
499 875 565 937 in
594 875 912 940 visionem
946 876 1347 959 spiritualem
1386 878 1751 941 interiorem

278 982 333 1035 et
357 975 743 1037 exteriorem.
780 975 849 1037 ln
892 976 1283 1049 interiorem,
1318 994 1519 1058 quum
1560 976 1644 1038 sit
1677 975 1752 1038 fi-

279 1072 367 1133 dei
406 1080 895 1147 sacramentum,
930 1073 997 1135 in
1040 1091 1169 1156 quo
1213 1072 1377 1135 fides
1404 1073 1560 1155 ipsa
1602 1093 1757 1155 prae-

280 1178 479 1245 statur,
522 1192 663 1255 quae
710 1181 811 1236 est
856 1173 965 1234 lux
1014 1180 1079 1235 et
1124 1173 1349 1235 oculus
1398 1172 1631 1234 mentis
1678 1172 1755 1234 ad

280 1270 815 1351 contemplandum
846 1270 1095 1347 divina3
1114 1270 1177 1332 in
1208 1271 1603 1343 exteriorem,
1616 1287 1761 1352 quo-

248 1368 437 1431 .niam
478 1368 813 1451 baptizatis
858 1369 1228 1431 conceditur
1277 1368 1593 1451 inspicere
1636 1369 1757 1431 Eu-

250 1466 575 1530 ’charistiae
630 1474 1125 1542 sacramentum,
1177 1475 1248 1529 ut
1304 1466 1363 1530 S.
1416 1466 1753 1549 Dionysius

286 1565 450 1627 docet
487 1582 501 1627 τ
540 1566 709 1629 unde
748 1575 878 1629 tam
917 1567 1055 1649 ipse
1093 1584 1287 1648 quam
1327 1565 1753 1628 Damascenus

172 1700 241 1729 ω.
286 1663 401 1725 vim
455 1663 945 1727 illuminativam
992 1665 1320 1748 Baptismo
1376 1663 1751 1727 attribuunt.

284 1798 353 1807 —
393 1764 717 1846 Quumque
777 1764 843 1826 in
892 1765 1216 1847 Baptismo
1261 1770 1355 1826 tot
1409 1763 1757 1844 gratiarum

284 1862 634 1925 charismata
666 1861 1109 1937 infundantur,
1131 1862 1370 1945 quibus
1401 1862 1755 1945 baptizatus
1790 1861 1837 1924 B
1870 1862 1933 1923 in
1984 1862 2170 1943 cujus
2219 1861 2472 1943 signum
2529 1863 2732 1944 aperti
2781 1871 2930 1926 sunt
2976 1864 3119 1927 coeli
3169 1882 3364 1946 super
3407 1884 3657 1936 naman,

286 1960 339 2021 in
372 1980 433 2022 se
460 1961 593 2045 ipso
622 1962 1042 2044 spiritualiter
1068 1960 1451 2024 fecundatur
1478 1962 1557 2022 ad
1591 1960 1755 2023 bene

283 2060 595 2140 agendum,
648 2070 821 2123 recte
868 2059 1227 2124 fecunditas
1274 2060 1455 2143 quasi
1504 2060 1757 2142 passiva

283 2156 577 2240 Baptismo
602 2159 1009 2222 adscribitur.
1030 2158 1406 2222 Fecunditas
1434 2167 1647 2222 autem
1676 2159 1757 2221 ad

286 2258 737 2338 producendum
788 2258 1072 2321 fructum
1114 2258 1419 2322 doctriuae
1458 2276 1755 2340 operum-

286 2374 391 2435 que
418 2356 727 2420 bonorum
759 2358 825 2419 in
853 2357 1015 2431 aliis,
1030 2360 1431 2420 'sacramento
1460 2356 1759 2420 convenit

287 2452 528 2516 Ordinis..
570 2490 653 2501 —-
700 2455 1015 2538 Amplius,
1067 2454 1317 2519 Christo
1366 2454 1758 2537 incorporari

288 2552 569 2633 contingit
607 2553 973 2635 dupliciter,
1006 2552 1255 2615 scilicet
1294 2553 1520 2615 merito
1554 2561 1618 2615 et
1646 2572 1760 2615 nu-

290 2668 455 2713 mero.
499 2652 576 2714 Et
614 2652 843 2715 merito
890 2658 1098 2734 potest
1134 2652 1195 2714 ei
1236 2652 1427 2715 homo
1466 2651 1758 2735 incorpo-

290 2749 390 2810 rari
433 2758 771 2833 antequam
826 2751 1158 2814 actualiter
1202 2750 1581 2834 baptizetur,
1630 2768 1757 2813 non

288 2854 473 2910 tamen
500 2858 645 2911 ante
675 2849 1077 2932 propositum
1106 2849 1623 2931 desideriumque
1650 2850 1761 2912 Ba·

292 2947 502 3025 ptismi,
534 2954 823 3030 tempore
865 2948 1085 3029 gratiae
1126 2948 1435 3011 revelatae.
1479 2947 1758 3010 Numero

1864 776 1963 841 his
2005 778 2212 841 modis
2247 777 2818 841 instrumentaliter
2844 778 2976 860 agit
3001 778 3363 860 Baptismus

1866 876 1931 938 in
1979 876 2118 940 isto.
2153 876 2298 958 Agit
2340 896 2619 959 namque
2661 877 2727 939 in
2769 876 3006 940 virtute
3050 877 3364 961 passionis

1864 983 1927 1037 et
1970 975 2454 1038 resurrectionis
2503 982 2567 1037 et
2607 974 3018 1050 ascensioniS,
3061 975 3128 1037 in
3167 995 3364 1058 quan-

1866 1080 2003 1135 tum
2044 1073 2238 1137 homo
2268 1074 2518 1137 Christo
2555 1073 2993 1155 configuratur
3032 1091 3218 1156 passo
3251 1092 3366 1157 per

1869 1170 2374 1245 immersionem,
2426 1191 2553 1254 qua
2600 1172 2850 1235 Christo
2897 1172 3365 1254 quodammodo

1866 1270 2318 1351 consepelitur,
2351 1277 2416 1332 et
2443 1270 2503 1332 ei
2535 1270 2913 1351 resurgenti,
2944 1278 3256 1352 quantum
3285 1271 3365 1333 ad

1866 1368 2138 1431 nitorem
2171 1368 2283 1451 qui
2314 1368 2578 1431 resultat
2607 1388 2684 1432 ex
2713 1388 2900 1452 aqua,
2933 1376 2997 1431 et
3024 1369 3366 1431 ascenden-

1867 1467 1938 1541 ti,
1981 1475 2288 1549 quantum
2339 1469 2418 1531 ad
2468 1468 2889 1533 elevationem
2937 1468 3237 1551 baptizati
3286 1469 3365 1532 de

1866 1584 2047 1629 sacro
2088 1565 2282 1629 fonte.
2317 1567 2494 1631 Unde
2535 1568 2896 1650 Baptismus
2939 1568 3218 1650 passioni
3259 1586 3366 1651 ap-

1865 1665 2250 1748 propriatur,
2283 1684 2483 1748 quum
2522 1673 2588 1728 et
2618 1665 2820 1748 gloria
2857 1667 3088 1731 animae
3127 1666 3365 1749 princi-

1866 1762 2071 1845 palior
2107 1763 2192 1825 sit
2219 1770 2284 1826 et
2313 1782 2504 1826 causa
2533 1765 3004 1846 quodammodo
3041 1765 3310 1828 aliorum
3343 1782 3358 1829 :

1866 1960 2208 2024 Dominum
2249 1961 2658 2044 baptizatum.
2690 1998 2772 2008 —
2801 1963 2942 2026 Haec
2981 1963 3250 2026 Thomas
3296 1963 3360 2025 in

1866 2058 2133 2142 Scripto.
2165 2059 2558 2123 Concordant
2586 2060 2827 2136 Petrus,
2851 2060 3199 2124 Richardus
3229 2060 3365 2124 alii-

1866 2176 1993 2240 que
2033 2158 2479 2221 communiter.

2274 2476 2747 2550 QUAESTIO
2819 2478 2944 2541 III

1997 2751 2172 2814 Ertio
2200 2751 2526 2834 quaeritur,
2558 2752 2690 2819 An
2727 2752 2948 2821 fictio
2981 2754 3370 2835 impediat

2021 2850 2421 2932 Baptisml
2463 2849 2857 2932 effectum,
2888 2853 2972 2918 et
3017 2866 3187 2920 rem
3227 2868 3368 2922 seu

1868 2948 2148 3025 gratiae
2177 2944 2684 3027 infusionem,
2717 2950 2833 3015 ita
2863 2949 3076 3029 quod
3114 2950 3370 3019 fictio-

290 3053 475 3107 autem
520 3064 647 3109 non
692 3054 903 3129 potest
942 3046 1089 3130 quis
1132 3048 1211 3109 de
1254 3046 1538 3109 Ecclesia
1578 3046 1755 3109 effici
1788 3047 1831 3112 C
1867 3060 1966 3111 ne
2008 3044 2323 3127 abjecta
2361 3044 2819 3113 infunditur
2857 3048 3147 3127 gratia.

292 3143 395 3206 nisi
438 3164 548 3228 per
592 3145 1013 3228 Baptismum,
1058 3153 1205 3209 ante
1252 3165 1446 3228 quem
1492 3147 1571 3208 ad
1621 3146 1760 3209 nul·

294 3241 405 3305 lum
440 3245 607 3307 aliud
636 3244 939 3309 Ecclesiae
971 3253 1442 3308 sacramentum
1482 3244 1759 3309 admitti·

292 3347 381 3403 tur
416 3343 616 3407 homo.

358 3441 645 3525 Denique,
678 3442 929 3525 aperire
961 3442 1223 3524 januam
1262 3443 1439 3524 regni
1480 3443 1758 3506 coelestis

294 3537 367 3599 nil
392 3539 553 3602 aliud
580 3548 679 3603 est
706 3560 899 3623 quam
944 3541 1476 3624 impedimentum
1512 3560 1641 3624 quo
1669 3551 1759 3604 to-

294 3636 331 3696 ti
367 3640 567 3718 generi
607 3640 893 3702 humano
932 3638 1391 3721 prohibebatur
1435 3639 1756 3721 ingressus

296 3733 348 3796 in
374 3753 623 3816 regnum
655 3737 963 3800 coelorum
992 3745 1251 3819 propter
1278 3737 1588 3819 originale
1619 3757 1761 3820 pec-

294 3841 498 3909 catum,
520 3834 789 3898 auferre.
820 3836 949 3898 Hoc
976 3843 1191 3898 autem
1223 3835 1757 3918 impedimentum

294 3929 545 3995 Christus
576 3953 693 3996 sua
724 3933 994 3996 abstulit
1036 3934 1332 4015 passione
1377 3935 1758 4015 generaliter

296 4038 569 4109 quantum
605 4033 687 4094 ad
722 4049 973 4106 omneS,
1009 4050 1125 4114 pro
1166 4031 1460 4113 originali
1512 4032 1757 4095 satisfa-

296 4125 520 4207 ciend03
548 4129 1017 4211 particulariter
1044 4135 1259 4191 autem
1290 4127 1368 4190 fit
1403 4128 1525 4192 hoc
1564 4149 1759 4211 quan-

1946 3144 2015 3206 Iu
2067 3163 2193 3226 qua
2242 3145 2591 3227 quaestione
2646 3146 2775 3208 duo
2823 3153 3186 3228 tanguntur.
3239 3148 3368 3212 Pri-

1870 3261 2071 3316 mum,
2112 3260 2194 3304 an
2239 3241 2419 3306 fictio
2464 3242 2682 3324 gratiae
2731 3243 3122 3308 infusionem
3173 3245 3370 3328 impe-

1866 3341 2016 3404 diat.
2035 3341 2415 3414 Secundum,
2433 3360 2513 3403 an
2545 3340 2808 3405 fictione
2837 3343 3148 3420 submota,
3166 3345 3370 3426 gratia

1870 3439 2260 3502 infundatur.

1948 3538 2212 3600 Videtur
2251 3539 2418 3621 quod
2463 3536 2644 3602 fictio
2685 3557 2809 3602 non
2857 3539 3161 3624 impediat
3201 3541 3368 3605 infu-

1866 3637 2111 3700 sionem
2156 3637 2372 3719 gratiae
2410 3636 2825 3720 baptismalis.
2862 3638 3149 3703 Christus
3193 3660 3370 3703 nam-

1868 3755 1993 3818 que
2024 3754 2138 3798 sua
2177 3735 2469 3817 passione
2500 3734 2594 3797 sic
2623 3736 2818 3798 totius
2853 3737 3075 3799 mundi
3109 3747 3369 3820 peccata

1868 3834 2123 3908 delevit,
2157 3834 2326 3916 quod
2366 3833 2556 3896 etiam
2605 3834 2814 3917 ipsum
2859 3843 3189 3917 peccatum
3229 3855 3368 3899 cru-

1869 3933 2272 4015 cifigentium
2303 3951 2475 4006 eum,
2511 3931 2741 3995 merito
2769 3952 2900 3997 suae
2930 3934 3242 4015 passionis
3273 3943 3369 3998 tu-

1870 4030 1943 4093 lit
1980 4039 2043 4093 et
2080 4031 2380 4114 expiavit,
2416 4037 2487 4091 ut
2519 4049 2714 4112 super
2739 4031 3043 4094 Joannem
3085 4031 3369 4115 loquitur

1866 4129 2277 4209 Augustinus.
2311 4128 2517 4201 Quum
2557 4146 2706 4210 ergo
2739 4129 3102 4212 Baptismus
3141 4131 3208 4193 in
3242 4131 3369 4193 vir-

294 4230 409 4288 tum
438 4227 511 4288 ad
537 4228 731 4290 istum
763 4227 865 4290 vel
897 4227 1105 4300 illum,
1139 4245 1256 4309 per
1282 4227 1403 4290 hoc
1434 4228 1605 4309 quod
1634 4227 1757 4289 vir·
1789 4230 1838 4293 D
1866 4235 2001 4289 tute
2049 4226 2362 4310 passionis
2411 4227 2749 4290 dominicae
2801 4235 3122 4310 operetur,
3173 4229 3368 4295 etiam

296 4330 381 4385 tus
410 4333 469 4388 et
496 4327 793 4389 meritum
834 4325 1171 4389 dominicae
1211 4325 1525 4407 passionis
1558 4326 1652 4389 eis
1692 4327 1757 4389 in

298 4419 584 4502 Baptismo
610 4423 971 4507 applicatur
996 4431 1188 4506 atque
1220 4423 1754 4488 communicatur:

298 4519 487 4603 sicque
516 4523 873 4604 Baptismus
905 4528 1002 4584 est
1030 4540 1222 4584 causa
1256 4522 1758 4586 instrumentalis

300 4617 465 4699 hujus
507 4621 793 4684 effectus.
846 4621 1037 4684 Porro
1082 4620 1293 4684 aditus
1346 4621 1525 4702 regni
1574 4621 1761 4686 coelo-

301 4734 419 4779 rum
456 4720 734 4802 aperitur
773 4719 1131 4801 tripliciter.
1176 4719 1407 4795 Prim0,
1448 4728 1758 4802 quantum

301 4816 363 4878 ad
402 4818 655 4898 gloriam
702 4819 970 4897 animae3
1010 4825 1075 4881 et
1121 4818 1210 4881 ita
1252 4825 1511 4900 apertus
1554 4826 1650 4882 est
1692 4819 1759 4882 in

116 4917 281 4977 ι··ι-ιιιιι.
302 4914 501 4980 Christi
544 4917 858 5000 passione,
891 4936 1093 4999 quum
1131 4916 1294 4980 dixit
1336 4917 1561 4980 latroni
1597 4937 1611 4981 ε
1646 4919 1762 4980 Ho-

302 5013 387 5076 die
412 5035 645 5079 mecum
674 5017 804 5079 eris
833 5016 901 5078 in
932 5017 1236 5099 paradiso.
1254 5016 1558 5090 Secundo,
1572 5036 1763 5099 quan-

304 5119 416 5176 tum
452 5115 525 5178 ad
562 5115 831 5197 gloriam
877 5113 1161 5196 corporis
1208 5131 1221 5176 :
1268 5121 1333 5176 et
1376 5113 1461 5175 ita
1502 5121 1759 5197 apertus

306 5214 464 5276 estin
488 5214 805 5278 dominica
836 5213 1313 5276 resurrectione.
1330 5213 1763 5295 Terti0,quan·

307 5317 419 5374 tum
443 5314 516 5376 ad
543 5315 755 5379 locum
788 5313 1006 5396 gloriae
1034 5320 1492 5394 congruentem
1526 5331 1539 5376 :
1574 5318 1638 5375 et
1668 5312 1759 5375 sic

1870 4326 2071 4408 ipsam
2126 4325 2456 4389 fictionem
2503 4325 2866 4388 accedentis
2915 4325 3090 4401 ficte,
3142 4346 3369 4392 consu·

1871 4443 2043 4487 mere
2073 4430 2138 4485 et
2164 4422 2414 4486 auferre
2445 4423 2718 4498 videtur,
2737 4435 2811 4487 a'c
2841 4444 3028 4487 suum
3061 4426 3368 4491 effectum

1870 4522 2100 4586 sortiri.
2134 4558 2217 4568 —
2243 4522 2371 4585 Nec
2401 4522 2656 4585 videtur
2687 4523 2967 4587 humana
3001 4525 3242 4589 malitia
3274 4528 3368 4590 di-

1868 4621 2035 4685 vinae
2091 4639 2278 4703 posse
2336 4620 2558 4684 virtuti
2620 4621 2937 4697 resistere,
2999 4641 3118 4686 nec
3181 4643 3369 4690 causa

1870 4728 2077 4783 creata
2119 4719 2618 4802 supernaturalis
2657 4737 2864 4785 causae
2901 4720 3207 4785 effectum
3256 4724 3369 4787 im-

1870 4818 2108 4900 pedire.

1949 5015 2129 5078 Circa
2167 5015 2301 5078 haec
2331 5013 2557 5076 scribit
2583 5013 2880 5077 Albertus
2913 5031 2927 5076 ε
2961 5014 3365 5098 Quadruplex

1868 5113 2048 5176 fictio
2076 5131 2156 5175 ex
2186 5111 2372 5176 dictis
2401 5112 2468 5174 B.
2493 5111 2828 5193 Augustini
2857 5112 3196 5193 colligitur.
3231 5113 3364 5176 Tri-

1870 5213 2015 5296 plex
2047 5220 2259 5274 tamen
2292 5210 2470 5272 fictio
2499 5209 2819 5292 praecipue
2849 5210 3107 5293 ponitur
3135 5211 3200 5274 in
3229 5231 3364 5276 sus-

1868 5311 2148 5394 cipiente
2196 5308 2600 5373 Eucharistiae
2649 5316 3134 5388 sacramentum,
3172 5319 3236 5375 et
3273 5313 3360 5377 si-

3395 1950 3459 1991 tu.
