4267 6250
870 500 1093 559 Qum.
1136 500 1183 547 11
1224 500 1239 546 2
1280 498 1368 547 AN
1406 496 1743 547 emmaus
1784 495 2110 546 comesto
2149 494 2386 545 untur
2423 492 2734 544 nomana
2773 491 2989 543 0131.er
3358 473 3482 541 569

369 672 635 756 plenam
684 673 994 737 rationem
1044 672 1289 756 peccati
1338 670 1712 746 sortiuntur,
1752 686 1871 733 nec
1900 669 1953 734 A
1981 667 2152 753 plius
2183 665 2472 750 indigent
2500 666 2860 743 medicinis„
2881 684 2999 733 nec
3029 666 3240 731 denuo
3269 663 3481 733 dimit-

370 770 727 834 amicitiam
758 772 871 835 Dei
902 770 1280 854 impediunt.
1314 770 1451 835 Non
1485 775 1700 832 tamen
1730 776 1873 850 post

368 870 571 933 vitam
612 869 778 933 hanc
816 876 913 933 est
949 869 1127 933 locus
1162 875 1275 932 aut
1310 868 1586 952 spatium
1626 884 1873 952 prome-

370 968 554 1030 rendi
608 968 941 1051 praemium
992 967 1351 1040 essentiale,
1388 974 1498 1030 aut
1544 965 1871 1029 crescendi

370 1065 437 1127 in
479 1066 687 1147 gratia
724 1072 974 1147 gratum
1017 1065 1292 1129 faciente
1328 1073 1437 1127 aut
1477 1063 1697 1146 gloria.

452 1165 617 1228 Hinc
660 1182 915 1248 quoque
956 1164 1181 1227 scribit
1225 1163 1561 1227 Durandus
1594 1180 1608 1225 :
1641 1161 1870 1244 Opinio

368 1261 483 1325 illa
519 1280 651 1326 non
688 1262 875 1325 valet.
908 1262 1085 1338 Quod
1124 1270 1197 1325 ut
1238 1261 1595 1325 evidentius
1638 1267 1866 1343 pateat,

366 1361 721 1425 videndum
752 1363 908 1445 quid
938 1362 1023 1424 sit
1050 1367 1383 1445 peccatum
1414 1360 1646 1423 dimitti
1678 1378 1873 1444 quan-

367 1466 508 1523 tum
539 1461 621 1523 ad
653 1460 929 1543 culpam.
954 1461 1173 1542 Itaque
1200 1459 1873 1540 advertendum,quod

368 1558 437 1621 in
470 1565 735 1640 peccato
765 1558 1017 1621 mortali
1048 1557 1329 1641 primum
1360 1565 1459 1621 est
1484 1556 1873 1621 deordinatio

366 1664 572 1731 actus,
604 1656 673 1719 in
706 1674 836 1739 qua
873 1656 1164 1719 consistit
1200 1656 1484 1735 macula3
1516 1655 1869 1719 secundum

365 1762 465 1819 est
512 1754 787 1838 privatio
832 1755 1071 1836 gratiae,
1106 1774 1251 1837 quae
1297 1754 1533 1817 dicitur
1579 1751 1867 1833 offensa3

1977 774 2214 831 tuntur.

2059 964 2239 1028 Circa
2270 965 2404 1029 haec
2431 964 2656 1028 scribit
2685 964 3001 1038 Albertus,
3020 964 3189 1046 quod
3221 981 3479 1046 respon-

1979 1062 2190 1127 siones
2232 1062 2311 1126 ad
2352 1063 2472 1126 ista
2514 1070 2734 1146 patent
2777 1081 2857 1126 ex
2898 1061 3331 1145 praeinductis,
3359 1061 3476 1125 De·
3563 1080 3635 1137 cr.
3665 1080 3770 1125 dise.

1980 1161 2289 1224 claretum
2347 1171 2443 1224 est
2498 1162 2694 1237 enim,
2747 1162 3023 1245 qualiter
3077 1160 3160 1224 sit
3217 1177 3478 1223 necesse
3505 1147 3731 1220 ¹V¹¹'‘¹·⁸.·

1980 1260 2273 1323 mortalia
2297 1262 2588 1324 universa
2619 1262 2846 1343 pariter
2873 1260 3178 1332 confiteri,
3193 1258 3258 1322 in
3287 1277 3480 1341 quan-

1978 1365 2117 1420 tum
2157 1366 2504 1423 occurrunt
2541 1359 2890 1435 memoriae,
2921 1366 2986 1421 et
3021 1360 3192 1443 quod
3234 1359 3314 1421 ad
3353 1376 3481 1421 me-

1979 1457 2252 1520 moriam
2282 1458 2411 1520 sint
2439 1457 2802 1530 revocanda,
2817 1465 3118 1541 quantum
3149 1475 3485 1538 congruen-

1980 1562 2079 1618 ter
2106 1563 2172 1618 et
2199 1555 2340 1618 sine
2383 1556 2670 1639 periculo
2697 1556 2846 1620 fieri
2884 1563 3110 1640 potest.
3144 1557 3482 1639 Quumque

1980 1653 2256 1717 oblitum
2285 1655 2440 1737 quid
2468 1656 2547 1717 ad
2579 1656 2955 1719 memoriam
2987 1655 3268 1731 redierit,
3289 1655 3485 1718 confi·

1984 1752 2252 1815 tendum
2281 1759 2378 1815 est
2407 1751 2623 1815 habita
2649 1753 2833 1835 copia
2872 1752 3256 1817 confessoris
3291 1770 3305 1815 ε
3339 1773 3482 1836 quae

365 1854 653 1927 tertium,
688 1861 897 1917 reatus
928 1872 1132 1936 poenae
1166 1871 1181 1916 ε
1214 1869 1487 1937 quorum
1516 1852 1710 1915 trium
1740 1852 1868 1943 pri-
1908 1849 1956 1912 B
1986 1849 2039 1912 si
2077 1849 2263 1923 desit,
2298 1856 2506 1932 potest
2542 1851 2688 1933 quis
2724 1852 2804 1913 ad
2843 1850 3339 1915 celebrationem
3368 1870 3482 1915 seu

366 1972 547 2015 mum
588 1960 655 2015 et
694 1952 996 2016 ultimum
1038 1958 1189 2014 sunt
1230 1969 1347 2015 suo
1387 1951 1574 2015 modo
1618 1950 1683 2013 in
1730 1970 1871 2033 pec-

366 2058 509 2114 cato
538 2050 795 2115 veniali.
818 2050 1061 2113 Dicitur
1086 2068 1237 2132 ergo
1266 2056 1599 2133 peccatum
1630 2050 1869 2113 remitti

366 2148 577 2231 quoad
608 2148 867 2230 culpam
898 2166 1011 2211 seu
1044 2147 1382 2223 maculam,
1416 2149 1671 2231 quando
1699 2166 1869 2211 reor-

365 2246 625 2310 dinatur
662 2252 841 2309 actus
880 2246 1225 2309 voluntatis
1266 2265 1381 2329 per
1416 2245 1695 2309 debitam
1740 2247 1871 2309 cul-

366 2364 463 2427 pae
489 2342 1081 2426 displicentiam3et
1108 2343 1311 2427 quoad
1342 2342 1669 2416 offensam,
1683 2362 1872 2426 quan·

365 2443 446 2505 do
486 2441 849 2504 restituitur
887 2442 1117 2523 gratia3
1148 2449 1214 2504 et
1252 2442 1403 2503 item
1444 2448 1756 2524 quantum
1790 2442 1868 2505 ad

366 2558 573 2623 poenae
616 2545 887 2612 reatum,
922 2539 1177 2620 quando
1216 2557 1406 2622 poena
1446 2538 1585 2622 ipsa
1629 2539 1869 2622 persol-

361 2636 555 2700 vitur.
589 2636 799 2711 Quum
848 2636 1043 2718 igitur
1083 2636 1377 2699 voluntas
1425 2637 1868 2704 damnatorum

362 2735 447 2798 sit
476 2733 1056 2797 inconvertibiliter
1080 2734 1393 2797 obstinata
1422 2734 1487 2797 in
1518 2734 1869 2808 ma10,nun·

362 2852 559 2915 quam
592 2832 993 2896 reordinatur
1025 2850 1041 2895 :
1073 2832 1314 2896 idcirco
1347 2852 1467 2896 nec
1495 2833 1746 2896 veniale
1774 2833 1867 2897 eis

362 2949 651 3014 unquam
694 2932 1063 3005 remittitur,
1097 2930 1448 3014 praesertim
1494 2949 1695 3013 quum
1739 2932 1868 2994 sint

1983 1948 2501 2012 communionem
2562 1948 2904 2031 procedere
2955 1968 3103 2012 cum
3154 1950 3482 2033 proposito

1980 2046 2330 2109 confitendi
2359 2054 2647 2130 tempore
2675 2055 3053 2130 opportuno.
3071 2048 3149 2111 Et
3175 2048 3480 2132 quoniam

1979 2146 2412 2210 ecclesiastica
2447 2154 2841 2209 sacramenta
2883 2154 3034 2210 sunt
3077 2147 3483 2211 medicinalia

1979 2264 2129 2307 vasa
2169 2251 2361 2327 atque
2409 2244 2630 2308 salutis
2674 2246 2976 2320 remedia,
3027 2246 3334 2309 utendum
3384 2252 3482 2310 est

1980 2342 2072 2405 eis
2100 2344 2457 2407 secundum
2487 2343 2873 2425 exigentiam
2901 2344 3056 2407 finis
3095 2346 3173 2408 ad
3212 2361 3406 2427 quem
3444 2364 3482 2407 a

1980 2440 2229 2504 Christo
2273 2440 2632 2522 legislatore
2671 2450 2887 2506 nostro
2929 2452 3080 2506 sunt
3125 2443 3413 2507 instituta
3461 2459 3475 2504 ε

1978 2538 2146 2601 sicut
2173 2546 2238 2603 et
2267 2539 2706 2622 corporalibus
2739 2541 3075 2605 medicinis
3106 2542 3197 2606 uti
3230 2549 3480 2626 oportet

1977 2639 2331 2702 secundum
2375 2640 2546 2723 quod
2589 2641 2850 2723 expedit
2891 2649 2957 2704 et
2997 2642 3195 2725 exigit
3241 2643 3478 2707 sanitas

1978 2736 2345 2819 corporalis,
2379 2738 2445 2800 in
2475 2745 2608 2802 arte
2639 2739 2976 2805 medicinae
3010 2740 3270 2805 intenta.
3305 2742 3477 2805 Finis

1976 2835 2220 2918 quippe
2249 2838 2691 2901 necessitatem
2727 2839 3003 2923 imponit
3029 2840 3129 2903 his
3161 2860 3298 2925 quae
3328 2848 3478 2905 sunt

1976 2932 2188 2995 media
2217 2941 2282 2997 et
2319 2934 2694 2997 ordinantur
2733 2936 2799 2999 in
2838 2936 3060 3001 finem.
3094 2939 3284 3003 Porro
3321 2939 3474 3005 finis

360 3030 428 3093 in
458 3029 739 3093 termino
768 3046 901 3093 suo.
940 3028 1329 3092 Exsistentes
1365 3037 1579 3093 autem
1619 3029 1686 3092 in
1717 3049 1865 3112 pur·
1903 3029 1946 3093 C
1974 3040 2519 3096 sacramentorum
2557 3033 2789 3097 Christi
2832 3043 2930 3099 est
2967 3035 3210 3101 curatio
3245 3039 3475 3104 animae

358 3129 630 3212 gatorio,
678 3135 947 3211 possunt
988 3126 1224 3191 habere
1266 3128 1736 3210 displicentiam
1786 3130 1865 3192 de

360 3228 499 3291 suis
548 3224 911 3290 venialibus
958 3225 1190 3308 effipia,
1242 3245 1443 3308 quum
1492 3227 1559 3289 in
1607 3227 1865 3290 caritate

358 3325 715 3390 consistant
745 3341 761 3385 :
794 3323 939 3388 ideo
977 3331 1247 3408 possunt
1281 3323 1728 3388 remissionem
1765 3344 1864 3389 ea—

359 3441 505 3486 rum
570 3421 921 3504 acquirere.
982 3423 1435 3486 Verumtamen
1500 3423 1553 3484 si
1614 3423 1864 3487 veniale

357 3527 698 3606 peccatum
738 3519 821 3583 sit
861 3520 929 3582 in
966 3521 1099 3584 vita
1142 3521 1261 3584 hac
1298 3521 1623 3604 expiatum
1668 3541 1864 3604 quan·

356 3627 499 3682 tum
543 3617 624 3680 ad
663 3617 918 3700 culpam
958 3637 1162 3694 suam,
1196 3627 1405 3701 potest
1448 3620 1863 3703 probabiliter

357 3717 511 3790 dici,
544 3715 714 3798 quod
748 3715 813 3777 in
854 3715 1106 3779 inferno
1136 3718 1401 3800 punitur
1427 3719 1863 3800 temporaliter

356 3820 631 3877 tantum.
678 3813 823 3876 Haec
864 3813 1218 3879 Durandus.
1250 3851 1334 3862 —
1362 3816 1713 3881 Concordat
1752 3816 1861 3879 Ar·

356 3909 776 3994 gentincnsis.

799 4225 1274 4298 QUAESTIO
1344 4227 1421 4290 ΙΙ

513 4496 647 4559 Odo
671 4497 1238 4578 quaerendum,An
1260 4499 1659 4578 generalis
1686 4515 1857 4568 oon·

538 4594 778 4662 fesmo
810 4595 1073 4662 deleat
1104 4611 1262 4662 non
1300 4597 1559 4664 solum
1587 4600 1853 4666 venia·

352 4693 485 4774 lta,
524 4693 668 4760 sed
709 4693 1087 4760 mortana
1127 4709 1433 4777 quoque
1476 4695 1752 4764 oblita.

430 4790 696 4854 Videtur
734 4789 907 4872 quod
952 4809 1102 4867 non,
1134 4792 1287 4875 quia
1334 4800 1593 4876 peccata
1638 4795 1852 4878 elapsa

352 4888 753 4962 memoriam,
814 4904 941 4951 non
1003 4889 1402 4972 imputantur
1454 4909 1469 4954 ε
1524 4911 1675 4974 ergo
1732 4913 1850 4959 nec

350 4995 541 5069 egent
587 4986 891 5051 remedio.
924 5023 1006 5034 —-
1042 4988 1304 5063 Rursus,
1349 4989 1517 5052 sicut
1564 5009 1848 5055 commu-

350 5087 517 5149 niter
543 5084 802 5160 dicitur,
837 5085 1092 5150 infinita
1133 5087 1333 5169 pietas
1363 5088 1477 5151 Dei
1508 5106 1635 5152 non
1666 5090 1850 5153 dimi-

346 5184 483 5247 diat
510 5184 791 5258 veniam,
822 5185 935 5248 sed
966 5203 1166 5247 unum
1199 5187 1463 5249 mortale
1492 5187 1842 5264 dimittenS,

350 5289 562 5346 cetera
610 5290 839 5344 cuncta
885 5282 1151 5346 dimittit
1202 5300 1216 5346 :
1268 5292 1333 5346 et
1388 5283 1475 5348 ita
1527 5302 1653 5349 non
1712 5305 1843 5350 am·

1975 3149 2013 3192 a
2060 3131 2361 3212 peccatis,
2413 3132 2584 3195 salus
2642 3140 2898 3208 aeterna,
2948 3154 3072 3218 pax
3120 3144 3185 3199 et
3239 3138 3474 3202 sanitas

1975 3228 2346 3312 spiritualis.
2373 3230 2482 3293 Est
2509 3249 2660 3312 ergo
2689 3231 2960 3297 intentio
2991 3235 3246 3310 Christi,
3279 3244 3351 3298 ut
3379 3256 3474 3301 sa-

1976 3327 2318 3389 cramentis
2369 3335 2623 3391 utamur
2668 3332 3020 3395 secundum
3067 3334 3236 3415 quod
3285 3353 3473 3416 expe-

1974 3424 2157 3488 diens
2187 3433 2285 3488 est
2313 3433 2543 3490 nostrae
2574 3428 2884 3491 curationi
2915 3437 2981 3492 et
3007 3431 3264 3493 sanitati
3298 3451 3475 3496 men-

1971 3522 2106 3596 tali,
2167 3523 2486 3605 spirituali
2544 3524 2882 3606 profectui,
2936 3545 3011 3590 ac
3069 3529 3474 3611 sempiternae

1972 3621 2275 3696 saluti,ne
2302 3619 2623 3685 abutendo
2652 3621 3091 3687 saluberrimis
3121 3646 3473 3692 sacramen·

1972 3719 2075 3793 tis,
2125 3727 2454 3782 vertantur
2501 3720 2686 3783 nobis
2745 3721 2810 3784 in
2866 3722 3324 3806 impedimenta
3379 3747 3472 3791 sa·

1971 3817 2146 3892 lutiS,
2198 3818 2265 3879 in
2321 3817 2682 3882 animarum
2729 3838 2996 3896 venena,
3041 3823 3108 3886 in
3158 3825 3467 3907 pabulum

1971 3915 2217 3990 mortis,
2250 3915 2316 3978 in
2357 3916 2584 3998 capitis
2622 3935 2696 3980 ac
2737 3937 3043 3983 sensuum
3089 3922 3468 3990 debilitatio-

1968 4031 2140 4087 nem,
2188 4013 2254 4077 in
2296 4015 2656 4078 animarum
2698 4017 3145 4099 perditionem.

2045 4111 2176 4174 Hoc
2220 4118 2412 4193 tango
2453 4112 2559 4177 hic
2603 4122 2863 4198 propter
2901 4119 3246 4190 nonnullos
3295 4141 3467 4185 scru-

1885 4208 1936 4271 D
1966 4209 2246 4291 pulosos,
2279 4211 2722 4293 pusillanimes
2769 4233 2883 4278 seu
2931 4217 3164 4299 partim
3207 4219 3466 4302 phanta-

1964 4307 2180 4382 sticoS,
2212 4308 2323 4391 qui
2367 4309 2430 4372 in
2477 4321 2872 4376 sacramento
2915 4313 3346 4384 confessionis
3383 4339 3463 4384 ex

1962 4425 2079 4468 sua
2124 4406 2608 4470 defectuositate
2657 4410 3120 4492 periclitantur,
3163 4426 3464 4482 conantes

1960 4503 2039 4565 ad
2086 4506 2462 4569 memoriam
2502 4525 2800 4572 revocare
2839 4521 3067 4575 cuncta
3109 4522 3174 4576 et
3215 4515 3464 4598 singula

1961 4621 2077 4665 sua
2124 4612 2385 4686 peccata
2433 4607 2726 4669 mortalia
2776 4625 2790 4669 :
2844 4611 3015 4692 quod
3064 4615 3328 4693 agendo,
3377 4617 3463 4678 ita

1960 4700 2366 4764 confundunt
2403 4723 2473 4766 se
2513 4703 2706 4778 intuS,
2740 4712 2804 4767 et
2832 4708 3168 4773 cerebrum
3200 4712 3294 4774 sic
3324 4732 3462 4795 per-

1957 4799 2239 4872 turbant,
2273 4800 2443 4881 quod
2473 4818 2637 4882 pene
2668 4801 2928 4867 inutiles
2961 4805 3149 4871 fiunt.
3183 4809 3328 4872 Fuit
3363 4811 3458 4875 in-

1958 4897 1985 4960 f
1986 4917 2052 4960 ra
2082 4915 2322 4980 paucos
2351 4917 2550 4963 annos
2580 4901 2832 4983 quidam
2866 4901 3065 4968 bonus
3096 4907 3450 4990 religiosuS,

1954 4996 2065 5077 qui
2113 4996 2448 5060 attendens
2495 4998 2820 5062 hominem
2869 5001 3102 5067 debere
3157 5007 3456 5073 universa

1953 5100 2017 5155 et
2059 5093 2312 5175 singula
2349 5113 2465 5158 sua
2503 5095 2797 5160 confiteri
2840 5109 3100 5182 peccata
3137 5107 3448 5183 mortalia,

1952 5199 2015 5254 et
2044 5192 2270 5255 videns
2301 5211 2370 5256 se
2398 5210 2526 5256 non
2556 5193 2766 5258 valere
2797 5196 3046 5278 singula
3075 5219 3190 5265 sua
3219 5212 3452 5267 morta-
3505 5249 3509 5256 -

1953 5287 2037 5352 lia
2081 5288 2422 5366 recordari,
2463 5309 2672 5374 neque
2715 5292 3012 5360 distincte
3037 5298 3134 5362 ,ad
3183 5301 3448 5384 plenum
