4267 6250
113 787 286 838 Qwstm

89 865 118 906 q.
131 854 179 893 37.

87 1967 290 2019 Hminem,

389 496 608 553 ouaesr-
651 497 694 542 v
736 497 752 543 :
791 497 880 544 AN
921 496 1148 544 enarra
1191 493 1720 542 morimeam(
1760 491 2018 541 nium-r
2057 491 2357 540 nnuman
2396 493 2439 539 A
2480 492 2707 540 onam
2748 493 3072 552 vmwruu,
3113 491 3241 540 mc.
3326 475 3402 538 61

382 666 706 730 Postremo
741 666 1057 730 Henricus
1093 665 1438 748 specialem
1477 663 1584 726 hic
1612 662 1806 726 habet
1832 664 1886 728 A

309 766 672 848 opinionem
723 785 740 828 ε
786 767 1192 829 Sacramenta
1227 761 1586 845 (inquiens)
1626 779 1806 824 novae

312 865 456 946 legis
485 865 670 929 nullo
702 866 892 928 modo
922 864 1164 946 aliquid
1193 868 1392 945 agunt
1428 862 1506 924 ad
1535 861 1806 942 gratiam

311 964 712 1037 causandam,
745 982 956 1046 neque
1004 963 1072 1025 in
1119 962 1440 1025 causando
1487 959 1808 1040 attingunt

311 1080 442 1124 eam
487 1061 636 1144 plus
681 1081 876 1144 quam
921 1067 1316 1124 sacramenta
1351 1059 1586 1122 veteris
1624 1057 1802 1138 legis,

311 1161 412 1222 sed
441 1161 656 1223 solum
687 1160 994 1222 dicuntur
1021 1177 1158 1222 esse
1190 1177 1381 1221 causa
1409 1157 1624 1238 gratiae
1654 1175 1808 1238 prae-

311 1258 520 1332 sentis,
541 1259 736 1339 cujus
764 1266 917 1320 sunt
945 1258 1144 1338 signa,
1165 1276 1279 1340 per
1307 1256 1428 1319 hoc
1460 1255 1628 1338 quod
1659 1260 1809 1318 sunt

313 1357 672 1420 contentiva
702 1356 844 1437 ejus
876 1356 1044 1438 quod
1076 1375 1188 1438 per
1216 1373 1286 1418 se
1325 1362 1420 1416 est
1451 1371 1642 1416 causa
1670 1371 1806 1434 gra-

313 1456 408 1519 tiae
437 1454 721 1518 creativa
759 1455 825 1517 in
849 1462 1158 1536 quantum
1190 1460 1364 1516 creat
1391 1471 1550 1516 eam.
1585 1452 1809 1525 Quam-

313 1554 405 1616 vis
451 1553 630 1615 enim
677 1552 897 1634 gratiae
945 1551 1200 1615 Creator
1249 1551 1316 1613 in
1374 1550 1676 1613 omnibus
1725 1550 1810 1612 sit

315 1670 422 1732 per
448 1670 632 1714 suam
665 1651 1260 1724 essen·tiam,tamen
1291 1649 1499 1731 quoad
1526 1648 1807 1729 aliquem

313 1749 616 1812 effectum
644 1749 740 1812 sic
769 1755 866 1810 est
894 1747 962 1810 in
994 1767 1121 1810 una
1148 1765 1216 1810 re
1244 1747 1416 1829 quod
1458 1764 1585 1809 non
1617 1751 1713 1808 est
1741 1746 1805 1808 in

2358 793 2831 868 QUAESTIO
2902 793 2962 856 V

2059 1056 2249 1120 Uinto
2294 1057 2620 1140 quaeritur‚
2670 1058 2800 1124 An
2845 1059 3108 1136 grana
3154 1071 3411 1124 saera-

2085 1157 2561 1238 mentorum,
2591 1171 2764 1238 quae
2805 1156 2892 1222 in
2926 1171 3199 1224 eorum
3238 1172 3409 1224 sus-

1914 1246 2279 1336 ceptione
2308 1253 2737 1336 confertur,
2770 1255 3040 1322 differt
3078 1256 3410 1323 realiter

1916 1367 1963 1420 a
1991 1352 2253 1432 gratia
2279 1355 2682 1420 virtutum
2722 1355 2959 1436 atque
2998 1357 3409 1437 donorum,

1915 1465 1962 1516 a
2016 1466 2173 1532 qua
2226 1453 2579 1518 virtutes
2635 1455 2720 1519 et
2777 1455 2983 1520 dona
3041 1467 3410 1521 emanare

1917 1550 2324 1619 dicuntur.

1995 1647 2259 1710 Videtur
2308 1648 2477 1729 quod
2526 1666 2675 1725 non,
2717 1649 3021 1731 quoniam
3068 1650 3147 1712 ad
3194 1649 3415 1712 omnia

1918 1764 2059 1826 quae
2115 1746 2331 1826 gratiae
2388 1747 2859 1822 adscribuntur,
2913 1747 3161 1811 sufficit
3212 1749 3415 1830 gratia

311 1847 430 1909 alia
462 1865 476 1908 ε
507 1847 692 1928 juxta
721 1847 892 1928 quod
931 1845 1132 1908 deitas
1161 1845 1474 1908 exsistens
1513 1844 1580 1907 in
1618 1861 1807 1906 carne
1843 1841 1890 1904 B
1917 1849 2165 1923 gratum
2224 1843 2486 1919 faciem,
2537 1846 2617 1908 de
2673 1845 2859 1927 cujus
2915 1845 3257 1909 effectibus
3312 1846 3411 1909 di-

313 1945 540 2008 Christi
572 1964 688 2028 per
717 1944 980 2026 gratiam
1015 1943 1380 2018 unioniS,ad
1411 1951 1647 2006 tactum
1685 1961 1812 2004 ma-

312 2063 428 2105 nus
467 2044 704 2106 Christi
743 2042 992 2106 sanavit
1029 2042 1334 2125 leprosos,
1369 2049 1440 2104 ut
1475 2041 1678 2105 deitas
1717 2041 1808 2104 di-

311 2147 486 2204 catur
527 2141 692 2203 illud
743 2142 951 2222 egisse
998 2159 1127 2204 non
1170 2148 1243 2203 ut
1293 2141 1493 2204 deitas
1536 2146 1806 2216 tantum,

311 2239 414 2301 sed
453 2248 526 2301 ut
563 2239 882 2302 exsistens
926 2239 994 2302 in
1038 2259 1232 2302 manu
1272 2239 1546 2318 Christi3
1588 2239 1809 2321 sicque

311 2337 506 2400 deitas
549 2336 792 2399 dicitur
834 2336 956 2399 hoc
1000 2336 1204 2418 egisse
1254 2336 1714 2419 principaliter,
1747 2342 1812 2399 et

311 2454 532 2496 manus
583 2434 820 2498 Christi
869 2435 1461 2497 instrumentaliter.
1505 2435 1608 2497 Sic
1656 2452 1809 2516 quo-

311 2551 430 2614 que
458 2540 861 2596 sacramenta
891 2550 1071 2596 novae
1103 2533 1259 2614 legis
1292 2533 1808 2596 instrumentales

310 2638 454 2693 sunt
481 2631 706 2712 gratiae
735 2649 965 2704 causae,
997 2631 1300 2714 quoniam
1342 2631 1510 2692 Deus
1539 2636 1611 2692 ut
1647 2630 1812 2693 exsi-

311 2737 478 2792 stens
521 2729 594 2792 in
638 2729 822 2812 ipsis,
853 2730 932 2792 ad
970 2735 1214 2791 tactum
1260 2728 1540 2804 illorum,
1575 2729 1810 2811 quibus

309 2827 838 2890 administrantur
883 2827 1132 2891 confert
1182 2828 1452 2910 gratiam
1511 2828 1806 2891 creative.

310 2926 408 2990 Sic
440 2944 704 3009 quoque
733 2946 886 2990 vasa
913 2933 1063 2990 sunt
1089 2927 1325 3008 gratian,
1341 2928 1642 3009 quoniam
1672 2945 1814 2991 con-

1919 1949 2092 2004 ctum
2138 1951 2235 2006 est
2274 1963 2471 2026 super
2514 1945 2888 2007 secundum.

1997 2041 2066 2102 In
2107 2042 2472 2123 oppositum
2511 2051 2629 2117 est,
2660 2042 2831 2124 quod
2870 2042 3072 2124 gratia
3108 2042 3175 2105 in
3209 2061 3413 2106 sacra-

1919 2138 2116 2200 menti
2148 2139 2518 2221 acceptione
2547 2157 2675 2203 non
2704 2140 2892 2203 datur
2920 2141 3045 2203 nisi
3084 2141 3413 2205 accedenti

1918 2253 2046 2299 non
2095 2235 2267 2312 ficte,
2303 2237 2365 2300 id
2410 2246 2507 2301 est
2552 2238 2832 2302 fideliter
2875 2248 2939 2302 et
2975 2241 3237 2320 devote;
3270 2240 3415 2302 talis

1917 2341 2130 2396 autem
2176 2334 2309 2415 jam
2358 2336 2649 2398 consistit
2704 2336 2771 2399 in
2828 2337 3028 2418 gratia
3076 2337 3413 2412 virtutum,

1921 2451 2060 2513 quae
2118 2434 2546 2496 communiter
2599 2436 2800 2515 gratia
2860 2444 3113 2516 gratum
3176 2436 3419 2499 faciens

1917 2532 2297 2613 appellatur,
2321 2539 2386 2595 et
2414 2533 2973 2616 superinfunditur
3001 2536 3061 2598 ei
3088 2535 3295 2617 gratia
3321 2553 3417 2598 sa·

1921 2630 2345 2694 eramentalis.

2000 2827 2096 2890 Ad
2138 2827 2273 2891 haec
2315 2829 2656 2910 respondet
2691 2828 2987 2894 Albertus
3022 2849 3035 2893 :
3072 2831 3284 2895 Gratia
3325 2851 3420 2894 sa-

1922 2925 2328 2988 cramentalis
2384 2925 2605 2988 differt
2658 2945 2697 2990 a
2745 2927 2948 3007 gratia
2994 2929 3308 2992 virtutum
3356 2937 3423 2992 et

309 3027 512 3088 tinent
560 3044 714 3088 eum
763 3043 800 3087 a
847 3043 976 3108 quo
1018 3025 1221 3106 gratia
1262 3025 1410 3088 fluit
1457 3026 1810 3089 secundum
1849 3023 1894 3087 C
1922 3023 2255 3087 donorum.
2289 3024 2519 3098 Prim0‚
2551 3027 2853 3108 quoniam
2885 3025 3101 3090 habita
3133 3047 3259 3091 una
3288 3047 3424 3109 gra-

309 3126 472 3207 quod
518 3131 621 3187 est
666 3125 734 3201 in
777 3123 936 3207 ipsis
972 3141 987 3187 :
1022 3131 1092 3185 ut
1127 3131 1223 3187 est
1262 3123 1674 3189 Eucharistiae
1718 3144 1812 3189 sa-

308 3230 733 3297 cramentum,
777 3222 844 3284 in
895 3239 1022 3304 quo
1071 3222 1355 3285 Christus
1401 3222 1815 3305 corporaliter

309 3322 694 3395 continetur,
730 3320 1030 3383 deitatem
1081 3318 1204 3381 sibi
1253 3319 1493 3383 habens
1543 3321 1808 3396 unitam,

310 3422 472 3503 quod
527 3428 632 3483 est
688 3418 1014 3502 praecipue
1071 3418 1508 3481 contentivum
1566 3417 1811 3481 effecti-

307 3538 592 3602 vumque
640 3519 894 3600 gratiae3
926 3517 1052 3580 alia
1098 3534 1251 3579 vero
1297 3523 1711 3590 sacramenta,
1747 3517 1810 3579 in

308 3625 623 3699 quantum
663 3616 908 3699 aliquid
939 3616 1194 3679 virtutis
1234 3616 1375 3697 ejus
1405 3616 1809 3699 participant,

307 3716 700 3779 continendo
728 3714 1084 3777 virtualiter
1121 3714 1292 3797 quod
1331 3714 1490 3776 illud
1531 3715 1814 3779 continet

306 3815 584 3877 realiter.
633 3814 778 3876 Haec
819 3812 1150 3876 Hem-icus.

382 3913 588 3995 Cujus
638 3911 860 3994 opinio
907 3930 1134 3994 parum
1182 3919 1292 3974 aut
1338 3910 1501 3981 nihil
1548 3910 1812 3975 differre

306 4012 562 4073 videtur
613 4010 698 4073 ab
746 4010 1050 4093 opinione
1096 4010 1472 4083 dicentium,
1506 4010 1676 4092 quod
1722 4028 1815 4072 sa-

307 4116 636 4172 cramenta
681 4110 818 4173 haec
857 4127 1048 4171 causa
1089 4116 1238 4171 sunt
1279 4108 1495 4190 gratiae
1533 4126 1612 4170 ex
1654 4107 1815 4170 adsi-

1923 3122 2012 3185 tia
2040 3117 2509 3198 sacramentali,
2541 3142 2669 3187 non
2710 3126 3071 3189 necessario
3103 3126 3426 3191 habentur

1923 3230 1986 3285 et
2022 3222 2183 3286 aliae.
2219 3222 2530 3299 Secundo,
2566 3224 2715 3306 quia
2752 3224 2807 3287 si
2847 3243 2974 3288 non
3016 3225 3243 3290 fuisset
3281 3246 3427 3310 pec-

1924 3329 2161 3396 catum,
2181 3339 2306 3385 non
2336 3320 2610 3385 fuissent
2640 3332 3055 3400 sacramenta,
3075 3344 3193 3389 nec
3222 3326 3425 3407 gratia

1923 3420 2431 3500 sacramentalis3
2454 3421 2657 3484 nihilo
2687 3422 2896 3486 minus
2924 3422 3153 3487 fuisset
3179 3431 3424 3505 gratum

1922 3517 2167 3581 faciens
2207 3518 2429 3599 gratia,
2465 3521 3004 3601 quemadmodum
3046 3522 3315 3586 virtutes
3360 3530 3425 3586 et

1923 3616 2106 3678 dona.
2127 3615 2357 3690 Tertio,
2377 3617 2683 3699 quoniam
2711 3618 2915 3700 gratia
2944 3621 3423 3683 sacramentalis

1923 3714 2110 3777 datur
2138 3720 2358 3777 contra
2386 3714 2707 3777 defectum
2738 3716 3145 3780 inclinantem
3174 3719 3252 3780 ad
3284 3737 3427 3801 pec·

1924 3820 2136 3874 catum
2167 3812 2271 3875 vel
2302 3820 2521 3875 contra
2549 3813 2763 3895 ipsum
2795 3816 3420 3896 peccatum.Quarto,

1925 3910 2076 3992 quia
2106 3910 2173 3972 in
2201 3910 2423 3992 gratiis
2462 3911 3025 3974 sacramentalibus
3060 3913 3424 3994 specialiter

1924 4015 2224 4091 operatur
2266 4007 2476 4091 passio
2514 4008 2745 4071 Christi
2790 4027 2903 4071 seu
2943 4009 3145 4073 virtus
3188 4018 3251 4072 et
3292 4030 3423 4075 me·

1924 4106 2120 4169 ritum
2163 4106 2305 4187 ejus
2339 4124 2353 4168 :
2388 4123 2659 4188 quorum
2710 4106 2961 4169 nullum
3012 4126 3127 4190 per
3170 4127 3236 4171 se
3280 4126 3425 4172 con-

307 4210 540 4271 stentia
603 4206 838 4271 divinae
904 4206 1221 4289 potentiae.
1285 4208 1357 4269 In
1414 4205 1536 4269 hoc
1597 4214 1812 4269 autem
1844 4208 1893 4269 D
1925 4203 2103 4267 venit
2150 4204 2365 4285 gratiae
2413 4204 2723 4267 virtutum
2771 4214 2835 4267 et
2882 4206 3215 4270 donorum.
3263 4208 3424 4272 Hinc

288 4307 470 4388 -quod
531 4305 720 4380 dicit,
769 4305 894 4368 alia
951 4312 1342 4368 sacramenta
1395 4323 1536 4368 esse
1594 4323 1816 4367 causas

307 4406 524 4485 gratiae
557 4406 632 4467 in
662 4412 973 4486 quantum
1005 4403 1390 4486 participant
1419 4402 1664 4485 aliquid
1693 4402 1818 4465 vir·

289 4504 459 4565 -tutis
489 4502 891 4567 Sacramenti
921 4502 1158 4576 altariS‚
1190 4501 1445 4564 videtur
1472 4500 1656 4564 fateri
1689 4500 1814 4564 vir-

103 5199 292 5262 &aaa

311 4608 512 4664 tutem
553 4619 702 4663 esse
741 4600 808 4662 in
849 4600 1258 4663 sacramentis
1300 4600 1635 4663 causaliter
1669 4617 1819 4663 con·

313 4706 684 4762 currentem
743 4698 822 4760 ad
876 4698 1094 4778 gratiae
1144 4697 1628 4780 productionem
1685 4715 1700 4759 ε
1755 4704 1818 4760 et

314 4798 396 4860 ita
442 4804 852 4861 sacramenta
899 4796 1008 4859 illa
1044 4814 1172 4859 non
1221 4797 1428 4860 solum
1476 4814 1816 4880 operaren-

313 4906 414 4960 tur
459 4904 536 4960 ut
581 4897 1010 4959 instrumenta
1057 4895 1306 4957 deitatis
1348 4896 1711 4960 exsistentis
1751 4896 1816 4958 in

313 4998 404 5060 eis
462 4997 544 5059 ad
611 4994 1103 5057 sacramentales
1163 4993 1452 5057 effectus.
1504 4996 1662 5058 Hinc
1712 5014 1817 5058 ve-

315 5096 440 5157 rior
485 5094 754 5157 videtur
801 5092 1036 5175 positio
1081 5110 1274 5173 quam
1327 5092 1614 5173 sequitur
1659 5094 1819 5156 Tho-

321 5212 470 5268 mas,
524 5200 592 5257 et
643 5191 768 5255 hoc
817 5197 1080 5273 propter
1133 5190 1372 5253 motiva
1424 5208 1566 5273 quae
1619 5192 1821 5274 tangit

313 5292 550 5355 Petrus.

1923 4302 2143 4365 habita
2169 4303 2369 4383 gratia
2396 4303 2729 4377 virtutum,
2754 4322 2880 4367 non
2910 4323 3026 4387 per
3056 4325 3123 4368 se
3154 4306 3425 4369 habetur

1924 4400 2127 4481 gratia
2156 4407 2699 4463 sacramentorum
2735 4418 2748 4463 :
2783 4402 2935 4484 quia
2962 4403 3231 4469 virtutes
3260 4406 3425 4469 ordi-

1927 4505 2161 4561 nantur
2189 4499 2268 4561 ad
2298 4498 2655 4562 meritorios
2685 4507 3293 4577 actuS,sacramenta
3322 4524 3425 4569 ve-

1926 4615 1996 4660 ro
2027 4605 2248 4660 contra
2285 4596 2606 4660 defectum
2645 4599 2908 4680 peccati.
2942 4600 3089 4664 Ideo
3128 4603 3421 4684 quamvis

1927 4714 2055 4759 non
2097 4696 2292 4759 fictus
2333 4695 2563 4759 habeat
2601 4697 2868 4778 gratiam
2905 4699 3238 4778 virtutum,
3269 4710 3423 4766 atta-

1928 4814 2075 4857 men
2107 4802 2319 4878 potest
2355 4813 2493 4857 esse
2524 4794 2588 4857 in
2630 4796 2913 4878 potentia
2946 4798 3025 4861 ad
3061 4800 3291 4880 gratias
3330 4820 3422 4863 sa-

1927 4900 2417 4957 cramentorum.
2453 4895 2541 4956 De
2584 4894 2821 4975 quibus
2868 4895 3033 4959 infra
3080 4898 3419 4980 specialius

1927 4992 2291 5075 clariusque
2334 4993 2598 5056 dicetur.
2647 4993 2790 5056 Haec
2830 4992 3144 5057 Albertus.

2009 5091 2361 5155 Concordat
2386 5091 2677 5164 Thoma8‚
2700 5090 2971 5155 dicendo
3003 5111 3017 5155 :
3051 5092 3261 5157 Gratia
3289 5114 3424 5177 gra-

1927 5196 2068 5251 tum
2097 5188 2337 5252 faciens
2366 5196 2463 5251 est
2492 5208 2639 5264 una,
2671 5196 2860 5272 atque
2890 5189 2959 5253 in
2987 5193 3260 5257 essentia
3287 5195 3421 5257 ani-

1931 5307 2050 5353 mae
2081 5295 2153 5351 ut
2183 5288 2250 5351 in
2275 5288 2587 5368 subJecto.
2620 5288 2717 5352 Ab
2755 5289 2894 5372 ipsa
2920 5306 3173 5375 quoque
3206 5292 3423 5360 fluunt

3440 1972 3543 2016 dist.
3560 1985 3674 2016 xxvi.
