4267 6250
815 466 939 534 316

1421 493 1488 542 m
1525 493 1750 542 Lmnmt
1790 494 1854 542 lv
1894 493 2380 544 smmum
2418 513 2501 527 -
2537 496 2691 546 ΒῘΒΤ.
2734 497 2862 562 ΧῙΙ;
2905 497 3131 554 QUAEST.
3172 497 3195 544 1

815 664 1142 729 nonnulla.
1175 665 1540 731 Substantia
1565 684 1718 732 vero
1745 675 1843 732 est
1872 668 2313 732 immediatum
2342 669 2395 733 A
2424 668 2489 732 in
2540 668 2811 735 diversis
2866 669 3239 734 substantiis
3295 668 3511 754 specie
3562 667 3937 734 differenti-

817 763 1190 846 quantitatis
1231 767 1617 848 subJectum,
1649 787 1792 850 quae
1833 769 2125 851 sequitur
2169 768 2313 831 sub-

816 863 1114 926 stantiam
1154 864 1396 928 ratione
1435 867 1738 941 materiai,
1772 867 2311 949 quemadmodum

817 961 1088 1044 qualitas
1131 964 1373 1027 ratione
1417 963 1655 1029 formae.
1689 965 1834 1030 Haec
1870 966 2108 1029 Petrus.

895 1061 1086 1124 Porro
1123 1063 1472 1126 Richardus
1506 1083 1520 1127 :
1555 1063 1845 1139 Quidam,
1879 1063 2108 1147 inquit,
2142 1064 2313 1127 dixe-

819 1168 971 1222 runt
1009 1161 1361 1224 accidentia
1403 1180 1530 1225 non
1575 1180 1760 1244 posse
1801 1162 1946 1226 sieri
1990 1163 2128 1226 sine
2172 1162 2317 1226 sub-

819 1258 1070 1333 stantia,
1114 1278 1232 1322 nec
1281 1277 1468 1341 posse
1516 1279 1654 1324 esse
1703 1261 1842 1325 sine
1883 1261 2197 1343 subjecte,
2240 1279 2316 1326 eo

816 1360 988 1442 quod
1017 1359 1574 1422 contradictionem
1607 1360 1900 1424 includat
1915 1361 2120 1435 Quum
2150 1361 2319 1425 enim

819 1457 1175 1521 substantia
1227 1457 1439 1521 minus
1493 1459 1848 1541 dependeat
1897 1459 1977 1522 ab
2025 1460 2315 1523 acciden-

819 1556 992 1620 tibus
1040 1575 1232 1639 quam
1283 1564 1560 1632 econtra,
1601 1557 1908 1640 possibile
1955 1567 2122 1622 esset
2168 1558 2315 1621 fieri

817 1675 933 1740 per
959 1656 1487 1738 omnipotentiam
1516 1657 1862 1732 Dei,tot'am
1893 1657 2315 1721 substantiam

819 1755 1042 1818 mundi
1082 1755 1220 1818 sine
1259 1755 1583 1818 accidente
1617 1757 1982 1819 consistere.
2016 1757 2192 1831 Quod
2224 1757 2317 1820 vi-

2425 770 2567 844 bus,
2608 767 2862 832 videtur
2909 788 3097 852 posse
3144 789 3283 834 esse
3328 769 3551 833 eadem
3593 768 3933 851 quantitas

2423 868 2657 952 specie.
2708 868 2847 932 Non
2894 868 3069 931 enim
3121 868 3250 931 alia
3294 876 3393 932 est
3438 867 3765 949 longitudo
3812 868 3937 930 vel

2426 967 2693 1031 latitudo
2735 974 2845 1030 aut
2886 967 3286 1049 profunditas
3334 967 3400 1029 in
3448 965 3692 1049 pugillo
3736 986 3939 1048 aquae

2425 1084 2618 1148 quam
2660 1066 2845 1128 aeris.
2884 1066 3096 1140 Porr0‚
3129 1066 3299 1148 quod
3330 1065 3575 1140 dicunt,
3607 1065 3944 1147 quantita-

2426 1172 2555 1227 tem
2595 1163 2921 1246 qualitatis
2962 1164 3215 1228 realiter
3252 1163 3516 1227 differre
3544 1184 3583 1226 a
3615 1164 3943 1246 quantita—

2424 1272 2489 1326 te
2526 1262 2918 1338 substantiae,
2950 1269 3016 1326 et
3054 1262 3231 1326 illam
3271 1262 3535 1340 realiter,
3566 1280 3706 1326 esse
3746 1262 3939 1326 idem

2428 1380 2575 1424 cum
2618 1361 2945 1444 qualitate,
2976 1369 3075 1425 est
3117 1369 3338 1426 contra
3378 1360 3817 1424 auctoritatem
3858 1369 3945 1424 et

2426 1461 2760 1524 rationem.
2801 1461 2905 1523 Ait
2952 1479 3233 1543 namque
3278 1459 3699 1542 Philosophus
3742 1468 3941 1523 sexto

2425 1559 2859 1642 Physicorum,
2892 1560 3064 1642 quod
3097 1559 3369 1642 qualitas
3402 1577 3532 1622 non
3560 1566 3658 1622 est
3685 1566 3941 1641 quanta

2424 1658 2548 1721 nisi
2601 1677 2718 1741 per
2762 1657 3059 1722 accidens
3101 1677 3116 1722 :
3157 1658 3328 1740 quod
3377 1676 3603 1721 verum
3653 1675 3777 1721 non
3824 1675 3943 1720 es·

2426 1763 2543 1829 set,
2576 1755 2631 1818 si
2670 1773 2748 1818 ex
2782 1773 2851 1817 se
2888 1755 2991 1817 vel
3026 1773 3105 1817 ex
3137 1773 3251 1817 sua
3291 1761 3515 1816 natura
3551 1753 3941 1818 consisteret

815 1855 1002 1918 detur
1029 1854 1707 1937 absurdum‚quoniam
1737 1864 2129 1938 sequeretur,
2143 1857 2311 1938 quod
2350 1855 2399 1918 Β
2426 1862 2681 1937 quanta.
2722 1853 3127 1935 Impossibile
3167 1870 3423 1936 quoque
3470 1859 3587 1927 est,
3627 1852 3939 1915 naturali-

818 1953 1126 2037 possibile
1168 1961 1336 2016 esset
1375 1953 1701 2018 hominem
1746 1953 1892 2017 fieri
1937 1955 2076 2018 sine
2119 1974 2315 2037 quan-

816 2053 1017 2128 titate,
1049 2071 1123 2116 ac
1166 2060 1362 2115 totam
1409 2053 1628 2115 mundi
1680 2052 2099 2116 substantiam
2145 2051 2317 2116 com·

818 2151 1128 2235 prehendi
1172 2169 1358 2235 posse
1404 2151 1470 2213 in
1514 2169 1643 2215 uno
1685 2159 1971 2233 puncto:
2008 2153 2179 2234 quod
2222 2153 2315 2216 eis

817 2250 1169 2314 absurdum
1210 2248 1480 2312 videtur.
1515 2283 1594 2295 —
1624 2249 1744 2312 Sed
1789 2249 1938 2331 quia
1985 2249 2092 2312 hic
2139 2268 2316 2314 error

817 2356 916 2412 est
957 2356 1175 2412 contra
1215 2347 1571 2410 doctrinam
1613 2347 1935 2423 Ecclesiae,
1975 2351 2316 2413 asserentis

817 2447 1172 2511 accidentia
1209 2445 1303 2509 ibi
1347 2446 1485 2510 sine
1527 2446 1818 2530 subjecto
1859 2465 2034 2526 esse3
2075 2447 2185 2510 alii
2228 2448 2318 2510 di-

819 2553 974 2610 cunt
1001 2546 1356 2610 accidentia
1383 2546 1524 2610 sine
1551 2546 1843 2627 subjecto
1871 2546 2219 2610 consistere
2250 2546 2315 2610 in

817 2653 1236 2720 sacramento,
1267 2645 1573 2728 quoniam
1614 2646 1958 2728 opinantur
1998 2646 2317 2728 quantita-

815 2751 946 2808 tem
995 2743 1363 2806 continuam
1411 2761 1540 2806 non
1581 2742 1846 2807 differre
1886 2763 1923 2807 a
1964 2743 2317 2807 substantia

821 2861 1124 2925 corporea
1179 2842 1305 2904 nisi
1363 2842 1717 2906 seeundum
1779 2842 2153 2906 relationem
2202 2863 2315 2906 seu

821 2942 1134 3006 rationem
1168 2959 1182 3001 :
1215 2941 1368 3023 quia
1408 2941 1577 3022 quod
1621 2939 1780 3003 dicit
1820 2940 2171 3005 substantia
2213 2941 2319 3005 ab·

2426 1962 2523 2017 ter
2559 1971 2791 2036 corpus
2829 1953 3001 2034 quod
3040 1960 3136 2016 est
3172 1951 3513 2035 quantitaS,
3547 1951 3739 2014 simul
3778 1969 3937 2014 esse

2428 2071 2573 2115 cum
2614 2051 2741 2114 alio
2780 2069 3044 2134 corpore
3081 2051 3252 2133 quod
3290 2057 3389 2113 est
3427 2049 3778 2132 quantitas3
3810 2051 3937 2112 sed

2426 2149 2697 2232 qualitas
2746 2149 2939 2212 simul
2984 2157 3082 2212 est
3121 2167 3269 2212 cum
3319 2148 3675 2212 substantia
3714 2167 3729 2212 ε
3770 2165 3940 2229 ergo

2426 2247 2799 2312 naturaliter
2836 2247 3031 2310 simul
3070 2256 3219 2310 sunt
3247 2246 3338 2310 ibi
3373 2247 3515 2310 duae
3544 2244 3934 2322 soliditates„

2429 2348 2560 2411 imo
2612 2353 2676 2410 et
2721 2345 2961 2430 plures,
3011 2345 3163 2429 quia
3217 2365 3345 2428 qua
3398 2345 3644 2408 ratione
3698 2344 3939 2410 albedo

2425 2446 2690 2510 haberet
2732 2445 3058 2528 propriam
3102 2445 3545 2528 quantitatem,
3585 2444 3779 2508 etiam
3826 2464 3937 2508 sa-

2426 2563 2565 2630 por,
2617 2545 2924 2619 caliditas,
2980 2543 3321 2626 frigiditaS,
3374 2543 3742 2619 humiditas,
3800 2543 3935 2608 sic-

2426 2645 2605 2720 eitaS,
2648 2643 2958 2708 haberent
3003 2643 3291 2726 proprias
3338 2641 3756 2726 quantitates;
3801 2661 3937 2707 nec

2426 2743 2635 2808 solum
2689 2742 2882 2805 simul
2934 2748 3149 2805 essent
3188 2741 3503 2824 quantitas
3553 2740 3938 2808 substantiae

2427 2849 2492 2906 et
2554 2841 2871 2924 quantitas
2934 2839 3279 2922 qualitatis,
3342 2840 3454 2904 sed
3514 2839 3707 2903 etiam
3767 2841 3935 2904 soli-

2427 2941 2655 3004 ditates
2713 2939 2997 3022 plurium
3055 2938 3454 3022 qualitatum.
3517 2939 3693 3003 Patet
3742 2957 3927 3022 ergo,

822 3040 1048 3115 solute,
1099 3038 1256 3102 dicit
1299 3039 1620 3121 quantitas
1677 3038 1799 3102 sub
1857 3040 2047 3103 modo
2095 3059 2165 3104 se
2212 3041 2318 3104 ha·
2351 3038 2395 3101 C
2427 3040 2597 3123 quod
2627 3039 2847 3122 opinio
2876 3038 2987 3100 illa
3019 3037 3222 3101 multa
3258 3037 3771 3102 inconvenientia
3808 3037 3938 3100 lm-

819 3141 1012 3204 bendi
1059 3140 1172 3222 qui
1219 3146 1316 3202 est
1359 3138 1595 3202 habere
1642 3146 1886 3221 partem
1947 3148 2122 3203 extra
2181 3160 2318 3222 par-

820 3249 950 3304 tem
1009 3237 1340 3302 actualiter
1397 3255 1524 3300 non
1583 3238 1955 3318 distinctas3
2015 3240 2317 3302 continua

823 3356 1078 3422 quoque
1125 3337 1445 3427 quantitas
1505 3337 1852 3419 qualitatiS‚
1901 3346 1998 3401 est
2043 3339 2315 3420 qualitas

821 3438 962 3521 ipsa
1009 3444 1079 3499 ut
1119 3435 1360 3500 habens
1410 3443 1656 3518 partem
1699 3444 1875 3500 extra
1923 3444 2167 3518 partem
2218 3456 2319 3500 ac-

824 3536 1079 3600 tualiter
1136 3553 1265 3599 non
1323 3535 1674 3598 distinctas
1727 3536 1805 3597 Et
1852 3535 2093 3609 dieunt,
2147 3536 2316 3618 quod

821 3634 1116 3719 quamvis
1155 3640 1380 3697 natura
1417 3652 1543 3697 non
1585 3634 1786 3716 possit
1823 3652 2080 3697 causare
2119 3653 2317 3716 quan-

823 3735 1068 3798 titatem
1101 3733 1424 3816 qualitatis
1460 3733 1581 3811 nisi
1619 3732 1937 3795 mediante
1966 3733 2319 3816 quantitate

823 3833 1214 3908 substantiae,
1245 3840 1460 3896 tamen
1490 3832 1792 3895 continua
1821 3832 2140 3914 quantitas
2170 3852 2320 3915 qua-

824 3932 1017 3995 litatis
1048 3932 1298 3995 diversa
1327 3939 1424 3994 est
1453 3930 1706 3993 realiter
1732 3950 1770 3993 a
1797 3930 2098 3993 continua
2126 3949 2321 4012 quan-

823 4031 1001 4093 titate
1035 4029 1426 4103 substantiae,
1459 4029 1627 4091 sicut
1657 4029 1930 4111 qualitas
1961 4048 1998 4090 a
2030 4028 2319 4092 substan-

824 4130 929 4192 tia.
960 4129 1343 4210 Dicuntque,
1366 4127 1536 4209 quod
1575 4126 1637 4189 in
1669 4127 2074 4190 Sacramento
2100 4126 2317 4189 altaris

2428 3139 2639 3222 plicat.

2510 3237 2860 3301 Dicendum
2919 3253 3091 3317 erge,
3140 3236 3309 3319 quod
3368 3235 3765 3301 extendendo
3812 3255 3935 3301 no-

2428 3356 2576 3400 men
2636 3334 2985 3399 accidentis
3042 3336 3119 3398 ad
3177 3353 3369 3399 omne
3415 3335 3585 3418 quod
3645 3352 3769 3399 non
3828 3344 3939 3400 est

2428 3434 2784 3498 substantia
2830 3452 2950 3496 nec
2998 3452 3143 3515 pars
3190 3432 3583 3508 substantias,
3633 3434 3935 3515 quaedam

2428 3541 2579 3598 sunt
2614 3533 2969 3597 accidentia
3012 3552 3152 3615 quae
3192 3550 3319 3595 non
3358 3540 3509 3595 sunt
3547 3532 3669 3595 nisi
3714 3551 3935 3617 respe—

2429 3642 2606 3713 ctus3
2646 3640 2711 3695 et
2754 3631 3044 3714 quaedam
3089 3632 3168 3694 de
3216 3649 3492 3713 quorum
3539 3630 3781 3696 ratione
3828 3642 3937 3696 est

2428 3751 2531 3795 res
2576 3730 2869 3795 absoluta
2914 3737 2978 3793 et
3027 3737 3375 3812 respectuS,
3418 3737 3489 3792 ut
3536 3730 3817 3809 simitas;
3860 3740 3935 3795 et

2428 3830 2719 3913 quaedam
2749 3828 2827 3891 de
2856 3846 3130 3911 quorum
3163 3827 3439 3891 essentia
3475 3828 3641 3891 nihil
3672 3837 3770 3892 est
3795 3829 3930 3893 nisi

2428 3926 3171 4009 absolutum.Loquendo
3200 3943 3350 4009 ergo
3378 3927 3459 3990 de
3486 3926 3931 3992 accidentibus

2430 4027 2640 4111 primo
2686 4034 2751 4089 et
2796 4026 3078 4090 secundo
3126 4026 3334 4101 modo,
3379 4025 3731 4091 accidentia
3775 4027 3933 4091 fieri

2431 4145 2617 4210 posse
2654 4126 2793 4189 sine
2832 4124 3206 4199 substantia,
3240 4124 3293 4187 si
3334 4125 3680 4207 important
3712 4145 3933 4209 respe-

822 4227 1142 4310 quantitas
1185 4242 1522 4289 remanens
1564 4233 1661 4287 est
1696 4224 2014 4306 quantitas
2050 4224 2317 4307 qualita-
2348 4232 2400 4294 D
2430 4235 2569 4291 ctus
2630 4224 2996 4287 immediate
3043 4223 3338 4287 fundatos
3394 4243 3589 4307 super
3634 4224 3933 4288 substan-

822 4327 904 4389 tis
939 4344 953 4387 :
988 4326 1140 4407 quia
1173 4333 1244 4386 ut
1279 4323 1643 4405 opinantur,
1678 4324 1994 4405 quantitas
2031 4324 2320 4388 substan-

822 4424 927 4488 tiae
976 4423 1200 4506 nequit
1244 4442 1283 4484 a
1331 4421 1686 4484 substantia
1731 4422 2028 4503 separari.
2081 4422 2316 4487 Verum

825 4524 943 4587 ista
993 4522 1212 4604 opinio
1261 4529 1357 4584 est
1408 4527 1627 4584 contra
1676 4520 2154 4602 Philosophum,
2205 4523 2317 4605 qui

825 4625 890 4686 in
921 4621 1431 4687 Praedicamentis
1465 4619 1800 4703 distinguit
1831 4621 2252 4703 quantitatem
2282 4642 2320 4685 a

823 4721 1178 4785 substantia
1215 4728 1281 4783 et
1308 4718 1629 4803 qualitate.
1667 4718 1776 4781 Est
1806 4736 2061 4801 quoque
2099 4728 2321 4783 contra

823 4840 1231 4887 communem
1273 4818 1651 4902 positionem
1691 4818 2044 4891 doctorum,
2078 4826 2145 4882 et
2173 4838 2319 4883 con-

821 4930 918 4984 tra
974 4917 1452 5001 experientiam.
1516 4918 1678 4980 Dum
1734 4916 1910 4980 enim
1965 4917 2322 4982 substantia

823 5037 1126 5101 corporea
1157 5018 1580 5080 condensatur
1609 5016 1748 5079 sine
1777 5017 2187 5080 conversione
2215 5017 2323 5080 ali-

823 5118 1010 5199 cujus
1042 5116 1132 5179 rei
1165 5116 1232 5178 in
1263 5115 1489 5198 ipsam,
1513 5114 1800 5178 efficitur
1829 5115 2097 5179 minoris
2125 5136 2321 5198 quan-

822 5216 1022 5279 titatis
1059 5215 1302 5296 absque
1328 5213 1604 5297 alicujus
1642 5234 1772 5278 suae
1803 5215 2000 5296 partis
2035 5214 2322 5277 amissio-

824 5333 925 5377 ne.
979 5314 1089 5376 Est
1135 5313 1329 5375 etiam
1377 5319 1596 5376 contra
1641 5312 1969 5387 rationem,
2017 5313 2319 5396 quoniam

2428 4328 2608 4401 tiam,
2660 4323 3227 4389 contradictionem
3273 4322 3561 4386 includit.
3612 4324 3707 4387 Ad
3756 4326 3935 4407 quod

2430 4424 2740 4507 sequitur,
2772 4422 2942 4506 quod
2986 4429 3307 4504 nequeant
3352 4420 3496 4485 fieri
3538 4421 3679 4485 sine
3714 4422 3939 4504 subje-

2430 4532 2531 4588 cto
2571 4542 2687 4606 per
2714 4539 3188 4605 quamcumque
3228 4518 3595 4601 potentiam.
3628 4520 3943 4585 Acciden-

2429 4623 2519 4686 tia
2559 4629 2774 4686 autem
2815 4620 3003 4683 tertio
3041 4619 3231 4683 modo
3268 4618 3458 4693 dicta,
3492 4638 3607 4701 per
3643 4617 3937 4684 divinam

2432 4721 2780 4805 potentiam
2811 4738 2998 4802 posse
3027 4716 3305 4800 separari
3336 4736 3373 4779 a
3402 4717 3777 4793 substantia,
3791 4720 3938 4782 nul·

2434 4820 2559 4883 lam
2599 4817 3165 4882 contradictionem
3203 4815 3491 4879 includit.
3528 4816 3933 4883 Exsistentiae

2432 4918 2669 4982 etenim
2712 4915 3061 4980 accidentis
3110 4915 3253 4979 duae
3294 4923 3444 4977 sunt
3486 4933 3713 4991 causae,
3754 4916 3931 4980 vide-

2432 5018 2581 5079 licet
2626 5016 2793 5078 Deus
2842 5023 2906 5078 et
2952 5023 3161 5078 creata
3208 5012 3579 5077 substantia.
3632 5014 3709 5077 Et
3756 5014 3927 5079 Deus

2430 5116 2568 5179 sine
2598 5134 2787 5177 causa
2828 5112 2937 5176 illa
2972 5112 3349 5176 secundaria
3388 5119 3596 5195 potest
3624 5114 3925 5177 accidens

2430 5212 2799 5295 hujusmodi
2827 5229 3224 5286 conservare,
3250 5212 3420 5275 sicut
3444 5218 3774 5274 ostensum
3802 5220 3919 5274 est.
3958 5234 4251 5290 cfipmtn·

2428 5348 2511 5359 —
2538 5313 2682 5376 Haec
2714 5310 3083 5375 Richardus.
3117 5310 3187 5371 In
3220 5310 3449 5373 ceteris
3484 5309 3651 5373 sicut
3677 5309 3921 5373 Petrus.
