4267 6250
833 488 954 555 454

1451 508 1516 554 IN
1556 507 1779 554 Limum
1819 508 1880 553 lv
1921 504 2405 553 smmum.
2445 522 2527 531 —
2567 504 2720 550 msT.
2761 504 2931 566 xvl13
2974 503 3198 560 QUAEST.
3240 504 3311 551 111

915 678 1009 741 Ad
1038 679 1174 743 haec
1204 679 1594 762 respondens
1622 677 1920 740 Albertus
1953 694 1968 739 :
2001 673 2327 748 mirabilis,
2358 674 2412 737 Δ
2438 692 2567 737 non
2597 673 2847 737 excedit
2876 674 3042 737 vires
3074 682 3334 747 naturae,
3356 673 3643 738 absolute
3672 674 3943 758 loquen-

835 776 1066 860 inquit,
1081 785 1180 839 est
1204 776 1584 858 justificatio
1617 775 1821 857 impii,
1855 782 1928 836 ut
1955 774 2181 837 dicunt
2209 792 2334 835 ma-

830 875 1031 956 gistri.
1069 875 1142 937 Et
1188 882 1435 957 ponunt
1478 873 1771 936 mirabile
1813 872 1994 954 quasi
2046 872 2329 934 medium

832 973 1000 1035 inter
1041 973 1330 1035 naturale
1375 974 1544 1055 large
1593 979 1930 1054 acceptum
1967 972 2113 1053 (pro
2152 970 2329 1033 omni

832 1070 944 1133 illo
990 1072 1161 1153 quod
1209 1070 1288 1133 fit
1335 1090 1528 1134 cursu
1583 1069 1903 1133 inferioris
1951 1076 2215 1143 naturae,
2266 1076 2331 1131 et

831 1178 1022 1252 prout
1060 1169 1332 1232 includit
1358 1169 1716 1232 voluntaria
1753 1188 1790 1230 a
1820 1168 2145 1231 voluntate
2184 1186 2329 1230 cau-

833 1267 996 1349 sata)
1025 1276 1088 1331 et
1118 1269 1283 1331 inter
1323 1267 1706 1331 miraculum
1741 1284 1754 1329 :
1791 1267 1877 1329 ita
1905 1266 2072 1349 quod
2108 1265 2331 1328 deficit

835 1386 870 1429 a
919 1367 1160 1429 ratione
1208 1367 1502 1429 miraculi
1561 1366 1818 1448 proprie
1865 1364 2127 1446 sumpti,
2180 1363 2331 1446 quia

833 1482 959 1527 non
991 1465 1226 1528 accidit
1255 1473 1484 1547 praeter
1513 1484 1715 1546 spem,
1735 1483 1853 1526 nec
1883 1480 2056 1542 raro;
2088 1462 2155 1524 in
2185 1462 2329 1524 aliis

830 1572 1044 1627 autem
1076 1564 1326 1626 excedit
1352 1582 1610 1626 cursum
1639 1560 2209 1642 naturalium,quia
2238 1580 2331 1623 se-

832 1663 1116 1725 cundum
1145 1662 1594 1743 Augustinum,
1629 1661 1836 1741 majus
1875 1668 1972 1723 est
2009 1660 2087 1723 de
2128 1660 2329 1741 impio

829 1761 1040 1824 facere
1091 1760 1293 1843 pium,
1337 1780 1529 1848 quam
1575 1778 1789 1823 creare
1826 1759 2060 1822 coelum
2102 1766 2165 1821 et
2209 1766 2329 1820 ter-

2435 772 2541 844 do,
2573 790 2773 853 quum
2816 791 2933 854 per
2958 772 3431 853 generationem
3462 792 3601 835 earn
3638 772 3937 852 inducat3

2440 870 2689 932 excedit
2735 878 2947 933 tamen
2996 870 3167 933 vires
3216 879 3457 934 naturae
3506 879 3768 953 pensata
3822 871 3943 933 im-

2440 968 2723 1050 potentia
2771 969 3177 1051 recipientis3
3228 977 3294 1032 et
3338 969 3390 1031 si
3440 970 3605 1031 adsit
3652 971 3941 1052 potentia

2438 1066 2725 1129 absolute
2755 1066 3114 1150 aliquand0,
3128 1068 3665 1151 quemadmodum
3698 1069 3763 1130 in
3795 1086 3944 1131 con-

2437 1164 2729 1227 versione
2768 1184 2949 1247 aquae
2988 1165 3053 1228 in
3083 1166 3331 1239 vinum,
3364 1166 3533 1247 quod
3572 1166 3941 1229 successive

2436 1262 2515 1324 fit
2544 1282 2658 1345 per
2688 1270 2977 1326 naturam
3020 1263 3085 1325 in
3116 1264 3277 1344 vite;
3310 1272 3523 1327 tamen
3553 1265 3763 1347 quoad
3802 1283 3940 1328 mo-

2438 1362 2589 1423 dum
2642 1360 2863 1436 fiendi,
2914 1370 3010 1425 est
3056 1382 3249 1445 super
3306 1371 3615 1426 naturam.
3670 1364 3817 1427 ldeo
3868 1364 3937 1427 in

2436 1459 2813 1524 definitione
2846 1461 3135 1524 miraculi
3166 1462 3421 1543 ponitur
3446 1464 3731 1535 arduum,
3746 1482 3940 1545 quan-

2437 1566 2571 1620 tum
2603 1560 2681 1621 ad
2713 1560 3028 1642 primum3
3051 1568 3115 1622 et
3144 1569 3373 1642 praeter
3398 1571 3933 1643 spem‚quantum

2435 1656 2512 1718 ad
2572 1659 2960 1737 secundum3
3020 1666 3210 1739 atque
3268 1660 3617 1734 insolitum,
3671 1669 3936 1742 propter

2436 1754 2719 1817 tertium.
2752 1756 2913 1818 Hinc
2954 1755 3227 1819 effectus
3269 1757 3379 1839 qui
3426 1757 3793 1822 immediate
3834 1766 3935 1821 est

823 1877 986 1921 ram.
1021 1858 1244 1921 Melius
1283 1877 1435 1921 vero
1474 1857 1818 1921 dicendum
1849 1858 2124 1930 videtur,
2158 1857 2326 1938 quod
2363 1854 2410 1916 B
2438 1853 2645 1915 solum
2678 1874 2715 1915 a
2744 1855 2893 1929 Deo,
2926 1862 3203 1927 attamen
3246 1856 3581 1937 recipienti
3625 1856 3789 1919 inest
3825 1877 3937 1918 na-

826 1955 1206 2038 justificatio
1265 1956 1383 2019 ista
1439 1956 1523 2018 sit
1579 1974 1728 2019 vere
1786 1955 2215 2033 miraculosa3
2266 1961 2327 2016 et

830 2055 1125 2138 quamvis
1165 2072 1291 2117 non
1341 2054 1424 2115 sit
1470 2061 1700 2136 praeter
1736 2072 1915 2135 spem
1962 2053 2199 2133 gratiae,
2232 2060 2325 2115 est

829 2160 1038 2216 tamen
1069 2160 1298 2234 praeter
1325 2171 1502 2233 spem
1529 2158 1787 2214 naturae.
1814 2150 2145 2213 Insolitum
2176 2168 2329 2232 quo-

829 2270 956 2334 que
985 2250 1328 2333 dupliciter
1367 2250 1622 2324 dicitur,
1657 2257 1811 2331 puta
1845 2248 1909 2311 in
1945 2267 2130 2311 causa
2167 2255 2231 2310 et
2261 2248 2324 2310 in

827 2348 1086 2412 effectu.
1129 2349 1462 2411 Insolitum
1498 2365 1650 2411 vero
1693 2347 1758 2409 in
1801 2346 2179 2410 definitione
2215 2348 2328 2408 mi·

827 2446 1028 2509 raculi
1076 2447 1379 2529 positum,
1427 2446 1913 2527 intelligendum
1963 2454 2060 2509 est
2104 2445 2184 2507 de
2235 2445 2327 2506 in-

826 2545 1012 2608 solito
1064 2546 1130 2607 in
1189 2564 1399 2619 causa,
1447 2545 1617 2627 quod
1665 2544 1910 2607 scilicet
1958 2562 2086 2607 non
2134 2543 2327 2606 habet

825 2650 1098 2706 stantem
1129 2651 1193 2705 et
1223 2642 1576 2706 ordinatam
1617 2661 1872 2705 causam
1918 2662 1994 2705 ex
2029 2662 2157 2725 qua
2185 2659 2325 2724 pro-

825 2741 1058 2805 veniat.
1103 2742 1278 2815 Quod
1320 2748 1492 2823 patet
1527 2759 1604 2803 ex
1649 2758 1746 2814 e0,
1781 2741 1932 2823 quia
1970 2741 2024 2803 si
2065 2748 2323 2803 centum

827 2839 1114 2903 defuncti
1147 2846 1500 2921 resurgant,
1525 2838 1728 2902 nihilo
1760 2837 1972 2900 minus
2003 2856 2225 2901 omnes
2258 2838 2327 2899 il-

829 2937 904 3000 1ae
935 2936 1378 3000 suscitationes
1415 2936 1812 2999 miraculosae
1842 2937 2161 2999 dicuntur.
2197 2936 2325 2998 Nec

2437 1950 2659 2013 turalis
2700 1952 2982 2033 potentia
3020 1953 3097 2015 ad
3136 1953 3579 2035 recipiendum
3620 1954 3805 2016 illum
3844 1954 3939 2017 cf-

2436 2048 2677 2111 fectum
2718 2068 2842 2113 non
2883 2070 2999 2132 per
3035 2050 3232 2113 alium
3276 2051 3535 2114 modum
3584 2071 3774 2133 quam
3818 2073 3939 2135 per

2438 2147 2655 2221 istum,
2687 2146 2814 2211 non
2864 2156 2960 2211 est
3008 2148 3429 2213 miraculosus
3470 2168 3485 2214 ε
3528 2158 3599 2211 ut
3643 2158 3816 2232 patet
3856 2152 3938 2214 de

2438 2245 2759 2309 infusione
2790 2248 3017 2311 animae
3049 2247 3394 2311 rationalis.
3420 2248 3524 2311 Sic
3555 2266 3811 2332 quoque
3838 2259 3941 2312 est

2437 2345 2515 2407 de
2545 2344 3007 2424 justificatione
3046 2346 3253 2428 impii,
3287 2347 3589 2429 quoniam
3628 2347 3939 2411 naturalis

2436 2443 2589 2505 ordo
2620 2442 2786 2505 inest
2812 2443 3042 2508 animae
3071 2444 3150 2506 ad
3184 2443 3448 2526 justitiae
3481 2445 3937 2508 rectitudinem

2435 2542 2969 2624 consequendam,
3015 2561 3135 2605 nec
3187 2543 3313 2607 alio
3359 2544 3546 2606 modo
3592 2562 3731 2606 eam
3784 2562 3937 2607 con-

2436 2638 2615 2721 sequi
2649 2647 2855 2721 potest
2892 2660 3086 2724 quam
3127 2659 3164 2703 a
3204 2642 3332 2705 Deo
3364 2641 3747 2704 immediate.
3784 2643 3937 2706 ideo

2432 2735 2811 2817 justificatio
2852 2738 3035 2820 impii
3080 2756 3206 2801 non
3250 2747 3346 2802 est
3383 2739 3785 2815 miraculosa,
3819 2742 3937 2804 sed

2438 2843 2646 2917 potest
2672 2835 2913 2918 aliquid
2954 2836 3407 2901 miraculosum
3447 2837 3681 2901 habere
3708 2839 3939 2921 adjun-

2437 2942 2633 3008 ctum,
2674 2935 2845 3015 quod
2888 2934 3333 3016 justificationi
3386 2944 3691 3019 praeparat
3720 2938 3933 3000 viam.

827 3034 1100 3098 effectus
1121 3042 1382 3097 vocatur
1404 3034 1822 3097 miraculosus
1845 3034 1993 3117 quia
2015 3034 2093 3097 ad
2118 3034 2326 3116 ipsum
2361 3034 2405 3098 C
2434 3068 2515 3078 -
2562 3034 2709 3095 Ideo
2757 3034 3225 3115 praeallegatum
3278 3034 3545 3097 verbum
3593 3036 3937 3117 Augustini

829 3133 1008 3197 nullo
1059 3134 1248 3197 modo
1289 3133 1610 3196 concurrit
1647 3141 1758 3196 aut
1797 3140 2177 3215 cooperatur
2217 3152 2326 3196 no-

829 3241 959 3295 stra
997 3232 1262 3295 facultas
1299 3252 1312 3294 :
1347 3232 1437 3294 sic
1475 3250 1754 3314 namque
1795 3239 2012 3313 partus
2050 3232 2329 3314 Virginis

831 3331 1252 3393 miraculosus
1283 3348 1410 3393 non
1441 3338 1644 3410 esset3
1690 3331 1798 3392 sed
1833 3331 1984 3412 quia
2021 3350 2326 3412 superna-

828 3428 1053 3491 turalis
1093 3435 1367 3510 potestas
1406 3427 1849 3511 principaliter
1885 3435 1950 3490 et
1987 3447 2183 3510 super
2224 3448 2329 3491 na-

828 3536 1036 3589 turam
1078 3526 1208 3607 agit
1247 3527 1310 3588 in
1356 3527 1516 3609 ipso.
1551 3527 1693 3589 Haec
1735 3526 2049 3589 Albertus.

909 3626 1098 3689 Porro
1140 3625 1410 3688 Thomas
1454 3624 1688 3688 clarius
1731 3625 1998 3707 loquens
2041 3643 2056 3686 ε
2101 3626 2189 3688 De
2232 3645 2327 3688 ra-

826 3725 1001 3788 tione
1039 3723 1182 3805 (ait)
1222 3724 1512 3786 miraculi
1561 3724 1913 3786 secundum
1967 3742 2034 3786 se
2084 3726 2323 3808 sumpti

829 3830 978 3885 sunt
1019 3822 1157 3885 tria.
1191 3822 1472 3885 Primum
1515 3830 1631 3890 est,
1664 3829 1736 3883 ut
1774 3821 1838 3882 id
1882 3822 2051 3902 quod
2095 3822 2173 3885 fit
2216 3824 2329 3885 mi-

830 3921 1135 3996 raculose,
1170 3921 1250 3983 sit
1279 3940 1471 4002 supra
1501 3921 1800 3983 virtutem
1834 3928 2074 3984 naturae
2101 3930 2327 3986 creatae

828 4020 1091 4101 agentis.
1119 4019 1503 4093 Secundum,
1526 4026 1598 4080 ut
1627 4018 1691 4080 in
1724 4025 1948 4081 natura
1978 4017 2327 4101 recipiente

827 4136 954 4182 non
1003 4119 1086 4181 sit
1133 4119 1287 4180 ordo
1332 4117 1637 4180 naturalis
1695 4118 1772 4180 ad
1832 4116 2006 4179 illius
2053 4117 2325 4182 effectus

2436 3131 2923 3214 intelligendum
2954 3141 3051 3196 est
3079 3141 3389 3217 quantum
3420 3135 3497 3197 ad
3528 3134 3591 3197 id
3621 3136 3788 3217 quod
3820 3135 3937 3201 fit:

2436 3232 2589 3314 quia
2635 3232 2700 3294 in
2750 3233 3070 3296 creatione
3118 3232 3196 3296 fit
3244 3253 3345 3296 res
3390 3235 3742 3298 secundum
3792 3255 3941 3299 esse

2436 3338 2698 3406 naturae,
2744 3332 2911 3414 quod
2960 3339 3056 3394 est
3105 3332 3319 3395 minus
3366 3353 3559 3416 quam
3611 3352 3751 3397 esse
3797 3353 3941 3416 gra-

2437 3429 2747 3511 tiae,quod
2778 3430 2963 3491 datur
2996 3430 3057 3492 in
3087 3430 3565 3511 justificatione.
3587 3432 3707 3495 Sed
3739 3452 3941 3514 quan-

2436 3535 2573 3589 tum
2604 3528 2682 3589 ad
2716 3528 2975 3590 modum
3013 3528 3309 3603 faciendi,
3341 3529 3673 3594 difficilior
3700 3538 3799 3593 est
3827 3551 3935 3595 ac-

2436 3633 2538 3688 tus
2586 3626 2947 3701 creationis,
2999 3627 3149 3709 quia
3204 3629 3551 3710 potentiam
3608 3631 3933 3712 passivam

2436 3743 2562 3787 non
2596 3725 3051 3807 praesupponit.
3078 3727 3526 3790 Verumtamen
3556 3729 3635 3790 de
3666 3731 3936 3794 creatio-

2436 3841 2517 3885 ne
2548 3823 2747 3904 aliqui
2776 3823 3021 3898 dicunt,
3054 3825 3223 3906 quod
3254 3843 3381 3888 non
3412 3826 3497 3889 sit
3526 3827 3935 3904 miraculosa,

2437 3921 2585 4002 quia
2623 3938 2751 3984 non
2792 3929 2890 3984 est
2926 3921 3091 3985 alius
3134 3923 3360 3986 modus
3400 3924 3791 4005 producendi
3832 3947 3939 3991 res

2437 4018 2577 4080 illas
2621 4018 2687 4081 in
2730 4037 2888 4082 esse.

2514 4117 2815 4200 Denique,
2832 4118 3019 4180 simul
3050 4125 3113 4182 et
3144 4119 3208 4180 in
3239 4119 3460 4182 eodem
3492 4121 3751 4184 instanti
3782 4134 3939 4187 sunt

827 4217 1443 4299 susceptionem‚sed
1477 4216 1682 4278 solum
1717 4216 2000 4297 potentia
2029 4215 2326 4279 obedien·
2355 4217 2405 4279 D
2435 4215 2673 4278 infusio
2701 4217 2917 4296 gratiae
2946 4235 3019 4279 ac
3050 4217 3341 4281 remissio
3372 4219 3597 4301 culpae.
3628 4219 3937 4303 Expulsio

825 4314 996 4378 tialis
1026 4315 1104 4376 ad
1135 4314 1356 4376 Deum.
1382 4313 1772 4387 Tertium‚ut
1803 4320 2029 4393 praeter
2063 4315 2321 4377 modum

829 4421 1206 4477 consuetum
1249 4411 1356 4474 ille
1400 4410 1670 4473 effectus
1709 4410 2065 4474 inducatur.
2101 4412 2324 4476 Exem-

829 4512 1010 4595 plum
1051 4509 1241 4593 primi
1273 4516 1371 4572 est
1398 4509 1478 4571 de
1506 4508 1706 4589 gloria
1739 4527 2078 4591 corporum
2118 4512 2188 4574 in
2228 4531 2324 4575 re-

827 4609 1242 4682 surrectione,
1273 4607 1350 4669 ad
1392 4625 1582 4688 quam
1624 4615 1848 4669 natura
1885 4625 2011 4670 non
2045 4611 2317 4692 attingit.

828 4708 1210 4790 Exemplum
1241 4706 1526 4779 secundi,
1561 4706 1638 4768 de
1670 4705 2139 4770 illuminatione
2170 4711 2317 4772 caeci

823 4809 979 4883 nati,
1014 4808 1079 4870 in
1117 4823 1244 4889 quo
1282 4823 1408 4869 non
1447 4812 1546 4868 est
1575 4805 1880 4868 naturalis
1919 4807 2203 4889 potentia
2242 4808 2319 4870 ad

822 4909 1032 4973 visum
1067 4905 1569 4988 suscipiendum.
1597 4904 1977 4988 Exemplum
2011 4907 2206 4980 tertii,
2240 4908 2319 4970 de

821 5007 1236 5072 conversione
1282 5024 1463 5087 aquae
1511 5006 1576 5066 in
1621 5004 1844 5066 vinum
1897 5012 2124 5086 praeter
2171 5005 2316 5068 soli-

817 5115 956 5170 tum
1003 5123 1262 5168 cursum
1311 5109 1569 5166 naturae.
1607 5102 1683 5164 Et
1723 5103 1858 5165 haec
1901 5102 2021 5164 tria
2063 5122 2318 5186 semper

817 5206 1034 5287 aliquo
1083 5203 1272 5265 modo
1315 5208 1704 5264 concurrunt
1744 5202 1824 5262 ad
1866 5209 2078 5265 actum
2131 5203 2317 5264 mira-

821 5304 1134 5366 culosum.
1196 5300 1352 5362 Nam
1415 5299 1709 5381 quamvis
1766 5299 1970 5362 visiva
2031 5301 2313 5382 potentia

2433 4314 2671 4375 etenim
2702 4313 2923 4378 formae
2949 4315 3105 4377 dicit
3134 4317 3483 4379 terminum
3517 4327 3724 4382 motus
3756 4320 3933 4384 illius

2433 4413 2542 4493 qui
2584 4414 2660 4475 ad
2704 4414 3180 4495 corruptionem
3214 4421 3313 4477 est
3339 4416 3706 4498 ordinatus3
3738 4427 3801 4482 et
3834 4421 3931 4484 in-

2431 4511 2747 4574 troductio
2786 4511 3007 4575 formae
3050 4513 3347 4576 similiter
3383 4514 3540 4577 dicit
3576 4517 3929 4581 terminum

2433 4618 2642 4673 motus
2691 4609 2867 4672 illius
2915 4611 3026 4693 qui
3077 4612 3551 4692 generationem
3603 4617 3927 4696 praecedit,

2429 4710 2583 4791 quia
2623 4716 2753 4771 tam
2802 4711 3129 4790 generatio
3174 4731 3363 4794 quam
3414 4714 3738 4796 corruptio
3778 4723 3933 4777 sunt

2432 4809 2689 4872 termini
2740 4817 2965 4872 motus.
3003 4809 3205 4874 Omne
3247 4818 3457 4874 autem
3499 4814 3667 4894 quod
3711 4832 3931 4878 move-

2428 4915 2554 4981 tur,
2608 4909 2861 4990 quando
2919 4917 3015 4971 est
3073 4910 3137 4971 in
3187 4911 3460 4973 termino
3519 4922 3750 4986 motuS,
3800 4915 3931 4976 dis-

2430 5006 2690 5087 ponitur
2747 5008 3100 5069 secundum
3160 5007 3318 5070 illud
3366 5009 3446 5070 ad
3494 5011 3664 5092 quod
3714 5020 3929 5075 motus

2426 5105 2773 5167 ordinatur.
2836 5105 3171 5186 Quumque
3231 5115 3440 5171 motus
3498 5109 3929 5191 corruptionis

2424 5203 2641 5266 tendat
2681 5204 2759 5266 ad
2806 5221 2929 5267 non
2976 5222 3137 5280 esse,
3181 5207 3606 5285 generationis
3648 5224 3801 5270 vero
3842 5209 3923 5271 ad

2422 5321 2584 5376 esse,
2609 5304 2863 5385 quando
2896 5302 3102 5366 forma
3134 5303 3579 5380 introducitur,
3602 5315 3755 5369 tunc
3786 5317 3921 5387 est3
