4267 6250
818 497 942 564 308

1466 515 1531 563 m
1570 513 1793 561 unium
1833 512 1896 558 lv
1937 507 2421 557 summum!-
2460 523 2543 536 -
2581 507 2737 554 ms'r.
2776 507 2883 570 113
2925 507 3149 564 QUAEST.
3190 507 3277 554 vll

821 685 939 749 toti
975 685 1328 770 composito
1365 703 1480 768 per
1516 703 1662 748 suas
1699 681 2013 767 potentias
2055 678 2314 754 sentire,
2346 675 2399 740 A
2426 676 2657 759 inquit,
2702 677 2867 740 bene
2913 677 3123 741 facere
3170 681 3435 760 poterat,
3486 673 3657 756 quod
3705 671 3929 736 anima

821 784 1010 859 velle,
1043 784 1428 866 intelligere;
1449 802 1568 846 nec
1598 781 1897 847 convenit
1923 780 2149 844 animae
2177 796 2323 861 ope-

821 882 983 946 ratio
1030 881 1169 957 ista,
1211 882 1336 945 nisi
1385 901 1500 966 per
1545 882 1820 966 primam
1857 897 1872 941 ε
1907 879 2050 943 ideo
2097 876 2323 959 nequit

822 981 1048 1062 angelo
1077 981 1440 1044 convenire.
1466 981 1756 1044 Secundo
1787 979 1998 1055 modo,
2019 985 2092 1039 ut
2119 973 2320 1058 aliqui

824 1079 1068 1152 dicunt,
1101 1097 1229 1142 non
1272 1079 1572 1143 convenit
1609 1079 1840 1142 animae
1881 1075 2167 1160 operatio
2210 1073 2323 1136 ali-

826 1196 973 1259 qua,
1007 1177 1176 1240 sicut
1217 1195 1477 1240 movere
1523 1177 1877 1240 secundum
1926 1175 2179 1252 locum3
2210 1173 2321 1236 sed

826 1275 1060 1338 falsum
1101 1283 1198 1339 est
1234 1275 1374 1340 hoc.
1407 1277 1859 1339 Verumtamen
1900 1273 2099 1356 aliqui
2138 1270 2323 1335 dubi-

826 1381 965 1436 tant
1004 1373 1084 1437 de
1125 1374 1268 1451 hoc,
1299 1394 1380 1438 an
1423 1382 1567 1457 post
1612 1373 2074 1458 separationem
2123 1391 2162 1434 a
2207 1387 2323 1434 suo

827 1491 1092 1556 corpore
1123 1474 1324 1556 possit
1351 1492 1490 1537 esse
1521 1473 1588 1535 in
1617 1473 1750 1546 illo,
1765 1473 1980 1555 ipsum
2008 1470 2325 1534 movendo

829 1571 1132 1635 localiter.
1175 1571 1254 1633 Et
1299 1579 1608 1654 quantum
1655 1571 1736 1634 ad
1782 1571 1902 1634 hoc
1949 1570 2114 1644 dic0,
2154 1566 2323 1650 quod

827 1687 957 1733 non
995 1668 1183 1732 video
1221 1688 1336 1732 cur
1370 1670 1584 1732 anima
1613 1668 1845 1734 Christi
1884 1685 2013 1732 non
2045 1665 2327 1750 potuerit

829 1769 896 1831 in
926 1767 1140 1831 triduo
1177 1787 1318 1831 esse
1357 1768 1421 1831 in
1462 1785 1727 1851 corpore
1765 1785 1902 1841 su0‚
1935 1784 2063 1830 non
2102 1773 2174 1828 ut
2204 1764 2329 1828 sor-

2427 775 2659 840 Christi
2695 796 2732 838 a
2770 795 3035 859 corpore
3072 784 3359 858 separata
3396 773 3464 836 in
3502 772 3797 856 sepulcro
3832 771 3933 854 ja-

2428 882 2632 950 cente,
2651 882 2819 938 esset
2849 875 2915 938 in
2946 875 3086 939 loco
3116 873 3227 938 ubi
3258 881 3395 937 erat
3424 889 3655 955 corpus
3683 869 3805 934 sub
3838 889 3933 932 sa·

2428 980 2774 1049 eramentu,
2793 973 2945 1057 quia
2973 973 3093 1037 hoc
3122 973 3425 1055 importat
3452 977 3813 1054 respectum
3845 969 3935 1031 ad

2430 1078 2641 1151 extra3
2673 1073 2782 1134 sed
2814 1089 2942 1135 non
2971 1070 3143 1155 quod
3174 1078 3342 1134 esset
3368 1070 3430 1133 ei
3460 1069 3638 1132 unita
3676 1066 3797 1130 sub
3834 1085 3933 1129 sa-

2430 1180 2755 1235 cramento
2798 1180 2868 1233 ut
2907 1170 3133 1245 forma,
3175 1170 3327 1253 quia
3366 1170 3487 1232 hoc
3530 1167 3807 1251 pertinet
3846 1166 3933 1228 ad

2430 1268 2913 1351 dispositionem
2959 1268 3345 1332 interiorem.
3379 1267 3555 1330 Unde
3593 1264 3935 1328 inevitabi-

2432 1366 2577 1429 liter
2634 1377 3027 1450 sequeretur,
3078 1367 3205 1430 duo
3252 1363 3739 1429 contradictoria
3784 1381 3930 1425 esse

2431 1464 2644 1528 simul.

2511 1564 2605 1629 Ad
2648 1564 2711 1627 id
2756 1581 2907 1628 vero
2948 1565 3119 1648 quod
3168 1565 3474 1646 quaeritur
3512 1563 3593 1626 de
3634 1561 3937 1645 passione

2432 1670 2497 1726 et
2526 1670 2729 1726 morte
2759 1663 3042 1745 corporis
3072 1662 3397 1737 Christi,si
3428 1668 3747 1724 servatum
3776 1659 3939 1722 fuis⁹

2434 1769 2533 1824 set
2560 1761 2681 1824 sub
2720 1768 3118 1824 sacramento
3155 1762 3220 1823 in
3262 1760 3516 1843 pyxide,
3547 1758 3939 1841 responden·

829 1884 954 1940 ma,
987 1865 1100 1929 sed
1129 1873 1201 1928 ut
1229 1883 1515 1940 movenS,
1537 1865 1704 1928 sicut
1731 1873 1796 1928 et
1823 1865 2088 1947 angelus
2117 1869 2327 1946 potest
2360 1862 2408 1925 B
2435 1858 2612 1934 dum,
2654 1859 2824 1942 quod
2872 1859 3089 1922 omnia
3134 1857 3330 1922 verba
3376 1877 3519 1941 quae
3564 1854 3939 1938 significant

828 1983 969 2028 esse
1012 1963 1076 2027 in
1121 1982 1404 2048 corpore.

911 2063 1001 2125 De
1029 2081 1168 2125 esse
1197 2069 1411 2125 autem
1439 2062 1671 2127 animae
1700 2061 1934 2126 Christi
1964 2061 2031 2124 in
2060 2077 2326 2142 corpore

833 2177 951 2224 suo
995 2159 1538 2223 sacramentaliter
1584 2158 1928 2222 exsistente
1977 2159 2042 2221 in
2093 2157 2327 2241 pyxide

831 2256 998 2331 dico,
1039 2257 1209 2340 quod
1247 2256 1543 2338 quamvis
1591 2255 1762 2318 idem
1811 2273 2044 2338 corpus
2090 2254 2213 2317 fuit
2261 2255 2327 2316 in

834 2355 1132 2438 sepulcro
1161 2362 1224 2417 et
1256 2354 1510 2437 pyxide,
1541 2361 1756 2417 tamen
1793 2353 1922 2416 alio
1949 2362 2014 2417 et
2041 2353 2167 2417 alio
2198 2371 2329 2416 mo-

834 2454 916 2517 do
944 2453 1070 2516 fuit
1097 2451 1186 2515 ibi
1217 2460 1283 2516 et
1309 2452 1432 2533 ibi3
1463 2460 1654 2535 atque
1683 2453 2038 2516 secundum
2069 2452 2329 2516 modum

834 2569 964 2635 quo
1001 2550 1227 2614 habuit
1264 2569 1404 2614 esse
1442 2551 1507 2613 in
1546 2551 1802 2633 pyxide,
1837 2550 2012 2613 nulla
2046 2549 2332 2632 operatio

833 2650 1193 2714 extrinseca
1219 2667 1338 2712 nec
1367 2649 1626 2732 aliquod
1662 2649 2091 2713 extrinsecum
2124 2647 2334 2731 potuit

836 2767 1069 2832 corpus
1099 2747 1256 2811 illud
1285 2748 1614 2830 attingere.
1649 2748 1847 2823 Unde,
1872 2747 2167 2830 quamvis
2196 2763 2333 2809 cor-

837 2867 958 2930 pus
1017 2854 1341 2910 mortuum
1399 2853 1462 2908 et
1517 2846 1923 2910 vulneratum
1982 2845 2211 2908 fuisset
2265 2843 2333 2906 in

840 2944 1097 3027 pyxide,
1129 2944 1300 3026 quod
1343 2941 1800 3007 vulnerabatur
1835 2950 1900 3005 et
1941 2942 2335 3006 moriebatur

2437 1957 2798 2040 passionem
2828 1956 2909 2019 ab
2940 1957 3296 2020 extrinseco
3330 1956 3593 2029 illatam,
3624 1971 3752 2018 non
3792 1969 3939 2036 pos-

2423 2053 2584 2118 'sunt
2611 2055 2874 2118 attribui
2906 2055 3153 2138 corpori
3186 2054 3419 2119 Christi
3455 2061 3643 2136 prout
3680 2059 3777 2114 est
3808 2050 3937 2113 sub

2435 2162 2849 2217 sacramento.
2884 2153 3081 2235 Cujus
3120 2153 3281 2216 ratio
3310 2172 3389 2216 ex
3418 2151 3609 2214 dictis
3642 2157 3932 2233 apparet.

2436 2252 2613 2315 Unde
2650 2270 2778 2315 non
2809 2259 3016 2334 potest
3042 2251 3194 2327 dici,
3228 2251 3399 2334 quod
3429 2249 3495 2312 in
3525 2248 3758 2333 pyxide
3788 2267 3938 2311 cru-

2438 2349 2827 2431 cifigeretur,
2877 2358 2987 2414 aut
3032 2350 3496 2426 verberaretur,
3546 2357 3655 2412 aut
3710 2347 3939 2429 hujus-

2441 2450 2613 2512 modi
2655 2450 2918 2533 aliquid.
2960 2449 3089 2514 Nec
3132 2469 3209 2513 ex
3258 2450 3378 2513 hoc
3419 2449 3729 2532 sequitur,
3760 2447 3941 2531 quod

2438 2548 2566 2611 duo
2608 2548 3093 2612 contradictoria
3138 2549 3333 2611 simul
3380 2547 3511 2611 sint
3550 2563 3744 2610 vera:
3776 2563 3941 2628 quo-

2440 2647 2612 2709 niam
2654 2664 2779 2711 non
2820 2646 3173 2710 secundum
3214 2647 3383 2710 idem
3416 2653 3823 2729 comparatur
3853 2645 3943 2707 ad

2440 2753 2618 2808 extra
2674 2763 2905 2828 corpus
2964 2745 3197 2810 Christi
3253 2746 3359 2810 hic
3417 2752 3481 2808 et
3538 2744 3651 2806 ibi.
3711 2743 3948 2807 Omnia

2439 2852 2653 2912 autem
2705 2843 2902 2907 verba
2955 2864 3098 2927 quae
3152 2843 3521 2925 significant
3573 2842 3947 2926 passionem

2444 2943 2749 3017 innatam,
2794 2944 3185 3006 conveniunt
3230 2943 3291 3006 ei
3332 2949 3405 3005 ut
3448 2949 3769 3006 reservato
3816 2939 3945 3003 sub

838 3043 908 3105 in
956 3060 1169 3118 cruce,
1216 3043 1283 3104 in
1332 3061 1521 3106 cruce
1567 3049 1784 3104 tamen
1833 3041 2226 3104 moriebatur
2273 3047 2337 3103 et
2366 3039 2410 3104 C
2443 3050 2860 3119 sacramento,
2874 3043 3039 3105 sicut
3069 3043 3203 3106 haec
3234 3041 3449 3117 verba,
3466 3041 3658 3116 dolet,
3672 3039 3943 3125 patitur,

839 3142 1245 3205 vulneratum
1290 3141 1435 3215 fuit,
1471 3142 1580 3205 sed
1620 3160 1748 3205 non
1787 3140 1853 3203 in
1892 3141 2145 3224 pyxide.
2180 3140 2337 3205 Con-

841 3241 1134 3304 l'ormiter
1189 3240 1354 3316 dico,
1404 3240 1574 3322 quod
1630 3239 1780 3302 licet
1833 3240 2047 3303 anima
2103 3239 2337 3303 Christi

841 3348 996 3403 tunc
1025 3340 1235 3423 potuit
1264 3338 1462 3401 fuisse
1492 3338 1559 3400 in
1589 3354 1707 3401 suo
1737 3355 2002 3421 corpore
2031 3338 2098 3400 in
2129 3338 2339 3420 sepul-

841 3456 972 3513 cro,
1005 3446 1071 3501 et
1097 3438 1266 3501 circa
1306 3436 1464 3500 illud
1501 3436 1743 3520 aliquid
1783 3438 2055 3519 operari,
2089 3455 2219 3500 non
2248 3444 2341 3500 ta-

843 3555 992 3599 men
1024 3537 1092 3600 in
1121 3535 1375 3619 pyxide,
1407 3535 1559 3598 licet
1592 3553 1742 3598 cum
1781 3535 1902 3599 hoc
1929 3554 2157 3598 verum
2186 3534 2341 3599 fuis-

844 3644 942 3699 set
985 3636 1220 3710 dicere,
1266 3634 1437 3718 quod
1483 3632 1609 3696 fuit
1657 3634 1722 3697 in
1771 3650 2035 3717 corpore
2083 3634 2214 3698 illo.
2265 3635 2339 3697 ln

845 3734 1080 3818 pyxide
1107 3752 1384 3816 namque
1413 3750 1542 3796 non
1573 3732 1782 3815 potuit
1809 3751 1949 3796 esse
1979 3734 2045 3795 in
2075 3752 2340 3817 corpore

845 3851 962 3896 suo
999 3833 1123 3896 nisi
1162 3850 1276 3915 per
1313 3830 1870 3895 concomitantiam
1907 3850 1922 3894 z
1955 3839 2020 3893 et
2059 3831 2183 3895 hoc
2211 3850 2339 3895 non

846 3931 973 3994 nisi
1031 3949 1146 4014 per
1187 3932 1308 3994 hoc
1364 3929 1534 4013 quod
1582 3938 1729 3993 actu
1786 3931 2099 3993 animaret
2154 3931 2337 4007 illud,

845 4028 1388 4113 quemadmodum
1443 4029 1632 4093 modo
1684 4029 1750 4092 in
1809 4029 2040 4112 pyxide
2100 4030 2167 4093 in
2224 4048 2343 4093 suo

849 4146 1114 4211 corpore
1151 4127 1449 4189 animato.
1482 4126 1621 4190 Non
1659 4127 1834 4189 enim
1864 4128 2167 4191 dicuntur
2203 4147 2341 4192 esse

2447 3142 2737 3217 moritur,
2770 3149 2927 3221 etc.;
2960 3160 3087 3205 non
3126 3149 3341 3205 autem
3382 3142 3518 3205 haec
3549 3138 3763 3215 verba,
3796 3158 3947 3202 cru-

2446 3238 2752 3321 cifigitur,
2779 3239 3124 3315 lanceatur,
3142 3239 3523 3321 flagellatur,
3550 3246 3944 3301 cruentatur.

2443 3338 2767 3401 Passiones
2832 3340 3071 3422 quippe
3140 3338 3512 3402 extrinsecae
3577 3337 3951 3421 pertingunt

2444 3437 2525 3499 ad
2570 3436 2991 3499 substantiam
3040 3437 3325 3520 corporis
3376 3436 3609 3501 Christi
3658 3435 3950 3499 median-

2444 3535 2619 3598 tibus
2660 3535 3169 3599 dimensionibus
3217 3535 3516 3619 propriis,
3558 3553 3686 3599 non
3726 3541 3949 3597 autem

2448 3633 2877 3697 mediantibus
2943 3633 3455 3697 dimensionibus
3521 3634 3724 3717 panis.
3796 3633 3951 3696 ldeo

2447 3740 2709 3816 propter
2749 3732 3203 3815 impressiones
3252 3733 3639 3796 extrinsecas
3681 3752 3825 3815 quae
3866 3733 3953 3795 ad

2447 3832 2729 3914 speciem
2774 3832 3096 3915 pertinent
3138 3832 3343 3915 panis,
3378 3832 3555 3894 nulla
3596 3831 3811 3915 passio
3852 3830 3954 3893 in·

2446 3931 2725 3994 trinseca
2778 3930 3149 3993 attribuitur
3204 3930 3453 4013 corpori
3512 3930 3782 4009 Christi;
3832 3930 3953 3993 sed

2450 4038 2711 4113 propter
2765 4028 3218 4112 impressiones
3275 4028 3660 4092 extrinsecas
3716 4028 3795 4091 ad
3852 4028 3953 4091 di·

2450 4128 2813 4191 mensiones
2843 4127 3133 4210 proprias
3163 4126 3954 4210 pertinentes,attribuun-

849 4226 917 4290 in
971 4231 1364 4289 sacramento
1421 4243 1539 4307 per
1584 4225 2167 4301 concomitantiam,
2216 4227 2343 4291 nisi
2371 4228 2421 4290 D
2449 4236 2555 4289 tur
2583 4227 2909 4310 passiones
2938 4226 3189 4309 corpori
3220 4225 3470 4300 Christi,
3484 4233 3549 4288 et
3574 4224 3957 4291 extrinseca

850 4342 994 4407 quae
1031 4321 1452 4386 essentialiter
1487 4330 1552 4384 et
1587 4322 1954 4398 intrinsece,
1987 4331 2052 4387 et
2093 4342 2221 4388 non
2262 4325 2342 4388 ab

849 4420 1209 4511 extrinseco
1252 4419 1572 4503 pertinent
1607 4421 1686 4483 ad
1729 4421 1907 4484 illud.
1941 4422 2088 4486 ldeo
2126 4442 2346 4505 quam-

848 4521 948 4583 vis
977 4526 1148 4583 recte
1177 4518 1426 4582 dicatur
1452 4519 1621 4601 quod
1651 4536 1884 4601 corpus
1913 4521 2082 4602 quod
2120 4521 2346 4584 habuit

847 4619 1135 4695 vulnera,
1159 4618 1282 4681 fuit
1311 4617 1378 4679 in
1407 4616 1662 4700 pyxide,
1685 4634 1814 4682 non
1842 4624 2057 4684 tamen
2086 4620 2343 4703 proprie

846 4718 1082 4781 dicitur
1109 4716 1280 4801 quod
1310 4716 1450 4799 ipsa
1475 4715 1743 4779 vulnera
1768 4724 1952 4780 erant
1980 4717 2046 4780 in
2086 4719 2337 4802 pyxide.

847 4816 1089 4881 -Haec
1117 4815 1446 4880 Henricus.
1468 4816 1538 4878 ln
1568 4814 1808 4898 quibus
1838 4815 2090 4880 videtur
2115 4816 2344 4880 obscu-

849 4934 992 4977 rum
1041 4915 1211 4997 quod
1257 4914 1366 4988 ait,
1414 4914 1582 4996 quod
1635 4914 1700 4976 in
1751 4913 1862 4977 tali
1912 4933 2063 4977 casu
2111 4932 2343 4998 corpus

850 5013 1010 5076 illud
1058 5030 1186 5077 non
1237 5012 1628 5077 moriebatur
1675 5014 1742 5076 in
1792 5013 2044 5097 pyxide.
2096 5014 2219 5078 Sed
2266 5016 2345 5078 de

849 5113 974 5177 hoc
1011 5112 1266 5195 plenius
1304 5113 1438 5193 jam
1482 5112 1752 5176 dicetur.

935 5212 1245 5295 Denique,
1275 5211 1470 5293 hujus
1501 5212 1936 5294 responsionis
1965 5212 2345 5275 sententiam

851 5309 1134 5373 breviter
1187 5310 1248 5373 S.
1291 5310 1563 5374 Thomas
1621 5311 2055 5393 perstringens
2097 5329 2113 5374 :
2156 5312 2345 5387 DeuS,

2452 4325 2573 4389 sub
2616 4326 2874 4408 propria
2916 4325 3129 4407 specie
3172 4332 3441 4399 tantum,
3482 4330 3546 4387 et
3585 4324 3957 4389 intrinsecae

2450 4424 2643 4487 etiam
2677 4422 2798 4487 sub
2826 4424 3041 4506 specie
3070 4423 3295 4486 aliena.
3328 4424 3489 4486 Hinc
3518 4428 3780 4506 propter
3808 4441 3957 4485 cru-

2453 4522 2824 4586 cifixionem
2872 4523 2939 4585 in
2982 4522 3282 4587 Calvariae
3329 4521 3469 4586 loco
3514 4521 3769 4597 factam,
3812 4540 3955 4585 cor-

2453 4640 2575 4704 pus
2604 4620 2835 4685 Christi
2869 4628 3189 4684 servatum
3232 4619 3619 4683 moriebatur
3650 4620 3773 4683 suh
3804 4638 3955 4703 pro-

2452 4720 2592 4803 pria
2638 4721 2875 4803 specie,
2916 4728 2981 4783 et
3027 4720 3183 4783 item
3230 4718 3353 4783 suh
3398 4727 3813 4785 sacramento.
3860 4720 3956 4783 Ex

2451 4817 2689 4902 quibus
2719 4825 2892 4901 patet
2920 4818 3151 4883 solutio
3178 4819 3256 4882 ad
3284 4818 3951 4901 obiecta—Insuper,

2453 4936 2655 4999 quum
2703 4916 3010 4980 animatio
3057 4917 3140 4979 sit
3180 4917 3533 5000 proprietas
3581 4916 3951 4992 intrinseca,

2454 5023 2701 5079 constat
2728 5014 2899 5098 quod
2932 5014 3099 5077 sicut
3128 5032 3359 5098 corpus
3388 5015 3621 5079 Christi
3654 5013 3777 5077 sub
3807 5032 3955 5097 pro-

2456 5114 2595 5197 pria
2641 5113 2857 5196 specie
2906 5114 3031 5177 suit
3075 5112 3390 5187 exanime,
3442 5114 3529 5176 ita
3577 5112 3698 5176 sub
3745 5132 3954 5176 sacra-

2458 5220 2693 5275 mento.
2734 5213 2933 5288 Unde,
2974 5213 3029 5275 si
3080 5230 3311 5295 corpus
3358 5211 3591 5276 Christi
3640 5210 3869 5275 fuisset
3914 5230 3955 5275 a

2456 5311 2922 5393 discipulorum
2980 5311 3195 5394 aliquo
3239 5318 3677 5375 consecratum
3727 5310 3797 5373 in
3844 5310 3954 5375 tri-
