4267 6250
522 4508 591 4565 Cf.
603 4521 641 4563 p.
655 4511 731 4551 ³28
744 4506 789 4553 C.

813 452 936 519 330

1471 470 1536 517 IN
1575 470 1798 518 LIBRUM
1838 471 1900 517 1v
1943 468 2427 516 snmnurultmt.
2468 487 2549 496 —
2588 469 2742 516 msr.
2784 470 2912 532 1113
2954 469 3181 526 QUAEST.
3225 471 3271 516 11

814 642 1057 706 Placuit
1084 650 1297 706 autem
1340 642 1841 706 clementissimo
1872 641 2149 705 Creatori
2190 641 2311 704 hoc
2338 640 2390 703 Α
2418 640 2539 702 sub
2570 640 2863 723 pluribus
2903 641 3413 705 dimensionibus
3450 639 3931 704 sacramentali-

814 741 1134 804 declarare
1178 741 1298 806 isto
1338 741 1665 805 miraculo.
1704 740 1969 814 Quidam
2017 741 2311 803 sacerdos

814 840 1080 903 credens
1110 840 1332 903 hostiis
1362 859 1584 903 verum
1617 857 1845 921 panem
1877 838 2153 910 subesse,
2172 855 2315 900 con-

813 939 1076 1002 ficiebat
1141 939 1203 1001 in
1266 958 1492 1021 magna
1554 938 1925 1022 quantitate,
1987 945 2178 1021 prout
2231 938 2311 1000 ad

813 1038 1096 1120 corporis
1127 1038 1225 1100 sui
1257 1037 1780 1100 sustentationem
1819 1037 2120 1100 sufficere
2152 1036 2313 1099 aesti-

815 1137 1049 1210 mabat,
1083 1145 1144 1198 et
1189 1155 1293 1198 eas
1335 1136 1400 1198 in
1441 1135 1659 1198 cibum
1697 1135 1961 1218 accepit.
1997 1135 2113 1208 Qui
2148 1134 2313 1197 infra

815 1252 1051 1317 paucos
1083 1235 1218 1298 dies
1257 1235 1498 1316 absque
1537 1233 1798 1298 alterius
1839 1233 2047 1296 morbi
2079 1233 2313 1295 occasi-

811 1352 934 1397 one
963 1333 1302 1397 defunctus
1333 1341 1450 1407 est,
1484 1333 1623 1415 ipso
1659 1333 1880 1396 mortis
1911 1351 2040 1395 suae
2069 1331 2313 1414 experi-

817 1438 1032 1495 mento
1062 1449 1472 1514 cognoscens,
1507 1431 1730 1494 hostiis
1769 1430 2153 1493 consecratis
2182 1448 2311 1492 non

813 1530 1076 1594 subesse
1116 1531 1285 1612 quod
1328 1549 1474 1593 vere
1514 1537 1728 1612 posset
1770 1547 2001 1611 corpus
2041 1529 2306 1592 nutrire.

812 1629 949 1693 Non
981 1637 1194 1692 tamen
1233 1647 1538 1709 negamus
1577 1629 1768 1692 odore
1808 1628 2082 1710 quodam
2124 1644 2311 1709 posse

814 1745 1046 1810 corpus
1087 1726 1314 1788 nutriri
1340 1745 1356 1806 3
1387 1726 1499 1788 sed
1529 1727 1684 1788 odor
1723 1725 1832 1787 ille
1871 1732 1967 1787 est
2003 1742 2311 1807 vaporosa

2418 747 2551 820 ter;
2583 740 2693 803 sed
2734 741 2971 804 virtute
3014 740 3230 804 divina
3272 749 3539 824 possunt
3578 739 3931 804 dimensio-

2418 857 2527 901 nes
2560 839 2741 921 panis
2770 840 3051 903 converti
3084 839 3148 902 in
3180 840 3608 903 dimensione-s
3636 840 3931 922 corporis

2420 937 2652 1000 Christi
2688 955 2702 999 :
2736 955 2885 1020 ergo
2914 938 3151 1000 virtute
3182 937 3639 1012 conversioniS,
3670 938 3929 1000 dimen-

2418 1036 2629 1099 siones
2663 1037 2947 1118 corporis
2979 1036 3211 1099 Christi
3250 1044 3441 1098 erunt
3470 1035 3582 1098 ubi
3622 1043 3801 1098 erant
3827 1035 3932 1098 di·

2420 1134 2783 1198 mensiones
2847 1135 3048 1216 panis.
3112 1135 3291 1198 Sicut
3355 1153 3505 1216 ergo
3563 1134 3931 1197 substantia

2419 1232 2704 1315 corporis
2747 1233 2979 1297 Christi
3025 1242 3231 1316 potest
3278 1253 3394 1317 per
3433 1233 3929 1296 conversionem

2420 1332 2643 1395 eodem
2690 1339 2977 1415 tempore
3020 1351 3157 1396 esse
3200 1333 3320 1395 sub
3361 1331 3631 1395 diversis
3673 1330 3933 1394 dimen-

2420 1430 2709 1493 sionibus
2758 1431 2825 1492 in
2872 1431 3142 1494 diversis
3188 1430 3532 1510 altaribus;
3577 1431 3671 1494 sic
3716 1437 3781 1493 et
3826 1429 3932 1491 di-

2420 1529 2782 1592 mensiones
2822 1530 3105 1612 corporis
3138 1529 3369 1593 Christi
3410 1548 3525 1612 per
3562 1527 3935 1592 conversio-

2418 1646 2567 1690 nem
2598 1635 2867 1710 possunt
2896 1634 3035 1691 e'sse
3067 1629 3129 1690 in
3161 1628 3433 1690 diversis
3461 1627 3789 1702 altaribus,
3806 1627 3930 1690 ubi

2420 1735 2602 1791 erant
2627 1726 2896 1791 diversae
2925 1727 3358 1790 dimensiones
3389 1745 3710 1789 conversae
3738 1725 3808 1787 in
3843 1725 3931 1788 il—

811 1825 1186 1900 substantia,
1210 1844 1336 1887 non
1369 1825 1662 1888 accidens
1691 1825 1925 1888 :odore
1954 1833 2169 1887 autem
2200 1824 2310 1905 qui
2337 1826 2384 1887 B
2421 1826 2530 1889 las.
2586 1826 2706 1889 Sed
2769 1844 2896 1889 non
2953 1835 3103 1889 sunt
3149 1825 3582 1889 dimensiones
3632 1826 3933 1908 corporis

810 1925 1105 1988 accidens
1136 1931 1253 1998 est,
1287 1941 1413 1986 non
1458 1931 1666 2006 potest
1697 1923 1818 1986 hoc
1857 1921 2023 1985 fieri.
2057 1959 2138 1968 —
2168 1922 2309 1985 Haec

813 2023 1215 2096 GuillelmuS,
1236 2021 1347 2105 qui
1379 2021 1605 2104 probat
1635 2020 1802 2084 istud
1836 2040 1951 2104 per
1977 2039 2312 2102 argumen-

812 2131 875 2186 ta
925 2122 1214 2204 quaedam
1259 2128 1574 2204 praetacta.

905 2222 1094 2284 Porro
1149 2218 1628 2302 Argentinensis
1689 2237 1836 2280 cum
1896 2216 2313 2301 praeallegatis

813 2318 1180 2383 doctoribus
1238 2317 1627 2381 contrarium
1689 2324 1933 2391 tenenS‚
1985 2316 2181 2379 refert
2230 2315 2317 2377 fa-

814 2426 989 2482 ctum
1034 2416 1351 2500 quoddam
1392 2416 1542 2478 huic
1583 2415 1973 2478 contrarium
2011 2433 2023 2477 :
2056 2415 2311 2489 Audivi,

814 2516 1135 2598 inquienS,
1169 2535 1205 2578 a
1235 2515 1558 2578 sacerdote
1588 2513 1720 2577 fide
1751 2513 1962 2596 digno,
1996 2515 2167 2596 quod
2198 2515 2315 2576 im—

811 2614 1096 2678 minente
1153 2615 1428 2696 quodam
1488 2612 1759 2675 terribili
1817 2612 2036 2695 praelio
2090 2614 2314 2675 Roma-

813 2731 1060 2787 norum,
1110 2712 1505 2775 consecravit
1554 2711 1790 2774 hostias
1841 2711 2149 2793 plurimas
2199 2731 2314 2795 pro

813 2811 1130 2875 militibus
1187 2810 1624 2892 congressuris
1683 2809 2233 2873 communicandis
2296 2829 2309 2874 :

813 2911 924 2994 qui
970 2929 1118 2972 casu
1167 2909 1252 2971 ita
1296 2927 1364 2972 se
1411 2909 1746 2982 offerente,
1780 2926 1908 2971 non
1957 2909 2311 2971 communi-

2421 1925 2675 1998 Cbristi,
2722 1925 2847 1988 nisi
2898 1925 3009 1988 ubi
3058 1933 3156 1988 est
3200 1945 3425 1988 verum
3478 1933 3545 1987 et
3588 1932 3795 1987 totum
3842 1943 3931 1987 ac

2421 2023 2739 2104 integrum
2773 2041 3004 2106 corpus
3034 2023 3266 2088 Christi
3291 2041 3305 2086 ε
3328 2041 3479 2104 ergo
3507 2031 3711 2087 totum
3741 2023 3931 2086 Chri-

2420 2123 2502 2185 sti
2546 2140 2778 2206 corpus
2821 2123 3013 2186 simul
3057 2130 3263 2204 potest
3303 2141 3443 2185 esse
3488 2141 3603 2205 per
3646 2122 3931 2184 miracu-

2424 2222 2557 2284 lum
2609 2221 2673 2284 in
2725 2222 2880 2284 locis
2927 2220 3214 2284 diversis.
3254 2222 3324 2284 In
3373 2221 3739 2304 oppositum
3796 2229 3928 2296 est,

2423 2320 2575 2402 quia
2612 2320 2703 2382 sic
2744 2319 3230 2383 contradictoria
3266 2327 3480 2382 essent
3515 2319 3704 2382 simul
3746 2338 3932 2391 vera,

2426 2419 2726 2500 quoniam
2772 2419 3205 2481 dimensiones
3254 2418 3539 2501 corporis
3581 2435 3941 2480 connume-

2424 2525 2646 2579 rantur
2692 2516 3205 2580 dimensionibus
3254 2516 3398 2580 loci.
3442 2517 3507 2579 Si
3554 2535 3705 2598 ergo
3752 2517 3939 2579 idem

2425 2633 2655 2698 corpus
2685 2623 2852 2678 esset
2884 2616 2948 2678 in
2980 2614 3275 2698 pluribus
3308 2614 3486 2689 lociS,
3519 2623 3688 2678 esset
3721 2635 3935 2678 unum

2423 2723 2487 2778 et
2517 2715 2735 2797 plura3
2768 2723 2832 2778 et
2860 2714 2948 2777 ita
2976 2723 3143 2777 esset
3173 2734 3396 2789 unum,
3426 2723 3491 2777 et
3519 2732 3647 2777 non
3679 2733 3883 2776 unum
3911 2733 3929 2777 ε

2423 2813 2592 2894 quod
2641 2821 2736 2875 est
2786 2812 3155 2875 absurdum.
3210 2812 3455 2895 Nempe
3503 2832 3630 2895 qua
3678 2812 3935 2876 ratione

2421 2919 2635 2993 posset
2674 2911 2843 2974 idem
2884 2928 3115 2993 corpus
3159 2929 3299 2974 esse
3338 2910 3533 2973 simul
3570 2911 3637 2973 in
3670 2911 3935 2975 duobus

813 3016 1139 3082 caverunt,
1162 3015 1419 3090 propter
1450 3008 1616 3090 quod
1649 3024 1872 3070 omnes
1902 3008 2141 3070 hostias
2173 3008 2311 3071 illas
2346 3012 2388 3076 C
2424 3010 2599 3083 lociS,
2633 3009 2855 3072 eadem
2905 3009 3149 3072 ratione
3194 3016 3259 3072 et
3300 3010 3364 3071 in
3412 3009 3619 3072 tribus
3663 3017 3726 3072 et
3767 3029 3934 3092 qua-

811 3108 984 3173 solus
1013 3106 1280 3189 accepit,
1313 3126 1391 3169 ex
1420 3105 1656 3189 quibus
1686 3104 1809 3168 fuit
1848 3107 1938 3169 sic
1970 3113 2308 3182 saturatus,

813 3208 983 3291 quod
1026 3206 1225 3269 alium
1273 3205 1490 3269 cibum
1541 3223 1666 3269 non
1711 3205 2055 3269 affectavit.
2092 3242 2167 3251 —
2200 3207 2312 3269 Ve-

813 3313 1172 3368 rumtamen
1230 3304 1348 3367 ista
1399 3304 1675 3366 narratio
1723 3304 2130 3385 praeinductae
2182 3322 2309 3367 non

813 3403 1049 3478 obviat,
1101 3403 1251 3485 quia
1299 3402 1677 3466 Guillelmus
1737 3420 1861 3465 non
1921 3410 2107 3483 negat
2154 3403 2310 3484 quin

813 3502 1245 3565 dimensiones
1294 3502 1477 3584 panis
1528 3501 1838 3583 impleant
1884 3502 2308 3575 stomachum,

810 3609 875 3665 et
902 3610 1220 3683 occupent
1250 3600 1492 3679 locum3
1520 3599 1856 3683 qualitates
1885 3617 2141 3682 quoque
2172 3617 2316 3663 con-

809 3701 979 3763 cedit
1021 3700 1194 3763 sitim
1239 3717 1424 3782 posse
1467 3699 1740 3773 auferre,
1786 3694 1912 3761 nou
1956 3698 2144 3762 alere.

891 3798 1177 3881 Denique
1209 3798 1618 3882 praeinductis
1650 3818 1728 3861 ex
1759 3798 2306 3873 Thoma,Albert0,

811 3899 1273 3971 Bonaventura‚
1307 3897 1552 3977 AEgidio
1590 3916 1663 3958 ac
1702 3896 1867 3970 aliis,
1899 3897 1978 3959 de
2009 3896 2312 3959 exsisten-

812 4000 902 4061 tia
932 3996 1162 4061 Christi
1195 3995 1316 4059 sub
1349 3995 1554 4057 hostia
1582 3995 1886 4077 quamdiu
1929 4002 2191 4057 manent
2219 3993 2307 4057 ibi

811 4097 1033 4160 formae
1063 4094 1484 4157 accidentales
1513 4113 1620 4156 seu
1653 4094 2310 4176 specieS‚concordant

2421 3116 2599 3189 tuor;
2633 3116 2695 3172 et
2742 3129 2819 3172 ex
2868 3108 3308 3192 consequenti,
3344 3109 3409 3171 in
3458 3107 3759 3172 omnibus
3808 3128 3935 3172 seu

2422 3208 2684 3290 ubique,
2719 3208 2887 3290 quod
2918 3208 3145 3270 Deitati
3177 3215 3273 3271 est
3305 3209 3655 3290 proprium.
3680 3207 3937 3271 Idcirco

2420 3305 2794 3388 simpliciter
2827 3305 2987 3380 dico,
3006 3305 3399 3388 impossibile
3429 3324 3570 3368 esse
3602 3305 3769 3368 idem
3800 3324 3943 3369 cor-

2423 3424 2543 3488 pus
2573 3405 2765 3467 simul
2796 3424 2934 3467 esse
2968 3403 3033 3467 in
3065 3404 3359 3486 pluribus
3393 3404 3571 3467 locis.
3607 3403 3929 3487 Denique,

2421 3504 2473 3566 si
2525 3504 2694 3565 idem
2744 3520 2973 3585 corpus
3031 3522 3211 3585 aeque
3259 3502 3672 3585 corporaliter
3720 3510 3781 3565 et
3830 3503 3935 3566 di-

2422 3602 2890 3667 mensionatum
2938 3610 3106 3665 esset
3154 3601 3216 3664 in
3263 3601 3558 3684 pluribus
3602 3601 3777 3673 lociS,
3811 3610 3937 3663 aut

2421 3721 2570 3785 ergo
2600 3702 2769 3784 quod
2809 3701 3055 3763 exsistit
3099 3700 3162 3762 in
3203 3717 3332 3763 uno
3372 3700 3531 3773 loc0,
3564 3699 3815 3763 exsistit
3854 3700 3933 3763 in

2420 3800 2566 3873 ali0,
2600 3807 2710 3862 aut
2750 3817 2897 3861 non.
2935 3800 2996 3862 Si
3045 3800 3159 3873 sic,
3193 3816 3343 3881 ergo
3390 3798 3443 3861 si
3489 3798 3555 3860 in
3606 3815 3733 3861 uno
3782 3796 3937 3861 loco

2420 3899 2504 3961 sit
2532 3899 2701 3979 gelu,
2734 3898 2798 3960 in
2838 3896 2966 3960 alio
3002 3898 3195 3971 calor,
3228 3897 3421 3959 simul
3464 3897 3725 3960 haberet
3753 3896 3935 3959 calo-

2420 4018 2555 4062 rem
2586 4005 2649 4060 et
2677 3996 2917 4079 frigus3
2948 3996 3247 4059 similiter
3276 3996 3339 4057 in
3374 4014 3501 4059 uno
3538 3996 3674 4059 loco
3703 4016 3781 4059 ex
3809 3998 3931 4060 de-

2420 4097 2592 4160 fectu
2622 4095 2995 4158 victualium
3027 4096 3313 4167 esuriret,
3329 4094 3393 4155 in
3424 4094 3550 4157 alio
3578 4096 3933 4159 comedens

813 4194 1048 4277 scripta
1077 4193 1329 4256 I-lenrici
1364 4193 1738 4266 Quodlibeto
1767 4193 2065 4255 secundo.
2101 4192 2218 4266 Qui
2250 4200 2312 4255 et
2342 4200 2391 4261 D
2424 4203 2849 4274 saturaretur3
2879 4201 3069 4276 atque
3110 4193 3177 4255 in
3217 4210 3344 4256 uno
3387 4192 3525 4256 loco
3563 4192 3934 4256 infirmare-

718 4342 729 4353 .
813 4292 1189 4368 Quodlibeto
1239 4299 1462 4373 quarto
1519 4292 1882 4371 interrogat,
1933 4311 2011 4354 an
2064 4292 2312 4374 species

816 4392 942 4454 illae
984 4389 1471 4453 sacramentales
1519 4389 1819 4451 nutriant.
1855 4389 1945 4451 Ad
1999 4390 2167 4471 quod
2218 4409 2312 4453 re·

814 4490 1085 4571 spondet
1113 4487 1376 4551 omnino
1404 4495 1473 4549 ut
1502 4487 1770 4550 Thomas
1802 4486 1866 4549 in
1897 4488 2083 4550 tertia
2111 4496 2305 4571 parte.

893 4586 1207 4669 AmpliuS,
1249 4602 1417 4648 nono
1453 4584 1849 4659 QuodlibetO,
1883 4586 2108 4648 ultima
2143 4605 2310 4668 quae-

813 4687 1041 4760 stione,
1075 4685 1455 4757 sciscitatur,
1500 4692 1711 4746 utrum
1765 4703 1880 4767 per
1927 4684 2307 4748 miraculum

812 4795 877 4851 et
934 4785 1290 4849 absolutam
1354 4783 1465 4846 Dei
1522 4783 2049 4866 omnipotentiam
2109 4784 2312 4867 possit

811 4904 1014 4947 unum
1047 4892 1110 4947 et
1140 4884 1307 4945 idem
1344 4899 1576 4964 corpus
1606 4881 1798 4944 simul
1841 4900 1979 4944 esse
2010 4882 2074 4944 in
2108 4882 2312 4945 diver-

812 4984 900 5047 sis
933 4983 1086 5046 locis
1128 4981 1432 5045 localiter.
1465 4980 1769 5062 Arguitur
1803 4981 1969 5062 quod
2011 4981 2126 5055 sic,
2160 4982 2312 5063 quia

815 5082 1193 5145 miraculose
1251 5080 1436 5163 plura
1484 5098 1749 5161 corpora
1804 5088 2070 5162 possunt
2115 5080 2309 5143 simul

811 5198 950 5243 esse
992 5179 1057 5241 in
1103 5196 1232 5241 uno
1272 5178 1429 5251 loce,
1472 5195 1621 5258 ergo
1659 5185 1724 5240 et
1763 5197 1964 5239 unum
2007 5178 2069 5240 in
2112 5178 2310 5259 pluri-

812 5279 932 5342 bus
986 5278 1160 5341 locis.
1205 5278 1360 5341 Item
1411 5294 1642 5360 corpus
1691 5276 1924 5340 Christi
1972 5276 2165 5339 simul
2216 5284 2314 5340 est

2422 4303 2546 4368 tur,
2565 4294 2627 4356 in
2657 4294 2781 4357 alio
2812 4299 2979 4355 esset
3008 4310 3267 4371 sanum3
3301 4292 3432 4354 imo
3462 4291 3530 4354 in
3558 4309 3687 4354 uno
3714 4309 3932 4355 more-

2422 4401 2618 4467 retur,
2655 4392 2716 4453 in
2753 4390 2877 4455 alio
2907 4390 3128 4454 vivum
3158 4397 3222 4453 et
3252 4408 3481 4453 sanum
3514 4396 3815 4452 maneret.
3852 4390 3929 4453 Si

2420 4491 2670 4555 dicatur
2725 4490 3102 4563 secundum,
3147 4488 3508 4552 consimilia
3555 4488 3935 4550 inconveni-

2420 4590 2593 4653 entia
2632 4596 3069 4671 sequerentur.

2497 4688 2627 4751 Nec
2674 4685 2886 4749 simile
2933 4694 3029 4749 est
3082 4686 3250 4767 quod
3299 4685 3587 4767 arguitur
3631 4684 3711 4747 de
3755 4684 3933 4747 exsi-

2420 4786 2650 4850 stentia
2697 4784 2980 4868 plurium
3032 4801 3371 4866 corporum
3420 4783 3488 4845 in
3537 4800 3664 4846 uno
3712 4782 3854 4845 loco
3904 4801 3924 4847 ε

2420 4885 2572 4967 quia
2620 4902 2697 4946 ex
2747 4882 2866 4945 hoc
2916 4900 3042 4945 non
3092 4880 3383 4963 sequitur
3430 4880 3927 4944 contradictoria

2420 5000 2559 5045 esse
2609 4980 2801 5045 simul
2854 5000 3021 5053 vera,
3054 4980 3163 5042 sed
3213 4978 3430 5042 obviat
3474 4985 3719 5041 tantum
3764 4996 3926 5041 con-

2418 5080 2611 5143 traria
2638 5078 2972 5161 dispositio
3010 5078 3180 5141 circa
3218 5078 3387 5141 idem
3425 5076 3503 5138 ad
3544 5096 3682 5139 esse
3720 5076 3923 5139 simul

2420 5198 2567 5241 cum
2605 5177 2752 5252 alio,
2784 5196 2823 5240 a
2854 5195 2978 5258 qua
3017 5176 3330 5239 contraria
3359 5174 3775 5258 dispositione
3806 5194 3921 5257 po-

2422 5285 2541 5341 test
2585 5274 2848 5339 absolvi.
2884 5275 2954 5338 In
3004 5274 3377 5358 corporibus
3426 5292 3703 5357 namque
3751 5273 3923 5337 nihil
