4267 6250
776 468 900 543 §.9⁰

1374 488 1441 535 m
1480 488 1705 537 tumul
1744 488 1807 536 IV
1848 487 2335 537 smmunuu.
2376 506 2456 517 ·-
2495 489 2652 537 ntsr.
2693 489 2865 554 xvn3
2908 489 3134 547 Qus-ST.
3175 488 3287 537 vm

778 667 1052 725 tur'esse
1082 663 1306 724 libens.
1341 662 1549 725 Tertia
1578 660 1859 725 conditio
1886 668 2004 737 est,
2036 668 2106 723 ut
2138 678 2278 743 pro-
2305 660 2358 723 A
2385 659 2666 725 fictionis
2708 679 2723 724 ε
2767 679 2918 743 ergo
2952 662 3034 725 de
3069 680 3146 725 ea
3181 680 3437 745 quoque
3473 660 3696 725 debuit
3733 664 3888 725 con'-

668 787 675 791 ·
783 767 923 843 pter
952 760 1156 824 finem
1186 760 1475 824 debitum
1505 768 1842 843 operetur:
1873 760 2016 824 ideo
2044 759 2279 823 dicitur

776 877 975 935 pura,
999 866 1070 920 ut
1098 858 1345 922 scilicet
1374 858 1643 922 intentio
1680 866 1853 920 recta
1888 857 1987 921 sit.
2021 857 2274 931 Quarta,

779 962 851 1018 ut
887 956 1308 1021 immobiliter
1343 965 1643 1040 operetur
1681 974 1697 1020 ε
1738 964 1803 1019 et
1851 964 2161 1040 quantum
2199 956 2278 1020 ad

777 1054 899 1119 hoc
929 1055 1364 1138 dicitur,quod
1392 1055 1584 1119 debet
1611 1073 1751 1119 esse
1778 1058 2000 1133 fortis,
2013 1062 2085 1117 ut
2112 1054 2280 1118 scili·

780 1160 883 1216 cet
914 1162 1174 1236 propter
1202 1154 1654 1216 verecundiam
1685 1171 1813 1216 non
1844 1152 2141 1216 dimittat.
2171 1152 2281 1215 Est

780 1258 997 1314 autem
1046 1251 1385 1326 confessio,
1435 1259 1615 1314 actus
1662 1251 1917 1314 virtutis
1966 1250 2279 1334 poeniten-

784 1348 911 1425 tiae,
942 1368 1085 1432 quae
1125 1350 1334 1432 primo
1370 1349 1625 1412 initium
1666 1349 1865 1412 sumit
1902 1367 1980 1412 ex
2017 1348 2279 1412 horrore

784 1447 1201 1530 turpitudinis
1241 1448 1483 1530 peccati
1518 1465 1532 1509 ε
1568 1454 1632 1511 et
1671 1455 1979 1530 quantum
2015 1448 2095 1509 ad
2133 1446 2276 1521 hoc,

791 1544 1109 1609 confessio
1145 1546 1337 1609 debet
1371 1563 1511 1609 esse
1559 1548 1946 1607 verecunda.
1989 1543 2282 1608 Secundo

788 1644 1187 1727 progreditur
1232 1646 1313 1707 ad
1358 1644 1643 1708 dolorem
1685 1644 1763 1707 de
1808 1650 2067 1726 peccato
2109 1660 2281 1705 com-

787 1743 985 1806 misso
1016 1760 1033 1805 :
1064 1751 1130 1806 et
1156 1750 1468 1825 quantum
1504 1743 1582 1806 ad
1625 1743 1765 1817 hoc,
1798 1742 1988 1805 debet
2016 1760 2156 1804 esse
2187 1745 2279 1802 la-

2383 758 2600 838 fiteri3
2631 767 2695 823 ct
2723 759 2778 822 si
2807 759 2930 823 hoc
2960 760 3236 823 scienter
3263 758 3532 833 dimisit,
3565 758 3892 822 confessio

2385 856 2510 919 fuit
2551 858 2749 930 nulla,
2796 857 2949 940 quia
2991 876 3120 920 non
3166 858 3431 939 integra.
3481 858 3638 921 Item
3687 854 3893 921 confi-

2385 955 2505 1017 teri
2549 962 2844 1019 tenemur
2884 973 2960 1019 eo
2991 957 3182 1020 modo
3212 974 3342 1037 quo
3369 955 3658 1019 Christus
3701 954 3894 1036 legis-

2387 1052 2547 1116 lator
2577 1052 2948 1117 intendebat
2983 1070 3099 1116 nos
3136 1052 3419 1135 obligare
3457 1054 3539 1116 ad
3579 1052 3896 1117 confiten-

2385 1152 2564 1226 dum,
2596 1152 2897 1215 videlicet
2925 1158 2996 1214 ut
3025 1170 3172 1215 cum
3205 1151 3537 1233 diligentia
3573 1158 3638 1214 et
3668 1152 3892 1219 dolore

2387 1250 2612 1313 saltem
2653 1248 2998 1314 attritionis
3045 1248 3491 1324 confiteamur,
3537 1268 3664 1313 non
3708 1249 3886 1313 ficte.

2466 1349 2686 1412 Petrus
2718 1366 2974 1432 quoque
3007 1348 3264 1423 fatetur,
3298 1350 3468 1430 quod
3511 1348 3578 1411 in
3615 1347 3892 1411 articulo

2389 1464 2518 1529 quo
2547 1446 2690 1530 quis
2720 1464 2847 1509 non
2889 1453 3098 1529 potest
3132 1446 3316 1510 alteri
3357 1466 3472 1529 per
3508 1445 3704 1509 verba
3743 1464 3892 1529 pro-

2390 1546 2512 1628 prii
2543 1544 2673 1609 oris
2702 1545 3022 1620 confiteri,
3055 1544 3304 1607 sufficit
3331 1544 3498 1607 alius
3535 1552 3739 1619 actuS‚
3771 1563 3892 1608 seu

2389 1662 2504 1725 per
2545 1642 2934 1725 aequivalens
2975 1643 3293 1707 confiteri.

2469 1742 2818 1805 Richardus
2867 1741 3060 1805 etiam
3105 1751 3410 1806 consonat
3452 1741 3893 1825 praeinductis,

784 1842 1172 1911 crimabilis,
1203 1841 1429 1904 saltem
1470 1841 1750 1904 lacrimis
1781 1840 2035 1903 mentis,
2069 1840 2280 1903 Tertio
2313 1840 2362 1905 B
2391 1848 2456 1903 et
2502 1841 2748 1922 quaerit,
2783 1860 2864 1903 an
2905 1840 3138 1903 mulier
3178 1848 3470 1903 teneatur
3511 1848 3621 1901 aut
3662 1838 3898 1902 debeat

786 1940 851 2001 in
896 1939 1255 2021 abjectione
1290 1941 1396 2003 sui
1440 1940 1818 2004 terminatur
1860 1957 1874 2002 :
1921 1939 2063 2002 ideo
2105 1938 2281 2001 addi-

786 2045 911 2112 tur,
944 2040 1239 2109 humili3‚
1280 2045 1351 2100 ut
1392 2057 1461 2101 se
1500 2038 1805 2101 miserum
1844 2045 1908 2101 et
1946 2035 2278 2100 infirmum

787 2136 1188 2200 confiteatur.
1224 2137 1315 2199 Ex
1346 2136 1604 2219 propria
1634 2154 1783 2200 vero
1813 2136 2056 2199 ratione
2086 2135 2282 2217 hujus

786 2243 965 2299 actus
1022 2235 1135 2318 qui
1192 2241 1289 2298 est
1344 2234 1682 2309 confessio,
1733 2234 1925 2297 habet
1981 2234 2152 2316 quod
2200 2233 2282 2296 sit

789 2334 1260 2397 manifestativa
1292 2351 1306 2395 :
1342 2352 1483 2414 quae
1515 2332 1942 2395 manifestatio
1981 2332 2280 2414 impediri

789 2452 905 2516 per
933 2440 1203 2514 quatuor
1232 2439 1457 2513 potest.
1492 2432 1725 2505 Primo,
1755 2450 1867 2513 per
1895 2429 2278 2493 falsitatem:

788 2532 933 2595 ideo
970 2530 1203 2594 dicitur
1238 2533 1478 2610 fidelis,
1511 2530 1573 2593 id
1617 2538 1713 2593 est
1754 2548 1920 2593 vera.
1964 2529 2278 2603 Secunde,

789 2650 905 2715 per
934 2629 1387 2693 obscuritatem
1414 2646 1429 2691 ε
1462 2628 1612 2691 hinc
1642 2628 1958 2702 subditur,
1981 2630 2188 2698 nuda,
2212 2634 2282 2689 ut

788 2747 915 2792 non
956 2728 1237 2791 involvat
1272 2727 1604 2790 veritatem
1644 2726 2031 2789 obscuritate
2062 2725 2283 2788 verbo-

788 2846 950 2889 rum.
993 2825 1225 2901 Tertio,
1270 2845 1383 2910 per
1422 2825 1766 2889 verborum
1810 2823 2283 2907 multiplicatio-

789 2944 937 2989 nem
980 2942 995 2987 :
1036 2925 1278 2989 idcirco
1316 2924 1507 2987 debet
1548 2942 1687 2986 esse
1731 2925 2033 3000 simplem,
2065 2930 2282 3004 quate-

2391 1956 2508 2001 suo
2537 1938 2797 2021 proprio
2827 1956 2938 2001 seu
2972 1938 3318 2021 parochiali
3351 1937 3723 2021 presbytero
3751 1955 3898 2000 con-

2391 2036 2563 2099 fiteri
2607 2044 2940 2119 peccatum
2980 2055 3328 2099 venereum
3371 2035 3542 2119 quod
3589 2055 3738 2098 cum
3779 2035 3896 2099 illo

2392 2134 2733 2198 commisit.
2779 2135 3140 2218 Respondet
3176 2134 3347 2217 quod
3386 2153 3538 2208 non,
3571 2133 3626 2197 si
3667 2133 3898 2217 proba-

2392 2232 2610 2295 biliter
2639 2239 2822 2314 putet
2851 2232 3020 2314 quod
3052 2218 3345 2295 sacerdos
3375 2231 3583 2295 adhuc
3615 2230 3897 2294 lascivus

2391 2331 2495 2403 sit,
2549 2338 2614 2393 et
2657 2349 2799 2393 eam
2850 2330 2929 2392 de
2979 2330 3205 2393 illicito
3251 2347 3445 2412 opere
3493 2327 3892 2403 sollicitabit,

2392 2429 2492 2491 vel
2526 2428 2794 2492 libidine
2827 2430 3231 2504 accendetur,
3264 2427 3367 2491 vel
3407 2429 3576 2511 quod
3618 2428 3898 2511 ipsamet

2391 2528 2517 2590 tale
2566 2527 2722 2609 quid
2780 2546 2859 2589 ex
2915 2546 3029 2589 sua
3088 2526 3428 2607 fragilitate
3473 2545 3740 2609 passura
3781 2526 3890 2588 sit.

2391 2626 2525 2689 Imo
2555 2633 2707 2687 tunc
2743 2625 2934 2688 debet
2971 2624 3296 2689 licentiam
3325 2612 3677 2688 confitendi
3706 2624 3894 2687 alteri

2390 2730 2608 2807 petere
2661 2740 2675 2785 :
2725 2742 2919 2805 quam
2968 2723 3022 2785 si
3075 2721 3184 2785 ille
3228 2722 3381 2785 dare
3412 2722 3715 2798 renuerit,
3753 2722 3897 2804 ipsa

2391 2821 2594 2885 nihilo
2639 2821 2851 2884 minus
2895 2840 3025 2884 suae
3068 2820 3258 2883 debet
3299 2819 3632 2902 providere
3673 2819 3891 2882 saluti.

2471 2922 2740 3003 Insuper
2767 2920 3210 2982 Bonaventura
3236 2919 3404 2982 circa
3435 2918 3710 2981 litteram
3739 2917 3899 2980 scri-

789 3043 910 3086 nus
959 3042 1086 3086 non
1132 3024 1354 3086 recitet
1400 3023 1465 3084 in
1506 3021 1905 3084 confessione
1946 3021 2072 3083 nisi
2111 3022 2282 3103 quod
2319 3017 2362 3080 C
2392 3020 2487 3082 bit
2541 3037 2554 3082 :
2605 3018 2868 3094 Quando
2919 3016 3264 3080 confitetur
3309 3017 3456 3099 quis
3505 3016 3687 3090 laico,
3740 3015 3900 3079 facit

786 3122 865 3186 ad
898 3122 1313 3205 quantitatem
1358 3120 1635 3204 pertinet
1670 3120 1892 3203 culpae.
1927 3120 2180 3194 Quarto,
2213 3128 2284 3182 ut

790 3239 915 3284 non
950 3220 1279 3284 subtrahat
1307 3219 1550 3301 aliquid
1589 3221 1666 3281 de
1705 3218 1807 3281 his
1844 3237 1987 3301 quae
2016 3217 2282 3280 manife-

789 3326 958 3382 stant
996 3325 1327 3401 peccatum
1366 3335 1380 3381 :
1417 3317 1558 3380 ideo
1590 3317 1699 3391 ait,
1733 3319 2011 3395 inteyra.
2046 3316 2281 3378 Verum

792 3425 981 3501 prout
1028 3417 1345 3481 confessio
1401 3423 1498 3478 est
1544 3435 1689 3498 pars
1736 3414 2139 3488 sacramenti,
2191 3414 2282 3476 sic

787 3516 1119 3580 concernit
1160 3515 1479 3597 judicium
1526 3513 1891 3587 sacerdotis,
1939 3513 2050 3594 qui
2100 3512 2286 3575 mini-

788 3622 917 3678 ster
966 3623 1063 3679 est
1108 3613 1487 3678 sacramenti
1535 3630 1549 3674 :
1603 3613 1772 3674 unde
1818 3619 2068 3694 oportet
2112 3610 2282 3693 quod

788 3715 872 3777 sit
918 3734 1228 3776 accusans
1266 3731 1335 3776 se
1374 3712 1585 3794 ipsum
1628 3730 1705 3774 ex
1754 3718 1931 3792 parte
1976 3709 2286 3773 confiten-

788 3812 911 3891 tis;
952 3820 1016 3874 et
1058 3814 1316 3873 obedire
1347 3820 1590 3888 parata
1632 3809 1753 3891 ipsi
1789 3808 2180 3886 confessori3
2221 3815 2286 3870 et

790 3921 1057 3981 secreta,
1088 3917 1399 3992 quantum
1438 3909 1515 3970 ad
1561 3907 1991 3970 conditionem
2033 3905 2177 3980 fori,
2218 3905 2284 3968 in

790 4027 919 4093 quo
948 4009 1027 4072 de
1058 4008 1317 4071 secretis
1350 4006 1753 4070 conscientiae
1784 4005 2009 4086 agitur.
2045 4004 2168 4067 Sed
2207 4004 2285 4067 de

790 4108 954 4172 bene
996 4126 1137 4171 esse
1180 4104 1597 4170 confessionis
1644 4111 1761 4178 est,
1808 4102 1979 4186 quod
2028 4103 2111 4166 sit
2154 4105 2288 4180 fre-

2393 3118 2513 3181 hoc
2545 3136 2672 3181 non
2704 3125 2774 3179 ut
2803 3123 3272 3180 sacramentum
3305 3122 3754 3197 consequatur,
3778 3115 3898 3178 sed

2394 3224 2464 3279 ut
2495 3223 2853 3299 promptam
2885 3233 3024 3278 esse
3055 3233 3236 3276 suam
3268 3213 3660 3277 voluntatem
3687 3221 3900 3277 osten-

2392 3316 2517 3378 dat.
2554 3314 2820 3388 Quidam
2854 3320 3068 3376 tamen
3107 3312 3427 3386 dixerunt,
3463 3312 3632 3394 quod
3673 3312 3738 3373 in
3776 3311 3898 3374 tali

2395 3413 2794 3477 confessione
2822 3412 3038 3494 aliquo
3067 3412 3257 3473 modo
3283 3409 3658 3483 absolvitur,
3675 3409 3900 3473 dicen-

2391 3520 2510 3586 tes,
2562 3512 2733 3593 quod
2780 3510 3066 3592 quinque
3115 3509 3324 3572 modis
3372 3507 3645 3571 habetur
3688 3508 3902 3571 absol-

2395 3609 2584 3672 vendi
2617 3616 2914 3691 potestas.
2944 3607 3174 3681 Primo,
3198 3625 3454 3669 summa
3480 3605 3896 3670 auctoritate:

2394 3717 2459 3772 et
2489 3709 2576 3771 ita
2606 3714 2702 3770 est
2730 3707 2863 3770 Dei.
2901 3707 3213 3780 Secundo,
3248 3724 3363 3788 per
3391 3704 3842 3767 excellentiam
3880 3723 3898 3768 ε

2395 3816 2459 3872 et
2517 3806 2604 3868 ita
2661 3813 2758 3870 est
2813 3805 3067 3869 Christi.
3125 3805 3359 3879 Tertio,
3411 3812 3722 3887 potestate
3779 3823 3904 3868 seu

2394 3905 2768 3969 auctoritate
2812 3903 3158 3966 commissa
3190 3921 3204 3965 :
3238 3911 3302 3965 et
3342 3903 3430 3966 ita
3469 3910 3566 3966 est
3609 3904 3906 3966 sacerdo—

2395 4012 2552 4066 tum.
2597 4003 2850 4077 Quart0,
2887 4001 3113 4064 merito
3144 4001 3291 4064 vitae
3325 4017 3339 4064 :
3375 4009 3439 4064 et
3471 4000 3564 4064 sic
3594 4001 3906 4065 convenit

2393 4101 2584 4183 justis
2623 4109 2687 4163 et
2729 4099 2964 4163 sanctis
3004 4098 3180 4161 viris.
3227 4097 3479 4172 Quinte,
3521 4097 3755 4161 virtute
3793 4118 3904 4162 ec-

790 4228 1015 4288 quens,
1033 4213 1097 4270 et
1124 4209 1504 4274 accelerata,
1522 4210 1592 4265 ut
1621 4201 1868 4265 scilicet
1896 4201 2108 4264 statim
2141 4200 2286 4283 quis
2315 4199 2367 4262 D
2398 4199 2768 4263 clesiasticae
2812 4197 3072 4261 unitatis
3117 4215 3132 4259 :
3179 4205 3244 4259 et
3285 4196 3369 4259 ita
3412 4203 3508 4260 est
3549 4195 3907 4278 cujuslibet

791 4305 1193 4368 confiteatur.
1226 4339 1307 4349 —
1345 4303 1489 4366 Haec
1530 4301 1820 4364 Thomas.

872 4405 939 4465 In
972 4403 1207 4484 quibus
1238 4401 1408 4484 quod
1436 4399 1539 4473 ait,
1553 4399 1767 4481 potius
1792 4418 1931 4462 esse
1958 4399 2119 4462 laico
2149 4417 2288 4462 con-

792 4501 1109 4564 fitendum
1158 4519 1348 4581 quam
1408 4497 1720 4562 sacerdoti
1778 4515 1893 4579 per
1948 4497 2282 4579 scriptum,

790 4619 920 4664 non
952 4599 1225 4673 videtur,
1258 4616 1457 4680 quum
1490 4595 1801 4678 scriptum
1832 4595 1915 4658 sit
1942 4594 2286 4658 verborum

788 4698 1104 4764 connexio
1143 4696 1209 4759 in
1250 4694 1515 4759 materia
1552 4702 1802 4757 exarata
1840 4694 2171 4758 evidenter
2208 4693 2289 4756 si-

790 4797 1131 4880 gnificanS,
1164 4814 1283 4858 nec
1324 4792 1522 4856 laicus
1564 4791 1774 4855 claves
1814 4792 2042 4855 habeat
2068 4792 2148 4854 ad
2179 4791 2288 4854 ab·

793 4896 1190 4960 solvendum.
1233 4928 1316 4938 —
1356 4891 1626 4974 Insuper
1667 4891 1838 4973 quod
1886 4890 2129 4953 dictum
2167 4896 2284 4964 est,

793 5015 941 5058 eum
974 4993 1086 5076 qui
1116 4992 1267 5056 ficte
1306 4990 1636 5054 confessus
1678 4997 1795 5064 est,
1828 5007 1955 5052 non
1994 4996 2289 5071 oportere

793 5094 1004 5157 denuo
1035 5089 1329 5154 confiteri
1359 5109 1502 5171 quae
1532 5087 1863 5151 confessus
1894 5095 2011 5160 est,
2045 5085 2169 5149 nisi
2210 5088 2288 5149 de

795 5193 933 5275 ipsa
965 5189 1248 5264 fictione,
1272 5205 1399 5251 non
1431 5187 1686 5250 videtur
1712 5185 1805 5248 sic
1834 5203 1991 5248 esse.
2018 5185 2083 5249 Si
2112 5187 2289 5248 enim

796 5291 949 5354 ficte
990 5288 1318 5352 confessus
1356 5294 1474 5362 est,
1506 5284 1801 5348 conscius
1839 5283 1963 5347 sibi
1997 5283 2122 5347 fuit
2159 5304 2290 5348 suae

2398 4297 2518 4360 viri
2557 4297 2791 4360 fidelis.
2829 4331 2912 4341 —
2948 4294 3422 4358 Advertendum
3467 4294 3681 4369 etiam,
3722 4297 3904 4377 quod

2397 4397 2533 4460 sive
2583 4396 2849 4460 scientia
2898 4395 2982 4458 sit
3029 4393 3249 4469 claviS,
3292 4394 3427 4457 sive
3475 4411 3640 4474 non;
3679 4401 3901 4457 tamen

2398 4504 2572 4559 tanta
2629 4493 2897 4558 scientia
2951 4491 3311 4556 necessaria
3367 4499 3464 4554 est
3521 4490 3900 4566 confessori,

2399 4595 2570 4677 quod
2599 4593 2760 4656 sciat
2789 4593 3152 4655 discernere
3191 4589 3256 4652 in
3296 4588 3576 4672 peccatis
3614 4606 3907 4653 commu-

2398 4693 2612 4767 nibuS,
2646 4690 2818 4773 quod
2859 4689 3126 4752 mortale
3169 4695 3234 4751 et
3273 4689 3442 4770 quod
3488 4686 3777 4767 veniale3
3806 4694 3905 4750 at-

2398 4810 2522 4873 que
2563 4790 2736 4872 quod
2787 4788 2946 4850 sciat
2990 4788 3069 4851 ad
3119 4805 3260 4870 quae
3319 4804 3389 4849 se
3441 4805 3556 4848 sua
3601 4785 3908 4849 extendat

2400 4895 2694 4972 potestas.
2729 4922 2810 4933 —-
2840 4886 3022 4962 item,
3058 4893 3318 4969 propter
3349 4883 3658 4947 malitiam
3690 4883 3906 4948 fictio·

2398 4988 2498 5050 nis
2537 4995 2635 5050 est
2673 4984 2991 5048 confessio
3031 4984 3337 5056 iteranda,
3371 4989 3442 5044 ut
3479 4982 3533 5044 si
3570 4981 3716 5064 quis
3747 5000 3902 5044 cum

2399 5084 2724 5170 proposito
2765 5082 3071 5165 peccandi
3109 5081 3400 5156 accessit,
3431 5089 3622 5162 atque
3652 5078 3908 5143 confes-

2399 5203 2508 5248 sus
2549 5189 2667 5257 est,
2709 5189 2829 5244 etc.
2876 5181 3020 5244 Haec
3062 5181 3523 5243 Bonaventura.

2479 5283 2782 5346 Praeterea
2819 5278 3298 5359 Argentinensis
3335 5275 3758 5341 communiori
3797 5277 3908 5340 ad-
