4267 6250
853 511 969 577 164

1722 533 1786 580 m
1826 531 2050 581 nummu
2090 532 2153 577 tv
2192 524 2676 578 summumn-
2719 548 2800 559 —
2839 530 2994 578 msr.
3037 530 3101 577 v1

587 718 829 772 Qua-mn-
930 699 1237 765 Praeterea
1292 700 1420 763 duo
1476 706 1625 762 sunt
1668 705 1957 783 tempora
2017 694 2356 763 celebriori
2383 696 2435 761 A
2463 696 2764 761 Ecclesia.
2809 697 2886 760 Et
2930 697 3051 761 hoc
3101 696 3484 781 exprimitur
3531 715 3646 779 per
3687 695 3963 760 verbum

560 794 663 826 cun
687 784 729 830 2.

566 1889 697 1934 Rom.
714 1903 771 1942 π,
786 1892 828 1934 t.

561 1988 765 2045 Ulpii&
778 1989 827 2034 D·

560 2056 606 2095 et
629 2065 665 2094 a.

572 4955 817 5009 Quarum·

545 5032 651 5063 σου
672 5024 712 5064 3.

855 818 929 862 ac
956 800 1379 865 communiori
1410 798 1781 881 Baptismati
1816 798 2134 881 deputata.
2173 797 2249 859 Et
2276 797 2356 859 de

854 898 977 961 hoe
1011 898 1292 981 loquitur
1332 898 1390 961 S.
1415 897 1687 960 Thomas
1722 914 1735 959 ε
1769 898 1839 959 In
1868 896 2197 979 Baptismo
2230 896 2357 958 duo

857 996 1358 1071 considerantur,
1403 994 1703 1058 videlieet
1750 995 2105 1059 substantia
2151 1012 2356 1057 sacra-

857 1096 1078 1169 menti,
1114 1103 1304 1177 atque
1338 1093 1703 1157 solennitas.
1746 1094 2064 1167 Quantum
2102 1092 2183 1155 ad
2226 1092 2354 1174 pri-

855 1212 1058 1268 mum,
1111 1210 1239 1256 non
1297 1199 1395 1255 est
1440 1192 1699 1273 aliquod
1752 1198 2005 1272 tempus
2054 1190 2353 1254 determi-

855 1299 1076 1354 natum
1136 1292 1461 1374 Baptismo
1522 1307 1536 1351 ε
1598 1291 1729 1353 imo
1785 1289 2073 1372 quolibet
2128 1289 2232 1352 die
2290 1295 2354 1351 et

846 1389 1141 1471 qualibet
1167 1390 1323 1452 hora
1351 1396 1560 1471 potest
1588 1388 1893 1470 impendi.
1927 1387 2247 1461 Quantum
2273 1386 2351 1449 ad

848 1487 1231 1561 secundum,
1274 1487 1648 1568 deputatum
1698 1492 1795 1547 est
1840 1484 2166 1566 Baptismo
2213 1482 2353 1546 sab—

854 1584 1075 1647 batum
1106 1585 1358 1667 duplex,
1372 1583 1676 1666 quoniam
1707 1583 2066 1665 Baptismus
2096 1602 2177 1645 ex
2205 1583 2357 1645 duo·

850 1682 975 1745 bus
1005 1682 1364 1745 efficaciam
1405 1682 1616 1756 habet,
1650 1688 1805 1764 puta
1832 1700 1911 1744 ex
1944 1681 2176 1745 Christi
2213 1699 2353 1763 pas·

852 1779 1052 1855 sione,
1096 1781 1281 1861 cujus
1326 1780 1515 1842 morti
1560 1780 1751 1842 homo
1794 1798 1910 1862 per
1953 1779 2350 1861 Baptismum

2463 796 2657 870 istud,
2695 795 2968 878 baptizo,
3003 815 3202 878 quum
3247 796 3503 870 dicitur,
3537 795 3667 876 Ego
3709 794 3970 877 baptizo

2461 900 2545 957 te.
2588 894 2748 957 Hinc
2791 894 2844 957 si
2889 892 3095 957 forma
3142 893 3357 957 debita
3398 892 3778 975 joculatorie
3823 910 3971 976 pro-

2461 992 2702 1055 feratur
2729 1010 2922 1074 super
2949 1009 3072 1054 non
3103 992 3674 1076 baptizatum,cum
3707 991 3975 1075 praefata

2461 1090 2835 1165 intentione,
2851 1089 3166 1172 baptizato
3196 1108 3322 1153 non
3355 1090 3761 1163 reclamante,
3775 1108 3972 1152 verus

2460 1188 2823 1271 Baptismus
2863 1194 2995 1267 est3
3039 1206 3157 1251 nec
3189 1196 3344 1251 ωηο
3374 1196 3581 1252 totum
3619 1196 3718 1251 est
3750 1188 3970 1250 mimi-

2461 1304 2632 1361 cum,
2667 1286 2817 1369 quia
2856 1286 3128 1349 intentio
3158 1287 3224 1348 in
3257 1286 3456 1349 verbo
3484 1286 3708 1369 primae
3747 1303 3968 1368 perso—

2460 1404 2558 1448 nae
2591 1404 2912 1467 expressa,
2947 1384 3208 1446 mimica
3245 1401 3374 1447 non
3405 1392 3502 1448 est
3530 1392 3842 1466 quantum
3887 1385 3968 1447 ad

2459 1483 2650 1545 talem
2701 1482 3144 1557 intentionem,
3189 1482 3482 1565 quamvis
3525 1481 3691 1544 ultra
3733 1481 3970 1545 refera-

2459 1588 2564 1643 tur
2604 1581 2682 1643 ad
2729 1581 2970 1643 ludum.
3006 1581 3150 1644 Haec
3190 1580 3508 1644 AlhertuS.

2543 1678 2856 1742 Consonat
2883 1679 3154 1742 Thomas
3185 1678 3456 1743 dicendo
3483 1679 3733 1742 :Ludus
3765 1698 3971 1761 quan-

2460 1777 2666 1859 doque
2696 1778 2975 1840 excludit
3003 1777 3438 1852 intentionem,
3452 1777 3785 1860 aliquando
3815 1796 3967 1841 non.

853 1876 1311 1959 configuratur,
1343 1877 1525 1960 quasi
1557 1876 1969 1959 consepultus
1998 1877 2059 1939 ei
2090 1878 2158 1939 in
2188 1895 2352 1940 mor·
2386 1873 2433 1935 B
2463 1875 2669 1949 Quum
2709 1875 2881 1937 enim
2924 1876 3075 1938 ludo
3114 1876 3257 1938 fieri
3297 1876 3590 1939 dicantur
3623 1896 3766 1957 quae
3805 1895 3967 1959 prae-

851 1983 1004 2051 tem,
1038 1982 1110 2037 ut
1137 1975 1381 2038 dictum
1413 1982 1511 2037 est
1543 1992 1557 2035 :
1592 1974 1735 2037 ideo
1765 1973 2122 2036 celebratur
2149 1975 2352 2038 solen·

854 2073 1021 2135 niter
1050 2073 1117 2135 in
1147 2072 1411 2135 sabbato
1439 2072 1725 2150 Pasehae3
1766 2078 1832 2135 et
1860 2072 2013 2135 item
2044 2090 2121 2134 ex
2153 2073 2350 2135 virtu-

852 2179 915 2233 te
946 2179 1009 2233 et
1035 2172 1237 2253 gratia
1264 2170 1537 2253 Spiritus
1568 2170 1778 2233 Sancti
1815 2188 1829 2232 :
1863 2170 2009 2233 ideo
2037 2171 2101 2233 in
2131 2171 2352 2251 vigilia

850 2270 1249 2333 Pentecostes
1279 2267 1625 2333 solenniter
1653 2267 2005 2343 exhibetur,
2020 2269 2170 2351 quia
2195 2276 2349 2332 tune

850 2368 1196 2432 solennitas
1242 2376 1340 2431 est
1384 2367 1658 2449 Spiritus
1706 2368 1939 2431 Sancti.
1990 2367 2226 2430 Verum
2282 2368 2348 2430 in

852 2466 1230 2530 necessitate
1268 2484 1395 2531 non
1443 2473 1539 2528 est
1585 2466 2102 2548 exspectandum.
2147 2467 2345 2541 Unde,

850 2568 932 2626 de
961 2567 1473 2636 Consecratione,
1504 2550 1912 2628 distinctione
1950 2563 2010 2639 4,
2033 2564 2303 2627 habetur
2330 2580 2344 2626 :

849 2662 939 2725 De
963 2662 1429 2726 catechumenis
1460 2661 1853 2745 baptizandis
1882 2663 2204 2725 decretum
2235 2668 2346 2737 est,

850 2768 922 2822 ut
955 2761 1020 2823 in
1057 2762 1339 2844 paschali
1381 2761 1747 2836 festivitate,
1786 2761 1885 2824 vel
1922 2762 2345 2835 Pentecostes,

848 2860 1111 2924 veniant
1151 2860 1228 2922 ad
1272 2860 1689 2942 Baptismum.
1728 2859 1881 2941 (Sed
1925 2868 1997 2922 ut
2039 2860 2104 2921 in
2151 2859 2350 2941 pluri-

850 2958 1198 3033 bu3,modo
1226 2958 1347 3021 ista
1376 2965 1664 3040 tempora
1694 2975 1823 3021 non
1852 2958 2352 3040 exspectantur.)

2459 1982 2558 2036 ter
2589 1974 2879 2036 utilitatis
2917 1974 3193 2055 alicujus
3233 1974 3652 2037 intentionem
3683 1973 3855 2036 fiunt
3881 1974 3964 2036 ad

2459 2073 2660 2134 solam
2709 2070 3219 2146 delectationem,
3263 2072 3451 2135 ludus
3501 2071 3967 2154 baptizantium

2460 2169 2610 2233 ludo
2654 2177 2862 2253 potest
2899 2170 3238 2233 excludere
3283 2170 3704 2234 intentionem
3745 2188 3965 2253 respe-

2459 2276 2566 2330 ctu
2599 2268 2931 2350 utriusque
2960 2268 3233 2331 effectus
3261 2268 3629 2343 ablutioniS,
3660 2268 3969 2332 videlicet

2457 2366 2860 2440 sacramenti,
2891 2373 2957 2429 et
2985 2366 3080 2429 rei
3109 2368 3526 2445 sacramenti3
3556 2374 3624 2430 et
3649 2374 3804 2429 ωηο
3834 2385 3970 2430 ηοη

2461 2464 2735 2526 intendit
2761 2464 2972 2527 facere
3009 2465 3180 2546 quod
3221 2463 3377 2527 facit
3405 2465 3689 2527 Ecclesia
3730 2464 3796 2527 in
3839 2466 3971 2529 col-

2461 2562 2694 2625 latione
2725 2564 3124 2626 sacramenti.
3162 2563 3392 2646 Sicque
3421 2563 3566 2627 talis
3599 2564 3786 2627 ludus
3817 2583 3968 2627 eva-

2459 2669 2603 2724 cuat
2626 2662 3044 2725 intentionem
3070 2680 3212 2745 quae
3237 2662 3301 2725 in
3326 2662 3648 2745 Baptismo
3670 2662 3962 2746 exigitur.

2461 2760 2572 2822 Vel
2618 2760 2901 2822 excludit
2942 2760 3150 2823 solum
3200 2761 3548 2823 secundam
3591 2760 3964 2836 utilitatem,

2461 2866 2531 2920 ut
2559 2858 2808 2922 scilicet
2841 2859 2921 2921 de
2957 2876 3034 2922 eo
3062 2859 3219 2922 velit
3253 2859 3462 2923 faeere
3503 2860 3727 2922 ludum
3766 2878 3845 2922 ex
3885 2878 3968 2924 eo

2459 2957 2630 3038 quod
2662 2955 2910 3020 confert
2937 2956 3356 3039 Baptismum,
3375 2975 3502 3020 non
3535 2964 3795 3040 propter
3823 2977 3969 3020 san-

847 3058 1033 3121 Pueri
1071 3064 1284 3120 autem
1326 3058 1405 3120 ad
1433 3056 1766 3119 vitandum
1806 3057 2168 3140 periculum
2196 3066 2352 3121 tem·
2385 3052 2428 3117 C
2459 3054 2938 3130 ctificationem,
2972 3074 3166 3138 quam
3208 3074 3326 3117 nec
3366 3056 3570 3118 credit
3607 3056 3818 3118 inesse
3851 3056 3966 3118 Ba·

848 3156 1098 3239 pestive
1154 3162 1305 3218 sunt
1349 3155 1731 3238 baptizandi.
1784 3155 1913 3219 Nec
1961 3156 2027 3218 in
2076 3156 2352 3239 Epipha-

848 3256 957 3317 nia
984 3254 1335 3318 solenniter
1363 3253 1632 3317 dabatur
1658 3253 2350 3337 BaptismuS,quamvis

847 3352 1135 3418 Christus
1165 3360 1315 3415 tunc
1342 3353 1584 3415 exstitit
1611 3351 1998 3434 baptizatus:
2019 3354 2171 3435 quia
2200 3362 2350 3417 ωηο

848 3449 1055 3514 solum
1087 3456 1436 3533 praeparata
1466 3448 1587 3511 fuit
1618 3450 1899 3523 materia,
1916 3457 2133 3532 utpote
2163 3470 2344 3533 aqua,

847 3549 926 3610 ad
970 3555 1183 3611 actum
1228 3547 1555 3630 Baptismi.
1589 3547 1803 3610 Virtus
1842 3565 1995 3612 vero
2030 3549 2239 3612 activa
2281 3550 2347 3612 in

845 3646 1189 3728 Baptismo,
1240 3653 1338 3708 est
1385 3646 1593 3728 passio
1645 3645 1984 3710 Salvatoris
2033 3655 2098 3709 et
2144 3647 2349 3709 virtus

846 3745 1121 3826 Spiritus
1152 3745 1383 3809 Sancti.
1418 3744 1625 3826 Agens
1655 3753 1893 3820 autem,
1926 3745 2348 3827 principalius

848 3850 945 3906 est
984 3843 1297 3908 materiali
1340 3844 1677 3927 principio.
1714 3845 1858 3908 Haec
1902 3845 1968 3906 in
2014 3844 2283 3926 Scripto.

918 3943 1093 4007 Idem
1120 3942 1903 4016 AlbertuS,Bonaventura,
1918 3943 2157 4024 aliique
2187 3959 2348 4006 com·

847 4042 1148 4116 munitor,
1181 4049 1246 4104 et
1276 4041 1539 4116 addunt,
1574 4041 1815 4104 idcirco
1852 4041 2225 4123 Epiphaniae
2253 4041 2345 4103 vi-

844 4139 1065 4221 giliam
1094 4158 1208 4202 seu
1232 4139 1641 4202 festivitatem
1666 4156 1791 4201 non
1819 4157 1959 4202 esse
1981 4139 2348 4221 deputatam

2459 3149 2726 3236 ptismo;
2758 3161 3040 3236 tuncque
3073 3162 3286 3217 manet
3315 3155 3584 3218 intentio
3623 3154 3967 3218 sufficiens

2457 3255 2536 3317 ad
2579 3254 2996 3336 Baptismum.
3039 3254 3200 3316 Hine
3241 3252 3634 3335 Augustinus
3681 3254 3846 3316 dixit
3895 3255 3966 3317 in

2459 3351 2580 3415 isto
2627 3371 2778 3414 casu
2829 3351 3100 3415 dubium
3158 3369 3321 3426 esse,
3371 3360 3438 3414 et
3484 3351 3964 3434 implorandum

2458 3450 2570 3513 Dei
2609 3449 2947 3531 judicium.
2981 3449 3143 3512 Hinc
3185 3469 3386 3532 quum
3430 3449 3812 3512 Athanasius
3853 3452 3966 3513 ad-

2456 3548 2584 3610 huc
2626 3566 2806 3629 puer,
2849 3548 3157 3630 quosdam
3203 3565 3434 3629 pueros
3479 3548 3660 3630 quasi
3704 3547 3961 3623 ludenS,

2457 3654 2521 3708 et
2581 3665 2650 3709 se
2713 3646 3086 3728 episcopum
3154 3646 3486 3720 simulans,
3550 3646 3961 3730 baptizasset,

2457 3745 2516 3808 S.
2574 3745 2927 3808 Alexander
2983 3743 3324 3826 episeopus
3381 3762 3654 3828 puerum
3713 3745 3966 3808 exami-

2456 3863 2636 3920 nam,
2670 3852 2862 3926 atque
2897 3843 3228 3907 inveniens
3269 3842 3484 3926 ipsum
3523 3843 3822 3907 habuisse
3860 3845 3964 3908 in-

2454 3943 2807 4006 tentionem
2855 3941 3239 4024 baptizandi,
3292 3941 3478 4021 cujus
3527 3941 3780 4023 signum
3831 3941 3968 4005 fuit

2454 4041 2623 4123 quod
2675 4058 2802 4104 non
2861 4039 2988 4102 nisi
3036 4040 3527 4103 catechumenos
3586 4039 3961 4122 baptizavit,

2452 4139 2766 4221 judicavit
2802 4139 2894 4201 sic
2933 4138 3282 4221 baptizatos
3325 4155 3454 4202 non
3496 4157 3636 4201 esse
3678 4139 3962 4221 rebapti-

843 4239 923 4301 ad
972 4238 1299 4302 solennem
1343 4237 1762 4321 Baptismum,
1804 4239 2344 4320 quemadmodum
2374 4241 2426 4304 D
2455 4239 2704 4302 zandos.
2739 4237 2882 4300 Haec
2925 4237 3194 4300 Thomas
3237 4236 3410 4299 circa
3451 4236 3746 4299 litteram.

844 4337 1107 4400 sabbata
1135 4337 1263 4399 duo
1294 4335 1575 4418 praefata,
1606 4337 1684 4398 ad
1718 4335 2180 4400 confutandum
2221 4339 2344 4402 hae-

844 4434 1035 4498 resim
1082 4433 1587 4516 confingentium
1634 4433 1813 4498 nullo
1855 4434 1959 4497 die
2006 4453 2146 4498 esse
2193 4436 2344 4498 dan-

843 4533 998 4595 dum
1056 4533 1451 4615 Baptismum
1515 4531 1638 4594 nisi
1704 4532 1769 4594 in
1828 4532 2206 4614 Epiphania,
2269 4551 2344 4597 eo

844 4632 1014 4714 quod
1052 4640 1207 4694 tunc
1248 4631 1603 4713 baptizatus
1641 4637 1739 4692 est
1773 4631 2081 4708 ChristuS,
2114 4640 2180 4694 et
2209 4633 2342 4696 vim

845 4730 1347 4812 regenerativam
1390 4729 1575 4813 aquis
1618 4737 1772 4792 tunc
1814 4731 2104 4794 contulit.

921 4927 1015 4990 Ad
1049 4927 1333 5000 tertium,
1366 4926 1521 5008 quid
1560 4926 1808 4989 scilicet
1836 4926 1921 4989 sit
1947 4926 2338 4990 censendum

840 5027 921 5090 de
957 5026 1059 5089 his
1097 5025 1207 5108 qui
1249 5024 1622 5106 Joculariter
1662 5024 2084 5107 baptizantur,
2116 5025 2344 5088 scribit

836 5124 1137 5189 Albertus
1189 5141 1204 5186 ε
1255 5123 1529 5186 Intentio
1588 5141 1666 5186 ex
1724 5130 1903 5205 parte
1958 5121 2340 5205 baptizantis

750 5275 791 5294 -.
837 5221 1115 5304 exigitur
1150 5222 1229 5284 ad
1268 5221 1704 5304 Baptismum3
1745 5238 1873 5284 non
1920 5220 2191 5283 intentio
2227 5221 2341 5283 ali-

837 5320 991 5405 quid
1036 5319 1469 5395 consecrandi,
1504 5319 1615 5383 sed
1660 5318 1934 5382 faciendi
1975 5318 2146 5401 quod
2185 5318 2339 5382 facit

2533 4337 2694 4398 Hinc
2743 4336 2834 4398 ait
2881 4343 2946 4398 et
2990 4334 3432 4398 Bonaventura
3485 4352 3499 4396 :
3551 4334 3766 4398 Ludus
3823 4353 3960 4399 non

2454 4453 2709 4516 semper
2765 4433 3049 4496 excludit
3106 4433 3550 4508 intentionem,
3601 4441 3672 4495 ut
3727 4435 3959 4497 asserit

2452 4533 2652 4613 Hugo,
2699 4531 2828 4594 imo
2877 4532 3199 4595 interdum
3248 4531 3490 4593 serium
3538 4531 3961 4613 comprehen-

2451 4631 2563 4694 dit.
2619 4630 2695 4692 Et
2744 4630 2924 4713 ponit
2979 4629 3373 4712 exemplum,
3425 4629 3728 4711 quoniam
3784 4630 3958 4694 velle

2452 4728 2696 4792 ludicre
2725 4729 2874 4791 dare
2904 4729 3216 4808 contingit
3241 4727 3493 4791 duobus
3533 4727 3739 4791 modis
3773 4745 3787 4790 :
3823 4729 3958 4810 pri-

2451 4844 2578 4900 mo,
2627 4825 2902 4889 volendo
2954 4825 3172 4889 ludere
3222 4833 3286 4888 et
3335 4825 3700 4888 nullatenus
3759 4825 3954 4908 dare3

2449 4925 2750 5000 secundo,
2805 4925 2892 4987 ita
2939 4925 3109 5007 quod
3159 4924 3296 4986 vult
3341 4924 3584 4999 ludere,
3634 4931 3701 4987 et
3745 4923 3956 4988 nihilo

2450 5023 2663 5088 minus
2705 5023 2874 5086 dare.
2909 5023 3141 5105 Sicque
3181 5022 3392 5104 primo
3435 5021 3721 5085 excludit
3755 5023 3954 5087 dandi

2448 5121 2892 5195 intentionem,
2938 5140 3128 5203 quam
3179 5121 3460 5184 seeundo
3508 5121 3698 5184 modo
3747 5120 3954 5184 inclu-

2448 5219 2562 5294 dit,
2605 5227 2666 5282 et
2711 5220 2798 5282 ita
2839 5227 2938 5282 est
2979 5219 3042 5282 in
3087 5219 3428 5301 proposito.
3473 5219 3735 5301 Propter
3776 5221 3952 5302 quod

2449 5319 2606 5382 dicit
2643 5319 3036 5401 Augustinus
3084 5317 3554 5400 implorandum
3603 5337 3744 5382 esse
3788 5317 3954 5384 divi-
