4267 6250
850 514 972 579 548

1506 532 1569 578 IN
1609 532 1832 579 mamm
1874 531 1933 577 lv
1976 528 2462 577 snumwrmmt.
2503 544 2584 557 -
2625 528 2778 577 msr.
2821 528 2946 591 XX}
2990 527 3213 585 QUAEST.
3259 527 3302 573 11

850 707 953 763 tus
1000 702 1099 765 sui
1150 702 1490 786 principi0,
1540 702 1711 765 delet
1758 720 2015 766 omnem
2063 700 2342 783 culpam,
2374 699 2427 762 A
2455 707 2807 763 asserentes
2838 698 3008 781 quod
3047 716 3196 761 vere
3234 697 3318 760 sit
3357 693 3701 758 materialis
3733 711 3748 756 ε
3781 692 3967 776 quod

850 818 977 863 non
1027 807 1273 863 tantum
1325 800 1678 875 mortalem,
1730 801 1841 863 sed
1892 801 2085 863 etiam
2134 799 2348 862 venia-

850 897 996 961 lem.
1051 898 1425 962 Dominatur
1472 900 1645 962 enim
1701 898 1902 980 gratia
1948 895 2347 981 baptismalis

850 1016 927 1060 ex
953 997 1185 1060 virtute
1209 998 1619 1079 sacramenti3
1642 998 1842 1080 gratia
1867 995 2343 1081 poenitentialiS,

850 1114 929 1158 ex
958 1096 1356 1177 subjectione
1386 1103 1450 1159 et
1478 1095 1921 1160 conformitate
1962 1093 2148 1158 liberi
2187 1093 2352 1156 arbi-

850 1194 955 1255 trii
974 1211 990 1273 ;
1012 1195 1213 1275 gratia
1242 1193 1456 1257 finalis
1488 1194 1589 1257 vel
1620 1193 1932 1266 ultimata,
1957 1212 2034 1255 ex
2066 1192 2350 1275 perfecta

853 1291 1295 1355 conformitate
1354 1292 1639 1355 omnium
1688 1292 1925 1354 virium
1984 1291 2214 1353 animae
2269 1289 2348 1351 ad

850 1390 1119 1471 gratiam
1160 1391 1384 1473 ipsam.
1418 1389 1684 1472 Nempe,
1721 1390 1874 1452 dum
1921 1388 2135 1452 anima
2175 1407 2351 1470 sepa-

851 1494 1027 1549 ratur
1053 1507 1091 1551 a
1120 1507 1331 1563 carne,
1366 1488 1712 1570 pronitates
1742 1495 1807 1550 et
1840 1486 2347 1570 perturbationes

849 1604 991 1666 quaa
1031 1586 1280 1648 inerant
1317 1586 1374 1648 ei
1414 1604 1493 1648 ex
1533 1604 1742 1660 carne,
1776 1585 2102 1657 recedunt,
2136 1592 2203 1646 et
2239 1601 2347 1666 po-

848 1685 1061 1747 tentiae
1089 1684 1313 1748 animae
1345 1684 1836 1767 tranquillantur
1863 1702 1937 1745 ac
1966 1683 2184 1764 gratiae
2213 1681 2352 1743 sub-

844 1781 1201 1862 jiciuntur3
1251 1800 1326 1844 ac
1374 1801 1489 1865 per
1537 1782 1657 1845 hoc
1703 1780 1980 1843 venialia
2030 1779 2345 1853 delentur,

2457 797 2802 880 multiplici
2841 798 3086 861 ratione
3126 802 3460 861 noverunt.
3493 794 3774 868 Qualiter
3803 808 3968 855 vero

2459 896 2627 978 ignis
2671 896 2779 959 ille
2825 903 2968 977 agat
3016 896 3081 958 in
3128 894 3397 969 animaS,
3429 912 3536 956 eas
3583 890 3966 973 affligendo,

2459 994 2916 1057 difficillimam
2949 994 3234 1058 continet
3260 992 3702 1076 quaestionem,
3725 990 3805 1054 de
3837 1008 3971 1072 qua

2461 1092 2627 1156 infra
2666 1094 2932 1156 dicetur.
2967 1092 3248 1168 Qualiter
3284 1109 3436 1155 vero
3471 1097 3636 1172 agat,
3669 1107 3776 1153 eas
3818 1107 3973 1171 pur-

2458 1192 2686 1272 gand0,
2719 1191 3053 1255 diversitas
3103 1199 3200 1253 est
3246 1191 3414 1253 inter
3455 1190 3764 1253 doctores,
3803 1187 3970 1249 Nam

2459 1290 2657 1372 aliqui
2689 1290 2932 1365 dicunt,
2967 1290 3135 1371 quod
3178 1297 3407 1372 praeter
3434 1288 3568 1351 vim
3600 1286 3967 1369 punitivum

2459 1388 2604 1450 data
2639 1395 2737 1451 est
2774 1387 2867 1450 illi
2909 1388 3040 1470 igni
3084 1388 3180 1450 vis
3219 1386 3550 1469 purgativa
3589 1382 3968 1467 spiritualia,

2461 1505 2576 1568 per
2603 1505 2795 1568 quam
2837 1493 3064 1568 purgat
3093 1506 3130 1548 a
3169 1484 3419 1547 macula
3447 1482 3683 1547 veniali
3715 1480 3968 1564 peccati

2459 1584 2924 1666 culparumque
2981 1583 3227 1657 scoriiS,
3279 1581 3820 1665 quemadmodum
3871 1599 3968 1641 sa-

2459 1690 2782 1745 cramenta
2829 1682 2962 1745 vim
3011 1681 3457 1745 sanctificandi
3514 1680 3736 1743 sortita
3785 1686 3961 1741 sunt.

2460 1780 2579 1843 Sed
2621 1781 2740 1843 hoc
2783 1780 2994 1843 dicere
3039 1798 3164 1843 non
3197 1785 3468 1863 oportet,
3499 1797 3702 1861 quum
3737 1796 3968 1840 secun-

848 1878 982 1941 sive
1022 1879 1152 1941 sint
1194 1880 1259 1942 in
1306 1887 1483 1961 parte
1528 1878 1842 1953 rationali,
1876 1878 2011 1941 sive
2058 1877 2121 1940 in
2170 1884 2348 1960 parte
2384 1881 2430 1944 B
2459 1880 2614 1941 dum
2646 1879 3041 1960 Gregorium,
3077 1878 3292 1942 multae
3321 1877 3550 1941 animae
3579 1875 3736 1938 alibi
3765 1894 3962 1958 quam

846 1977 1165 2040 sensitiva.
1204 1978 1280 2039 Et
1309 1978 1395 2040 ita
1433 1976 1685 2040 nullum
1724 1975 1973 2040 veniale
2013 1983 2347 2058 peccatum

845 2074 1193 2137 dimittitur
1225 2082 1367 2157 post
1398 2075 1561 2138 hanc
1588 2076 1811 2149 vitam,
1844 2074 1956 2137 sed
1988 2074 2053 2136 in
2086 2074 2347 2136 instanti

846 2190 975 2254 quo
1013 2172 1227 2236 finalis
1265 2173 1467 2254 gratia
1502 2172 1861 2236 dominium
1900 2172 2184 2235 vindicat
2221 2172 2346 2235 sibi

845 2269 913 2332 in
962 2270 1197 2344 anima,
1238 2278 1303 2333 et
1346 2288 1601 2333 omnem
1652 2270 1907 2352 culpam
1958 2269 2224 2351 expellit
2263 2269 2344 2331 ab

844 2386 937 2431 ea.
971 2366 1309 2452 Quumque
1348 2368 1651 2450 objicitur
1688 2368 1847 2442 istis,
1882 2369 2051 2451 quod
2090 2368 2158 2429 in
2195 2386 2344 2451 pur-

842 2467 1085 2548 gatorio
1116 2476 1469 2550 purgantur
1496 2486 1570 2530 ac
1601 2467 2019 2530 remittuntur
2046 2475 2341 2549 peccata3

842 2565 1249 2647 respondent,
1291 2566 1462 2648 quod
1504 2584 1728 2629 verum
1772 2572 1869 2628 est
1911 2570 2223 2647 quantum
2263 2566 2341 2627 ad

841 2669 1088 2726 reatum
1136 2683 1246 2727 seu
1298 2682 1577 2747 poenam,
1626 2671 1693 2727 et
1750 2671 2102 2746 purgantur
2145 2682 2344 2746 quan-

840 2769 981 2824 tum
1011 2763 1089 2825 ad
1120 2763 1391 2826 scoriam
1434 2782 1545 2825 seu
1587 2762 1935 2845 sequelam.
1970 2762 2144 2825 Istud
2174 2762 2345 2826 vide-

842 2867 947 2921 tur
993 2860 1194 2923 fuisse
1242 2860 1321 2923 de
1371 2869 1585 2923 mente
1642 2861 1945 2941 HugoniS,
1998 2859 2270 2922 dicentis
2323 2878 2337 2922 ε

839 2958 1200 3042 Aliquando
1255 2958 1423 3022 Deus
1481 2959 1749 3021 remittit
1806 2959 2162 3021 secundum
2211 2958 2342 3041 pie-

2459 1977 2526 2039 in
2576 1977 2724 2058 igne
2771 1976 3122 2059 purgatorii
3183 1976 3533 2059 puniantur
3575 1981 3768 2055 atque
3816 1992 3970 2056 pur-

2456 2083 2706 2156 gentur,
2758 2082 2823 2137 et
2881 2075 3326 2138 mundificatio
3377 2093 3415 2137 a
3463 2074 3654 2156 culpa
3709 2073 3794 2135 sit
3844 2092 3964 2155 per

2456 2174 2741 2255 gratiam.
2805 2174 2964 2236 Hinc
3023 2173 3133 2236 alii
3195 2171 3426 2236 melius
3484 2172 3728 2246 dicunt,
3789 2172 3962 2253 quod

2459 2271 2623 2352 ignis
2662 2271 2772 2334 ille
2813 2271 3036 2335 eadem
3082 2271 3146 2334 vi
3191 2271 3379 2353 punit
3421 2277 3485 2332 et
3526 2275 3775 2351 purgat,
3810 2286 3963 2350 quo-

2456 2370 2630 2432 niam
2671 2370 2997 2453 puniendo
3036 2369 3298 2451 adjuvat
3334 2368 3625 2451 gratiam,
3659 2374 3722 2430 et
3758 2366 3963 2448 gratia

2453 2468 2844 2549 adjutorium
2877 2487 3082 2551 poenae
3111 2467 3352 2530 babens
3381 2486 3456 2531 ac
3485 2466 3960 2530 consonantiam

2453 2567 2800 2630 voluntatis
2846 2585 2974 2630 non
3019 2566 3394 2641 resistentis,
3443 2566 3554 2629 sed
3595 2584 3665 2629 se
3709 2564 3959 2628 confor-

2455 2667 2710 2741 mantis,
2754 2665 3048 2748 quamvis
3097 2683 3223 2729 non
3262 2664 3624 2747 adjuvantis
3673 2671 3784 2726 aut
3827 2681 3957 2726 me-

2455 2764 2672 2827 ritorie
2733 2763 3155 2846 cooperantis,
3205 2764 3488 2827 animam
3541 2769 3770 2845 purgat
3829 2760 3957 2844 ple-

2453 2862 2628 2925 narie
2681 2880 2696 2924 :
2747 2863 3052 2945 quoniam
3113 2862 3252 2945 ipsa
3307 2880 3498 2944 poena
3557 2860 3622 2924 in
3681 2860 3804 2924 hoc
3863 2867 3960 2923 est

2452 2960 2634 3042 quasi
2685 2960 3171 3023 instrumentum
3217 2960 3451 3024 divinae
3490 2959 3752 3041 justitiae
3797 2958 3960 3021 sicut

842 3062 1061 3131 tatem,
1111 3055 1455 3138 aliquando
1502 3056 1857 3119 secundum
1908 3055 2336 3133 severitatem,
2371 3059 2415 3123 C
2451 3064 2516 3121 et
2553 3058 2715 3141 ignis
2767 3058 2894 3122 ille.
2932 3094 3012 3105 —
3040 3059 3182 3123 Haec
3223 3058 3685 3121 Bonaventura.
3721 3056 3960 3121 Verum

843 3155 1225 3238 quandoque
1274 3156 1627 3218 secundum
1678 3163 2040 3238 utrumque.
2088 3155 2340 3219 Etenim

844 3272 959 3336 per
1008 3254 1377 3316 incendium
1438 3254 1787 3337 purgatorii
1844 3254 2049 3317 scoria
2096 3256 2341 3336 peccati

842 3351 1236 3434 excoquitur,
1253 3371 1367 3433 per
1397 3352 1721 3415 lavacrum
1750 3352 2059 3435 Baptismi
2093 3355 2343 3416 macula

842 3450 1090 3532 peccati
1117 3449 1421 3524 abluitur,
1456 3468 1572 3532 per
1598 3448 1927 3531 flagellum
1965 3448 2340 3511 satisfactio-

840 3548 941 3610 nis
983 3547 1165 3630 palea
1213 3548 1458 3630 peccati
1501 3548 1840 3610 excutitur.
1888 3547 2188 3622 Quamvis
2230 3566 2340 3610 au—

840 3653 971 3708 tem
1004 3645 1123 3709 ista
1160 3646 1381 3729 opinio
1422 3646 1697 3709 multum
1730 3647 1813 3709 sit
1846 3663 2123 3709 consona
2153 3645 2340 3708 ratio-

840 3745 931 3818 ni,
953 3752 1171 3808 tamen
1200 3745 1606 3808 auctoritates
1636 3745 2009 3808 Sanctorum
2040 3745 2340 3808 videntur

840 3862 1139 3927 expresse
1168 3843 1520 3918 contrariae‚
1535 3862 1737 3926 quum
1768 3842 1937 3905 dicat
1965 3843 2334 3924 Gregorius:

838 3941 1068 4024 Aliqua
1133 3949 1392 4024 peccata
1459 3941 1869 4005 dimittuntur
1934 3949 2078 4025 post
2140 3941 2336 4004 vitam

838 4048 1236 4122 praesentem.
1272 4041 1349 4102 Et
1388 4041 1443 4102 si
1481 4041 1985 4123 exponatur.hoc
2024 4047 2335 4122 quantum

836 4139 917 4201 ad
948 4147 1215 4214 reatum,
1248 4139 1574 4221 objicitur,
1598 4140 1769 4222 quod
1800 4140 1891 4202 sic
1922 4140 2001 4202 de
2034 4140 2336 4203 omnibus

2453 3158 2720 3240 quaestio
2762 3158 2882 3221 ista
2930 3159 3008 3221 ad
3051 3157 3530 3221 distinctionem
3576 3161 3822 3239 spectat
3865 3173 3961 3218 se·

2451 3265 2776 3340 quentem.

2532 3354 2714 3419 Circa
2749 3354 2885 3419 haec
2929 3354 3124 3418 etiam
3171 3373 3373 3437 pauca
3417 3352 3644 3416 scribit
3678 3352 3958 3417 Antisio·

2452 3453 2740 3516 dorensis
2782 3453 2847 3516 in
2894 3453 3178 3528 Summa,
3212 3452 3379 3515 libro
3425 3459 3672 3534 quarto,
3705 3451 3954 3527 dicenS,

2453 3551 2666 3632 ignem
2716 3552 3066 3635 purgatorii
3126 3550 3558 3632 colligentiam
3607 3550 3953 3632 quamdam

2451 3649 2686 3713 habere
2724 3651 2805 3714 ad
2845 3651 3149 3726 animam,
3184 3648 3428 3712 ratione
3471 3649 3658 3730 cujus
3707 3649 3840 3730 agit
3889 3649 3954 3712 in

2454 3748 2679 3831 ipsam.
2743 3749 2821 3812 Et
2879 3749 3075 3812 refert
3135 3748 3505 3831 opinionem
3571 3746 3952 3822 dicentium,

2452 3848 2622 3929 quod
2665 3847 2894 3911 animae
2942 3855 3146 3911 exutae
3195 3846 3593 3929 corporibuS,
3627 3845 3760 3909 sola
3809 3864 3958 3910 eon-

2451 3946 2730 4021 tritione,
2754 3964 2883 4009 non
2913 3946 3060 4027 igne
3088 3945 3306 4029 aliquo
3337 3944 3647 4007 materiali
3681 3963 3958 4027 purgan-

2449 4051 2571 4106 tur.
2635 4045 2970 4127 Quumque
3033 4043 3342 4125 objicitur
3401 4043 3518 4118 eiS,
3577 4043 3748 4125 quod
3811 4050 3957 4126 post

2450 4142 2612 4204 hanc
2641 4142 2837 4204 vitam
2867 4159 2995 4204 non
3037 4148 3133 4204 est
3161 4147 3418 4224 tempus
3449 4158 3568 4204 nec
3609 4140 3788 4204 locus
3821 4157 3952 4202 me-

836 4237 1039 4319 possit
1066 4237 1344 4320 peccatis
1373 4237 1923 4319 intelligi—Hinc
1952 4237 2062 4300 alii
2092 4238 2336 4314 dicunt,
2368 4245 2417 4308 D
2449 4240 2668 4319 rendi3
2703 4240 3111 4322 respondent,
3134 4239 3253 4302 hoc
3283 4257 3424 4302 esse
3454 4238 3949 4320 intelligendum

836 4336 1111 4398 venialia
1167 4337 1235 4399 in
1294 4337 1657 4419 purgatorio
1704 4344 2016 4419 quantum
2074 4338 2154 4400 ad
2203 4337 2336 4399 cul-

835 4452 984 4517 pam
1031 4451 1219 4516 posse
1266 4434 1503 4496 remitti
1546 4453 1662 4518 per
1700 4434 1865 4516 ignis
1906 4435 2079 4498 illius
2120 4436 2334 4499 incen-

834 4532 1014 4595 dium
1067 4549 1082 4595 :
1131 4533 1435 4616 quoniam
1492 4532 1574 4595 ad
1620 4533 1889 4596 venialis
1948 4533 2332 4597 deletionem

833 4630 1083 4694 sufficit
1111 4632 1279 4713 quod
1319 4630 1593 4693 liberum
1634 4629 1970 4694 arbitrium
2008 4633 2226 4713 gratiae
2263 4651 2332 4696 se

832 4730 1207 4805 conformet,
1230 4729 1525 4812 quamvis
1556 4730 1861 4794 merendo
1889 4748 2018 4793 non
2046 4731 2326 4811 adjuvet.

910 4827 1233 4892 Postremo
1262 4829 1316 4890 si
1356 4847 1622 4910 quaeraS,
1655 4847 1736 4891 an
1776 4828 1941 4909 ignis
1978 4830 2328 4911 purgatorii

830 4925 915 4989 sit
946 4927 1322 5007 materialis3
1344 4925 1711 5003 dicendum,
1734 4926 1905 5010 quod
1933 4927 2327 5009 Augustinus

829 5043 1023 5108 super
1054 5024 1373 5100 Genesim,
1396 5032 1461 5087 et
1490 5024 1558 5087 in
1590 5024 1755 5088 libro
1784 5025 1863 5088 de
1888 5025 2158 5089 Civitate
2189 5026 2324 5101 Dei,

826 5141 901 5186 ac
932 5141 1126 5206 super
1154 5123 1455 5205 epistolas
1484 5123 1681 5198 Pauli,
1717 5125 1837 5187 hoc
1868 5124 2176 5206 relinquit
2204 5124 2325 5187 sub

826 5220 1044 5284 dubio.
1095 5221 1220 5285 Alii
1268 5240 1420 5285 vero
1476 5222 1677 5285 sancti
1734 5222 2045 5298 doctores,
2097 5222 2326 5305 Grego-

824 5320 982 5396 riuS,
1014 5321 1313 5396 Isidorus,
1347 5320 1809 5384 dubitationem
1852 5322 2015 5385 bane
2065 5321 2319 5400 tollunt,

2446 4339 2526 4401 de
2567 4339 2793 4402 merito
2831 4339 2977 4403 vitae
3014 4345 3287 4412 aeternae,
3321 4355 3450 4401 non
3479 4337 3558 4400 de
3590 4337 3824 4401 merito
3859 4357 3951 4400 sa-

2445 4436 2823 4499 tisfactionis
2865 4455 2981 4520 pro
3025 4436 3234 4519 culpa.
3268 4437 3389 4499 Sed
3433 4436 3653 4519 opinio
3701 4435 3812 4498 illa
3849 4442 3945 4499 est

2441 4540 2744 4616 tanquam
2776 4535 3071 4598 haeretica
3100 4534 3586 4610 contemnenda,
3617 4553 3820 4617 quum
3851 4533 3942 4596 di-

2442 4639 2544 4694 cat
2569 4633 2908 4716 Apostolus
2929 4651 2942 4696 :
2963 4633 3186 4698 Salvus
3211 4634 3355 4709 erit,
3387 4633 3481 4697 sic
3509 4641 3724 4696 tamen
3755 4632 3936 4716 quasi
3963 4653 4192 4704 icoo-‚maa

2444 4749 2558 4813 per
2603 4731 2839 4813 ignem.

2519 4829 2787 4912 Insuper
2832 4830 3051 4893 Petrus
3104 4837 3334 4913 praeter
3380 4836 3678 4913 praetacta
3733 4849 3813 4894 ex
3861 4847 3936 4894 eo

2437 4926 2740 5003 affirmat,
2773 4928 2946 5011 quod
2983 4928 3151 4991 sicut
3187 4928 3436 4992 homini
3477 4928 3824 5011 dupliciter
3859 4928 3936 4991 fit

2437 5029 2610 5103 satiS,
2643 5046 2773 5091 uno
2815 5028 3005 5090 modo
3047 5046 3163 5109 per
3203 5037 3618 5110 spontaneam
3659 5046 3737 5091 ac
3779 5027 3934 5091 libe-

2435 5145 2571 5189 ram
2619 5126 2911 5190 debentis
2957 5126 3364 5203 solutionem,
3410 5127 3536 5190 alio
3584 5127 3774 5191 modo
3823 5145 3936 5210 per

2435 5225 2862 5289 extorsionem
2893 5232 2958 5289 et
2996 5225 3440 5308 potestativam
3463 5217 3805 5289 'creditoris
3833 5245 3932 5290 ac-

2434 5323 2832 5407 ceptionem3
2878 5324 2970 5386 sic
3019 5331 3083 5386 et
3129 5323 3260 5387 Deo
3306 5323 3663 5406 dupliciter.
3699 5324 3933 5388 satisfit
