4267 6250
875 456 995 527 1⁰6
1542 486 1609 534 n«
1646 486 1871 535 L-un
1912 486 1973 533 tv
2014 486 2502 535 stamnum.
2541 506 2624 517 —
2661 488 2817 535 msr.
2859 489 2968 551 ως
3011 489 3240 545 oum.
3281 490 3328 539 11

876 654 1173 735 quamvis
1202 659 1464 722 omnino
1494 659 1835 722 distractus
1874 659 1959 721 sit
1995 658 2196 723 verba
2231 676 2380 722 con·
2408 657 2464 723 A
2495 659 2674 722 lutio.
2717 660 2880 723 Hinc
2919 660 3180 743 ponitur
3225 660 3341 735 ibi,
3381 662 3454 723 In
3501 659 3761 724 nomine
3794 660 3986 724 Patris

876 754 1249 819 secrationis
1292 758 1780 840 pronuntiando.
2493 766 2558 820 et
2589 758 2728 822 Filii
2759 767 2826 821 ct
2853 760 3128 841 Spiritus
3157 759 3394 833 Sancti,
3426 767 3730 841 tanquam
3763 758 3990 841 princi·

954 852 1225 936 Insuper
1260 857 1479 919 doctor
1514 858 1683 921 idem
1724 858 1805 919 de
1848 857 2192 921 verborum
2235 856 2383 920 sub-
2493 856 2638 939 pale
2680 857 2998 931 efficienS,
3037 877 3076 919 a
3119 875 3248 939 quo
3287 858 3652 940 Baptismus
3688 858 3822 921 vim
3865 874 3989 921 sor-

876 954 1185 1016 tractione
1252 955 1585 1037 subjungit
1656 974 1671 1018 ε
1740 956 1881 1020 Non
1946 964 2044 1020 est
2105 956 2378 1018 dubium
2491 956 2692 1035 titur;
2723 964 2788 1019 et
2817 957 3077 1038 ponitur
3105 956 3196 1018 ibi
3225 964 3408 1019 actus
3439 956 3992 1030 materialiS,etea

876 1068 1003 1113 non
1052 1071 1193 1116 esse
1230 1054 1651 1136 Baptismum‚
1694 1056 1747 1119 si
1794 1056 1881 1118 ita
1923 1063 2172 1118 tantum
2211 1054 2378 1117 dica·
2491 1074 2636 1135 quae
2675 1055 2886 1136 ipsum
2929 1054 3370 1129 circumstant,
3403 1062 3624 1138 utpote
3657 1054 3988 1117 conferens

878 1157 1003 1222 tur,
1053 1151 1182 1232 Ego
1224 1151 1477 1234 baptizo
1519 1161 1581 1215 te
1630 1154 1695 1215 in
1746 1154 2007 1216 nomine
2044 1154 2265 1216 Patris,
2307 1154 2377 1216 In
2490 1152 2912 1235 Baptismum,
2953 1161 3016 1215 et
3059 1153 3378 1235 recipiens
3419 1154 3655 1235 ipsum.
3705 1154 3988 1215 Formam

876 1248 1203 1330 primitiva
1248 1259 1463 1314 tamen
1512 1252 1797 1315 Ecclesia
1848 1252 2045 1315 fiebat
2089 1253 2213 1315 sub
2261 1252 2378 1315 hac
2489 1260 2706 1314 autem
2755 1250 3118 1334 baptizandi
3177 1252 3440 1314 tradidit
3495 1251 3782 1314 Christus
3833 1250 3989 1332 Apo-

878 1347 1085 1411 forma
1118 1367 1133 1411 :
1167 1351 1297 1432 Ego
1332 1358 1395 1413 te
1434 1351 1685 1435 baptizo
1721 1352 1789 1414 in
1830 1352 2089 1416 nomine
2120 1352 2374 1425 Christi,
2491 1349 2674 1412 stolis
2719 1358 2866 1413 ante
2905 1352 3292 1431 passionem,
3335 1350 3488 1412 dum
3539 1348 3716 1412 misit
3761 1366 3872 1413 eos
3911 1349 3988 1411 ad

878 1446 1121 1529 duplici
1162 1448 1425 1511 ratione.
1466 1449 1699 1524 Primo,
1732 1458 1803 1511 ut
1842 1467 2076 1513 nomen
2116 1450 2373 1524 Christi,
2493 1448 2968 1530 praedicandum
3011 1458 3076 1511 et
3119 1449 3567 1532 baptizandum
3613 1465 3628 1510 :
3671 1448 3817 1512 ideo
3863 1465 3986 1510 non

876 1546 1048 1627 quod
1098 1546 1219 1607 fuit
1276 1548 1496 1611 multis
1544 1548 1939 1629 incognitum
1988 1556 2054 1611 et
2098 1555 2378 1611 contem·
2491 1546 2862 1608 intendebat
2903 1546 2998 1609 eis
3037 1547 3330 1610 conferre
3369 1546 3534 1609 hanc
3573 1545 3870 1619 formam,
3899 1545 3988 1607 di-

879 1652 1085 1725 ptum,
1136 1645 1455 1709 celebrius
1508 1646 1696 1709 fieret
1750 1646 2079 1728 magisque
2126 1654 2370 1709 notum.
2489 1646 2908 1719 cenS,Docete
2935 1663 3160 1708 omnes
3188 1645 3567 1727 genteS,sed
3593 1652 3808 1707 actum
3839 1663 3987 1727 prae·
4056 1663 4198 1707 Mati.

876 1741 1182 1815 Secundo,
1196 1743 1342 1824 quia
1372 1743 1436 1806 in
1469 1744 1727 1806 nomine
1756 1744 1988 1807 Christi
2018 1752 2148 1807 tota
2177 1744 2378 1806 Trini-
2487 1742 2740 1805 dicandi
2781 1750 2846 1805 ct
2883 1743 3244 1826 baptizandi
3287 1743 3446 1825 ipsis
3491 1742 3845 1824 injungere.
4007 1730 4196 1775 ¹¹*'¹¹'¹’·

876 1848 970 1902 tas
1000 1840 1185 1902 datur
1214 1840 1595 1924 intelligi.Et
1623 1843 1745 1905 hoc
1777 1843 2067 1905 fecerunt
2092 1842 2374 1924 Apostoli
2411 1841 2458 1904 B
2569 1842 2894 1917 Praeterea,
2933 1843 3088 1905 dum
3135 1843 3465 1925 quaeritur,
3505 1862 3588 1905 an
3633 1842 3783 1905 licet
3824 1842 3983 1905 hanc

876 1938 1177 2002 familiari
1208 1940 1477 2003 consilio
1512 1940 1786 2023 Spiritus
1828 1941 2061 2004 Sancti.
2093 1975 2176 1986 -
2203 1942 2377 2015 Quae·
2487 1941 2758 2004 formam
2795 1951 3082 2020 mutare3
3114 1942 3458 2004 dicendum
3493 1959 3509 2003 ε
3541 1960 3742 2023 quum
3783 1960 3982 2004 sacra-

878 2038 1040 2100 ritur
1084 2056 1341 2121 quoque
1388 2039 1467 2101 de
1513 2039 1837 2102 additione
1884 2039 2252 2113 verborum,
2293 2059 2374 2103 an
2487 2047 2699 2103 menta
2738 2039 3098 2102 efficaciam
3139 2040 3416 2103 habeant
3463 2058 3540 2102 ex
3589 2040 3983 2102 institutione

878 2154 1027 2197 vere
1064 2136 1252 2199 detur
1287 2136 1672 2219 Baptismus,
1710 2138 1765 2200 si
1810 2136 1893 2199 ita
1936 2136 2205 2209 dicatur,
2247 2136 2376 2217 Ego
2485 2138 2725 2211 divina,
2778 2138 3320 2221 principaliorque
3367 2138 3434 2199 in
3494 2139 3588 2201 eis
3643 2138 3727 2200 sit
3783 2137 3984 2201 forma

880 2232 1133 2316 baptizo
1161 2241 1224 2295 te
1262 2234 1326 2296 in
1362 2235 1623 2297 nomine
1654 2235 1850 2297 Patris
1880 2243 1943 2296 et
1974 2234 2112 2296 Filii
2144 2241 2208 2296 et
2236 2234 2374 2316 Spi·
2484 2256 2674 2320 quam
2705 2236 2988 2310 materia,
3023 2237 3166 2299 ideo
3195 2236 3366 2299 sicut
3393 2236 3554 2300 nulli
3597 2236 3747 2299 li'cet
3787 2254 3984 2299 sacra-

882 2332 1041 2394 ritus
1090 2332 1300 2395 Sancti
1350 2339 1415 2395 et
1456 2332 1522 2395 B.
1564 2334 1749 2395 Petri.
1792 2332 2198 2415 Respondent
2247 2351 2376 2393 ma·
2488 2342 2776 2398 mentum
2821 2344 3089 2406 mutare,
3141 2342 3252 2397 aut
3297 2335 3556 2417 aliquod
3605 2353 3846 2398 novum
3895 2335 3984 2396 in·

876 2430 1082 2513 gistri,
1119 2432 1291 2513 quod
1332 2431 1385 2493 si
1428 2450 1505 2494 ex
1548 2432 1883 2495 devotione
1928 2431 2042 2493 fiat
2081 2431 2226 2493 talis
2268 2431 2376 2493 ad·
2485 2434 2770 2507 stituere‚
2830 2434 2920 2495 ita
2975 2433 3134 2496 nulli
3199 2434 3348 2497 licet
3403 2441 3652 2496 mutare
3715 2433 3983 2497 formam

878 2530 1057 2604 ditio,
1110 2548 1228 2592 nec
1286 2530 1614 2612 baptizans
1670 2531 1959 2593 intendat
2003 2537 2115 2591 aut
2162 2529 2377 2593 credat
2485 2532 2864 2595 sacramenti
2896 2540 3208 2613 quantum
3239 2532 3317 2594 ad
3352 2532 3414 2594 id
3445 2532 3616 2613 quod
3657 2540 3756 2595 est
3783 2532 3864 2593 de
3891 2550 3984 2593 es-

874 2628 1263 2692 additionem
1306 2630 1482 2692 illam
1524 2648 1665 2693 esse
1706 2631 1785 2693 de
1834 2628 2109 2691 essentia
2153 2628 2376 2692 formae
2485 2630 2690 2692 sentia
2718 2629 2959 2703 formae,
2977 2630 3219 2711 absque
3251 2629 3516 2712 speciali
3547 2629 3820 2693 consilio
3849 2627 3982 2712 Spi-

876 2726 1217 2790 vcrborum
1248 2728 1579 2809 Baptismi,
1612 2727 1951 2791 exhibetur
1977 2728 2372 2809 Baptismus;
2485 2729 2646 2790 ritus
2703 2728 2941 2803 Sancti,
2990 2728 3104 2810 qui
3153 2728 3454 2791 virtutem
3505 2727 3984 2810 omnipotentiae

876 2843 1003 2888 non
1033 2832 1247 2888 autem
1288 2825 1342 2888 si
1384 2834 1563 2909 putat
1602 2826 1775 2888 illam
1816 2844 1957 2889 esse
1990 2826 2068 2888 de
2096 2826 2374 2887 essentia
2485 2846 2616 2889 suae
2653 2826 2869 2889 verbis
2905 2825 3032 2887 illis
3077 2844 3204 2888 non
3244 2826 3530 2907 alligavit
3555 2844 3571 2905 ;
3601 2833 3666 2888 et
3697 2827 3750 2889 si
3785 2834 3984 2888 muta-

874 2923 1093 2987 formae
1150 2924 1492 2986 verborum
1548 2924 1875 3006 Baptismi.
1930 2960 2009 2972 —
2065 2924 2374 2986 Similiter
2484 2934 2610 2999 tur,
2662 2926 2752 2988 nil
2813 2925 3042 3006 agitur,
3091 2933 3157 2987 et
3203 2925 3393 3007 culpa
3441 2923 3812 2987 incurritur.
3865 2925 3984 2987 Sed

872 3023 1179 3105 quaeritur
1206 3022 1287 3086 de
1318 3024 1724 3105 corruptione
1754 3022 2118 3096 verborum,
2155 3031 2368 3084 utrum
2409 3025 2454 3088 C
2485 3024 2638 3087 dum
2667 3022 2910 3106 aliquid
2945 3024 3218 3105 pertinet
3248 3024 3326 3086 ad
3369 3024 3642 3086 formam
3669 3042 3749 3085 ex
3779 3024 3984 3086 deter-

874 3142 989 3205 per
1042 3121 1217 3184 illam
1275 3120 1662 3204 impediatur
1716 3120 2097 3204 Baptismus.
2151 3121 2372 3184 Dicen-
2485 3122 2833 3186 minatione
2873 3122 3194 3196 Ecclesiae,
3239 3122 3292 3185 si
3335 3122 3494 3185 illud
3545 3129 3850 3197 mutetur,
3893 3130 3986 3186 est

872 3221 1050 3294 dum,
1082 3220 1253 3303 quod
1303 3221 1357 3283 si
1408 3220 1679 3282 intendit
1726 3219 2027 3282 inducere
2075 3219 2370 3283 haeresim
2482 3230 2976 3296 sacramentum,
3001 3223 3112 3285 sed
3144 3229 3462 3304 peccatur.
3491 3223 3562 3284 In
3592 3222 3801 3285 forma
3833 3239 3984 3304 quo-

874 3319 987 3401 qui
1030 3319 1227 3382 verba
1268 3319 1643 3400 corrumpit,
1685 3336 1811 3381 non
1858 3318 2133 3401 baptizat
2181 3335 2196 3381 :
2243 3336 2370 3381 non
2483 3340 2608 3404 que
2637 3319 2944 3403 Baptismi
2986 3320 3390 3382 essentialius
3427 3327 3526 3382 est
3564 3321 3734 3402 quod
3775 3321 3984 3403 expri-

873 3418 1025 3500 quia
1072 3416 1266 3480 verba
1314 3418 1687 3499 corrumpit,
1731 3418 1841 3480 sed
1888 3417 2041 3498 quia
2082 3436 2371 3480 necessa·
2483 3421 2602 3483 mit
2648 3438 2904 3482 causam
2951 3417 3372 3500 principalem
3419 3425 3735 3499 agentem,
3779 3437 3821 3481 a
3863 3438 3986 3501 qua

876 3516 1035 3579 riam
1076 3515 1495 3579 intentionem
1536 3534 1663 3579 non
1703 3514 1898 3577 habet
1932 3515 2009 3578 ad
2054 3516 2374 3598 baptizan-
2481 3526 2578 3580 est
2623 3525 2752 3580 tota
2799 3515 3179 3578 sacramenti
3219 3516 3534 3591 efficacia,
3576 3535 3768 3598 quam
3815 3517 3982 3598 quod

873 3616 1047 3677 dum.
1102 3615 1165 3678 Si
1214 3623 1425 3678 autem
1487 3634 1565 3677 ex
1620 3614 1753 3678 sola
1799 3615 2210 3697 simplicitate
2259 3614 2372 3678 fiat
2483 3615 2788 3698 exprimit
2815 3623 3028 3676 actum
3060 3615 3412 3677 exercitum
3449 3632 3464 3676 :
3499 3614 3644 3676 ideo
3671 3621 3982 3696 quantum

874 3713 1087 3796 aliqua
1126 3713 1467 3777 verborum
1508 3713 1854 3795 corruptio,
1892 3712 1976 3776 ita
2012 3713 2184 3795 quod
2229 3713 2374 3776 reti·
2482 3714 2559 3776 ad
2603 3732 2848 3786 omnes,
2899 3712 3215 3775 invocatio
3257 3711 3582 3774 Trinitatis
3623 3719 3722 3774 est
3763 3712 3846 3775 de
3891 3731 3984 3774 es-

871 3821 1145 3875 neantur
1180 3812 1439 3896 syllabae
1479 3812 1886 3895 principaleS,
1928 3829 2055 3875 non
2102 3812 2372 3894 impedi·
2483 3813 2686 3874 sentia
2717 3810 2974 3888 formae3
3009 3829 3128 3872 nec
3157 3810 3357 3892 aliqui
3397 3817 3709 3892 quantum
3744 3810 3828 3872 ad
3866 3810 3986 3873 hoc

870 3921 977 3975 tur
1013 3912 1397 3994 Baptismus,
1432 3919 1502 3973 ut
1543 3911 1764 3974 dicunt
1796 3911 2101 3992 magistri.
2134 3911 2370 3973 Verum
2485 3917 2752 3994 possunt
2793 3908 3066 3972 formam
3099 3917 3362 3970 mutare.
3397 3908 3664 3982 Quidam
3704 3927 3860 3972 vero
3899 3908 3986 3971 di-

874 4029 989 4093 pro
1019 4017 1256 4093 quanta
1294 4010 1700 4092 corruptione
1742 4009 2129 4091 impediatur
2164 4009 2375 4092 Bapti-
2483 4016 2734 4081 xerunt,
2779 4006 2948 4088 quod
2991 4015 3171 4070 actus
3218 4008 3537 4070 exercitus
3586 4024 3715 4070 non
3767 4015 3872 4070 est
3909 4008 3985 4070 de

870 4128 1071 4182 smus,
1106 4108 1367 4191 praecise
1407 4107 1830 4170 determinare
1868 4125 1995 4170 non
2038 4116 2138 4170 est
2173 4109 2373 4170 homi·
2483 4107 2759 4170 essentia
2789 4105 3114 4180 formae,et
3143 4105 3312 4187 quod
3344 4105 3410 4167 in
3443 4105 3553 4167 illa
3583 4104 3984 4168 invocatione

871 4209 993 4272 nis.
1040 4209 1184 4270 Haec
1226 4206 1781 4269 Antisiodorensis.
2400 4206 2451 4268 D
2483 4205 2830 4279 Trinitatis,
2863 4203 3142 4267 essentia
3181 4202 3402 4267 formae
3453 4211 3582 4266 tota
3629 4203 3926 4267 consistit
3967 4221 3981 4264 ε

950 4307 1031 4369 At
1058 4322 1210 4368 vero
1238 4303 1511 4367 Thomas
1541 4304 1619 4366 de
1649 4304 1749 4366 his
1780 4303 2088 4379 scribens,
2108 4304 2186 4366 de
2217 4304 2374 4367 inte·
2483 4322 2644 4388 quos
2693 4302 2931 4365 refellit
2979 4302 3322 4365 auctoritas
3375 4301 3718 4365 Alexandri
3777 4303 3982 4385 Papae‚

871 4403 1099 4485 gritate
1146 4401 1365 4465 formae
1405 4401 1803 4483 baptismalis
1842 4402 2146 4464 disseruit
2179 4420 2192 4463 :
2227 4402 2370 4465 For-
2483 4403 2756 4467 dicentis
2785 4420 2914 4465 non
2953 4421 3092 4464 esse
3127 4401 3524 4482 Baptismum
3555 4401 3882 4465 lavacrum
3914 4401 3985 4463 il-

872 4521 975 4565 ma
1005 4499 1389 4583 completiva
1419 4498 1754 4574 rei,media
1781 4508 1879 4562 est
1910 4501 2375 4582 quodammodo
2486 4502 2594 4564 lud
2623 4519 2752 4584 quo
2781 4500 2981 4582 aliqui
3013 4500 3078 4561 in
3109 4500 3371 4563 nomine
3399 4500 3600 4562 Patris
3635 4507 3701 4563 et
3739 4500 3886 4564 Filii
3923 4507 3986 4563 et

876 4603 1043 4663 inter
1084 4599 1411 4662 materiam
1458 4617 1649 4681 quam
1697 4596 1975 4680 perficit,
2012 4605 2077 4661 et
2114 4618 2372 4661 causam
2485 4599 2760 4682 Spiritus
2799 4597 3034 4672 Sancti,
3077 4598 3168 4660 nil
3217 4598 3508 4661 addendo
3555 4597 3981 4681 baptizantur.

876 4698 1269 4763 efficientem
1329 4717 1368 4759 a
1423 4715 1551 4779 qua
1609 4697 2001 4778 producitur,
2053 4705 2123 4758 ut
2171 4698 2373 4761 virtus
2565 4699 2722 4760 Hinc
2772 4697 3126 4759 secundum
3176 4696 3544 4779 opinionem
3595 4697 3981 4770 Graecorum,

873 4796 1222 4864 efficientis
1282 4795 1602 4858 mediante
1664 4794 1865 4857 forma
1910 4795 1989 4858 ad
2040 4795 2372 4859 materiam
2484 4797 2563 4859 de
2612 4795 2990 4858 necessitate
3039 4794 3260 4858 formae
3307 4801 3406 4857 est
3451 4802 3632 4858 actus
3671 4795 3982 4877 Baptismi

874 4898 1259 4960 traducatur.
1294 4895 1631 4976 Quumque
1672 4893 1953 4957 medium
1992 4895 2374 4977 complecta-
2483 4901 2797 4978 quantum
2845 4894 2923 4956 ad
2981 4893 3442 4975 significatum,
3492 4911 3622 4956 non
3671 4903 3984 4975 quantum

874 5005 979 5060 tur
1021 5003 1453 5058 extremorum
1507 5000 1873 5075 utrumque,
1918 4995 2121 5058 forma
2169 4994 2375 5077 Bapti-
2483 4994 2562 5057 ad
2599 4992 3176 5073 consignificatum.
3212 4991 3484 5055 Persona
3519 4999 3734 5056 autem
3773 4991 3982 5074 bapti-

874 5096 995 5158 smi
1048 5093 1333 5156 continet
1381 5092 1734 5175 principale
1792 5091 2108 5166 efficienS,
2161 5113 2198 5156 a
2245 5112 2375 5176 quo
2485 5111 2634 5154 zans
2665 5110 2780 5173 per
2809 5089 3264 5166 ministerium,
3299 5108 3426 5153 non
3457 5097 3555 5153 est
3593 5091 3672 5153 de
3711 5092 3986 5168 necessi,-

873 5192 1237 5275 Baptismus
1274 5189 1637 5253 efficaciam
1676 5189 1887 5264 habet,
1920 5200 1985 5253 et
2016 5193 2372 5274 proximam
2483 5198 2612 5254 tate
2661 5189 2903 5263 formae,
2945 5190 3098 5272 quia
3137 5209 3219 5254 ex
3263 5208 3340 5253 ea
3375 5188 3739 5253 efficaciam
3778 5189 3986 5272 Bapti-

876 5291 1184 5374 Baptismi
1232 5290 1583 5366 materiam,
1630 5307 1771 5372 quae
1813 5296 1912 5352 est
1950 5291 2218 5354 actualis
2263 5290 2373 5354 ab·
2485 5308 2664 5354 smus
2714 5306 2840 5352 non
2881 5287 3072 5350 habet
3093 5305 3110 5368 ;
3157 5306 3430 5370 persona
3465 5305 3618 5352 vero
3667 5287 3983 5372 recipiens
