4267 6250
662 695 746 736 tri.
767 695 809 737 0.

887 485 1010 550 348

1533 505 1599 552 m
1637 505 1861 555 Linum!
1901 505 1964 553 IV
2004 505 2489 554 summam.
2530 521 2611 534 -
2650 503 2805 552 msr.
2844 503 2996 568 11113
3038 503 3264 562 Qufflsr.
3305 504 3351 550 11

971 675 1237 760 Insuper
1264 677 1494 762 quaerit
1521 677 1784 753 ibidem,
1809 687 2025 742 utrum
2056 677 2386 742 sufficien-
2417 675 2470 739 A
2497 675 2861 760 relinquere
2904 695 3190 740 munera.
3222 676 3398 750 Quod
3442 674 3497 739 si
3538 674 3684 759 quis
3726 681 4009 740 temera-

891 780 989 837 ter
1036 775 1238 857 possit
1279 777 1548 852 occurri,
1591 777 1712 841 hoc
1758 785 1856 840 est
1903 777 2223 860 provideri
2274 795 2387 839 seu

891 874 1246 936 remedium
1294 875 1584 939 adhiberi
1633 875 2012 951 defectibus,
2059 875 2386 959 periculiS,

892 972 1363 1057 inopinatisque
1412 975 1688 1051 casibuS,
1729 975 1842 1058 qui
1892 976 2060 1038 circa
2108 974 2387 1038 celebra-

887 1070 1128 1134 tionem
1160 1073 1568 1155 contingunt3
1591 1081 1656 1136 et
1684 1075 1892 1156 arguit
1919 1093 2030 1138 sex
2060 1093 2390 1156 argumen-

886 1169 993 1244 tis,
1027 1170 1197 1253 quod
1239 1189 1388 1235 non.
1430 1171 1578 1246 Quae
1620 1179 1994 1254 argumenta
2040 1190 2169 1235 non
2213 1171 2387 1234 aliud

884 1278 1202 1351 quaerunt,
1237 1290 1428 1352 quam
1474 1270 1627 1353 quid
1677 1272 1992 1353 agendum
2037 1271 2122 1334 sit
2166 1271 2231 1333 in
2274 1271 2389 1334 hu·

881 1367 1238 1448 juscemodi
1283 1369 1536 1432 casibus
1573 1387 1586 1431 :
1621 1369 1861 1432 idcirco
1903 1377 1975 1432 ut
2014 1369 2249 1432 clarius
2292 1370 2386 1431 in-

882 1465 1251 1548 telligantur
1297 1468 1433 1530 haec
1489 1467 1726 1542 omnia,
1781 1486 2012 1551 ponam
2075 1487 2259 1530 casus
2320 1468 2384 1530 in

881 1563 1109 1640 forma,
1161 1573 1224 1629 et
1271 1567 1349 1628 ad
1410 1585 1934 1649 unumquemque
1983 1585 2218 1650 ponam
2270 1567 2385 1629 hu-

877 1663 984 1745 jus
1029 1665 1232 1727 sancti
1276 1665 1562 1729 Doctoris
1605 1683 1927 1748 responsa.

957 1763 1178 1844 Itaque
1225 1765 1532 1847 quaeritur
1580 1765 1812 1847 primo,
1858 1765 2014 1847 quid
2061 1766 2381 1845 agendum

2496 769 2591 839 rie
2621 775 3119 858 praesumpserit,
3142 774 3825 840 excommunicationis
3856 793 4009 840 sen·

2498 874 2761 937 tentiam
2806 874 3166 938 sustinebit.

2578 973 2871 1037 Secundo
2925 973 3254 1056 quaeritur,
3305 973 3463 1056 quid
3518 973 3837 1055 agendum
3896 973 4007 1046 sit,

2498 1071 2753 1153 quando
2791 1070 3085 1134 sacerdos
3125 1078 3271 1135 ante
3308 1071 3859 1135 consecrationem
3904 1073 4011 1135 vel

2498 1177 2662 1252 post,
2696 1170 2921 1234 recolit
2960 1189 3028 1235 se
3069 1170 3312 1254 aliquid
3357 1171 3710 1234 comedisse
3750 1178 3867 1233 aut
3912 1171 4012 1234 bi-

2498 1268 2691 1342 bisse,
2723 1275 2833 1331 aut
2861 1268 3052 1331 alicui
3093 1268 3344 1333 mortali
3386 1277 3646 1352 peccato
3681 1287 3809 1333 non
3856 1287 4011 1333 con-

2496 1367 2687 1442 fess0,
2704 1375 2815 1430 aut
2843 1367 3489 1431 excommunicationi
3520 1367 3879 1449 subjacere,
3898 1386 4009 1430 cu—

2492 1467 2598 1548 jus
2644 1473 2791 1529 ante
2840 1484 2968 1530 non
3026 1466 3497 1542 recordabatur,
3550 1467 3618 1528 in
3667 1484 3795 1549 quo
3842 1485 4005 1529 casu

2494 1565 2751 1628 videtur
2778 1565 3139 1647 perplexus.
3168 1601 3249 1610 —
3278 1565 3654 1639 Dicendum,
3679 1565 3851 1648 quod
3888 1564 4005 1627 ubi

2496 1663 2846 1727 difficultas
2884 1664 3184 1739 occurrit,
3217 1683 3471 1747 semper
3499 1665 3866 1746 eligendum
3904 1670 4008 1727 est

2497 1762 2560 1825 id
2591 1762 2762 1845 quod
2794 1763 3009 1826 minus
3039 1762 3232 1826 habet
3262 1763 3553 1846 periculi.
3588 1763 3861 1826 Maxime
3890 1782 4005 1825 au-

879 1861 982 1935 sit,
1025 1863 1080 1924 si
1123 1863 1415 1926 sacerdos
1462 1871 1608 1925 ante
1659 1864 2202 1927 consecrationem
2252 1883 2382 1928 mo·
2420 1866 2467 1929 B
2498 1869 2626 1924 tem
2666 1861 3098 1944 periculosum
3141 1870 3237 1924 est
3278 1862 3449 1924 circa
3485 1862 3606 1924 hoc
3646 1880 4009 1925 sacramen-

880 1960 1082 2023 riatur
1111 1969 1218 2023 aut
1246 1960 1581 2036 alienetur,
1616 1969 1726 2024 aut
1753 1962 1968 2044 aliqua
2005 1961 2381 2026 infirmitate

883 2057 1270 2141 impediatur
1319 2079 1399 2122 ne
1450 2060 1930 2123 Sacramentum
1975 2081 2229 2124 sumere
2281 2081 2383 2124 va-

886 2157 1010 2220 leat
1056 2165 1120 2220 et
1166 2157 1421 2220 Missam
1471 2158 1802 2240 perficere.
1851 2159 2082 2241 Sicque
2130 2159 2386 2222 videtur

886 2272 1013 2317 non
1063 2273 1248 2337 posse
1291 2254 1654 2319 satisfacere
1697 2265 2015 2339 praecepto
2059 2257 2381 2333 Ecclesiae,

884 2370 1012 2435 quo
1052 2351 1316 2434 jubetur
1351 2361 1420 2416 ut
1462 2355 1754 2417 sacerdos
1798 2354 2128 2418 celebrans
2176 2357 2387 2418 Sacra-

884 2459 1172 2514 mentum
1202 2453 1493 2534 accipiat.
1519 2489 1600 2498 —
1629 2453 2187 2536 Respondendum,
2213 2455 2383 2536 quod

881 2549 937 2611 si
995 2551 1288 2614 sacerdos
1347 2559 1550 2614 morte
1605 2560 1718 2613 aut
1772 2552 1948 2633 gravi
2006 2551 2383 2614 infirmitate

881 2656 1365 2730 praeoccupetur
1416 2657 1565 2713 ante
1624 2649 2192 2723 consecrationem,
2254 2667 2383 2712 non

881 2753 1131 2828 oportet
1159 2766 1274 2829 per
1302 2747 1502 2809 alium
1543 2749 1935 2811 sacerdotem
1975 2747 2261 2830 suppleri
2294 2747 2385 2810 of·

882 2843 1108 2907 ficium
1148 2845 1553 2925 inchoatnm3
1591 2846 1645 2908 si
1677 2864 1830 2909 vero
1868 2846 2123 2928 incepta
2164 2864 2381 2909 conse-

883 2942 1164 3005 cratione
1213 2944 1520 3016 evenerit,
1572 2951 1791 3025 utpote
1850 2961 2116 3026 corpore
2164 2961 2382 3006 conse-

2496 1966 2657 2033 tum,
2708 1959 2879 2041 quod
2927 1966 3025 2022 est
3073 1968 3291 2022 contra
3351 1959 3554 2041 ipsius
3612 1960 4005 2023 sacramenti

2496 2057 2957 2140 perfectionem
2994 2075 3007 2120 :
3042 2057 3173 2120 imo
3210 2057 3331 2120 hoc
3370 2057 3777 2139 sacrilegium
3820 2077 4011 2139 gran-

2495 2156 2575 2219 de
2604 2165 2719 2218 est.
2754 2157 2961 2218 Minus
2989 2165 3203 2218 autem
3234 2163 3350 2229 est,
3374 2157 3545 2238 quod
3574 2156 3654 2218 ad
3684 2158 4007 2220 sumentis

2498 2255 2773 2337 pertinet
2815 2254 3206 2337 qualitatem.
3241 2255 3387 2318 Ideo
3426 2255 3481 2317 si
3520 2256 3813 2319 sacerdos
3858 2265 4008 2338 post

2497 2353 2992 2417 consecrationis
3038 2353 3469 2436 inceptionem
3519 2354 3891 2417 recordetur
3935 2373 4005 2417 se

2496 2451 2851 2515 comedisse
2892 2451 3137 2533 aliquid
3178 2459 3289 2514 aut
3332 2450 3597 2526 bibisse,
3628 2451 3837 2517 nihilo
3882 2454 4006 2515 mi-

2494 2571 2617 2613 nus
2647 2551 2838 2614 debet
2866 2550 3258 2614 sacrificium
3289 2550 4005 2633 perficere,Sacramen-

2492 2657 2763 2731 tumque
2812 2667 3083 2711 sumere.
3137 2648 3446 2712 Similiter
3493 2649 3547 2711 si
3600 2648 3835 2713 recolat
3884 2651 4003 2712 ali—

2495 2748 2664 2831 quod
2705 2756 3038 2830 peccatum
3074 2766 3143 2810 se
3172 2746 3430 2822 habere,
3464 2747 3774 2829 poenitere
3804 2749 4005 2812 debet

2495 2865 2642 2909 cum
2684 2846 3008 2929 proposito
3048 2845 3399 2909 confitendi
3438 2854 3505 2908 et
3535 2846 3999 2911 satisfaciendi.

2494 2945 2597 3008 Sic
2622 2944 2676 3007 si
2704 2944 3070 3007 meminerit
3092 2944 3737 3008 excommunicationi
3764 2965 3834 3009 se
3860 2947 4005 3009 sub-

883 3048 1056 3103 crato
1096 3048 1242 3104 ante
1287 3041 1614 3122 sanguinis
1658 3043 2225 3116 consecrationem,
2268 3061 2379 3104 seu
2421 3041 2465 3104 C
2493 3042 2719 3125 jacere,
2752 3048 3035 3105 assumat
3064 3042 3461 3126 propositum
3497 3044 3755 3126 petendi
3785 3045 4003 3108 humi-

883 3147 1249 3205 consecrato
1279 3146 1570 3221 utroque,
1598 3140 1787 3203 debet
1815 3141 2017 3205 Missae
2049 3140 2383 3203 celebritas

885 3256 1000 3319 per
1036 3236 1236 3299 alium
1276 3238 1634 3321 adimpleri.
1671 3239 1829 3301 Hinc
1869 3247 1940 3301 ut
1979 3240 2043 3301 in
2076 3239 2381 3313 DecretiS,

883 3336 1232 3417 quaestione
1265 3336 1324 3411 7,
1349 3336 1627 3419 capitulo
1659 3336 1715 3411 1,
1751 3340 1968 3407 Nihil,
1999 3337 2293 3412 habetur,
2319 3337 2382 3398 in

884 3434 1184 3497 Toletano
1213 3436 1484 3498 concilio
1515 3435 1745 3517 legitur
1779 3453 1792 3497 :
1829 3435 2210 3499 Censuimus
2242 3453 2387 3499 con-

883 3534 1125 3608 venire,
1179 3542 1248 3595 ut
1305 3534 1458 3596 dum
1510 3553 1548 3595 a
1602 3534 2038 3598 sacerdotibus
2096 3542 2385 3616 tempore

882 3633 1216 3697 Missarum
1265 3652 1441 3696 sacra
1497 3633 1802 3716 mysteria
1849 3633 2277 3709 celebrantur,
2331 3634 2385 3695 si

881 3730 1277 3812 aegritudinis
1305 3731 1580 3813 alicujus
1611 3733 1932 3813 contingat
1961 3740 2388 3814 eventuS‚quo

881 3830 1175 3892 sacerdos
1220 3837 1501 3912 coeptum
1555 3838 1830 3912 nequeat
1874 3830 2132 3913 explere
2182 3828 2388 3893 offici-

881 3946 1016 4001 um,
1063 3928 1146 3990 sit
1200 3927 1477 3991 liberum
1535 3928 1837 4011 episcopo
1893 3948 2005 3991 seu
2060 3928 2385 4011 presbyte—

883 4044 954 4090 ro
1001 4026 1182 4090 alteri
1237 4027 1500 4109 exsequi
1553 4028 2096 4091 consecrationem
2148 4028 2385 4110 incepti

883 4124 1103 4187 officii.
1118 4124 1252 4187 Non
1285 4125 1457 4187 enim
1490 4124 1662 4187 aliud
1693 4125 1998 4207 competit
2027 4126 2105 4188 ad
2136 4125 2389 4208 supple-

2497 3142 2643 3205 liter
2670 3141 3135 3205 absolutionem
3162 3160 3177 3204 ε
3202 3142 3425 3224 sicque
3457 3162 3573 3225 per
3602 3143 4001 3209 invisibilem

2496 3240 2873 3305 Pontificem
2917 3240 3284 3304 absolvetur
3320 3248 3630 3322 quantum
3673 3242 3753 3304 ad
3799 3242 4000 3305 istum

2496 3347 2725 3401 actum.
2744 3339 2807 3401 Si
2834 3357 2986 3402 vero
3010 3346 3156 3401 ante
3182 3338 3724 3403 consecrationem
3752 3360 4003 3405 memor

2498 3438 2582 3499 sit
2610 3436 2883 3517 alicujus
2916 3436 3417 3510 istorum,tutius
3442 3445 3829 3519 reputarem,
3848 3459 4004 3521 prae-

2499 3535 2721 3597 sertim
2770 3535 2836 3596 in
2882 3554 3031 3598 casu
3082 3534 3592 3598 manducationis
3638 3542 3701 3598 et
3748 3555 4005 3600 excom·

2500 3633 3149 3715 municationi5,quod
3176 3633 3497 3715 inceptam
3523 3634 3847 3697 desereret
3870 3635 4005 3698 Mis-

2500 3750 2659 3805 sam,
2696 3731 2821 3793 nisi
2853 3749 3045 3812 grave
3074 3730 3443 3793 scandalum
3477 3730 3835 3794 timeretur.

2579 3829 2788 3892 Tertio
2820 3829 3147 3911 quaeritur,
3173 3828 3326 3910 quid
3359 3829 3675 3910 agendum
3707 3830 3811 3903 sit,
3848 3831 3905 3893 si
3940 3832 4003 3893 in

2498 3928 2723 3991 vinum
2773 3934 3215 3990 consecratum
3263 3926 3444 3990 cadat
3486 3946 3727 4001 musca,
3768 3948 4005 3991 aranea

2499 4033 2606 4088 aut
2636 4025 2809 4088 aliud
2838 4024 3076 4086 animal
3106 4042 3540 4105 venenosum3
3573 4025 3675 4090 vel
3708 4026 3762 4088 si
3794 4046 4003 4090 sacer-

2499 4125 2611 4187 dos
2651 4130 2948 4205 agnoscat
2976 4122 3219 4203 aliquid
3250 4140 3644 4186 venenosum
3684 4124 3871 4187 calici
3911 4144 4004 4187 es·

887 4228 1174 4284 mentum
1208 4222 1472 4284 initiatis
1507 4222 1845 4304 mysteriis,
1868 4242 2058 4305 quam
2088 4230 2200 4284 aut
2233 4222 2385 4285 inci·
2417 4225 2466 4287 D
2499 4240 2567 4284 se
2597 4220 2979 4283 immissum.
3014 4220 3083 4281 In
3115 4237 3243 4302 quo
3274 4239 3424 4283 casu
3455 4221 3708 4284 videtur
3751 4221 4003 4305 perple-

886 4319 1122 4401 pientis
1165 4328 1273 4382 aut
1311 4317 1761 4401 subsequentis
1807 4319 2169 4383 benedictio
2214 4338 2385 4383 com-

885 4417 1057 4499 pleta
1111 4415 1456 4479 sacerdotis
1511 4434 1524 4478 :
1578 4417 1879 4499 quoniam
1938 4436 2055 4480 nec
2105 4417 2387 4499 perfecta

884 4515 1088 4579 videri
1131 4522 1420 4597 possunt,
1453 4515 1578 4577 nisi
1624 4514 1908 4597 perfecto
1953 4516 2176 4578 ordine
2220 4535 2388 4579 com—

883 4614 1200 4697 pleantur.
1233 4614 1439 4688 Quum
1471 4614 1644 4677 enim
1687 4614 1888 4675 simus
1920 4631 2144 4677 omnes
2186 4634 2385 4677 unum

883 4712 950 4774 in
981 4712 1250 4787 Christo,
1285 4712 1447 4775 nihil
1487 4712 1878 4775 contrarium
1910 4712 2145 4775 format
2173 4732 2386 4795 perso-

881 4828 1112 4873 narum
1157 4810 1515 4884 diversitaS,
1557 4809 1667 4872 ubi
1714 4808 2072 4873 efficaciam
2125 4828 2385 4893 prospe-

881 4908 1087 4972 ritatis
1131 4909 1340 4972 unitas
1380 4907 1535 4971 fidei
1579 4916 2005 4991 repraesentat.
2040 4908 2132 4972 Ne
2171 4916 2385 4971 tamen

880 5008 1052 5090 quod
1083 5013 1324 5071 naturae
1355 5006 1675 5088 languoris
1707 5024 1896 5069 causa
1927 5006 2303 5081 consulitur,
2320 5006 2386 5069 in

881 5104 1402 5189 praesumptionis
1432 5104 1784 5186 perniciem
1815 5104 2388 5180 convertatur,nul-

883 5204 985 5267 lus
1019 5204 1260 5287 absque
1290 5203 1564 5285 patentis
1604 5210 1915 5285 proventu
1953 5204 2261 5268 molestiae
2290 5224 2386 5267 sa-

887 5303 1108 5366 cerdos
1145 5302 1247 5367 vel
1293 5301 1587 5364 minister
1626 5300 2001 5383 imperfecta
2042 5310 2387 5385 praesumat

2498 4317 2803 4400 xus,quia
2832 4318 2886 4380 si
2918 4317 3130 4391 sumit,
3145 4318 3400 4380 videtur
3428 4319 3629 4381 Deum
3662 4327 3927 4393 tentare,
3942 4327 4003 4383 et

2497 4417 2731 4481 occidit
2778 4436 2847 4479 se
2896 4416 3145 4498 ipsum3
3197 4417 3249 4478 si
3300 4434 3426 4479 non
3476 4417 3694 4492 sumit,
3746 4419 4003 4482 videtur

2497 4534 2681 4597 agere
2711 4521 2930 4578 contra
2959 4521 3331 4597 praetactum
3365 4523 3757 4597 praeceptum
3792 4517 4001 4581 Eccle-

2497 4614 2625 4676 siae.
2660 4648 2739 4659 -
2770 4612 3144 4685 Dicendum,
3178 4612 3349 4694 quod
3393 4612 3445 4675 si
3489 4623 3636 4676 ante
3675 4632 4000 4678 eonsecra-

2496 4710 2736 4773 tionem
2779 4709 2905 4772 tale
2942 4708 3097 4791 quid
3140 4709 3387 4772 accidat
3432 4717 3497 4773 et
3542 4710 3837 4775 sacerdos
3880 4712 3998 4775 boc

2497 4808 2950 4891 deprehendat,
2972 4808 3165 4873 debet
3193 4815 3399 4872 totum
3428 4808 3789 4885 effundere,
3821 4810 3997 4873 ablu-

2498 4916 2689 4989 toque
2728 4907 2947 4980 calice,
2980 4906 3154 4970 aliud
3198 4906 3423 4969 vinum
3472 4906 3813 4971 infundere
3856 4926 3999 4971 con-

2496 5006 2894 5070 secrandum.
2938 5005 3128 5067 Porro
3170 5004 3225 5067 si
3266 5012 3409 5088 post
3450 5006 3995 5071 consecrationem

2494 5103 2739 5187 aliquid
2797 5104 3028 5166 horum
3077 5104 3403 5185 contingat
3445 5122 3519 5166 ac
3562 5104 3993 5187 deprebenda·
4077 5178 4089 5185 ,

2495 5212 2619 5278 tur,
2663 5201 2854 5264 debet
2899 5201 3136 5264 animal
3186 5210 3369 5265 caute
3414 5202 3579 5285 capi,
3624 5211 3689 5265 et
3734 5202 3995 5284 diligen-

2498 5310 2596 5366 ter
2624 5300 2820 5363 lavari
2862 5307 3051 5383 atque
3084 5299 3399 5374 comburi,
3432 5309 3496 5363 et
3522 5300 3769 5364 ablutio
3803 5300 3994 5364 simul
