4267 6250
1013 504 1216 552 uranu
1257 503 1438 551 rams
1480 501 1916 551 commum
1954 501 2527 559 sunsrmm1m,
2564 499 2693 548 mc.
3282 479 3403 546 281

317 676 522 740 nicum
570 683 636 740 et
687 676 956 740 materia
1001 677 1233 741 animae
1282 677 1560 761 propria.
1593 713 1674 722 —
1711 677 1804 739 Ad
1833 673 1886 739 A
1913 695 2053 740 esse
2096 693 2223 739 non
2270 682 2496 758 potest,
2539 675 2843 758 quoniam
2888 675 3234 738 sentiretur
3272 694 3413 737 mu-

317 775 680 852 secundum,
698 777 868 859 quod
898 775 1194 859 quamvis
1223 795 1326 838 ars
1356 795 1470 859 per
1499 795 1567 838 se
1599 776 1801 859 ipsam

319 893 433 938 non
471 874 678 937 valeat
713 875 1198 938 substantialem
1243 875 1643 938 introducere
1682 874 1805 937 for-

319 991 500 1048 mam,
529 981 815 1036 attamen
861 981 1068 1056 potest
1105 973 1226 1036 hoc
1264 973 1499 1036 virtute
1539 979 1800 1046 naturae,

317 1090 432 1152 qua
457 1071 658 1133 utitur
685 1071 754 1134 in
783 1091 898 1134 sua
925 1071 1294 1153 operatione
1323 1078 1395 1134 ut
1423 1071 1806 1134 instrumen-

319 1179 378 1232 to
409 1187 424 1231 :
454 1177 522 1231 ut
553 1177 728 1252 patet
759 1169 820 1231 in
859 1169 978 1232 hoc
1019 1170 1190 1253 quod
1228 1188 1458 1251 aquam
1491 1168 1806 1231 convertit

321 1268 378 1331 in
409 1286 728 1350 vaporem,
761 1275 826 1330 et
861 1286 1076 1331 aerem
1115 1267 1182 1331 in
1224 1269 1458 1350 ignem,
1491 1266 1636 1349 igne
1677 1285 1804 1329 me-

319 1367 535 1429 diante.
570 1367 664 1429 lta
705 1367 898 1431 etiam
941 1385 1058 1449 per
1095 1366 1617 1430 commixtionem
1655 1363 1804 1427 fari-

319 1483 408 1527 nae
444 1472 505 1527 et
539 1483 722 1547 aquae
761 1473 823 1528 et
862 1483 976 1547 per
1015 1465 1333 1528 ustionem
1378 1464 1564 1547 igniS‚
1598 1469 1806 1546 potest

319 1563 486 1644 sequi
545 1562 751 1626 forma
798 1563 1234 1627 substantialis
1286 1583 1410 1646 qua
1467 1563 1652 1645 panis
1707 1567 1806 1624 est

321 1662 510 1744 panis.
544 1661 611 1724 Si
645 1669 858 1724 autem
901 1679 1026 1724 non
1067 1668 1236 1725 esset
1273 1661 1480 1726 forma
1517 1659 1806 1723 substan-

319 1759 474 1822 tialis
502 1779 646 1843 quae
675 1767 773 1823 est
801 1779 916 1842 per
945 1767 1146 1824 artem
1179 1760 1453 1834 inducta,
1467 1779 1583 1842 per
1608 1778 1802 1842 quam

3378 651 3401 694 x

1914 775 2068 839 tatio
2095 775 2263 848 talis,
2296 775 2349 838 si
2380 782 2564 838 esset.
2602 775 2924 848 Praeterea,
2957 792 3157 856 quum
3202 779 3411 836 motus

1915 873 2134 937 localis
2166 873 2525 937 necessario
2552 873 2638 936 sit
2664 873 3080 946 successivus,
3094 879 3413 954 oporteret

1914 973 2083 1054 quod
2125 973 2285 1035 illud
2326 972 2652 1035 materiale
2682 973 3071 1035 elementum
3107 971 3285 1052 prius
3321 991 3413 1034 re·

1915 1071 2234 1153 linqueret
2279 1090 2473 1132 unam
2516 1070 2739 1133 hostiae
2782 1077 3028 1152 partem
3066 1088 3258 1151 quam
3299 1069 3413 1131 ali-

1913 1189 2034 1232 am.
2053 1171 2388 1253 Quumque
2416 1168 3039 1232 transsubstantiatio
3069 1168 3152 1230 sit
3183 1167 3417 1231 instan-

1913 1276 2119 1343 tanea‚
2172 1275 2548 1350 sequeretur
2598 1269 2870 1356 alterum
2918 1267 3192 1330 duorum
3244 1284 3259 1328 ε
3312 1267 3414 1330 vel

1913 1367 2083 1449 quod
2141 1366 2483 1449 aliquando
2532 1365 2651 1430 sub
2699 1365 2915 1450 aliqua
2970 1373 3149 1449 parte
3196 1365 3415 1430 hostiae

1916 1484 2042 1529 non
2101 1474 2269 1528 esset
2324 1484 2549 1528 verum
2610 1483 2841 1548 corpus
2901 1464 3156 1539 Christi,
3207 1483 3415 1546 neque

1915 1564 2271 1627 substantia
2332 1563 2537 1646 panis,
2589 1583 2707 1626 nec
2769 1563 3093 1626 materiale
3136 1564 3413 1626 elemen-

1916 1671 2074 1736 tum,
2110 1663 2279 1744 quod
2319 1662 2453 1744 jam
2500 1662 2763 1724 recessit
2799 1661 2879 1724 ab
2919 1660 3027 1723 illa
3067 1670 3279 1744 parte3
3312 1661 3415 1724 vel

1915 1761 2087 1843 quod
2135 1761 2479 1842 aliquando
2527 1760 2647 1822 sub
2698 1761 2919 1822 eadem
2969 1767 3147 1842 parte
3194 1759 3415 1823 hostiae

323 1858 491 1941 panis
535 1867 636 1922 est
683 1859 889 1941 panis,
932 1858 1362 1922 substernitur
1404 1858 1608 1921 forma
1655 1856 1804 1920 sub·
1839 1859 1888 1922 B
1916 1867 2084 1922 esset
2123 1878 2355 1941 corpus
2397 1858 2627 1922 Christi
2670 1866 2734 1920 et
2774 1857 3097 1921 materiale
3138 1857 3417 1920 elemen-

320 1957 616 2020 stantialis
651 1957 1383 2030 accidentali,·videlicet
1417 1957 1622 2020 forma
1658 1955 1806 2018 fari-

321 2075 426 2118 nae.
468 2055 776 2117 Triticum
822 2055 994 2117 enim
1043 2055 1176 2135 jam
1220 2074 1256 2116 a
1298 2073 1412 2116 sua
1455 2054 1668 2137 specie
1709 2060 1807 2116 est

321 2162 706 2236 corruptum,
741 2153 893 2235 quia
922 2170 1048 2216 non
1081 2160 1296 2215 manet
1325 2151 1466 2234 ejus
1496 2151 1801 2234 operati0,

321 2259 384 2312 ut
423 2261 610 2333 queat
651 2251 777 2314 sibi
821 2250 1033 2314 simile
1073 2269 1394 2332 generare.
1428 2287 1509 2296 —
1544 2250 1638 2313 Ad
1684 2258 1803 2313 ter-

321 2349 495 2424 tium,
527 2349 698 2432 quod
739 2349 1056 2412 dimensio
1094 2369 1236 2432 quae
1277 2348 1656 2431 intelligitur
1695 2368 1804 2410 an-

320 2456 376 2510 te
420 2446 684 2511 formam
728 2447 1234 2521 substantialem,
1269 2465 1395 2510 non
1440 2447 1629 2510 habet
1666 2465 1804 2510 esse

319 2547 723 2629 completum,
747 2565 948 2629 quum
977 2546 1219 2610 nonsit
1245 2546 1562 2609 dimensio
1591 2546 1804 2608 termi-

320 2653 502 2708 nata:
532 2645 900 2710 terminatio
937 2663 1212 2728 namque
1252 2644 1670 2708 dimensionis
1708 2651 1805 2707 est

321 2763 432 2826 per
468 2744 756 2807 formam.
801 2744 1242 2807 Dimensiones
1285 2762 1436 2806 vero
1485 2763 1625 2826 quae
1677 2762 1805 2806 ma-

321 2851 468 2906 nent
503 2852 644 2926 post
683 2845 1249 2916 consecrationem,
1281 2849 1432 2906 sunt
1463 2841 1806 2905 dimensio-

321 2962 430 3006 nes
452 2943 828 3016 terminatae,
860 2960 1058 3023 quum
1099 2940 1369 3004 habeant
1401 2940 1802 3004 terminatam

321 3060 672 3104 mensuram
715 3048 906 3123 atque
941 3038 1237 3121 figuram.

390 3141 568 3204 Nunc
599 3138 1154 3223 perscrutandum,
1183 3160 1264 3202 an
1297 3140 1362 3201 in
1394 3139 1511 3201 ‚hac
1544 3157 1804 3202 conver-

320 3240 485 3301 sione
521 3238 879 3301 substantia
914 3237 1097 3321 panis
1135 3237 1542 3300 annihiletur.
1577 3238 1802 3300 Dicen-

319 3338 483 3413 dum,
514 3338 688 3421 quod
718 3336 938 3420 opinio
967 3337 1318 3399 dicentium
1361 3336 1502 3412 hoc,
1536 3336 1662 3400 duo
1692 3354 1804 3421 po-

318 3438 404 3500 nit
431 3438 549 3501 sub
580 3437 1024 3518 disjunctione,
1037 3437 1321 3500 scilicet:
1349 3438 1514 3519 quod
1547 3437 1805 3501 materia

319 3538 488 3619 panis
539 3535 885 3600 resolvitur
930 3537 996 3598 in
1046 3536 1493 3619 praejacentem
1553 3536 1801 3600 materi-

317 3655 432 3711 am,
463 3637 564 3700 vel
605 3636 777 3720 quod
817 3634 1244 3713 annihilatur3
1284 3642 1347 3696 et
1376 3644 1686 3718 quantum
1724 3636 1802 3697 ad

318 3742 674 3817 utrumque,
708 3743 806 3797 est
833 3733 1009 3796 falsa.
1043 3733 1106 3796 Si
1139 3732 1314 3795 enim
1355 3732 1418 3794 in
1460 3733 1802 3814 praejacen-

315 3839 434 3894 tem
465 3832 795 3894 materiam
829 3830 1404 3905 resolveretur‚hoc
1433 3848 1560 3892 non
1591 3839 1805 3913 posset

317 3927 595 4010 intelligi,
629 3927 756 3990 nisi
799 3926 970 4009 quod
1006 3927 1109 3989 vel
1149 3935 1316 3991 esset
1353 3928 1618 3990 materia
1665 3928 1803 3990 sine

317 4027 478 4088 omni
509 4026 720 4089 forma
743 4042 757 4086 :
780 4025 950 4107 quod
982 4024 1290 4106 implicat,
1308 4045 1510 4107 quum
1544 4025 1805 4088 materia

317 4142 424 4204 per
450 4124 794 4186 essentiam
831 4141 1012 4185 suam
1044 4122 1127 4184 sit
1156 4140 1268 4184 ens
1305 4122 1369 4183 in
1402 4122 1706 4205 potentia,
1740 4130 1805 4185 et

1915 1965 2076 2032 tum,
2114 1958 2281 2039 quod
2329 1955 2731 2039 impossibile
2772 1963 2887 2019 est.
2924 1956 3070 2019 ldeo
3114 1956 3240 2019 dici
3288 1975 3413 2020 non

1917 2063 2145 2138 potest,
2205 2056 2375 2137 quod
2433 2055 2786 2118 resolvatur
2845 2055 2909 2116 in
2967 2055 3415 2137 praejacentem

1917 2155 2271 2217 materiam.
2304 2189 2385 2199 —-
2415 2152 2861 2228 conformiter,
2894 2153 3023 2216 dici
3053 2171 3181 2216 non
3209 2161 3418 2236 potest

1917 2253 2084 2335 quod
2134 2251 2547 2325 annihiletur,
2598 2270 2674 2315 eo
2719 2252 2889 2335 quod
2939 2252 3149 2315 omnis
3208 2260 3416 2315 motus

1916 2350 2365 2414 denominetur
2408 2369 2445 2413 a
2492 2351 2767 2413 termino
2813 2353 2903 2412 ad
2949 2371 3139 2431 quem
3182 2371 3206 2410 .·
3252 2351 3419 2413 sicut

1917 2456 2125 2512 motus
2156 2450 2235 2512 ad
2262 2448 2883 2522 albedinem,dicitur
2912 2448 3417 2512 dealbatio.Hinc

1916 2548 2048 2610 sola
2077 2547 2521 2610 transmutatio
2556 2547 2741 2627 cujus
2777 2547 3090 2609 terminus
3126 2554 3293 2609 esset
3322 2547 3416 2609 ni-

1917 2646 2030 2719 hil,
2075 2654 2291 2728 posset
2336 2645 2713 2708 annihilatio
2754 2644 3082 2727 appellari.
3122 2635 3299 2719 Quod
3350 2644 3416 2706 in

1918 2745 2037 2807 ista
2093 2745 2509 2807 conversione
2568 2743 2693 2806 dici
2754 2761 2881 2806 non
2939 2751 3167 2826 potest,
3230 2743 3416 2824 cujus

1916 2843 2231 2905 terminus
2279 2850 2376 2905 est
2424 2859 2655 2924 corpus
2706 2841 2939 2906 Christi
2992 2859 3006 2904 ε
3057 2842 3209 2924 quia
3256 2841 3415 2904 nihil

1916 2949 2122 3024 potest
2152 2941 2437 3024 incipere
2478 2940 2583 3002 hic
2622 2960 2785 3014 esse,
2820 2960 3017 3022 quum
3061 2958 3186 3003 non
3223 2939 3417 3002 fuerit

1840 3041 1885 3105 C
1916 3041 2094 3125 prius
2123 3040 2246 3116 hic,
2282 3040 2406 3102 nisi
2440 3059 2554 3123 per
2584 3048 2830 3103 motum
2858 3047 2965 3103 aut
2999 3039 3413 3102 mutationem

1915 3141 2013 3203 sui
2046 3140 2183 3203 sive
2214 3140 2475 3203 alterius
2505 3140 2911 3202 terminatam
2946 3141 3022 3202 ad
3060 3139 3271 3221 ipsum
3305 3138 3415 3200 ali·

1915 3257 2043 3321 quo
2081 3240 2289 3301 modo.
2326 3239 2473 3300 Ideo
2512 3238 2565 3299 si
2606 3238 2939 3301 conversio
2980 3238 3088 3300 illa
3126 3255 3250 3300 non
3292 3244 3413 3299 ter-

1913 3338 2252 3401 minaretur
2279 3338 2357 3400 ad
2384 3337 2614 3400 Christi
2643 3355 2890 3419 corpus,
2906 3343 3224 3419 oporteret
3246 3336 3415 3419 quod

1915 3456 2147 3520 corpus
2189 3436 2347 3499 illud
2380 3444 2549 3499 esset
2577 3436 2643 3497 in
2676 3435 2859 3497 altari
2893 3454 3007 3518 per
3038 3442 3281 3498 motum
3312 3434 3410 3497 sui

1916 3536 2205 3610 localem,
2230 3534 2401 3619 quod
2432 3532 2841 3616 reprobatum
2873 3539 2969 3595 est
2997 3552 3207 3615 supra.
3233 3533 3412 3595 Falsa
3442 3552 3643 3609 cfipaso
3655 3551 3704 3596 Α.
3778 3556 3781 3559 ’

1915 3642 2010 3697 est
2051 3650 2203 3715 ergo
2244 3633 2465 3715 opinio
2509 3631 2635 3693 illa.

1994 3733 2299 3796 Praeterea
2329 3731 2481 3793 dum
2517 3730 2845 3812 quaeritur,
2878 3749 2957 3791 an
2998 3728 3179 3811 panis
3212 3730 3416 3811 possit

1915 3830 1981 3892 in
2012 3848 2245 3911 corpus
2276 3828 2507 3894 Christi
2540 3827 3414 3908 converti3dicendum‚quod

1915 3929 1980 3991 in
2013 3926 2474 3990 mutationibus
2504 3926 2915 4000 naturalibus,
2932 3926 3255 3988 invenitur
3286 3945 3417 3987 mu-

1915 4027 2069 4089 tatio
2117 4026 2407 4109 quaedam
2458 4025 2812 4087 secundum
2862 4043 3054 4106 quam
3101 4023 3263 4086 nihil
3317 4043 3419 4087 va·

1916 4126 2116 4188 riatur
2164 4125 2242 4187 de
2292 4123 2652 4187 intrinsecis
2711 4123 2825 4197 rei,
2878 4124 2989 4185 sed
3046 4122 3254 4186 solum
3312 4141 3416 4185 ex-

318 4229 482 4283 actus
519 4222 664 4302 ejus
701 4228 800 4283 est
843 4220 1047 4283 forma
1081 4238 1096 4281 :
1130 4228 1194 4282 et
1233 4220 1318 4281 ita
1365 4220 1419 4283 si
1459 4228 1628 4283 esset
1664 4221 1802 4283 sine
1831 4220 1882 4282 D
1917 4225 2212 4298 trinseca,
2256 4230 2327 4284 ut
2374 4223 2440 4285 in
2492 4230 2662 4286 motu
2716 4222 2937 4301 locali3
2988 4221 3114 4284 alia
3162 4240 3417 4303 quoque

317 4318 532 4393 forma,
563 4327 734 4382 esset
768 4318 835 4382 in
873 4326 1039 4393 actu,
1073 4326 1138 4381 et
1163 4336 1290 4382 non
1331 4326 1500 4381 esset
1529 4318 1596 4381 in
1633 4326 1796 4382 actu.

319 4418 441 4493 Vel,
473 4418 560 4481 ita
587 4418 760 4501 quod
803 4417 1156 4481 resolvatur
1194 4417 1259 4481 in
1299 4418 1652 4481 materialia
1679 4419 1806 4482 ele-

318 4524 519 4579 menta
573 4534 590 4579 :
646 4516 819 4599 quod
875 4534 1016 4580 esse
1071 4534 1198 4579 non
1257 4516 1446 4589 valet,
1499 4517 1802 4599 quoniam

316 4615 622 4679 elementa
651 4614 761 4677 illa
789 4621 902 4677 aut
929 4622 1260 4677 manerent
1288 4616 1353 4676 in
1383 4615 1522 4678 loco
1553 4616 1799 4691 eodem,

315 4722 373 4774 et
399 4719 720 4796 oporteret
744 4713 917 4795 quod
951 4712 1071 4775 sub
1104 4712 1231 4775 illis
1267 4713 1606 4796 speciebus
1637 4723 1805 4778 esset

314 4811 476 4875 aliud
519 4830 756 4894 corpus
799 4830 991 4894 quam
1037 4829 1269 4894 corpus
1314 4812 1569 4887 Christi,
1612 4822 1802 4896 atque

315 4911 474 4991 quod
523 4911 683 4973 illud
737 4909 1064 4973 materiale
1113 4928 1344 4992 corpus
1393 4918 1560 4973 esset
1609 4912 1802 4974 simul

313 5026 450 5071 cum
479 5006 992 5072 dimensionibus
1024 5008 1229 5090 panis,
1262 5015 1326 5071 et
1357 5007 1556 5070 multa
1583 5008 1805 5090 hujus-

314 5108 476 5171 modi
505 5105 1026 5170 inconvenientia
1055 5113 1509 5189 sequerentur3
1542 5106 1644 5169 vel
1675 5126 1803 5171 non

314 5214 514 5269 essent
557 5206 624 5268 in
670 5206 812 5269 loco
856 5204 1102 5278 eodem,
1141 5211 1207 5267 et
1247 5204 1339 5268 sic
1382 5212 1552 5268 esset
1594 5214 1802 5270 motus

314 5302 522 5369 localis
580 5304 756 5368 illius
806 5302 1108 5366 elementi
1169 5304 1511 5367 materialis
1565 5322 1579 5368 :
1631 5307 1802 5389 quod

1917 4322 2183 4385 mutatio
2234 4321 2299 4383 in
2349 4340 2475 4404 qua
2516 4321 2797 4383 variatur
2832 4321 3001 4402 quod
3047 4321 3212 4383 inest
3253 4320 3416 4382 acci-

1916 4420 2253 4485 dentaliter
2290 4419 2444 4495 enti‚
2479 4419 2645 4482 sicut
2684 4420 2750 4482 in
2794 4419 3309 4501 augmentatione
3352 4426 3418 4483 et

1915 4520 2322 4597 alteratione3
2358 4518 2483 4582 alia
2520 4536 2669 4581 vero
2708 4518 2975 4581 mutatio
3006 4537 3147 4600 quae
3176 4518 3414 4600 pertin—

1913 4620 2006 4700 git
2054 4637 2256 4700 usque
2303 4617 2382 4679 ad
2433 4616 2702 4678 formam
2762 4617 2852 4677 rei
2906 4616 3411 4691 substantialem,

1915 4724 1986 4778 ut
2012 4714 2336 4798 generatio
2368 4722 2559 4795 atque
2598 4713 2939 4795 corruptio
2974 4713 3162 4776 Nulla
3198 4723 3411 4777 autem

1913 4821 2010 4877 est
2039 4812 2343 4877 naturalis
2384 4810 2649 4874 mutatio
2688 4830 2830 4893 quae
2869 4812 3068 4893 possit
3100 4812 3178 4873 ad
3220 4819 3414 4874 mate-

1914 4913 2024 4977 riae
2069 4911 2483 4974 mutationem
2536 4908 2917 4992 pertingere,
2961 4910 3113 4990 quia
3160 4910 3413 4973 materi-

1911 5030 2016 5074 am
2043 5008 2497 5093 praesupponit,
2512 5006 3051 5089 quemadmodum
3083 5007 3414 5090 quodlibet

1914 5129 2106 5192 agens
2164 5107 2515 5172 secundum
2575 5113 2875 5188 operatur
2929 5106 3412 5189 praesuppositis

1915 5208 2016 5271 his
2064 5226 2207 5289 quae
2258 5205 2383 5269 sibi
2436 5210 2585 5267 sunt
2631 5204 2775 5267 data
2817 5222 2855 5265 a
2902 5203 3109 5285 primo
3161 5211 3404 5285 agente.

1916 5307 1990 5369 Et
2029 5306 2163 5370 haec
2207 5303 2527 5387 principia
2570 5308 2817 5385 oportet
2854 5319 3111 5365 manere
3154 5301 3220 5365 in
3266 5319 3412 5385 ope·
