4267 6250
1496 502 1560 548 m
1599 502 1822 550 Lunum
1863 502 1924 548 IV
1968 501 2451 549 smmunw.
2496 519 2577 532 ····
2617 501 2770 549 msr.
2812 501 2918 566 113
2960 501 3185 560 QUAEST.
3224 503 3244 548 1

813 679 1091 755 tempus,
1134 675 1300 737 sicut
1343 674 1508 738 inter
1554 675 1946 758 principium
1993 681 2205 739 motus
2249 680 2314 737 et
2340 673 2391 737 A
2420 673 2487 736 in
2527 675 2645 737 ista
2678 675 3093 738 conversione
3128 675 3525 758 accipiantur
3560 673 3937 737 secundum

814 769 1015 834 finem
1065 773 1206 854 ejus
1255 783 1353 836 est
1401 774 1650 838 medius
1699 782 1929 838 motuS.
1983 775 2047 837 Si
2096 781 2311 836 autem

811 871 1210 954 accipiantur
1241 873 1368 936 duo
1407 874 1708 936 instantia
1747 892 1862 956 per
1895 873 2309 956 comparatio·

815 988 962 1032 nem
1007 971 1084 1032 ad
1133 979 1340 1034 motus
1387 971 1692 1046 diversoS,
1735 971 2088 1034 secundum
2140 972 2311 1053 quod

816 1076 1186 1130 mensurant
1225 1069 1617 1151 principium
1661 1070 1853 1133 unius
1893 1077 1957 1131 et
1993 1069 2194 1132 finem
2228 1069 2313 1131 al-

813 1165 1034 1239 teriuS,
1069 1165 1161 1229 sic
1193 1166 1360 1230 inter
1386 1167 1513 1230 duo
1543 1168 1842 1230 instantia
1870 1185 1995 1230 non
2027 1175 2124 1230 est
2152 1174 2312 1229 tem—

816 1283 935 1346 pus
975 1264 1259 1328 medium
1293 1285 1307 1329 ε
1341 1265 1509 1328 sicut
1537 1285 1656 1330 nec
1691 1273 1900 1329 motus
1935 1273 2032 1328 est
2062 1265 2311 1328 medius

815 1361 982 1425 inter
1035 1363 1427 1448 principium
1486 1365 1678 1427 unius
1739 1373 1949 1427 motus
1998 1371 2063 1427 et
2106 1363 2310 1426 finem

811 1459 1271 1535 alterius.1deo,
1288 1481 1487 1544 quum
1519 1461 1702 1545 quies
1733 1469 2134 1524 mensuretur
2162 1467 2315 1524 tem-

815 1575 990 1640 pore,
1037 1559 1205 1621 sicut
1250 1567 1314 1622 et
1363 1567 1594 1634 motus,
1641 1560 1768 1623 duo
1815 1559 2116 1623 instantia
2164 1567 2313 1622 sunt

815 1676 884 1719 se
930 1656 1206 1720 invicem
1252 1658 1727 1741 consequentia,
1780 1677 2055 1740 quorum
2108 1678 2309 1722 unum

818 1764 1143 1819 mensurat
1171 1756 1370 1819 finem
1408 1757 1644 1839 quietis
1684 1757 1750 1819 in
1781 1775 1910 1839 quo
1939 1766 2074 1820 erat
2103 1757 2308 1840 paniS,

2423 791 2785 835 mensuram
2836 773 2983 837 coeli
3034 781 3263 836 motus.
3306 809 3385 820 —
3422 773 3758 855 Propterea
3804 773 3933 834 alii

2420 871 2664 945 dieunt,
2716 873 2886 954 quod
2934 889 3063 934 non
3112 880 3209 936 est
3254 871 3449 934 simul
3498 872 3747 953 signare
3796 871 3935 934 ista

2420 969 2548 1032 duo
2594 970 2893 1033 instantia
2952 971 3017 1034 in
3072 988 3348 1052 quorum
3408 987 3535 1032 uno
3582 969 3791 1052 primo
3837 969 3937 1032 fit

2422 1086 2652 1151 corpus
2684 1069 2939 1142 Christi,
2973 1076 3036 1130 et
3066 1069 3131 1131 in
3163 1069 3290 1132 alio
3318 1068 3546 1131 ultimo
3574 1068 3757 1150 panis
3780 1085 3797 1130 ε
3820 1068 3933 1130 sic

2420 1166 2593 1228 enim
2634 1167 2713 1230 de
2748 1167 3123 1230 necessitate
3162 1175 3329 1230 esset
3358 1167 3525 1230 inter
3552 1186 3628 1229 ea
3660 1174 3931 1249 tempus

2422 1265 2725 1328 medium.
2760 1265 2997 1329 Tamen
3035 1265 3413 1329 utrumlibet
3440 1282 3661 1328 eorum
3704 1283 3819 1348 per
3844 1283 3931 1328 se

2423 1372 2629 1448 potest
2670 1365 2926 1446 signari.
2972 1365 3090 1428 Sed
3140 1365 3259 1427 hoc
3304 1364 3534 1428 iterum
3584 1363 3747 1426 nihil
3792 1373 3926 1438 est,

2424 1464 2725 1546 quoniam
2756 1464 3107 1546 designatio
3140 1470 3353 1526 nostra
3386 1463 3477 1526 nil
3507 1463 3663 1526 facit
3686 1464 3765 1527 ad
3793 1463 3933 1526 hoc

2422 1563 2590 1646 quod
2621 1570 2875 1644 tempus
2906 1563 3157 1626 intersit
3184 1562 3287 1626 vel
3316 1580 3445 1625 non
3477 1561 3744 1625 intersit.
3776 1563 3935 1625 Pro-

2422 1669 2564 1744 pter
2592 1662 2762 1743 quod
2800 1661 2855 1724 si
2894 1661 3025 1724 sint
3056 1661 3183 1724 duo
3222 1661 3523 1723 instantia
3560 1661 3929 1724 secundum

2423 1779 2577 1833 rem,
2613 1759 2677 1822 in
2719 1776 2991 1842 quorum
3032 1777 3163 1842 uno
3198 1765 3297 1822 est
3324 1759 3505 1841 panis
3546 1758 3794 1834 ultim0,
3825 1766 3930 1821 at-

813 1855 989 1918 aliud
1019 1874 1170 1919 vero
1198 1866 1525 1919 mensurat
1555 1857 1945 1940 principium
1979 1857 2213 1939 quietis
2244 1858 2309 1920 in
2348 1855 2396 1920 B
2424 1876 2548 1940 que
2589 1858 2653 1920 in
2692 1857 2818 1920 alio
2858 1875 3089 1940 corpus
3130 1856 3361 1920 Christi
3401 1857 3631 1938 prime,
3664 1857 3798 1920 sive
3838 1858 3929 1919 si-

818 1971 944 2037 quo
993 1961 1090 2016 est
1137 1973 1368 2036 corpus
1419 1955 1670 2018 Christi.
1723 1955 1844 2017 Sed
1905 1955 2025 2018 hoc
2080 1955 2310 2018 iterum

818 2060 982 2117 stare
1033 2071 1158 2116 non
1210 2054 1398 2128 valet,
1449 2054 1602 2136 quia
1659 2055 1957 2117 instantia
2005 2055 2313 2137 temporis

817 2151 1296 2232 distinguuntur
1335 2169 1450 2234 per
1487 2151 2025 2234 comparationem
2067 2153 2144 2214 ad
2187 2171 2315 2216 mo-

819 2256 954 2311 tum
1001 2249 1182 2311 illum
1223 2269 1260 2312 a
1300 2267 1426 2332 quo
1469 2257 1725 2332 tempus
1769 2250 1960 2313 habet
2002 2251 2310 2314 unitatem

817 2355 927 2410 aut
960 2347 1436 2410 multitudinem
1473 2365 1486 2410 :
1518 2349 1597 2411 ad
1631 2368 1822 2431 quem
1865 2357 2316 2432 comparantur

819 2463 946 2510 non
979 2447 1186 2510 solum
1217 2447 1385 2509 sicut
1416 2467 1714 2510 mensura
1737 2449 1815 2511 ad
1849 2455 2311 2524 mensuratum,

819 2546 928 2609 sed
971 2553 1036 2608 et
1073 2546 1241 2608 sicut
1280 2546 1578 2608 accidens
1620 2546 1698 2608 ad
1743 2545 2128 2628 subjectum,
2162 2554 2317 2628 puta

817 2645 896 2707 ad
938 2653 1179 2708 motum
1221 2645 1389 2720 coeli,
1431 2645 1541 2728 qui
1591 2651 1797 2708 exstat
1843 2646 2209 2720 continuus,
2252 2653 2315 2708 et

818 2743 1351 2825 interruptionem
1385 2761 1513 2806 non
1549 2743 1786 2826 patitur
1815 2745 2169 2806 secundum
2209 2763 2315 2806 na·

743 2893 746 2898 .
817 2849 1046 2904 turam.
1071 2841 1213 2904 ldeo
1242 2842 1794 2923 qualitercumque
1825 2843 2034 2923 signes
2065 2842 2193 2905 duo
2222 2843 2317 2904 in-

557 4732 630 4787 Cs.
654 4736 688 4775 t.
705 4730 792 4784 XX,

525 4808 568 4851 p.
589 4798 667 4839 464
677 4794 738 4840 C'.

819 2940 1048 3002 stantia
1106 2939 1170 3001 in
1219 2946 1528 3022 tempore,
1580 2959 1834 3023 semper
1881 2948 1977 3003 est
2024 2940 2315 3023 accipere

2421 1965 2696 2038 gnentur
2725 1975 2761 2017 a
2792 1957 2999 2030 nohiS‚
3033 1955 3167 2018 sive
3200 1973 3348 2030 non,
3384 1963 3633 2038 oportet
3659 1963 3931 2038 tempus

2423 2055 2703 2118 medium
2738 2073 2895 2117 esse.
2928 2090 3010 2100 --
3036 2055 3185 2117 Ideo
3214 2053 3399 2116 aliter
3426 2054 3766 2117 dicendum
3796 2061 3925 2128 est,

2423 2154 2591 2237 quod
2637 2153 2882 2216 scilicet
2925 2171 3053 2216 non
3099 2160 3196 2215 est
3236 2153 3567 2233 designare
3614 2153 3929 2215 ultimum

2424 2253 2689 2326 instanS,
2731 2251 2840 2314 sed
2892 2252 3190 2314 ultimum
3234 2259 3490 2333 tempus
3537 2251 3603 2312 in
3649 2268 3774 2332 quo
3821 2258 3933 2314 est

2426 2351 2627 2434 panis.
2662 2351 2831 2413 Inter
2864 2358 3119 2432 tempus
3158 2357 3372 2412 autem
3414 2356 3479 2412 et
3508 2349 3749 2412 instans
3788 2368 3929 2413 non

2424 2449 2782 2512 necessario
2815 2456 2913 2510 est
2942 2448 3225 2511 medium
3256 2455 3534 2530 tempus,
3557 2447 3722 2510 sicut
3752 2447 3935 2510 inter

2425 2548 2552 2610 duo
2600 2547 2917 2610 instantia.
2972 2547 3049 2608 Et
3096 2547 3331 2609 veritas
3380 2546 3573 2628 hujus
3621 2553 3791 2628 patet
3840 2565 3931 2608 ex

2425 2646 2545 2710 hoc
2585 2646 2755 2728 quod
2798 2653 3020 2708 octavo
3060 2645 3473 2728 physicorum
3515 2645 3604 2706 ait
3640 2643 3933 2707 Philoso-

2426 2746 2614 2828 phuS,
2650 2745 2816 2826 quod
2857 2745 3111 2827 quando
3144 2763 3223 2806 ex
3259 2743 3407 2806 albo
3434 2743 3513 2805 fit
3540 2743 3817 2825 nigrum,
3854 2743 3933 2806 in

2424 2851 2556 2907 toto
2605 2852 2891 2926 tempore
2942 2850 3349 2906 mensurante
3400 2849 3642 2904 motum
3695 2841 3933 2904 altera-

2424 2943 2617 3006 tionis
2652 2949 2787 3005 erat
2824 2941 3066 3015 album,
3099 2940 3208 3003 sed
3250 2941 3315 3002 in
3358 2940 3586 3003 ultimo
3613 2941 3935 3022 temporis

819 3047 1073 3119 tempus
1124 3038 1431 3111 medium,
1472 3039 1624 3120 quia
1671 3047 1768 3101 est
1807 3040 2099 3121 accipere
2150 3039 2317 3101 inter
2347 3042 2391 3106 C
2428 3043 2599 3105 illius
2633 3041 2891 3103 instanti
2923 3048 3015 3103 est
3048 3040 3322 3121 nigrum.
3358 3040 3533 3103 Unde
3564 3040 3933 3104 secundum

819 3137 1122 3219 quaelibet
1151 3144 1467 3200 momenta
1499 3147 1706 3201 motus
1737 3138 1881 3202 coeli
1917 3146 2160 3201 motum
2194 3158 2316 3201 me-

819 3236 996 3299 dium
1032 3256 1045 3299 :
1081 3236 1318 3298 idcirco
1359 3236 1424 3299 in
1463 3236 1606 3299 aliis
1647 3237 1926 3300 motibus
1965 3255 2092 3301 non
2131 3237 2317 3300 diffe-

819 3343 934 3409 ret,
969 3335 1104 3398 sive
1135 3342 1585 3417 comparentur
1623 3335 1873 3398 diversa
1908 3336 2209 3398 instantia
2237 3336 2314 3398 ad

821 3441 1064 3497 motum
1115 3434 1435 3508 eumdem,
1478 3435 1613 3497 sive
1660 3435 1737 3496 ad
1789 3434 2091 3497 diversos,
2144 3435 2317 3497 Patet

816 3551 1070 3617 quoque
1101 3533 1270 3615 quod
1302 3533 1420 3595 ista
1451 3533 1682 3615 positio
1711 3533 2087 3596 contradicit
2113 3534 2317 3597 Philo-

816 3632 1019 3715 sopho
1049 3632 1452 3715 physicorum
1482 3640 1863 3714 octav0,quo
1893 3631 2116 3715 probat
2145 3634 2314 3715 quod

818 3732 986 3795 inter
1012 3731 1332 3815 quoslibet
1361 3738 1572 3794 motus
1603 3730 1949 3794 contrarios
1981 3738 2077 3793 est
2107 3732 2317 3794 media

818 3832 1000 3913 quies
1035 3848 1048 3893 :
1084 3832 1252 3913 quod
1292 3848 1418 3893 non
1454 3838 1794 3913 oporteret,
1827 3830 1881 3891 si
1913 3830 2039 3892 duo
2081 3829 2317 3892 instan-

818 3930 906 3991 tia
965 3929 1152 3993 modo
1197 3929 1328 4010 jam
1377 3936 1547 3992 tacto
1603 3936 1862 4011 possent
1909 3948 1976 3990 se
2036 3928 2312 3991 invicem

819 4026 1142 4109 consequi.
1188 4062 1270 4071 —-
1315 4026 1476 4089 Hinc
1522 4026 1630 4088 alii
1682 4026 1925 4101 dicunt,
1977 4026 2145 4108 quod
2196 4027 2317 4088 ista

819 4125 1173 4198 conversi0‚
1215 4144 1414 4207 quum
1466 4124 1548 4186 sit
1589 4144 1782 4205 supra
1829 4134 2145 4199 naturam,
2188 4143 2313 4189 non

2429 3143 2663 3225 ipsum,
2715 3158 2841 3203 non
2889 3148 2988 3202 est
3034 3140 3399 3213 dicendum,
3450 3141 3621 3222 quod
3670 3139 3737 3201 in
3786 3147 3933 3204 toto

2424 3248 2711 3323 tempore
2745 3239 2854 3302 illo
2883 3238 2966 3300 sit
2994 3238 3235 3313 album,
3268 3238 3379 3300 sed
3419 3238 3487 3299 in
3516 3244 3649 3301 toto
3676 3246 3933 3321 tempo-

2427 3358 2493 3401 re
2536 3338 2645 3401 illo
2686 3344 2913 3420 praeter
2951 3336 3254 3400 ultimum
3294 3336 3537 3398 instans
3575 3354 3687 3399 seu
3722 3356 3925 3399 nunc.

2425 3438 2760 3519 Quumque
2789 3443 2934 3498 ante
2962 3434 3253 3497 ultimum
3283 3452 3453 3497 nunc
3482 3435 3787 3517 temporis
3818 3435 3935 3499 ali-

2426 3537 2633 3618 cujus,
2668 3553 2796 3597 non
2836 3534 2919 3597 sit
2946 3534 3237 3615 accipere
3272 3532 3723 3616 penultimum,
3755 3534 3934 3597 sicut

2424 3654 2545 3698 nec
2586 3641 2732 3697 ante
2774 3632 3073 3695 ultimum
3119 3640 3429 3715 punctum
3476 3631 3659 3695 lineae
3699 3633 3933 3715 penul-

2425 3734 2693 3811 timum;
2748 3731 2891 3793 ideo
2949 3747 3074 3793 non
3132 3736 3231 3791 est
3276 3728 3567 3810 accipere
3620 3729 3930 3793 ultimum

2426 3831 2667 3892 instans
2716 3830 2783 3891 in
2834 3846 2961 3910 quo
3008 3835 3144 3891 erat
3184 3827 3425 3900 album,
3466 3827 3577 3889 sed
3620 3827 3932 3891 ultimum

2425 3936 2699 4011 tempus.
2736 3926 3167 3991 Consimiliter
3208 3933 3304 3989 est
3345 3926 3422 3988 de
3464 3926 3933 3990 mutationibus

2426 4044 2567 4108 quae
2615 4032 2762 4088 sunt
2799 4023 3058 4087 termini
3110 4032 3341 4097 motuS,
3388 4023 3553 4085 sicut
3599 4025 3933 4104 generatio

2426 4132 2522 4188 est
2564 4123 2878 4187 terminus
2920 4121 3310 4185 alterationis
3354 4138 3369 4183 t
3410 4122 3561 4204 quia
3600 4142 3799 4204 quum
3846 4142 3931 4186 ex

818 4224 1008 4287 habet
1036 4222 1325 4286 ordinem
1355 4222 1432 4285 ad
1468 4229 1707 4284 motum
1743 4222 2066 4286 coelestem
2097 4242 2111 4286 ε
2148 4223 2316 4284 unde
2345 4223 2396 4285 D
2424 4242 2569 4286 aere
2598 4222 2678 4284 fit
2706 4221 2894 4303 igniS,
2929 4221 2993 4284 in
3024 4228 3157 4284 toto
3186 4227 3471 4302 tempore
3506 4221 3933 4303 praecedentis

820 4341 938 4385 nec
991 4327 1396 4385 mensuratur
1433 4327 1742 4402 tempore,
1784 4320 1954 4402 quod
2003 4328 2100 4383 est
2144 4340 2317 4384 men-

820 4439 968 4482 sura
1006 4426 1215 4481 motus
1253 4419 1422 4493 coeli,
1455 4418 1567 4482 sed
1607 4418 1884 4481 instanti.
1919 4419 2065 4483 ldeo
2101 4420 2318 4483 incon-

821 4519 1086 4581 veniens
1117 4534 1244 4580 non
1273 4518 1457 4591 est,si
1487 4518 1616 4580 duo
1647 4516 1946 4581 instantia
1973 4519 2317 4581 succedant

821 4617 943 4679 sibi
997 4616 1275 4679 invicem
1323 4616 1462 4679 sine
1509 4624 1794 4698 tempore
1847 4616 2077 4690 medic,
2131 4625 2318 4699 prout

822 4716 1065 4779 dictum
1111 4723 1208 4777 est
1251 4714 1460 4797 primo
1503 4713 1687 4787 libro,
1730 4714 1809 4777 de
1853 4722 2028 4778 motu
2070 4715 2319 4795 angelo-

822 4835 986 4878 rum.
1005 4816 1240 4878 Verum
1271 4833 1392 4877 nec
1419 4815 1539 4877 hoc
1573 4821 1779 4896 potest
1807 4822 1992 4887 stare,
2013 4814 2315 4897 quoniam

823 4914 939 4977 ista
970 4914 1300 4976 conversio
1335 4912 1625 4995 sequitur
1663 4920 1906 4975 motum
1947 4912 2318 4994 prolationis

821 5011 1306 5093 verborum,qui
1335 5012 1662 5073 reducitur
1690 5012 1766 5073 ad
1801 5030 2160 5074 mensuram
2190 5028 2319 5074 mo-

822 5120 926 5175 tus
983 5109 1284 5184 coelestiS,
1336 5109 1874 5191 quemadmodum
1935 5109 2320 5171 illuminatio

821 5209 1112 5292 sequitur
1148 5209 1225 5271 ad
1272 5215 1516 5271 motum
1561 5207 1826 5270 localem
1871 5226 1997 5290 quo
2038 5207 2321 5270 defertur

827 5306 1218 5371 illuminans.
1270 5306 1430 5369 Hinc
1488 5313 1738 5388 oportet
1793 5306 1963 5389 quod
2022 5305 2322 5369 instantia

2424 4319 2813 4385 alterationis
2856 4326 2991 4381 erat
3030 4337 3159 4393 aer,
3202 4326 3432 4400 praeter
3482 4316 3785 4380 ultimum
3834 4318 3935 4380 in-

2402 4429 2599 4485 ·stans
2633 4420 2696 4481 in
2727 4436 2853 4502 quo
2883 4425 2981 4481 est
3011 4418 3195 4499 ignis.
3230 4418 3399 4491 Ideo,
3431 4436 3633 4501 quum
3662 4435 3929 4482 conver-

2428 4520 2524 4584 sio
2565 4520 2684 4581 ista
2722 4518 2805 4581 sit
2841 4516 3153 4579 terminus
3192 4516 3467 4597 alicujus
3507 4523 3738 4589 motuS‚
3773 4524 3935 4599 puta

2428 4616 2799 4701 prolationis
2828 4614 3267 4689 verborum,in
3298 4622 3431 4677 toto
3457 4622 3743 4697 tempore
3774 4634 3937 4696 prae—

2429 4717 2694 4780 cedente
2732 4714 2976 4777 exstitit
3012 4713 3193 4796 panis
3234 4718 3463 4796 praeter
3498 4712 3799 4775 ultimum
3834 4714 3933 4775 in-

2430 4823 2625 4887 stanS,
2670 4814 2734 4875 in
2778 4829 2906 4895 quo
2948 4819 3046 4874 est
3087 4810 3318 4874 Christi
3364 4828 3613 4893 corpus·

2510 4914 2813 4975 Praeterea
2847 4910 3000 4972 dum
3042 4909 3371 4991 quaeritur,
3402 4928 3481 4971 an
3523 4909 3641 4972 ista
3670 4927 3939 4973 conver·

2430 5010 2524 5072 sio
2555 5007 3016 5080 miraculosior,
3050 5006 3389 5088 potentior,
3422 5023 3535 5068 seu
3576 5004 3941 5069 mirabilior

2430 5107 2513 5171 sit
2550 5106 2724 5169 omni
2766 5105 2891 5168 alia
2934 5103 3321 5183 mutatione3
3360 5103 3725 5177 dicendum,
3759 5104 3935 5186 quod

2430 5212 2668 5288 quanto
2696 5204 2938 5286 aliquid
2969 5210 3067 5266 est
3097 5202 3788 5285 permanentius‚tanto
3816 5202 3941 5264 dif-

2432 5303 2674 5367 ficilius
2721 5310 3198 5365 transmutatur.
3248 5300 3323 5363 Et
3368 5300 3519 5383 quia
3564 5299 3933 5381 subJectum
