4267 6250
1233 493 1412 544 mn
1451 494 1516 542 tv
1555 491 2039 544 snum-runnu.
2077 512 2160 526 —
2200 493 2355 542 nis-r.
2392 493 2507 543 xm
3292 471 3411 538 341

1213 903 2130 1017 DISTINCTIO
2218 905 2516 1014 XIII

563 1235 646 1300 Α.
685 1238 770 1299 Si
811 1237 1142 1302 hoeretici
1186 1237 1258 1298 et
1302 1234 1932 1299 eoecommunicati
1972 1238 2106 1298 hoc
2152 1235 2713 1299 sacramentum
2754 1238 3167 1309 conficiant.

568 1575 674 1640 Ad
724 1575 904 1657 quod
952 1575 1084 1638 dici
1131 1575 1372 1656 potest,
1417 1574 1596 1655 quod
1639 1573 1846 1656 aliqui
1891 1572 2046 1637 licet
2089 1573 2225 1636 sint
2267 1573 2478 1655 pravi,
2528 1575 2911 1638 consecrant
2952 1592 3125 1656 vere,
3168 1576 3421 1641 scilicet

566 1692 686 1774 qui
729 1691 912 1756 intus
957 1691 1116 1755 sunt
1162 1690 1432 1754 nomine
1479 1691 1546 1754 et
1589 1691 2022 1770 sacramente,
2071 1691 2197 1754 etsi
2242 1707 2375 1754 non
2426 1691 2563 1754 vita
2614 1709 2629 1750 :
2684 1691 2842 1772 quia
2886 1709 3021 1756 non
3064 1692 3135 1756 111
3180 1693 3417 1758 merito

325 1809 778 1890 consecrantiS,
818 1809 938 1873 sed
979 1808 1048 1870 in
1096 1807 1296 1871 verbo
1347 1807 1624 1870 efficitur
1665 1807 2014 1870 CreatoriS.
2059 1806 2249 1870 Unde
2289 1807 2704 1888 Augustinus
2744 1828 2760 1870 ε
2806 1809 2987 1872 Intra
3025 1809 3415 1874 catholicam
3446 1831 3711 1876 meon-e.

325 1927 702 2006 Ecclesiam,
733 1926 804 1990 in
857 1925 1176 2007 mysterio
1233 1924 1527 2006 corporis
1577 1925 1642 1987 et
1689 1924 2032 2006 sanguinis
2079 1923 2376 2004 Domini,
2426 1923 2595 1986 nihil
2644 1942 2684 1987 a
2734 1923 2908 1990 bono
2964 1925 3205 2008 majuS,
3247 1926 3417 1991 nihil
3443 1895 3713 1948 ‘'mu'‘'n

325 2060 362 2104 a
397 2043 572 2106 malo
619 2041 844 2107 minus
887 2041 1224 2124 perficitur
1267 2041 1626 2120 sacerdote,
1667 2039 1825 2122 quia
1871 2056 2004 2104 non
2051 2039 2121 2103 in
2168 2040 2403 2103 merito
2441 2041 2906 2123 consecrantis,
2948 2042 3067 2106 sed
3110 2043 3181 2105 in
3218 2043 3418 2107 verbo

325 2155 648 2240 perficitur
685 2158 1012 2222 Creatoris
1053 2158 1118 2222 et
1157 2157 1400 2220 virtute
1444 2156 1732 2238 Spiritus
1771 2155 2014 2220 Sancti.
2056 2155 2469 2220 Credendum
2507 2156 2608 2220 est
2642 2157 2845 2238 enim,
2882 2157 3060 2240 quod
3098 2159 3166 2221 in
3202 2157 3421 2223 verbis

327 2276 557 2340 Christi
605 2275 1019 2340 sacramenta
1063 2270 1514 2338 conficiantur.
1557 2272 1744 2338 Sicut
1792 2273 1936 2354 ipse
1987 2273 2088 2336 ost
2136 2271 2251 2354 qui
2298 2271 2611 2354 baptizat,
2662 2273 2755 2337 ita
2805 2274 2947 2356 ipse
2998 2277 3099 2340 est
3146 2275 3263 2357 qui
3306 2294 3424 2358 per

327 2393 638 2474 Spiritum
677 2391 994 2456 Sanctum
1030 2407 1222 2455 suam
1263 2390 1459 2454 efficit
1500 2406 1762 2453 carnem
1800 2389 1866 2453 et
1903 2389 2316 2470 sanguinem.
2350 2389 2519 2454 Item
2557 2389 2915 2472 Gregorius
2950 2411 2967 2452 :
2998 2392 3243 2456 Putant
3277 2391 3423 2474 qui·
3478 2419 3645 2464 nm«,
3672 2435 3717 2476 μ,

327 2508 468 2572 dam
497 2507 1035 2572 communionem
1073 2506 1366 2588 corporis
1404 2506 1628 2570 minus
1659 2523 1802 2570 esse
1830 2505 2326 2587 sanctificatam,
2358 2505 2417 2570 si
2445 2505 2713 2570 illorum
2750 2507 2866 2570 fiat
2893 2506 3105 2571 officio
3136 2525 3419 2589 quorum
3450 2497 3495 2600 21
3514 2485 3715 2596 ffffgss’

329 2623 454 2686 vita
492 2640 726 2688 eorum
769 2621 980 2686 oculis
1021 2621 1282 2687 videtur
1321 2621 1655 2704 ignobilis.
1696 2621 1848 2686 Heu
1881 2621 1896 2682 l
1939 2621 2010 2684 in
2047 2639 2250 2703 quam
2292 2639 2607 2705 magnum
2644 2622 2957 2704 laqueum
2994 2623 3315 2706 incidunt,
3348 2625 3425 2688 ut

330 2738 542 2802 divina
579 2741 646 2804 et
685 2737 942 2802 occulta
982 2737 1298 2819 mysteria
1333 2737 1486 2820 plus
1522 2736 1606 2800 ab
1645 2737 1794 2801 aliis
1830 2733 2234 2802 sanctificata
2273 2755 2468 2820 posse
2505 2737 2646 2804 fieri
2684 2738 2971 2820 credant,
3005 2757 3213 2821 quum
3248 2759 3427 2807 unus

331 2855 626 2939 idemque
677 2855 966 2937 Spiritus
1015 2855 1294 2920 Sanctus
1351 2855 1421 2918 in
1471 2855 1612 2918 tota
1657 2854 1953 2920 Ecclesia
2001 2853 2423 2918 invisibiliter
2476 2873 2553 2919 ea
2600 2855 2919 2937 mysteria
2972 2857 3038 2922 et
3092 2859 3423 2940 operando

331 2973 702 3050 sanctificet,
753 2972 819 3036 et
868 2971 1333 3035 sanctificando
1389 2970 1752 3036 benedicat.
1802 2970 2195 3051 Mysterium
2247 2971 2397 3034 ideo
2452 2971 2715 3052 dicitur,
2765 2973 2945 3054 quod
2994 2976 3311 3040 secretam
3359 2979 3427 3043 et

329 3089 722 3153 reconditam
769 3087 1005 3153 habeat
1051 3087 1634 3170 dispensationem.
1685 3087 2094 3151 Sacrificium
2143 3105 2321 3169 vem,
2372 3087 2563 3170 quasi
2611 3105 2871 3154 sacrum
2922 3089 3168 3156 factum
3210 3111 3226 3154 z
3268 3095 3427 3177 quia

331 3224 506 3285 prece
545 3205 830 3287 mystica
867 3204 1282 3270 consecratur
1325 3221 1444 3285 pro
1481 3202 1674 3268 nobis
1717 3204 1786 3265 in
1828 3204 2217 3268 memoriam
2258 3204 2608 3269 dominicae
2646 3206 2997 3287 passionis.
3038 3208 3423 3275 Sacramen-

333 3323 460 3385 tum
497 3323 602 3386 est
638 3323 706 3384 in
749 3320 973 3403 aliqua
1007 3319 1466 3401 celebratione,
1507 3337 1714 3402 quum
1753 3338 1860 3385 res
1900 3320 1993 3383 ita
2032 3320 2130 3399 fit,
2172 3322 2249 3383 ut
2282 3320 2535 3403 aliquid
2581 3322 2965 3403 significatae
3002 3324 3097 3387 rei
3142 3326 3424 3408 accipia-

331 3456 490 3504 mus.
535 3439 960 3505 Sacramenta
1003 3439 1160 3502 sunt
1213 3436 1576 3519 Baptisma‚
1620 3437 1946 3518 Chrisma,
1993 3437 2247 3520 Corpus
2286 3437 2531 3503 Christi
2574 3459 2589 3500 ε
2632 3457 2779 3521 quae
2820 3439 2970 3505 ideo
3017 3446 3424 3507 sacramenta

329 3556 648 3637 dicuntur,
689 3556 846 3638 quia
901 3555 1028 3620 sub
1079 3556 1461 3637 tegumento
1513 3554 1877 3619 visibilium
1931 3571 2177 3632 rerum,
2228 3554 2454 3618 divina
2506 3556 2717 3619 virtus
2771 3557 3086 3621 secretius
3140 3558 3423 3624 salutem

329 3672 700 3737 eorumdem
751 3673 1310 3736 sacramentorum
1368 3672 1693 3753 operatur.
1747 3668 1936 3733 Unde
1980 3687 2021 3732 a
2065 3670 2334 3733 secretis
2380 3668 2736 3734 virtutibus
2782 3672 2887 3735 vel
2943 3672 3147 3737 sacris
3202 3690 3422 3739 sacra-

331 3792 540 3854 menta
585 3790 916 3853 dicuntur.
967 3788 1170 3852 Panis
1219 3790 1284 3853 et
1333 3787 1557 3851 calicis
1603 3788 2113 3866 sacramentum,
2170 3785 2394 3850 Graece
2442 3783 2809 3871 Εὑχαριστία
2858 3788 3141 3872 dicitur3
3188 3790 3421 3857 Latine

333 3903 492 3969 bona
545 3906 758 3987 gratia
805 3905 1290 3986 interpretatur.
1336 3902 1422 3965 Et
1457 3901 1618 3984 quid
1653 3901 1896 3965 melius
1943 3918 2215 3983 corpore
2262 3902 2328 3965 et
2376 3902 2695 3983 sanguine
2736 3903 3033 3967 Christi?
3074 3906 3227 3971 Sive
3265 3924 3419 3988 ergo

331 4038 438 4102 per
462 4022 696 4101 bonoS,
710 4020 852 4083 sive
879 4036 998 4100 per
1033 4018 1246 4081 malos
1273 4018 1612 4081 ministros
1649 4018 1822 4080 intra
1848 4016 2211 4081 Ecclesiam
2239 4017 2675 4099 dispensetur,
2688 4022 3168 4085 sacramentum
3200 4024 3419 4087 tamen

331 4140 420 4201 est
448 4160 463 4200 :
496 4138 655 4220 quia
690 4136 979 4219 Spiritus
1015 4135 1294 4199 Sanctus
1324 4133 1635 4213 vivificat,
1669 4150 1790 4196 1166
1825 4134 2152 4197 bonorum
2180 4133 2709 4215 dispensatorum
2746 4137 3000 4201 meritis
3036 4138 3411 4222 ampliatur,

329 4272 438 4318 nec
485 4254 814 4318 malorum
866 4252 1263 4315 attenuatur.
1305 4250 1450 4314 Hoc
1493 4249 1574 4313 de
1615 4249 1899 4331 Corpore
1935 4250 2233 4332 Domini,
2275 4251 2400 4315 hoc
2446 4254 2511 4315 et
2555 4252 2637 4317 de
2683 4253 3089 4336 Baptismate
3126 4257 3193 4319 et
3227 4258 3419 4321 Chri-

333 4372 527 4434 smate
562 4368 918 4433 dicendum
961 4368 1063 4430 est
1099 4368 1164 4430 et
1206 4366 1562 4429 tenendum
1605 4386 1620 4427 :
1663 4365 1820 4448 quia
1855 4367 2068 4430 virtus
2106 4367 2333 4431 divina
2378 4369 2693 4433 secretius
2732 4373 3038 4453 operatur
3084 4373 3151 4436 in
3196 4374 3315 4454 eiS,
3354 4378 3421 4440 et

332 4486 542 4550 divina
577 4483 1000 4549 solummodo
1039 4484 1140 4547 est
1175 4482 1316 4546 haec
1352 4482 1566 4547 virtus
1601 4484 1741 4547 sive
1778 4484 2091 4565 potestaS,
2119 4500 2253 4546 non
2291 4483 2597 4549 humanae
2634 4484 2956 4551 efficaciae.

451 4602 554 4665 Illi
593 4616 754 4665 vero
789 4599 907 4681 qui
944 4593 1500 4663 excommunicati
1535 4600 1713 4678 sunt,
1745 4599 1851 4663 vel
1887 4598 1970 4662 de
2007 4598 2242 4661 haeresi
2288 4599 2633 4663 manifeste
2675 4601 2907 4682 notati,
2946 4620 3077 4666 non
3116 4605 3423 4671 videntur

331 4716 444 4781 hoc
487 4718 972 4783 sacramentum
1022 4734 1216 4798 posse
1262 4716 1603 4795 conficere,
1647 4716 1799 4779 licet
1843 4715 2214 4779 sacerdotes
2260 4716 2391 4778 sint
2438 4735 2453 4776 ε
2502 4716 2659 4797 quia
2702 4734 2898 4780 nemo
2950 4719 3112 4783 dicit
3157 4722 3226 4784 in
3277 4723 3423 4804 ipsa

333 4834 828 4911 consecratione,
879 4832 1144 4914 Offer03
1194 4830 1334 4911 sed,
1378 4832 1757 4911 offerimus,
1798 4830 1988 4913 quasi
2034 4847 2117 4895 ex
2168 4847 2447 4911 persona
2494 4831 2825 4896 Ecclesiae.
2868 4834 2953 4895 Et
2998 4834 3171 4916 ideo,
3214 4853 3421 4917 quum

333 4948 448 5011 alia
483 4949 892 5013 sacramenta
928 4950 1112 5011 extra
1153 4946 1518 5011 Ecclesiam
1559 4947 1816 5027 possint
1851 4945 2186 5025 celebrari,
2218 4945 2299 5009 de
2336 4946 2461 5010 hoc
2497 4964 2631 5010 non
2670 4947 2949 5011 videtur.
2993 4948 3185 5022 Quod
3222 4952 3423 5015 etiam

335 5062 736 5144 Augustinus
771 5062 1027 5127 tradere
1064 5063 1349 5140 videtur,
1392 5062 1616 5125 dicens
1657 5080 1672 5123 :
1713 5060 2010 5126 Recolite
2046 5078 2313 5139 nomen,
2354 5062 2419 5123 et
2460 5061 2777 5125 advertite
2815 5064 3179 5130 veritatem.
3220 5066 3424 5132 Missa
3454 5088 3721 5146 σμιςαιιι

341 5179 502 5241 6111111
537 5180 804 5260 dicitur,
837 5196 915 5243 eo
952 5180 1130 5261 quod
1166 5179 1453 5244 coelestis
1482 5178 1755 5241 nuntius
1791 5177 1872 5240 ad
1904 5176 2416 5241 consecrandum
2444 5173 2779 5241 vivificum
2817 5196 3055 5261 corpus
3092 5183 3418 5263 adveniat,
3451 5151 3719 5266 ἓῖἷῗῖζῗζ

341 5294 518 5375 juxta
553 5296 809 5361 dictum
847 5296 1204 5361 sacerdotis
1247 5296 1528 5361 dicentis
1569 5316 1584 5356 :
1624 5294 2060 5378 Omnipotens
2102 5293 2308 5372 DeuS,
2343 5292 2505 5376 jube
2541 5294 2681 5359 haec
2722 5293 2993 5377 perferri
3035 5315 3153 5380 per
3190 5316 3427 5365 manus

344 1455 528 1761 S
541 1459 768 1524 OLET
794 1459 994 1523 etiam
1024 1457 1256 1539 quoeri,
1271 1457 1496 1520 utrum
1523 1457 1714 1538 pravi
1741 1455 2110 1520 sacerdotes
2140 1455 2267 1520 hoc
2294 1459 2779 1522 sacramentum
2808 1453 3123 1524 conficere
3152 1461 3415 1542 queant.
