4267 6250
906 509 1052 567 omn
1093 511 1186 556 srr
1225 509 1696 568 samma-run,
1735 509 1814 556 m·
1849 508 1930 556 nn
1969 509 2177 557 unns
2216 509 2701 558 narmmomus
2742 510 2882 558 mus
3364 489 3439 555 41

331 675 638 740 videlicet
669 697 684 742 ε
717 697 980 744 causam
1022 681 1296 764 primam
1335 679 1842 745 sanctificantem
1872 682 1926 745 A
1953 681 2229 746 definire
2258 681 2578 764 intendit),
2601 681 2771 765 quod
2801 681 3095 746 definitio
3124 679 3234 743 illa
3260 681 3447 744 datur

335 775 688 852 meritorie,
722 778 894 841 sicut
938 779 1302 862 Baptismus
1353 789 1622 844 mortem
1672 780 1846 845 Chri-

333 873 418 935 sti
461 891 476 936 :
518 881 584 936 et
630 884 948 957 quantum
997 877 1077 940 ad
1128 878 1270 954 hoc,
1321 886 1471 942 sunt
1521 879 1702 960 signa
1753 897 1846 941 re-

333 975 774 1037 memorativa.
811 975 1194 1057 Significant
1239 995 1488 1060 quoque
1535 976 1842 1041 effectum

333 1070 872 1136 sanctificationis
917 1093 1110 1156 quem
1157 1073 1424 1149 faciunt,
1472 1083 1536 1138 et
1581 1074 1717 1138 hoec
1763 1076 1845 1137 si-

331 1169 672 1250 gnificatio
719 1171 816 1233 eis
857 1179 957 1234 est
1001 1172 1376 1255 principalis
1409 1191 1424 1235 τ
1458 1181 1522 1236 et
1563 1173 1651 1236 ita
1693 1181 1844 1236 sunt

331 1267 517 1348 signa
545 1269 1052 1332 demonstrativa
1087 1271 1436 1352 praesentis.
1470 1271 1600 1334 Nec
1636 1270 1840 1346 obest,

329 1367 386 1428 si
429 1367 578 1450 quis
617 1368 1198 1433 sanctificationem
1237 1387 1366 1434 non
1409 1370 1658 1453 recipit,
1691 1371 1843 1452 quia

329 1465 456 1528 hoc
499 1484 628 1529 non
674 1474 774 1530 est
813 1486 893 1530 ex
939 1469 1316 1531 sacramenti
1362 1468 1638 1543 defectu,
1671 1469 1842 1551 quod

329 1572 652 1647 quantum
685 1566 752 1628 in
785 1585 854 1628 se
883 1573 1000 1639 est,
1024 1575 1244 1629 natum
1273 1574 1371 1630 est
1398 1567 1664 1648 gratiam
1695 1585 1841 1630 con-

329 1662 524 1726 ferre.
561 1663 946 1744 Significant
993 1665 1186 1728 etiam
1235 1665 1438 1729 finem
1487 1665 1842 1730 sanctifica-

326 1761 554 1836 tionis,
577 1761 643 1824 id
673 1770 773 1825 est
801 1763 1072 1826 salutem
1101 1771 1400 1827 aeternam
1437 1782 1452 1826 :
1486 1773 1550 1827 et
1578 1765 1666 1828 ita
1693 1771 1844 1827 sunt

1951 782 2032 843 de
2077 788 2476 844 sacramento
2522 788 2832 862 quantum
2880 780 2959 842 ad
3014 780 3078 843 id
3130 780 3299 863 quod
3352 787 3449 842 est

1953 879 2310 962 principale
2342 879 2407 942 in
2447 879 2689 942 ratione
2730 879 2954 961 ipsiuS,
2986 878 3157 960 quod
3186 885 3283 940 est
3311 895 3451 940 san-

1954 976 2409 1040 ctificationem
2442 995 2718 1040 causare.
2734 977 3071 1058 Quumque
3098 993 3453 1038 sacramen-

1953 1082 2016 1136 ta
2065 1092 2193 1138 non
2236 1075 2364 1137 sint
2408 1074 2631 1157 primae
2680 1093 2887 1137 causae
2934 1073 3309 1148 sanctitatiS,
3340 1073 3450 1136 sed

1951 1173 2134 1254 quasi
2180 1173 2569 1236 secundariae
2616 1180 2681 1235 et
2722 1172 3274 1251 instrumentales3
3308 1171 3451 1234 ideo

1952 1270 2353 1334 definiuntur
2392 1278 2462 1333 ut
2502 1271 3029 1334 sanctificationis
3068 1271 3450 1334 instrumen-

1951 1377 2032 1432 ta.
2058 1370 2241 1433 Actio
2269 1377 2481 1432 autem
2512 1387 2642 1432 non
2668 1369 3039 1432 attribuitur
3067 1370 3323 1452 proprie
3354 1369 3448 1430 in-

1951 1475 2331 1542 strumente,
2392 1468 2503 1530 sed
2565 1467 2907 1550 principali
2966 1467 3200 1550 agenti,
3262 1467 3449 1548 cujus

1952 1567 2189 1629 virtute
2232 1567 2653 1629 instrumenta
2696 1566 3101 1648 applicantur
3140 1566 3220 1629 ad
3264 1585 3447 1648 opuS,

1952 1673 2144 1748 prout
2170 1673 2319 1728 sunt
2351 1672 2518 1728 mota
2546 1664 2626 1728 ab
2658 1666 2797 1747 ipso
2830 1683 2845 1728 ε
2880 1664 3022 1728 ideo
3056 1672 3451 1728 sacramenta

1951 1781 2079 1826 non
2110 1763 2268 1826 dicit
2304 1781 2443 1826 esse
2482 1762 2969 1838 sanctificantia,
3002 1762 3113 1825 sed
3153 1763 3323 1844 quod
3360 1763 3452 1825 di-

329 1860 516 1940 signa
567 1861 990 1942 prognostica.
1027 1862 1431 1926 Sacramenta
1474 1881 1629 1926 vero
1673 1871 1842 1926 vete-
1877 1859 1924 1923 B
1953 1861 2103 1923 vina
2131 1859 2337 1923 virtus
2376 1869 2617 1922 secrete
2655 1867 2955 1943 operetur
2984 1859 3049 1921 in
3088 1860 3182 1922 eis
3219 1859 3449 1922 sancti-

327 1958 424 2020 ris
473 1958 864 2021 Testamenti
924 1967 1104 2022 erant
1153 1960 1361 2023 solum
1415 1961 1836 2043 prognostica.

324 2093 412 2103 -
442 2056 510 2119 Si
545 2063 760 2119 autem
799 2055 1165 2137 objiciatur,
1199 2059 1368 2139 quod
1407 2058 1661 2139 signum
1692 2077 1840 2122 con-

325 2163 428 2218 tra
474 2173 738 2218 causam
787 2155 1140 2236 dividitur3
1189 2176 1389 2239 quum
1437 2175 1588 2238 ergo
1635 2175 1839 2219 sacra-

323 2261 542 2316 menta
569 2271 752 2316 novae
782 2253 936 2335 legis
967 2253 1092 2316 sint
1120 2273 1321 2318 causae
1348 2256 1580 2336 gratiae,
1595 2255 1843 2318 videtur

325 2353 499 2435 quod
533 2369 662 2415 non
691 2353 820 2414 sint
849 2352 1033 2434 signa
1064 2370 1078 2414 :
1106 2352 1472 2427 dicendum,
1496 2354 1666 2436 quod
1697 2373 1839 2416 cau-

326 2469 399 2512 sa
431 2458 496 2513 et
537 2451 795 2532 signum
838 2450 1210 2533 frequenter
1249 2459 1398 2514 sunt
1436 2453 1604 2514 idem
1647 2453 1712 2514 in
1743 2472 1833 2527 re,

325 2549 628 2630 quamvis
676 2549 1033 2612 formaliter
1073 2549 1565 2631 distinguantur.

396 2649 712 2711 Praeterea
742 2649 820 2711 de
849 2647 1231 2712 definitione
1259 2650 1552 2722 secunda,
1569 2669 1710 2733 quae
1739 2658 1836 2713 est

323 2746 634 2826 Magistri,
659 2747 1038 2829 respondeo,
1061 2747 1230 2828 quod
1261 2743 1553 2809 definitio
1583 2747 1694 2810 illa
1721 2749 1836 2810 Ma-

324 2843 509 2925 gistri
551 2844 1061 2926 completissime
1099 2843 1408 2907 rationem
1451 2846 1830 2908 sacramenti

326 2942 642 3024 designat,
694 2951 886 3025 prout
931 2943 1010 3005 de
1061 2943 1474 3007 sacramentis
1523 2961 1694 3006 nunc
1743 2945 1831 3007 lo-

1949 1957 2225 2022 ficando.
2258 1993 2337 2003 —-
2364 1959 2455 2021 Ad
2508 1958 2833 2038 objectum
2882 1975 3032 2039 ergo
3078 1957 3447 2032 dicendum,

1951 2057 2120 2140 quod
2153 2076 2229 2120 ex
2268 2057 2493 2137 angelo
2530 2064 2595 2119 et
2623 2055 2861 2119 effectu
2892 2075 3087 2138 quem
3129 2056 3446 2138 producit,

1950 2173 2078 2218 non
2107 2156 2373 2218 resultat
2409 2153 2564 2236 quid
2608 2174 2832 2227 unum,
2864 2154 3033 2218 sicut
3069 2173 3146 2217 ex
3178 2154 3277 2217 his
3308 2174 3451 2237 quae

1950 2253 2016 2316 in
2065 2261 2463 2316 sacramento
2510 2252 2924 2315 materialiter
2969 2251 3449 2335 formaliterque

1949 2357 2357 2414 concurrunt.
2408 2351 2585 2414 Idem
2630 2350 2977 2413 dicendum
3026 2351 3106 2414 de
3155 2351 3448 2414 ministro

1947 2448 2266 2512 Ecclesiae.

2014 2549 2102 2611 De
2131 2555 2351 2631 quarta
2380 2547 2755 2611 definitione
2785 2555 2883 2610 est
2910 2547 3442 2629 respondendum,

1945 2647 2114 2729 quod
2146 2645 2439 2709 definitio
2470 2645 2580 2708 illa
2608 2645 2889 2726 Hugonis
2918 2646 3141 2708 eadem
3172 2652 3272 2709 est
3302 2663 3445 2709 cum

1943 2743 2322 2807 definitione
2352 2744 2652 2825 Magistri,
2685 2745 2807 2808 hoc
2838 2744 3122 2827 dempto,
3140 2744 3310 2826 quod
3339 2745 3447 2806 ad-

1942 2843 2036 2905 dit
2064 2861 2320 2905 causam
2362 2842 2851 2925 significationis
2892 2862 3035 2924 quae
3064 2851 3161 2906 est
3193 2843 3442 2905 institu-

1939 2941 2050 3015 tio,
2085 2947 2152 3004 et
2180 2959 2435 3003 causam
2468 2939 2837 3005 efficientiae
2868 2961 3009 3024 quae
3040 2949 3137 3005 est
3164 2941 3445 3004 sanctifi-

328 3041 611 3125 quimur.
675 3041 938 3105 Ponitur
995 3041 1166 3104 enim
1225 3043 1290 3104 in
1349 3059 1424 3104 ea
1481 3041 1831 3106 efficientia
1864 3044 1909 3107 C
1941 3039 2125 3102 catio.
2178 3039 2350 3102 Idem
2400 3040 2643 3122 quippe
2692 3047 2789 3104 est
2840 3040 3074 3114 dicere,
3124 3039 3442 3103 Materiale

325 3139 881 3214 sanctificationis,
901 3160 1102 3223 quum
1129 3140 1386 3216 dicitur,
1408 3142 1484 3204 Ut
1511 3160 1702 3205 causa
1729 3160 1832 3205 ex-

325 3239 506 3301 sistat
532 3256 550 3319 ;
591 3246 660 3301 et
689 3240 919 3301 modus
950 3246 1318 3321 competens
1357 3239 1602 3302 homini
1633 3259 1830 3322 quan-

325 3344 465 3399 tum
521 3338 601 3400 ad
666 3337 1115 3418 cognitionem,
1169 3338 1236 3399 in
1293 3356 1370 3401 eo
1426 3339 1594 3420 quod
1653 3338 1826 3413 dicit,

327 3434 684 3499 Invisibilis
732 3434 952 3517 gratiae
991 3435 1268 3498 visibilis
1317 3435 1562 3516 forma3
1603 3438 1828 3501 modus

327 3552 586 3617 quoque
616 3532 1110 3614 significationis
1145 3533 1425 3596 hominis
1455 3541 1828 3596 connatura-

328 3632 406 3695 lis
449 3651 530 3695 ex
580 3630 1012 3694 similitudine
1057 3630 1487 3705 sensibilium,
1525 3631 1678 3693 dum
1717 3631 1825 3707 ait,

324 3730 403 3793 Ut
451 3730 805 3811 imaginem
859 3736 1054 3810 gerat.
1114 3728 1184 3791 ln
1239 3748 1368 3810 qua
1421 3728 1615 3792 etiam
1671 3729 1831 3793 defi-

323 3828 572 3892 nitione
613 3826 874 3892 visibile
915 3826 1175 3909 ponitur
1216 3844 1334 3910 pro
1381 3827 1690 3890 sensibili.
1727 3829 1829 3891 Vi-

324 3946 433 3989 sus
471 3944 759 4007 namque
803 3925 972 3989 inter
1011 3925 1168 3988 alios
1216 3944 1441 3989 sensus
1488 3927 1828 3990 exteriores

326 4032 528 4088 exstat
585 4022 887 4098 nobilior,
939 4022 1180 4087 idcirco
1237 4042 1470 4087 nomen
1515 4024 1694 4087 visus
1749 4026 1828 4088 ad

324 4123 476 4185 alios
509 4140 740 4185 sensus
771 4121 1154 4184 extenditur.
1188 4157 1270 4167 —
1297 4122 1390 4186 Ad
1423 4124 1704 4205 primum
1736 4141 1830 4187 er-

1939 3139 2330 3201 elementum
2362 3140 2753 3202 extrinsecus
2781 3140 2986 3203 oculis
3017 3140 3437 3222 suppositum,

1940 3256 2017 3299 ex
2068 3238 2469 3300 institutione
2518 3237 2934 3319 significans3
2978 3238 3171 3319 quod,
3218 3238 3441 3301 Invisi-

1941 3336 2090 3399 bilis
2138 3336 2353 3417 gratiae
2401 3335 2677 3400 visibilis
2721 3335 2959 3417 forma3
3000 3344 3084 3411 et,
3126 3337 3218 3399 Ex
3264 3337 3440 3402 simi-

1941 3434 2213 3497 litudine
2256 3442 2738 3517 repraesentanS,
2785 3435 2955 3499 idem
3006 3444 3104 3498 est
3146 3436 3318 3509 huic,
3364 3437 3442 3499 Ut

1943 3533 2287 3615 imaginem
2328 3540 2539 3615 gerat3
2572 3541 2653 3606 et,
2688 3534 2777 3595 Ex
2808 3533 3316 3597 sanctificatione
3344 3535 3439 3597 in-

1939 3630 2267 3694 visibilem
2308 3631 2575 3713 gratiam
2626 3632 2981 3708 continens,
3015 3632 3186 3695 idem
3234 3640 3331 3695 est
3378 3634 3438 3698 ei

1939 3730 2110 3811 quod
2158 3728 2475 3802 subditur,
2528 3730 2605 3793 Ut
2653 3748 2842 3792 causa
2890 3730 3169 3795 exsistat.
3216 3726 3298 3777 —'
3342 3731 3438 3795 Ad

1939 3826 2265 3907 objectum
2296 3826 2661 3901 dicendum,
2694 3828 2864 3909 quod
2896 3828 2961 3889 in
2989 3828 3439 3893 artificialibus

1939 3932 2004 3987 et
2040 3922 2540 3987 accidentalibus
2586 3924 2905 3988 interdum
2950 3925 3296 4000 materiale,
3328 3926 3439 3989 ali-

1939 4023 2195 4106 quando
2225 4022 2493 4086 formale
2522 4023 2893 4085 enuntiatur
2921 4024 3000 4087 de
3038 4042 3126 4087 re.
3159 4024 3317 4087 Nam
3347 4026 3439 4088 di-

1937 4122 2147 4185 cimus
2181 4140 2196 4184 :
2229 4120 2463 4185 Album
2494 4127 2591 4184 est
2630 4121 2814 4203 lapiS,
2847 4121 3065 4185 album
3104 4129 3202 4185 est
3240 4124 3439 4204 quali·

326 4238 402 4302 go
447 4220 820 4293 dicendum,
874 4220 1046 4302 quod
1095 4220 1157 4281 in
1209 4220 1385 4283 omni
1434 4228 1828 4284 sacramento
1858 4220 1908 4282 D
1938 4229 2031 4283 tas
2080 4240 2194 4282 seu
2242 4219 2557 4282 accidens.
2612 4220 3016 4284 Elementum
3064 4239 3319 4303 quoque
3369 4222 3434 4286 in

329 4319 652 4382 concurrit
699 4319 942 4401 aliquid
994 4318 1236 4381 habens
1284 4338 1352 4381 se
1400 4338 1518 4401 per
1564 4320 1826 4383 modum

331 4418 628 4491 materiae,
679 4424 744 4481 et
801 4417 1047 4499 aliquid
1097 4436 1212 4499 per
1259 4418 1517 4479 modum
1568 4417 1823 4498 formae3

331 4535 447 4579 non
489 4523 709 4579 tamen
758 4514 966 4579 forma
1005 4522 1070 4578 et
1111 4515 1376 4579 materia
1416 4522 1566 4578 sunt
1607 4516 1687 4578 de
1728 4535 1824 4579 es-

333 4615 527 4677 sentia
567 4612 973 4687 sacramenti,
1007 4621 1199 4694 prout
1239 4612 1359 4676 hoc
1409 4611 1575 4675 infra
1623 4616 1824 4695 magis

333 4711 582 4791 patebit.
607 4746 690 4756 —-
718 4710 812 4773 Ad
841 4709 966 4773 alia
995 4710 1364 4786 dicendum,
1391 4712 1558 4794 quod
1589 4730 1822 4795 corpus

330 4806 576 4883 Christi,
609 4808 1117 4882 matrimonium,
1149 4816 1213 4871 et
1243 4810 1647 4873 sacerdotalis
1677 4810 1822 4873 cha-

331 4913 540 4980 racter,
553 4924 681 4969 non
713 4914 866 4968 sunt
895 4913 1290 4969 sacramenta
1320 4906 1444 4969 nisi
1474 4909 1824 4970 secundum

329 5003 494 5082 quod
531 5004 1010 5085 conjunguntur
1048 5003 1473 5067 exterioribus
1510 5004 1826 5067 sensibili-

327 5098 450 5161 bus
487 5102 700 5183 signis,

411 5197 664 5281 Insuper
700 5200 780 5262 de
819 5198 1198 5263 definitione
1236 5200 1573 5283 Augustini
1614 5200 1824 5264 dicen-

331 5294 482 5357 dum
507 5297 585 5378 (si
617 5304 827 5361 tamen
859 5298 926 5360 in
958 5297 1172 5361 verbis
1203 5298 1330 5361 illis
1362 5306 1822 5362 sacramentum

1938 4319 2056 4380 hac
2087 4317 2514 4399 descriptione
2543 4318 2857 4399 accipitur
2884 4337 3001 4401 pro
3030 4338 3436 4401 quocumque

1938 4415 2249 4498 corporali
2307 4414 2574 4490 visibili,
2636 4416 2771 4478 sive
2829 4417 2913 4479 sit
2970 4418 3243 4501 simplex
3300 4419 3435 4482 sive

1936 4513 2415 4576 elementatum.
2468 4512 2546 4574 Et
2596 4513 2795 4576 utitur
2841 4515 3021 4597 Hugo
3078 4516 3199 4579 hoc
3248 4516 3437 4579 modo

1938 4611 2239 4693 loquendi
2298 4618 2560 4693 propter
2606 4611 2875 4675 verbum
2932 4614 3291 4695 Augustini,
3344 4615 3436 4678 di-

1937 4709 2143 4771 centis
2177 4726 2192 4770 :
2222 4708 2484 4771 Accedit
2514 4708 2783 4771 verbum
2814 4711 2893 4772 ad
2924 4711 3337 4787 elementum,
3370 4719 3435 4775 et

1936 4807 2013 4869 fit
2070 4814 2565 4869 sacramentum.
2621 4807 2690 4869 In
2750 4807 3075 4890 Baptismo
3132 4810 3431 4891 equidem

1936 4904 2202 4968 materia
2230 4912 2328 4967 est
2363 4904 2755 4967 elementum
2797 4905 3092 4989 simplex,
3127 4914 3197 4970 ut
3226 4925 3430 4989 aqua3

1933 5004 1999 5065 in
2033 5004 2325 5065 Extrema
2354 5002 2658 5065 Unctione
2686 5005 2947 5067 materia
2973 5012 3070 5068 est
3100 5004 3250 5087 quid
3280 5006 3435 5069 mix-

1931 5109 2092 5177 tum,
2128 5107 2199 5163 ut
2236 5100 2467 5163 oleum.
2494 5136 2573 5147 —-
2602 5102 2908 5167 Praeterea
2945 5104 3427 5180 advertendum,

1931 5201 2102 5283 quod
2147 5208 2616 5263 sacramentum
2662 5219 2787 5264 non
2833 5201 3141 5264 dividitur
3184 5222 3299 5285 per
3340 5223 3435 5266 sa-

1931 5305 2250 5363 cramenta
2278 5316 2455 5363 novae
2482 5317 2557 5362 ac
2587 5299 2820 5363 veteris
2851 5300 3025 5381 legis,
3041 5301 3208 5364 sicut
3232 5318 3433 5381 genus
