4267 6250
109 973 300 1026 {smmi-l.

143 1381 278 1423 αμιι.

567 495 766 544 unm:
805 493 1015 542 rom
1057 493 1444 542 sAcumlwl
1483 491 1992 540 communimus
2033 490 2495 540 convnmmm
2536 492 2602 539 m
2640 492 2834 539 'mx'ru
2874 491 3155 542 Ponam

3296 473 3410 540 191-

325 662 644 726 servabant
681 665 968 748 Apostoli
1011 664 1180 728 circa
1215 670 1630 737 sacramenta,
1663 680 1805 745 quae
1837 659 1890 724 A
1916 660 2185 724 firmans
2223 661 2531 742 exhibe03
2574 661 2637 724 id
2676 679 2931 746 quoque
2969 662 3139 745 quod
3178 669 3275 725 est
3312 681 3414 726 res

325 780 442 824 non
479 762 774 826 volebant
809 762 1126 845 divulgari
1169 769 1431 845 propter
1467 761 1806 843 gentilium

327 860 671 923 irrisionem
731 861 1076 935 vitandam,
1130 868 1201 923 ut
1247 867 1420 943 patet
1477 877 1591 942 per
1649 857 1806 920 illud

326 958 594 1040 Apostoli
626 959 704 1022 ad
743 959 1104 1023 Corinthios
1135 977 1149 1021 :
1183 959 1424 1030 Cetera,
1461 976 1661 1040 quum
1705 974 1810 1018 ve-

326 1074 488 1131 nero,
517 1057 873 1139 disponam.
909 1056 988 1119 Et
1031 1056 1315 1138 loquitur
1356 1057 1436 1118 de
1478 1054 1809 1118 celebrati-

324 1173 434 1217 one
479 1155 869 1218 Sacramenti
914 1154 1150 1218 altaris.
1203 1155 1281 1216 Et
1327 1153 1447 1217 hoc
1493 1159 1591 1216 est
1638 1152 1806 1234 quod

325 1253 500 1315 etiam
541 1253 798 1316 divinus
836 1253 1175 1336 Dionysius
1217 1253 1284 1314 in
1323 1250 1458 1314 fine
1498 1251 1808 1314 Ecclesia-

325 1351 483 1414 sticae
523 1351 748 1414 recitat
792 1350 1168 1414 hierarchiae
1203 1368 1218 1412 t
1257 1348 1806 1414 Consummativas

327 1449 765 1523 invocationeS,
819 1449 884 1512 id
933 1456 1031 1511 est
1075 1448 1274 1510 verba
1319 1447 1556 1531 quibus
1615 1444 1806 1528 perfi-

326 1547 566 1608 ciuntur
607 1554 1028 1622 sacramenta,
1062 1565 1190 1610 non
1231 1553 1327 1609 est
1361 1546 1609 1626 justum
1652 1543 1805 1607 scri·

327 1653 451 1726 ptas
479 1665 556 1708 ex
585 1645 842 1709 occulto
871 1646 938 1707 in
969 1663 1307 1709 commune
1337 1645 1673 1718 adducere,
1693 1643 1805 1706 sed

327 1750 390 1803 ut
426 1751 636 1805 nostra
679 1763 858 1806 sacra
901 1743 1092 1806 habet
1134 1742 1410 1816 traditi0,
1441 1742 1690 1805 occulte
1731 1759 1806 1804 ea

1915 765 2187 833 tantum,
2201 779 2401 843 quum
2432 760 2747 834 subditur,
2766 761 3018 824 Salutis.
3039 760 3241 824 Causa
3269 777 3419 842 quo-

1917 875 2042 938 que
2092 856 2468 939 principalis
2526 859 2827 939 tangitur,
2878 878 3079 942 quum
3136 859 3413 934 additur,

1918 955 1984 1017 In
2027 955 2287 1018 nomine
2325 955 2521 1018 Patris
2561 963 2626 1018 et
2667 956 2810 1019 Filii
2852 963 2915 1018 et
2952 957 3228 1038 Spiritus
3268 957 3417 1020 San-

1918 1053 2022 1114 cti.
2059 1051 2464 1134 consignatio
2492 1061 2707 1116 autem
2734 1073 2875 1135 quae
2906 1054 3166 1136 ponitur
3196 1055 3261 1117 in
3295 1055 3415 1117 hac

1917 1150 2143 1224 forma,
2196 1168 2323 1213 non
2368 1151 2639 1213 refertur
2675 1151 2753 1214 ad
2800 1150 3161 1214 interiorem
3212 1151 3415 1215 consi-

1916 1249 2275 1329 gnationem
2320 1249 2720 1324 characteris,
2766 1249 2877 1311 sed
2918 1250 2996 1311 ad
3035 1249 3413 1312 exteriorem

1916 1346 2339 1427 signationem
2394 1347 2604 1408 crucis
2655 1347 2720 1408 in
2768 1346 3000 1422 fronte,
3052 1346 3415 1410 chrismatis

1917 1443 2231 1518 linitione,
2265 1450 2527 1526 propter
2562 1444 3031 1508 confessionem
3073 1444 3229 1508 fidei
3274 1463 3414 1506 cru-

1917 1542 2029 1604 ciS.
2076 1542 2154 1603 Et
2200 1541 2344 1604 talis
2391 1543 2786 1623 consignatio
2823 1561 2951 1606 non
2990 1542 3069 1605 fit
3108 1543 3173 1605 in
3211 1543 3420 1626 Bapti-

1916 1658 2077 1713 smo,
2110 1640 2413 1723 quoniam
2445 1640 2799 1723 baptizatus
2838 1640 2904 1703 in
2933 1641 3259 1725 Baptismo
3288 1660 3414 1706 non

1917 1745 2325 1802 consecratur
2370 1740 2448 1801 ad
2496 1739 2741 1823 aliquid
2789 1740 3088 1822 speciale,
3132 1741 3243 1802 sed
3284 1741 3420 1803 uni-

327 1840 554 1904 docere.
597 1841 688 1904 Ex
731 1841 972 1924 quibus
1011 1840 1226 1904 verbis
1269 1841 1389 1903 tria
1435 1839 1798 1902 eliciuntur.
1839 1841 1888 1904 B
1918 1835 2248 1899 versaliter
2309 1837 2388 1899 ad
2455 1837 2651 1900 vitam
2716 1838 3134 1921 spiritualem.
3201 1838 3415 1902 Consi-

327 1937 545 2012 Primo‚
573 1940 743 2022 quod
781 1940 1066 2023 Apostoli
1112 1940 1176 2000 in
1217 1938 1630 2002 sacramentis
1668 1944 1806 2000 ute-

329 2035 546 2098 bantur
590 2044 762 2099 certa
817 2035 1024 2100 forma
1067 2037 1433 2111 verborum,
1483 2055 1684 2119 quum
1742 2041 1807 2098 et

241 2165 264 2195 ι.
329 2133 452 2216 ipse
478 2135 547 2197 in
575 2136 802 2198 eodem
835 2135 999 2198 libro
1029 2142 1314 2210 testetur,
1346 2135 1516 2217 quod
1546 2134 1806 2197 tradidit

331 2233 512 2294 ritum
557 2242 1100 2297 sacramentorum
1151 2233 1317 2296 sicut
1364 2233 1649 2314 Apostoli
1697 2233 1804 2295 do-

331 2339 600 2393 cuerunt.
659 2331 973 2406 Secunde,
1024 2332 1195 2414 quod
1253 2332 1318 2394 in
1377 2330 1628 2394 occulto
1682 2338 1806 2392 tra·

327 2428 624 2491 dabantur
671 2430 1158 2492 sacramentalia
1205 2430 1272 2492 in
1322 2427 1650 2512 primitiva
1696 2429 1808 2490 Ec-

327 2526 524 2590 clesia.
575 2528 808 2604 Tertio,
857 2529 1028 2610 quod
1079 2528 1148 2591 in
1191 2527 1408 2591 verbis
1453 2529 1804 2591 formarum

327 2633 851 2689 sacramentorum
901 2633 1000 2688 est
1055 2626 1269 2708 aliqua
1316 2626 1518 2689 virtus
1571 2642 1585 2687 :
1636 2626 1807 2709 quod

328 2724 570 2804 quidam
618 2732 871 2806 negant.
912 2759 995 2770 —
1031 2726 1100 2788 ln
1149 2725 1354 2788 forma
1401 2725 1664 2788 demum
1712 2743 1807 2787 sa—

327 2823 616 2886 cramenti
655 2824 842 2887 istius
881 2840 1011 2886 non
1039 2831 1136 2906 est
1163 2823 1335 2906 apud
1369 2840 1592 2886 omnes
1633 2841 1808 2884 mera

327 2919 629 2997 identitas,
675 2941 875 3005 quum
924 2921 1125 3004 aliqui
1173 2921 1410 2996 dicant,
1452 2921 1808 2985 Chrismate

1915 1935 2130 2015 gnatio
2177 1943 2389 1999 autem
2441 1935 2742 2018 importat
2789 1937 3131 2018 quamdam
3180 1937 3414 2000 adscri-

1916 2032 2200 2114 ptionem
2253 2033 2330 2095 ad
2378 2033 2634 2114 aliquod
2684 2032 2979 2115 speciale.
3028 2067 3109 2078 —
3154 2033 3299 2095 Haec
3348 2032 3416 2095 in

1916 2131 2185 2213 Scripto.
2248 2131 2483 2194 Eadem
2541 2130 2767 2192 scribit
2823 2131 2891 2192 in
2958 2131 3147 2192 tertia
3214 2138 3413 2212 parte,

1916 2229 2267 2310 quaestione
2320 2229 2789 2311 septuagesima
2830 2228 3128 2292 secunda.

1997 2326 2395 2389 Concordant
2450 2326 2693 2400 Petrus,
2746 2325 3119 2401 RicharduS,
3175 2326 3414 2408 aliique

1917 2424 2361 2487 communiter.
2412 2423 2761 2510 Richardus
2817 2430 3031 2487 tamen
3090 2423 3194 2486 hic
3243 2425 3419 2487 addit

1914 2522 2160 2604 aliquid
2202 2523 2282 2585 de
2324 2522 2529 2585 forma
2568 2522 2947 2584 sacramenti
2996 2523 3203 2598 istiuS,
3244 2524 3416 2604 quod

1917 2621 2174 2702 proprie
2214 2620 2298 2683 sit
2336 2620 2489 2703 quid
2536 2620 2848 2683 resultans
2892 2638 2969 2682 ex
3014 2620 3414 2684 intentionali

1917 2718 2177 2792 unione,
2212 2718 2275 2780 id
2315 2725 2412 2780 est
2439 2735 2516 2780 ex
2557 2717 2793 2781 unione
2834 2718 3113 2782 materiae
3151 2725 3213 2781 et
3255 2738 3413 2800 prae·

1918 2816 2061 2880 fatae
2108 2816 2330 2880 formae
2378 2816 2572 2897 hujus
2627 2816 3027 2890 sacramenti,
3077 2816 3239 2880 facta
3298 2836 3415 2900 per

1919 2914 2339 2978 intentionem
2373 2914 2796 2996 ministri,qui
2824 2915 3148 2978 connectit
3176 2923 3417 2978 utrum-

327 3020 988 3084 sanctificationis.Sed
1015 3021 1137 3084 hoc
1165 3019 1496 3084 tolerabile
1525 3028 1640 3094 est,
1655 3020 1804 3082 dum
1842 3022 1886 3085 C
1917 3033 2064 3097 que,
2115 3021 2179 3076 et
2227 3013 2423 3076 refert
2469 3013 2549 3075 ad
2599 3013 2897 3076 eumdem
2944 3020 3158 3077 actum
3208 3033 3413 3077 sacra-

327 3136 534 3182 sensus
572 3119 742 3181 redit
775 3119 844 3181 in
881 3119 1052 3182 idem
1091 3128 1154 3183 et
1192 3118 1550 3183 substantia
1585 3117 1808 3183 forma)

329 3226 540 3281 manet.

395 3315 688 3379 Praetacta
734 3322 949 3378 autem
997 3314 1202 3379 forma
1249 3314 1638 3378 conveniens
1687 3322 1802 3377 est.

325 3411 464 3475 Nam
491 3414 664 3475 sicut
693 3412 989 3477 definitio
1017 3413 1301 3496 perfecta
1336 3413 1575 3477 indicat
1604 3420 1807 3475 totum

327 3527 447 3573 esse
475 3512 591 3586 rei,
625 3510 714 3572 ita
755 3528 872 3592 per
901 3508 1173 3573 formam
1213 3511 1591 3573 sacramenti
1629 3512 1808 3572 inno-

327 3614 546 3673 tescere
593 3608 789 3671 debet
828 3615 1034 3672 totum
1083 3609 1252 3691 quod
1302 3616 1544 3691 spectat
1591 3609 1668 3672 ad
1718 3627 1810 3671 sa-

329 3716 730 3771 cramentum.
748 3707 1225 3771 Sacramentum
1255 3714 1468 3769 autem
1498 3706 1578 3770 ad
1606 3705 1808 3769 finem

327 3804 590 3889 aliquem
620 3805 973 3881 ordinatur,
1005 3813 1071 3867 et
1097 3824 1134 3868 a
1164 3804 1438 3887 quadam
1470 3804 1810 3886 principali

330 3922 498 3969 causa
527 3904 894 3969 efficaciam
929 3903 1210 3967 sortitur.
1243 3902 1404 3965 Hinc
1433 3902 1558 3963 tria
1591 3902 1657 3963 in
1689 3901 1813 3965 for-

331 4022 420 4065 ma
457 4004 654 4085 hujus
702 4002 1082 4067 sacramenti
1133 4008 1494 4084 ponuntur3
1536 4017 1810 4082 quorum

329 4101 595 4181 primum
634 4102 914 4184 pertinet
944 4102 1022 4163 ad
1062 4101 1262 4164 finem
1303 4118 1434 4163 suae
1474 4099 1814 4162 institutio-

1919 3113 2276 3177 mentalem.
2293 3113 2370 3176 Et
2400 3112 2651 3175 videtur
2679 3112 3099 3178 consideratio
3130 3113 3249 3177 ista
3277 3133 3420 3197 pro·

1917 3213 2143 3276 cedere
2184 3231 2262 3275 ex
2310 3211 2729 3275 similitudine
2772 3211 2839 3274 in
2887 3212 3303 3288 naturalibuS,
3346 3214 3414 3277 in

1917 3312 2147 3394 quibus
2176 3310 2433 3393 ponitur
2459 3309 2666 3372 forma
2685 3310 2897 3392 partis,
2911 3318 2975 3372 et
2998 3310 3199 3373 forma
3226 3311 3417 3375 totius

1919 3410 2233 3472 resultans
2263 3428 2341 3472 ex
2372 3408 2809 3471 essentialium
2843 3409 3121 3491 partium
3157 3411 3413 3474 unione.

1998 3507 2295 3579 Albertus
2336 3507 2488 3570 item
2521 3507 2600 3569 de
2630 3506 2731 3568 his
2768 3506 2992 3569 scribit
3021 3506 3281 3581 diffuse,
3314 3527 3421 3570 cu-

1915 3605 2022 3685 jus
2053 3604 2291 3686 scripta
2321 3604 2508 3665 dictis
2538 3622 2616 3665 ex
2646 3602 2885 3665 Thoma
2914 3605 3321 3680 concordant,
3358 3614 3421 3669 et

1918 3703 2095 3766 addit
2125 3720 2141 3764 :
2174 3702 2654 3765 Sacramentum
2693 3700 2816 3763 hoc
2856 3708 2953 3764 est
2984 3708 3048 3764 et
3076 3702 3243 3765 valet
3277 3721 3424 3766 con-

1919 3808 2016 3863 tra
2043 3798 2439 3862 debilitatem
2470 3816 2548 3860 ex
2577 3796 2800 3860 fomite
2830 3806 3331 3878 consurgentem,
3346 3817 3423 3863 eo

1921 3899 2091 3981 quod
2131 3915 2259 3960 non
2289 3904 2458 3960 totus
2498 3902 2805 3978 purgatur
2835 3896 2901 3957 in
2930 3895 3276 3978 Baptismo,
3310 3898 3421 3960 sed

1920 4004 2136 4060 manet
2182 3995 2551 4058 debilitatus
2603 3995 2684 4057 ad
2732 3994 3107 4057 exercitium
3167 4013 3415 4078 pugnae.

1920 4096 2117 4177 Major
2164 4111 2315 4159 vero
2362 4092 2713 4157 difficultas
2762 4100 2858 4155 est
2906 4092 2972 4155 in
3019 4094 3421 4158 confessione

330 4198 438 4273 nis,
471 4199 580 4282 qui
611 4206 712 4261 est
741 4197 1062 4260 confessio
1093 4197 1247 4261 fidei
1285 4197 1670 4272 christianin,
1705 4215 1812 4259 cu·
1844 4202 1893 4263 D
1923 4194 2153 4258 Christi
2186 4200 2250 4256 et
2278 4192 2488 4255 crucis
2529 4192 2691 4273 ejuS,
2724 4210 2801 4255 eo
2836 4192 3024 4255 modo
3055 4210 3184 4274 quo
3218 4194 3420 4258 confi·

325 4296 420 4375 jus
465 4315 720 4360 summa
767 4296 834 4357 in
876 4295 1111 4358 Christi
1160 4296 1454 4378 passione
1495 4296 1808 4370 consistit,

328 4395 499 4475 cujus
536 4394 732 4459 etiam
771 4394 936 4457 fides
978 4394 1364 4476 praecipuam
1409 4394 1601 4457 habet
1638 4394 1811 4457 diffi-

328 4493 612 4556 cultatem
649 4510 664 4555 ε
695 4494 775 4555 ad
815 4493 986 4575 quod
1028 4492 1304 4573 pertinet
1341 4492 1509 4573 quod
1553 4491 1807 4567 dicitur,

329 4592 631 4675 Consigno
689 4600 752 4656 te
807 4592 992 4673 signo
1053 4592 1282 4665 cruciS,
1343 4610 1424 4653 ne
1485 4590 1564 4653 de
1623 4610 1812 4654 cruce

330 4690 545 4754 Christi
575 4690 933 4765 erubescat,
967 4690 1078 4753 sed
1111 4689 1370 4773 publice
1405 4688 1805 4753 confiteatur.

331 4790 607 4855 Secundo
645 4789 910 4874 ponitur
947 4788 1084 4871 ipse
1120 4794 1298 4850 actus
1337 4788 1811 4851 sacramentalis

333 4907 467 4951 cum
501 4908 618 4953 sua
657 4886 924 4951 materia
955 4893 1018 4949 et
1046 4884 1287 4948 effectu
1321 4904 1335 4948 :
1369 4884 1589 4967 sicque
1619 4886 1815 4967 tangi·

333 4994 427 5049 tur
469 4989 534 5050 in
579 4989 700 5051 hac
743 4986 948 5050 forma
996 4985 1059 5047 id
1104 4984 1273 5066 quod
1317 4990 1415 5045 est
1456 5002 1812 5046 sacramen-

334 5094 456 5149 tum
487 5093 759 5160 tantum,
789 5103 990 5167 quum
1031 5080 1288 5157 dicitur,
1322 5081 1710 5161 Chrismate3
1751 5089 1816 5145 et

334 5185 392 5247 id
432 5186 600 5268 quod
657 5190 756 5247 est
803 5202 902 5245 res
951 5190 1016 5245 et
1065 5187 1560 5255 sacramentum,
1612 5200 1810 5262 quum

333 5280 930 5359 dicitur,Confirmo,
945 5279 1008 5341 id
1037 5287 1152 5354 est,
1169 5285 1642 5343 sacramentum
1670 5294 1815 5341 con-

1922 4294 2151 4356 tendus
2182 4299 2280 4355 est
2306 4291 2501 4353 etiam
2533 4291 2597 4352 in
2630 4290 2911 4353 adversis
2943 4298 3008 4353 et
3036 4309 3250 4355 coram
3282 4312 3421 4376 per-

1923 4399 2325 4467 secutore,ex
2358 4390 2565 4453 cordis
2596 4389 3079 4464 devotione,ore
3109 4398 3173 4453 et
3202 4409 3412 4474 opere.

1921 4490 2164 4553 Idcirco
2201 4491 2278 4552 ad
2318 4489 2440 4552 hoc
2472 4488 2829 4551 necessaria
2872 4494 2969 4551 est
3008 4488 3421 4553 Confirmatio

1924 4590 2060 4651 ista.
2104 4588 2183 4650 Et
2220 4595 2375 4670 puto
2414 4587 2583 4669 quod
2621 4587 2906 4671 Apostoli
2947 4588 3085 4651 sine
3124 4587 3421 4669 prolatio-

1923 4705 2002 4749 ne
2035 4685 2385 4748 formarum
2414 4706 2743 4768 nunquam
2775 4685 3329 4748 confirmaverunt.
3346 4688 3423 4749 Et

1924 4784 2215 4847 instituta
2257 4790 2354 4846 est
2397 4782 2602 4847 forma
2644 4803 2680 4845 a
2724 4783 2993 4858 Christo,
3024 4791 3216 4865 atque
3256 4784 3419 4865 Apo-

1921 4883 2102 4947 stolis
2131 4881 2378 4945 tradita.
2416 4881 2674 4964 Oportet
2702 4887 2915 4944 autem
2955 4882 3281 4964 duplicem
3322 4900 3422 4945 ac-

1922 4992 2059 5045 tum
2110 4980 2345 5043 habere
2390 4979 2455 5040 in
2500 4977 2939 5041 confirmando
2980 4998 2994 5042 :
3037 4999 3262 5055 unum,
3306 4981 3419 5062 qui

1923 5081 2006 5143 sit
2055 5080 2409 5143 initiativus
2458 5083 2521 5139 et
2567 5076 3101 5139 demonstrativus
3150 5077 3289 5159 ejus
3336 5080 3416 5141 ad

1923 5179 2091 5261 quod
2131 5176 2536 5240 confirmatio
2572 5172 3013 5257 principaliter
3049 5181 3147 5237 est
3180 5183 3245 5237 et
3283 5183 3416 5239 ten-

1922 5277 2046 5356 dit;
2078 5284 2141 5338 et
2169 5275 2461 5349 alterum,
2496 5273 2607 5356 qui
2636 5272 2952 5355 exprimat
2978 5274 3411 5355 operationem
