4267 6250
840 467 962 534 298
1045 527 1052 540 .

1496 488 1561 536 m
1599 488 1822 535 Lunum
1863 488 1924 534 lv
1965 486 2451 534 SENTENUARUI.
2490 505 2572 517 —
2610 487 2765 534 msr.
2806 489 2912 551 113
2954 488 3179 545 QUAEST.
3220 489 3288 536 111

838 657 1082 734 dicunt,
1116 659 1284 742 quod
1327 659 1612 722 amidum
1657 677 1857 741 quum
1904 658 1988 721 sit
2034 657 2329 732 crudum,
2363 655 2415 720 A
2444 656 2554 718 fici
2585 665 2813 739 potest,
2847 659 2959 721 sed
2998 675 3124 721 non
3155 658 3359 734 decet,
3383 665 3643 743 propter
3672 656 3952 741 impuri-

837 774 964 820 non
1005 757 1175 820 valet
1210 759 1404 840 hujus
1447 758 1826 821 sacramenti
1868 776 2007 821 esse
2045 757 2332 832 materia,

834 855 1002 918 sicut
1029 875 1149 919 nec
1178 864 1396 938 pasta3
1429 857 1535 919 sed
1577 857 1631 918 si
1672 863 2002 938 coquatur,
2037 856 2185 918 inde
2224 873 2334 938 po-

832 954 983 1016 terit
1027 954 1284 1029 confici,
1318 954 1622 1036 quoniam
1665 955 1950 1017 amidum
1997 954 2076 1016 fit
2120 972 2199 1017 ex
2247 953 2335 1016 fa-

834 1053 975 1115 rina
1017 1054 1293 1117 maxime
1334 1055 1659 1136 depurata.

913 1150 1005 1213 Ad
1038 1151 1458 1233 quaestionem
1489 1152 1747 1215 demum
1780 1152 1859 1214 de
1891 1151 2157 1214 materia
2188 1169 2333 1214 con-

835 1251 1205 1313 secrationis
1245 1250 1573 1332 sanguinis
1617 1259 1712 1313 est
1755 1251 2122 1325 dicendum,
2165 1251 2336 1332 quod

837 1365 964 1410 non
1023 1356 1232 1431 potest
1281 1348 1516 1411 confici
1575 1349 1832 1430 sanguis
1885 1348 2008 1410 nisi
2057 1349 2136 1411 de
2184 1349 2336 1412 vino

833 1445 1005 1520 vitis,
1057 1447 1207 1528 quia
1264 1447 1385 1510 hoc
1440 1447 1697 1530 proprie
1744 1447 1968 1509 vinum
2027 1454 2143 1510 est.
2195 1447 2337 1510 Alia

833 1561 988 1607 vero
1025 1545 1328 1607 dicuntur
1359 1545 1509 1608 vina
1546 1552 1806 1627 propter
1843 1545 2334 1607 similitudinem

833 1641 912 1704 ad
960 1642 1137 1705 illud.
1175 1643 1593 1706 Communius
1637 1661 1891 1725 quoque
1940 1643 2060 1706 hoc
2108 1643 2331 1720 vinum

833 1743 899 1804 in
944 1749 1166 1824 potum
1210 1743 1545 1825 accipitur,
1578 1749 1644 1806 et
1684 1742 1875 1805 habet
1914 1741 2334 1826 proprietates

2442 761 2637 818 tatem
2682 756 2879 832 illius,
2926 756 3049 819 nisi
3094 757 3438 820 necessitas
3480 758 3707 838 exigat.

2541 855 2845 918 Praeterea
2905 856 3231 937 quaeritur,
3291 874 3371 916 an
3428 873 3594 936 aqua
3650 855 3802 918 vino
3860 855 3955 918 sit

2440 954 2839 1035 apponenda,
2872 960 2937 1016 et
2962 973 3043 1015 an
3074 954 3194 1016 hoc
3224 953 3307 1016 sit
3334 954 3413 1016 de
3443 953 3821 1017 necessitate
3837 955 3955 1015 ‘sa-

2446 1051 2777 1126 eramenti,
2810 1059 2874 1114 et
2915 1060 3131 1115 utrum
3176 1052 3241 1114 in
3287 1070 3517 1132 magna
3564 1051 3945 1134 quantitate.

2442 1150 2537 1212 Ad
2568 1168 2839 1232 quorum
2883 1150 3167 1232 primum
3207 1150 3551 1213 dicendum
3582 1151 3753 1232 quod
3782 1149 3947 1224 im0,

2444 1248 2747 1330 quoniam
2816 1248 3102 1312 Christus
3176 1247 3595 1331 probabiliter
3660 1248 3953 1310 creditur

2442 1366 2675 1429 aquam
2703 1346 3099 1429 apposuisse,
3134 1365 3335 1428 quum
3376 1345 3440 1409 in
3472 1355 3640 1409 terra
3673 1346 3784 1409 illa
3810 1347 3952 1410 sint

2444 1445 2635 1508 fortia
2687 1445 2859 1520 vina,
2909 1464 3051 1527 quae
3106 1464 3272 1527 aqua
3326 1452 3769 1527 temperantur
3826 1445 3953 1507 ibi-

2444 1545 2629 1622 dem;
2662 1553 2875 1608 tamen
2908 1544 2986 1607 de
3022 1563 3188 1626 aqua
3217 1562 3344 1607 non
3384 1543 3464 1606 fit
3499 1543 3566 1606 in
3596 1544 3951 1626 Evangelio

2445 1643 2707 1717 mentio,
2741 1643 3045 1724 quoniam
3088 1660 3216 1706 non
3260 1650 3357 1705 cst
3399 1642 3773 1725 principalis
3812 1662 3953 1705 ma-

2442 1742 2602 1805 teria
2632 1742 2696 1804 in
2727 1742 2847 1805 hoc
2876 1748 3289 1804 sacramento.
3306 1740 3427 1803 Sed
3456 1740 3771 1823 appositio
3798 1741 3951 1823 ejus

833 1840 1033 1922 magis
1091 1841 1544 1904 convenientes
1601 1842 1680 1903 ad
1730 1841 2110 1903 sacramenti
2170 1840 2331 1903 effe·
2362 1835 2409 1898 B
2443 1839 2593 1902 huic
2624 1839 2923 1902 convenit
2952 1847 3369 1913 sacramento,
3393 1846 3707 1920 quantum
3733 1840 3813 1902 ad
3846 1859 3949 1902 re-

832 1945 1030 2014 ctum,
1066 1939 1132 2001 in
1182 1947 1492 2021 quantum
1545 1938 1837 2002 calefacit
1881 1945 2074 2020 atque
2124 1938 2330 2002 laetifi-

832 2045 950 2099 cat.
1003 2038 1132 2100 Nec
1181 2044 1278 2100 est
1334 2038 1548 2120 aliqua
1592 2045 1761 2100 terra
1817 2038 1896 2099 ad
1949 2056 2143 2118 quam
2202 2055 2329 2099 non

831 2135 1038 2198 valeat
1083 2142 1330 2198 tantum
1381 2136 1459 2198 de
1508 2136 1658 2199 vino
1716 2135 1968 2210 adduci,
2021 2143 2329 2217 quantum

833 2234 1266 2296 necessarium
1306 2241 1403 2296 est
1437 2235 1516 2296 ad
1558 2234 2100 2297 consecrationem
2148 2233 2331 2296 istius

833 2333 1234 2395 sacramenti.
1267 2369 1347 2379 —
1378 2334 1465 2396 De
1493 2339 1672 2396 aceto
1710 2340 1922 2395 autem
1957 2349 2083 2394 non
2125 2338 2334 2415 potest

834 2430 1090 2506 confici,
1111 2432 1414 2513 quoniam
1443 2430 1610 2493 sicut
1638 2438 1862 2494 octavo
1889 2430 2332 2513 Metaphysicae

835 2529 1059 2592 scribit
1087 2529 1526 2612 PhilosophuS,
1547 2549 1624 2592 ex
1656 2530 1804 2592 vino
1833 2537 2173 2610 generatur
2199 2547 2334 2591 ace-

833 2636 994 2703 tum,
1028 2629 1196 2692 sicut
1224 2647 1302 2692 ex
1333 2629 1482 2691 vivo
1521 2628 1598 2691 fit
1638 2636 1981 2690 mortuum.
2017 2626 2177 2689 Hinc
2210 2627 2330 2690 sic-

834 2735 905 2790 ut
959 2728 1195 2790 animal
1245 2728 1465 2790 vivum
1515 2733 1578 2789 et
1621 2735 1944 2789 mortuum
1997 2744 2123 2789 non
2182 2733 2332 2788 sunt

833 2825 1070 2908 speciei
1102 2825 1410 2907 ejusdem,
1435 2825 1518 2887 ita
1548 2842 1667 2887 nec
1697 2833 1948 2887 acetum
1979 2832 2043 2886 et
2071 2823 2326 2886 vinum:

833 2924 1003 3005 quod
1035 2923 1377 2986 ostendunt
1405 2923 1595 2985 etiam
1634 2922 2051 3004 proprietates
2081 2939 2327 2995 eorum,

2442 1937 2993 2020 praesentationem
3026 1936 3340 2020 passionis
3371 1937 3625 2008 Christi,
3653 1945 3718 2000 et
3745 1957 3952 2019 quan-

2440 2042 2579 2098 tum
2618 2037 2697 2098 ad
2736 2035 3273 2117 significationem
3312 2036 3404 2099 rei
3442 2035 3819 2099 sacramenti
3864 2037 3953 2098 is·

2440 2136 2569 2199 tius
2628 2136 2987 2219 mysticam,
3039 2153 3153 2218 per
3200 2153 3430 2216 aquam
3488 2133 3947 2216 significatam,

2439 2235 2619 2316 juxta
2675 2234 2835 2296 illud
2892 2233 3306 2316 Apocalypsis
3368 2250 3383 2295 :
3441 2232 3639 2315 Aquae
3696 2233 3946 2306 multae,

2444 2332 2664 2416 populi
2718 2332 2924 2395 multi.
2978 2332 3209 2413 Sicque
3260 2331 3581 2414 appositio
3632 2351 3809 2414 aquae
3860 2333 3949 2394 ad

2441 2431 2689 2505 vinum,
2750 2429 3074 2512 significat
3133 2430 3437 2492 unionem
3501 2429 3948 2493 membrorum

2442 2549 2589 2593 cum
2638 2529 2846 2612 capite
2894 2529 3137 2591 ratione
3184 2528 3386 2610 ipsius
3434 2527 3947 2610 conjunctionis3

2441 2647 2722 2692 amorem
2753 2645 2995 2710 quoque
3024 2626 3250 2710 capitis
3280 2627 3578 2709 patientis
3606 2644 3720 2709 pro
3750 2646 3955 2690 mem-

2442 2727 2576 2789 bris
2606 2727 2685 2789 ad
2718 2727 2875 2808 ipsa,
2908 2744 2987 2788 ex
3024 2726 3145 2788 hoc
3184 2727 3351 2808 quod
3393 2744 3471 2788 cx
3501 2724 3750 2788 duobus
3792 2743 3951 2789 con-

2439 2825 2679 2908 junctis
2739 2824 2816 2886 fit
2873 2842 3122 2902 unum;
3172 2832 3362 2906 atque
3420 2841 3788 2906 processum
3848 2844 3955 2888 re-

2441 2922 2829 3005 demptionis
2876 2942 2913 2985 a
2956 2923 3163 3004 capite
3210 2923 3289 2985 ad
3337 2921 3649 2997 membra,
3680 2941 3759 2985 ex
3802 2923 3953 3004 ipsa

833 3022 1134 3104 quoniam
1187 3021 1408 3083 vinum
1457 3028 1554 3083 est
1600 3020 1902 3094 calidum,
1933 3027 2187 3082 acetum
2236 3027 2333 3082 est
2362 3025 2405 3088 C
2440 3020 2997 3083 transformatione
3039 3039 3219 3102 aquae
3259 3019 3324 3082 in
3363 3019 3608 3082 vinum.
3642 3020 3801 3082 Hinc
3848 3039 3953 3083 as·

835 3120 1174 3201 frigidum3
1207 3138 1324 3182 nec
1368 3118 1448 3182 fit
1489 3118 1730 3182 reditus
1774 3119 1854 3182 de
1900 3127 2081 3182 aceto
2129 3118 2195 3181 in
2243 3119 2333 3182 vi-

835 3239 1015 3293 num,
1048 3219 1214 3281 sicut
1261 3237 1378 3281 nec
1423 3218 1502 3279 de
1544 3225 1796 3281 mortuo
1837 3218 1915 3280 ad
1964 3217 2204 3280 vivum.
2240 3218 2333 3279 Id-

835 3318 1007 3380 circo
1035 3317 1115 3380 de
1146 3316 1296 3379 vino
1325 3318 1494 3398 quod
1523 3316 1785 3379 omnino
1815 3323 2062 3378 acetum
2097 3316 2331 3378 sactum

835 3424 952 3490 est,
979 3416 1210 3478 confici
1243 3415 1496 3497 nequit3
1527 3415 1639 3477 sed
1668 3415 1721 3477 si
1753 3415 1836 3477 sit
1862 3414 2118 3477 acidum
2150 3415 2332 3496 quasi

836 3514 901 3576 in
933 3513 1038 3577 via
1075 3515 1153 3576 ad
1191 3520 1464 3587 acetum,
1498 3512 1733 3575 confici
1773 3520 1981 3596 potest
2020 3512 2189 3587 inde,
2222 3514 2331 3575 sed

834 3612 974 3675 sine
1022 3611 1397 3673 necessitate
1455 3629 1582 3673 non
1631 3610 1819 3673 debe-t
1871 3628 1885 3673 :
1936 3610 2094 3672 alias
2138 3610 2335 3672 consi-

834 3710 1010 3773 ciens
1050 3710 1218 3784 inde,
1253 3716 1562 3793 peccaret.
1597 3710 1788 3772 Porro
1823 3708 1878 3771 si
1918 3708 2142 3771 vinum
2189 3725 2334 3770 con-

834 3816 1150 3871 secratum
1192 3816 1583 3871 reservatum
1625 3806 1742 3870 fiat
1767 3814 2044 3881 acetum,
2078 3824 2204 3869 non
2238 3825 2332 3868 re-

835 3914 1050 3970 manet
1098 3906 1188 3969 ibi
1248 3905 1527 3987 sanguiS,
1579 3906 1744 3968 sicut
1797 3924 1914 3967 nec
1974 3922 2207 3987 corpus
2267 3904 2333 3965 in

835 4024 998 4089 pane
1047 4005 1312 4068 omnino
1359 4012 1674 4085 corrupto.
1725 4040 1807 4048 —
1846 4002 2163 4085 Amplius,
2215 4021 2333 4064 nec

834 4106 913 4168 de
942 4112 1188 4185 agresta
1217 4102 1450 4166 confici
1483 4110 1708 4185 pote-st.
1745 4101 2118 4165 Generabile
2151 4101 2336 4183 quip-

2442 3119 2596 3183 serit
2624 3118 2840 3183 Glossa
2878 3137 3072 3202 super
3102 3117 3258 3181 illud
3302 3118 3513 3193 Marci,
3545 3117 3807 3201 Accepit
3840 3119 3948 3183 Je-

2442 3238 2551 3281 sus
2599 3236 2829 3301 panem
2868 3218 3130 3299 :Neque
3176 3236 3406 3299 aquam
3458 3216 3681 3291 solam,
3728 3236 3947 3299 neque

2442 3317 2666 3379 vinum
2698 3315 2905 3379 solum
2943 3315 3139 3377 alicui
3180 3315 3328 3378 licet
3363 3314 3623 3389 offerre,
3657 3334 3738 3378 ne
3767 3315 3951 3378 vide-

2442 3423 2586 3477 atur
2614 3421 2807 3496 caput
2835 3433 2870 3476 a
2900 3412 3207 3476 membris
3246 3432 3600 3488 secernere,
3634 3413 3735 3476 vel
3768 3414 3953 3477 Chri-

2444 3523 2613 3578 stum
2646 3515 2784 3577 sine
2815 3521 3045 3577 nostrae
3076 3514 3534 3595 redemptionis
3562 3531 3779 3576 amore
3810 3515 3949 3596 pati

2444 3614 2750 3697 potuisse,
2783 3613 2884 3677 vel
2924 3630 3040 3675 nos
3084 3612 3224 3675 sine
3268 3612 3443 3675 illius
3487 3613 3782 3694 passione
3824 3614 3952 3676 sal-

2444 3712 2598 3774 vari.
2632 3747 2713 3756 -—
2742 3712 2829 3774 De
2866 3729 3032 3793 aqua
3070 3712 3329 3773 demum
3360 3711 3670 3793 apposita,
3704 3721 3803 3775 est
3834 3713 3957 3775 du-

2446 3810 2592 3894 plex
2624 3809 2865 3891 opini0.
2898 3810 3053 3882 Una,
3077 3809 3248 3890 quod
3280 3815 3495 3871 manet
3524 3808 3587 3871 in
3618 3828 3734 3871 sua
3764 3819 3953 3873 natu-

2446 3928 2535 3983 ra,
2587 3916 2650 3971 et
2696 3908 2905 3971 solum
2953 3905 3177 3969 vinum
3234 3906 3877 3970 transsubstantiatur
3934 3927 3951 3971 :

2446 4007 2667 4089 sicque
2713 4024 2878 4087 aqua
2935 4022 3059 4067 non
3120 4004 3464 4088 apponitur
3511 4006 3634 4067 nisi
3686 4014 3957 4088 propter

2445 4103 3003 4185 significationem.
3038 4102 3198 4176 Alia,
3232 4102 3401 4184 quod
3431 4121 3595 4185 aqua
3625 4103 3691 4165 in
3724 4103 3955 4167 vinum

837 4222 917 4285 pe
966 4221 1093 4265 non
1144 4202 1374 4285 recipit
1421 4202 1701 4284 speciem
1760 4200 1882 4262 nisi
1935 4200 1999 4262 in
2059 4200 2335 4263 termino
2364 4205 2414 4267 D
2446 4202 2859 4276 convertitur,
2906 4202 3126 4283 sicque
3169 4208 3374 4263 totum
3420 4202 3485 4263 in
3531 4200 3761 4264 Christi
3807 4222 3957 4265 san-

837 4300 1280 4383 generationis.
1316 4300 1652 4381 Quumque
1693 4306 1939 4379 agresta
1987 4298 2069 4360 sit
2119 4299 2183 4361 in
2232 4298 2337 4359 via

836 4398 1262 4480 generationis
1290 4399 1369 4460 ad
1400 4397 1635 4471 vinum,
1651 4397 2178 4479 quemadmodum
2208 4416 2337 4459 san-

836 4498 980 4579 guis
1011 4497 1162 4559 dum
1195 4496 1422 4578 incipit
1451 4495 1769 4577 coagulari
1799 4503 1894 4557 est
1925 4495 1989 4557 in
2021 4495 2125 4557 via
2154 4514 2338 4577 gene-

838 4596 1100 4659 rationis
1128 4595 1205 4657 ad
1236 4594 1474 4657 animal
1509 4612 1524 4657 :
1558 4594 1708 4656 hinc
1741 4594 1906 4657 sicut
1935 4594 2193 4676 sanguis
2226 4594 2333 4657 ille

837 4696 1122 4758 nondum
1171 4700 1269 4757 est
1312 4693 1575 4768 animal,
1623 4694 1709 4755 ita
1753 4701 2000 4774 agresta
2048 4694 2333 4755 nondum

837 4801 934 4857 est
961 4793 1204 4855 vinum.
1239 4828 1320 4838 —
1348 4792 1622 4855 Mustum
1656 4810 1808 4855 vero
1837 4793 1915 4854 ad
1947 4791 2333 4874 completam

836 4894 971 4957 vini
1003 4893 1282 4975 speciem
1315 4901 1413 4955 est
1440 4892 1806 4954 deductum.
1843 4891 2122 4954 Dulcedo
2160 4892 2333 4953 enim

839 4992 1042 5074 ipsius
1079 4998 1411 5054 attestatur
1454 4990 1940 5053 maturationem
1987 4988 2151 5069 ejuS,
2195 5009 2336 5071 quae

839 5090 1210 5172 digestionis
1249 5097 1346 5153 est
1383 5088 1649 5173 species.
1685 5089 1966 5170 Digestio
1995 5096 2209 5151 autem
2240 5096 2338 5150 est

839 5188 1181 5271 completio
1208 5208 1247 5251 a
1276 5187 1549 5249 naturali
1589 5187 1818 5261 calore,
1854 5194 1924 5247 ut
1961 5194 2188 5268 quarto
2216 5188 2336 5250 Me-

840 5296 1160 5351 teororum
1203 5285 1494 5352 edicitur.
1529 5286 1768 5349 Idcirco
1811 5304 1890 5348 ex
1937 5292 2147 5347 musto
2194 5304 2340 5347 con-

2446 4301 2706 4383 guinem
2736 4298 3390 4363 transsubstantiatur.
3418 4299 3494 4362 Et
3524 4319 3955 4383 quaecumque

2446 4400 2672 4461 harum
2722 4397 3098 4481 opinionum
3146 4398 3229 4459 sit
3276 4416 3446 4471 vera,
3481 4406 3729 4461 constat
3775 4400 3954 4481 quod

2445 4517 2609 4580 aqua
2638 4515 2764 4559 non
2795 4496 2878 4559 sit
2908 4495 3284 4559 sacramenti
3315 4496 3509 4578 hujus
3540 4498 3825 4560 materia.
3846 4498 3955 4561 Se-

2446 4596 2653 4658 cunda
2692 4612 2946 4677 quoque
2984 4594 3205 4676 opinio
3240 4594 3452 4656 verior
3490 4613 3630 4657 esse
3668 4596 3949 4672 videtur,

2444 4703 2573 4757 tam
2626 4694 2980 4756 secundum
3031 4692 3385 4755 naturalem
3435 4694 3767 4767 rationem,
3818 4714 3952 4777 qua

2448 4792 2770 4856 modicum
2820 4809 2999 4872 aquae
3041 4790 3193 4852 vino
3242 4790 3518 4852 multum
3570 4791 3793 4872 majori
3836 4795 3952 4856 ad-

2449 4891 2746 4962 mixtum,
2778 4887 3157 4951 absorbetur
3194 4886 3272 4949 ab
3315 4887 3461 4967 illo;
3493 4907 3683 4970 quam
3720 4907 3951 4953 secun-

2447 4990 2602 5051 dum
2630 4986 3009 5050 sacramenti
3042 4985 3225 5048 istius
3266 4986 3483 5061 ritum,
3517 4986 3667 5069 quia
3696 4987 3750 5049 si
3780 5006 3951 5070 aqua

2447 5088 2515 5149 in
2554 5093 2779 5149 natura
2815 5084 3073 5168 propria
3112 5092 3489 5159 remaneret,
3522 5085 3688 5148 calix
3728 5104 3949 5149 conse-

2448 5193 2658 5249 cratus
2689 5202 2816 5247 non
2856 5192 3023 5246 esset
3060 5191 3306 5245 tantum
3348 5191 3537 5265 potus
3570 5184 3945 5266 spiritualiS,

2450 5284 2560 5347 sed
2610 5283 2803 5346 etiam
2855 5282 3200 5364 corporalis
3248 5299 3262 5343 :
3310 5288 3373 5343 et
3422 5282 3508 5343 ita
3550 5299 3677 5345 non
3728 5282 3951 5346 liceret

3994 2257 4139 2314 Apoc.
4150 2272 4242 2308 mi,

3984 2325 4025 2370 l,
4040 2324 4106 2363 15.

4002 3144 4148 3187 Marc.
4158 3158 4235 3190 nr,

3976 3208 4047 3249 22.
