4267 6250
885 460 1007 528 364

1538 484 1604 531 m
1643 484 1868 532 1.me
1907 485 1970 531 tv
2009 483 2494 532 smmum
2534 501 2616 514 —
2654 483 2809 532 msr.
2847 484 2995 549 xtv;
3037 484 3263 542 QUAEST.
3302 486 3348 533 11

968 653 1272 717 Praeterea
1301 674 1499 738 quum
1529 655 1786 731 dicitur,
1809 657 1980 738 quod
2011 655 2388 739 poenitentia
2415 655 2470 718 A
2495 654 2681 720 nobis
2712 675 2790 719 ex
2818 656 3259 739 acquisitione,
3279 658 3399 720 hoc
3426 664 3545 732 est,
3566 675 3647 720 an
3676 657 3762 720 sit
3790 654 3997 722 virtus

887 760 985 815 est
1031 754 1309 816 secunda
1357 761 1501 837 post
1547 754 1950 836 naufragium
2003 753 2240 830 tabula,
2290 760 2387 816 est

888 850 1127 914 locutio
1185 852 1633 934 metaphorica.
1685 853 1804 926 Qui
1863 852 2035 915 enim
2087 851 2389 933 navigant

887 967 1194 1032 prospero
1237 951 1464 1014 itinere
1509 969 1702 1026 mare,
1737 951 1946 1033 prima
1992 950 2209 1014 tabula
2251 969 2388 1012 sus-

886 1055 1227 1124 tentantur,
1256 1055 1475 1131 utpote
1507 1049 1749 1131 integra
1778 1049 1946 1112 navi.
1969 1049 2141 1112 Passi
2171 1055 2385 1111 autem

888 1146 1314 1228 naufragium,
1349 1147 1720 1230 pertingunt
1747 1149 1826 1210 ad
1861 1154 2118 1230 portum
2149 1146 2387 1210 auxilio

887 1245 1162 1327 alicujus
1211 1245 1444 1309 tabulae
1485 1247 1664 1309 navis
1707 1245 1940 1310 fractae.
1983 1246 2061 1308 Et
2108 1246 2244 1308 haec
2291 1263 2388 1308 se-

889 1343 1098 1405 cunda
1130 1342 1344 1406 tabula
1371 1351 1798 1427 nuncupatur,
1831 1343 2023 1406 etiam
2065 1351 2211 1425 post
2237 1362 2388 1406 nau-

890 1440 1165 1523 fragium
1237 1459 1252 1504 :
1323 1459 1448 1505 non
1515 1443 1685 1525 quod
1751 1443 1833 1505 sit
1899 1443 2179 1506 secunda
2243 1450 2390 1524 post

891 1539 1319 1621 naufragium,
1353 1541 1462 1604 sed
1509 1541 1659 1623 quia
1701 1541 1840 1623 ipsa
1881 1540 2195 1604 exsistens
2244 1547 2389 1622 post

889 1637 1315 1720 naufragium,
1339 1647 1437 1701 est
1464 1639 1742 1702 secunda
1770 1657 1807 1701 a
1835 1638 2052 1702 tabula
2080 1659 2223 1722 quae
2252 1647 2390 1702 erat

887 1744 1034 1799 ante
1069 1736 1494 1818 naufragium.
1530 1737 1706 1800 Unde
1745 1738 2136 1801 consuetudo
2175 1737 2387 1802 Hiero-

2494 755 2825 836 acquisita.
2857 755 2952 818 Ad
3000 756 3172 838 quod
3221 755 3501 819 breviter
3548 756 3994 838 respondetur,

2495 853 2665 934 quod
2694 852 2862 915 sicut
2892 861 3220 936 ponuntur
3246 854 3313 916 in
3344 853 3531 917 nobis
3557 852 3697 916 aliae
3724 853 3997 918 virtutes

2498 951 2767 1014 morales
2818 951 3067 1027 infusae,
3108 959 3172 1014 et
3225 953 3367 1016 aliae
3412 951 3761 1034 acquisitae‚
3797 951 3884 1015 ita
3930 961 3999 1017 et

2497 1049 2891 1132 poenitentia.

2576 1147 2732 1211 ltem
2776 1148 3023 1230 quaerit,
3056 1167 3137 1211 an
3178 1148 3522 1231 aliquando
3560 1147 3875 1211 formetur
3898 1149 3997 1230 (id

2495 1254 2613 1320 est,
2660 1246 2920 1310 caritate
2968 1246 3369 1329 perficiatur)
3411 1255 3590 1310 actus
3640 1247 3996 1331 poenitendi

2495 1361 2625 1407 non
2652 1342 2906 1407 elicitus
2944 1345 3023 1408 ab
3062 1344 3279 1428 aliquo
3307 1345 3709 1428 poenitentiae
3744 1345 3993 1409 babitu.

2496 1442 2856 1525 Respondet
2905 1460 2919 1505 ε
2970 1443 3064 1506 Ad
3117 1444 3238 1506 hoc
3294 1443 3493 1526 aliqui
3552 1443 3775 1506 dicunt
3822 1445 3997 1527 quod

2498 1559 2646 1616 non,
2698 1541 2785 1604 ita
2828 1542 3000 1624 quod
3049 1541 3297 1625 primus
3351 1542 3742 1625 poenitentiae
3789 1549 3997 1617 actuS,

2495 1657 2623 1722 quo
2655 1640 2799 1722 quis
2832 1639 3042 1723 primo
3072 1640 3343 1722 poenitet
3370 1639 3745 1703 imminente
3774 1641 4001 1704 mortis

2495 1738 2787 1813 articulo,
2828 1757 3156 1820 nunquam
3208 1739 3553 1818 formatur3
3584 1739 3695 1801 scd
3740 1738 3857 1801 tali
3902 1739 4005 1802 in-

889 1836 1066 1919 nymi
1113 1843 1230 1909 est,
1276 1843 1347 1898 ut
1394 1843 1566 1918 patet
1612 1835 1754 1916 ejus
1801 1835 1972 1899 dicta
2020 1836 2280 1918 legenti,
2315 1845 2387 1900 ut
2420 1838 2468 1900 B
2498 1836 2790 1900 funditur
2836 1836 3226 1918 poenitentiae
3274 1836 3553 1912 habitus,
3584 1854 3714 1918 quo
3758 1838 3841 1900 de
3890 1856 4001 1901 no-

888 1952 1078 1997 omne
1125 1934 1280 1996 illud
1327 1936 1494 2016 quod
1537 1941 1792 2016 praestat
1839 1935 2196 1997 remedium
2243 1943 2387 2016 post

890 2032 1251 2114 periculum
1313 2033 1592 2114 aliquod,
1646 2039 1830 2095 vocet
1887 2030 2233 2095 secundam
2289 2036 2385 2091 ta-

890 2129 1108 2193 bulam
1159 2138 1304 2213 post
1349 2130 1772 2211 naufragium.
1808 2130 2145 2211 Quumque
2184 2127 2386 2210 gratia

889 2228 1311 2310 baptismalis,
1354 2247 1470 2310 per
1515 2247 1707 2311 quam
1756 2228 1823 2290 in
1863 2227 2147 2291 Ecclesia
2194 2225 2383 2289 collo-

889 2346 1133 2402 camur,
1167 2327 1374 2410 prima
1406 2326 1623 2389 tabula
1660 2332 1807 2388 ante
1843 2325 2246 2407 naufragium
2276 2343 2385 2405 ap-

888 2425 1184 2508 pelletur,
1231 2426 1434 2508 passis
1482 2425 1934 2508 quodcumque
1981 2422 2385 2504 naufragium

890 2543 1003 2608 per
1045 2523 1310 2589 mortale
1354 2531 1712 2607 peccatum,
1744 2531 1934 2606 atque
1977 2541 2014 2585 a
2055 2521 2258 2604 gratia
2294 2521 2387 2583 in·-

889 2623 1200 2688 nocentiae
1230 2621 1624 2697 cadentibuS,
1648 2641 1773 2685 non
1807 2629 1999 2684 restat
2027 2620 2385 2683 remedium

886 2722 1012 2786 nisi
1071 2722 1444 2806 poenitentia
1493 2738 1508 2783 ι
1567 2721 1804 2785 idcirco
1861 2719 2239 2803 poenitentia
2294 2736 2387 2781 se·

888 2821 1094 2884 cunda
1138 2819 1356 2883 tabula
1403 2818 1656 2881 dicitur.
1691 2853 1769 2864 —
1807 2817 1951 2881 Haec
1997 2818 2269 2881 Thomas
2317 2816 2385 2879 in

887 2919 1155 3003 Scripto.

2496 1953 2577 1998 vo
2620 1934 2963 1998 salubriter
3006 1936 3292 2017 poenitet.
3329 1935 3473 1999 Haec
3513 1944 3727 1998 autem
3774 1936 4002 2018 opinio

2496 2052 2615 2097 nec
2644 2033 3018 2096 auctoritate
3052 2052 3173 2096 nec
3212 2035 3455 2097 ratione
3486 2033 3828 2117 probatur:
3853 2033 4001 2097 ideo

2498 2131 2697 2213 magis
2727 2131 2980 2194 videtur
3009 2132 3415 2194 contrarium.
3449 2131 3594 2196 Haec
3620 2132 3997 2195 RicharduS.

2494 2266 2573 2276 —
2604 2229 2847 2304 Quibus
2888 2229 3085 2311 objici
3130 2237 3359 2313 potest,
3392 2230 3562 2313 quod
3605 2230 3787 2311 juxta
3837 2250 4001 2313 prae-

2496 2329 2733 2404 habita,
2765 2329 2971 2392 virtus
3003 2328 3394 2410 poenitentiae
3432 2328 3627 2391 simul
3659 2347 3807 2390 cum
3840 2329 4003 2391 cari·

2494 2434 2623 2490 tate
2651 2446 2725 2489 ac
2755 2427 2899 2489 aliis
2930 2426 3275 2490 virtutibus
3307 2425 3687 2501 infunditur,
3708 2426 3794 2489 ita
3823 2427 4001 2508 quod

2495 2525 2723 2588 caritas
2753 2524 3197 2608 poenitentiam
3229 2524 3405 2587 illam
3444 2523 3835 2588 habitualem
3866 2542 3999 2588 non

2497 2623 2800 2707 praecedit
2838 2622 3189 2686 duratione.

2575 2722 2881 2785 Praeterea
2906 2720 3205 2784 Albertus
3246 2719 3615 2804 praehabitis
3654 2737 3771 2802 pro
3802 2722 4006 2784 maxi-

2498 2839 2601 2882 ma
2640 2826 2817 2903 parte
2857 2820 3267 2894 concordam,
3300 2819 3743 2902 respondendo
3782 2819 3867 2882 ad
3911 2820 4001 2894 id,

2499 2917 2565 2980 in
2614 2937 2740 3000 qua
2786 2917 2849 2980 vi
2898 2917 3129 2981 animae
3178 2917 3261 2979 sit
3307 2917 3705 2999 poenitentia,
3750 2917 4003 3000 aliquid

970 3019 1058 3081 De
1107 3017 1399 3099 subjecto
1454 3024 1665 3079 autem
1717 3014 2108 3098 poenitentiae
2165 3015 2389 3078 recitat
2422 3014 2466 3079 C
2496 3015 2723 3079 asserit
2762 3015 3039 3098 speciale
3074 3033 3089 3076 :
3120 3015 3333 3098 Aliqui
3372 3015 3731 3098 (inquiens)
3772 3016 4007 3079 dicunt

887 3116 1221 3200 opiniones
1271 3135 1413 3199 quae
1456 3134 1532 3178 ex
1575 3115 2014 3177 Bonaventura
2048 3113 2182 3195 jam
2232 3114 2388 3177 reci-

887 3224 1033 3279 tatae
1080 3221 1250 3289 sunt,
1297 3223 1358 3276 et
1408 3213 1744 3295 improbat,
1791 3219 1851 3275 et
1903 3214 2241 3276 concordat
2290 3231 2385 3275 re-

889 3313 1218 3397 sponsioni
1277 3314 1732 3376 Bonaventurae
1790 3312 1854 3373 in
1914 3312 2034 3374 hoc
2090 3318 2219 3373 tam
2278 3311 2386 3374 hic

890 3432 1084 3496 quam
1129 3412 1196 3475 in
1235 3411 1421 3473 tertia
1458 3418 1656 3493 parte,
1692 3409 2041 3492 quaestione
2081 3410 2385 3491 octogesi-

889 3532 994 3575 ma
1035 3511 1276 3594 quinta.
1311 3510 1625 3582 Attamen,
1659 3509 1826 3571 sicut
1867 3515 2038 3589 patet
2081 3527 2158 3571 ex
2200 3508 2385 3571 tactis

885 3612 1040 3693 jam,
1074 3610 1194 3673 hoc
1224 3609 1393 3691 quod
1434 3607 1810 3690 poenitentia
1849 3606 2081 3669 dicitur
2109 3607 2388 3669 secunda

885 3709 1104 3773 tabula
1133 3716 1276 3792 post
1305 3705 1728 3787 naufragium,
1753 3705 1938 3768 aliter
1967 3705 2258 3778 ThomaS‚
2280 3706 2391 3767 ali-

885 3814 984 3871 ter
1013 3807 1454 3870 Bonaventura
1483 3804 1778 3885 exponit3
1811 3812 1875 3866 et
1902 3810 2172 3886 utraque
2202 3822 2389 3886 expo-

886 3904 1034 3968 sitio
1087 3904 1253 3967 bona
1310 3911 1427 3978 est,
1475 3921 1550 3965 ac
1605 3918 1754 3964 suos
1810 3901 2002 3965 habet
2058 3920 2382 3983 sequaces,

882 4039 966 4050 —
1005 4002 1253 4084 Scripta
1299 4000 1464 4065 Petri
1513 4001 1590 4063 de
1639 4000 1738 4063 his
1786 4000 1854 4061 in
1898 4000 2084 4062 dictis
2133 3999 2388 4063 Thomae

887 4101 1326 4174 includuntur,
1372 4107 1436 4162 et
1479 4106 1828 4161 consonant
1867 4098 1979 4161 eis.

2497 3113 2844 3197 potentiam
2875 3113 3103 3177 animae
3132 3132 3271 3177 esse
3300 3112 3663 3199 subjectum
3692 3114 4006 3178 virtutum

2498 3232 2571 3275 ac
2609 3212 2946 3292 vitiorum3
2979 3212 3147 3294 quod
3186 3220 3400 3275 tamen
3438 3231 3567 3277 non
3604 3221 3705 3277 est
3740 3232 3998 3289 verum,

2497 3330 2617 3375 nec
2665 3310 2885 3373 subtili
2929 3310 3173 3375 ratione
3219 3311 3555 3394 prolatum.
3588 3312 4000 3394 Impossibile

2496 3410 2670 3473 enim
2709 3416 2826 3484 est,
2856 3408 3101 3492 aliquid
3138 3427 3276 3472 esse
3316 3409 3679 3490 subjectum
3718 3428 3853 3473 non
3893 3411 4000 3473 ha-

2498 3508 2655 3572 bens
2706 3508 3157 3591 proprietatem
3205 3508 3486 3571 materiae
3532 3525 3547 3570 ε
3596 3508 3739 3571 ideo
3781 3510 4003 3571 anima

2498 3614 2593 3670 est
2622 3606 2985 3686 subjectum
3016 3605 3304 3669 omnium
3334 3624 3476 3687 quae
3506 3614 3655 3668 sunt
3684 3606 3749 3669 in
3779 3607 4003 3670 anima

2498 3704 2851 3768 secundum
2893 3704 2956 3766 id
3000 3704 3168 3786 quod
3214 3711 3331 3777 est,
3364 3722 3491 3768 non
3530 3705 3891 3769 secundum
3938 3706 4000 3769 id

2498 3820 2626 3885 quo
2674 3810 2788 3865 est.
2819 3802 3113 3865 Attamen
3158 3821 3380 3865 verum
3432 3810 3547 3877 est,
3580 3803 3750 3885 quod
3792 3822 4001 3885 quum

2498 3902 2713 3964 anima
2756 3900 3131 3984 perficiatur
3167 3899 3393 3963 formis
3437 3907 3629 3983 atque
3668 3899 4001 3964 habitibus

2498 4018 2641 4083 quae
2688 4007 2837 4062 sunt
2884 3998 2949 4060 in
3000 4017 3094 4073 ea,
3146 3997 3482 4081 perficitur
3526 3999 4003 4081 quodammodo

2498 4098 2705 4181 quoad
2735 4097 2900 4159 hanc
2930 4104 2993 4159 et
3032 4097 3241 4179 quoad
3284 4096 3457 4175 illam
3498 4098 3852 4180 potentiam
3890 4116 3907 4161 τ
3938 4106 4001 4161 et

967 4198 1316 4262 Richardus
1359 4214 1557 4260 vero:
1591 4197 1660 4259 In
1706 4197 1926 4259 eadem
1973 4196 2239 4277 (inquit)
2282 4214 2389 4279 po-
2419 4192 2471 4256 D
2499 4196 2619 4259 hoc
2664 4195 2930 4258 forsitan
2972 4194 3185 4259 dicere
3227 4195 3472 4270 volunt,
3506 4194 3777 4258 dicendo
3826 4196 3999 4279 quod

885 4297 1086 4361 tentia
1132 4304 1229 4360 est
1275 4295 1553 4369 habituS,
1587 4295 1652 4357 in
1696 4314 1823 4377 qua
1869 4302 1964 4357 est
2014 4294 2389 4377 principalis

888 4402 1065 4458 actus
1111 4393 1333 4476 ipsiuS.
1366 4394 1560 4456 Actus
1603 4400 1816 4455 autem
1862 4392 2254 4474 poenitentiae
2294 4400 2391 4456 est

886 4494 952 4556 in
983 4492 1326 4556 voluntate.
1342 4490 1593 4553 Etenim
1623 4498 1800 4553 actus
1829 4490 1970 4571 ejus
2002 4491 2386 4574 praecipuuS,

885 4598 982 4655 est
1029 4589 1362 4673 proprium
1412 4596 1744 4670 peccatum
1794 4607 1981 4651 suum
2043 4588 2275 4670 punire
2323 4590 2391 4651 in

885 4696 1196 4773 quantum
1255 4694 1352 4750 est
1397 4694 1616 4749 contra
1660 4685 1973 4768 justitiam
2023 4686 2183 4768 legis
2232 4686 2391 4750 divi-

885 4808 1005 4862 nae,
1037 4795 1100 4850 et
1140 4783 1460 4868 expiabile
1489 4803 1604 4867 per
1631 4793 1812 4847 actus
1842 4784 2232 4868 poenitentis,
2268 4786 2388 4849 Sed

883 4888 950 4951 in
1001 4886 1244 4971 peccati
1295 4883 1626 4969 punitione
1676 4883 2052 4966 principale,
2101 4892 2198 4947 est
2247 4884 2390 4947 effi-

884 5004 998 5050 cax
1029 4983 1434 5069 displicentia
1464 4982 1687 5065 culpae.
1725 4982 2139 5064 Displicentia
2175 4990 2388 5046 autem

885 5093 982 5149 est
1021 5091 1200 5147 actus
1248 5081 1560 5146 exsistens
1611 5080 1676 5143 in
1725 5079 2066 5145 voluntate.
2109 5080 2255 5145 Haec
2294 5082 2393 5145 Ri-

885 5183 1178 5246 charduS.

966 5281 1083 5355 Qui
1123 5278 1315 5343 etiam
1356 5277 1735 5353 sciscitatur,
1767 5296 1847 5341 an
1889 5277 2266 5361 poenitentia
2310 5279 2393 5341 sit

2499 4295 2633 4357 haec
2675 4294 2773 4357 vel
2816 4293 2926 4356 illa
2955 4293 3156 4357 virtus
3196 4301 3294 4356 est
3332 4294 3398 4355 in
3438 4293 3558 4357 ista
3594 4293 3697 4356 vel
3738 4294 3851 4358 illa
3890 4313 3998 4377 po·

2500 4394 2716 4457 tentia.
2769 4392 2923 4455 Dico
2980 4410 3130 4474 ergo
3186 4391 3324 4454 sine
3380 4391 3775 4474 praejudicio,
3826 4393 3999 4476 quod

2504 4492 2875 4575 poenitentia
2904 4498 3001 4553 est
3037 4490 3103 4553 in
3144 4489 3475 4565 irascibili,
3508 4508 3708 4572 quum
3738 4491 3827 4554 sit
3864 4492 4003 4555 vin-

2500 4590 2668 4652 dicta
2696 4590 2972 4672 puniens
3002 4589 3069 4651 in
3100 4607 3168 4652 se
3198 4588 3525 4672 propriam
3554 4587 3835 4671 culpam.
3858 4590 4001 4653 Haec

2499 4689 2815 4752 Albertus.

2579 4789 2668 4851 De
2695 4787 2881 4869 cujus
2913 4785 3126 4851 verbis
3164 4786 3367 4849 oritur
3404 4786 3764 4862 admiratio,
3798 4806 4003 4870 quum

2500 4886 2772 4968 ipsemet
2800 4885 2985 4948 toties
3012 4884 3285 4947 fateatur
3311 4884 3594 4948 diversas
3624 4883 3899 4949 virtutes
3936 4886 4003 4949 in

2500 4984 2769 5047 diversis
2798 5001 2937 5046 esse
2968 4983 3273 5065 potentiis
3301 4983 3563 5063 animae3
3590 4984 3760 5047 sicut
3786 4991 3854 5047 et
3884 4984 4003 5048 hoc

2500 5082 2660 5156 loc0,
2711 5088 3047 5164 postquam
3104 5081 3376 5143 asseruit
3424 5082 3733 5145 virtutum
3786 5084 4005 5164 subje-

2500 5188 2674 5244 ctum
2706 5198 2833 5245 non
2875 5196 3013 5242 esse
3044 5178 3175 5241 vim
3216 5180 3468 5256 animae,
3502 5180 3792 5263 protinus
3830 5181 4007 5244 addit

2504 5278 2945 5363 poenitentiam
2986 5295 3127 5341 esse
3170 5277 3233 5339 in
3280 5277 3609 5354 irascibili,
3642 5296 3839 5360 quam
3880 5279 4005 5342 fre-.

4052 2259 4093 2300 p.
4112 2248 4182 2287 ³⁶3
4192 2245 4233 2288 Β.
