4267 6250
621 867 774 910 Galat.

589 934 658 975 20.

881 472 1003 536 334

1531 489 1597 536 m
1637 487 1860 534 Limum
1902 485 1964 532 lv
2007 481 2491 531 snmmunuu.
2528 497 2613 510 —
2652 482 2806 528 msr.
2848 483 2972 548 x113
3018 484 3259 541 QnAEsT„
3280 485 3349 532 lv

883 659 1044 722 Hinc
1093 658 1390 742 proprius
1440 659 1712 724 effectus
1771 653 2152 721 sacramenti
2199 651 2383 716 istius
2412 648 2463 714 A
2492 651 2769 716 maxime
2812 654 2890 717 de
2934 655 3035 718 his
3078 655 3144 719 in
3188 656 3423 738 quibus
3466 656 3547 718 de
3592 673 3815 720 eorum
3868 655 4001 719 ele-

885 765 982 820 est
1011 757 1342 822 conversio
1373 758 1652 821 hominis
1683 757 1749 819 in
1779 754 2120 826 Christum,
2138 759 2208 813 ut
2236 769 2383 814 cum

811 881 853 918 n.
884 856 1185 939 Apostolo
1214 857 1382 920 dicat
1417 875 1431 918 ε
1463 856 1624 919 Vivo
1651 861 1887 927 autem,
1914 853 2046 933 jam
2078 868 2207 914 non
2240 865 2377 930 ege,

883 954 1045 1017 vivit
1097 972 1249 1017 vero
1299 954 1363 1016 in
1417 973 1518 1017 me
1570 952 1874 1017 Christus
1928 950 2022 1012 Ad
2071 947 2242 1030 quod
2290 965 2383 1008 se-

884 1060 1169 1134 quuntur
1215 1052 1322 1115 alii
1372 1053 1500 1115 duo
1545 1050 1838 1122 effectuS,
1880 1056 2032 1130 puta
2078 1062 2380 1127 augmen-

880 1157 1019 1212 tum
1063 1151 1414 1232 spiritualis
1459 1147 1828 1232 quantitatis
1875 1146 1939 1209 in
1986 1145 2381 1206 incremento

880 1266 992 1310 seu
1037 1246 1327 1330 profectu
1375 1247 1710 1319 virtutum,
1743 1252 1808 1307 et
1855 1241 2232 1306 restauratio
2277 1240 2381 1304 dc·

882 1346 1274 1427 perditorum
1334 1364 1449 1428 per
1507 1343 1948 1406 remissionem
1999 1339 2373 1412 venialium,

879 1462 990 1506 seu
1039 1463 1154 1526 per
1198 1444 1662 1526 reparationem
1709 1441 2177 1522 cujuscumque
2224 1456 2379 1519 prae·

882 1542 1166 1604 cedentis
1224 1541 1531 1604 defectus.
1583 1576 1666 1585 —
1716 1539 1782 1603 Si
1839 1545 2053 1601 autem
2109 1535 2375 1616 objicia-

879 1646 1006 1714 tur,
1063 1640 1232 1722 quod
1287 1656 1520 1721 augere
1566 1638 1836 1701 virtutes
1885 1653 2227 1700 commune
2281 1641 2379 1696 est

880 1739 1179 1802 omnibus
1225 1738 1662 1812 sacramentiS,
1709 1754 1838 1800 non
1881 1753 2032 1816 ergo
2081 1733 2235 1797 huic
2280 1739 2377 1795 est

2490 751 2701 814 ctione
2740 761 2805 814 et
2844 752 3046 834 gloria
3087 754 3334 834 agimus
3376 754 3609 836 gratias
3648 755 3795 818 Deo.
3832 754 3998 817 Hinc

2488 849 2871 930 simpliciter
2918 850 3257 933 loquendo,
3292 859 3601 934 quantum
3647 853 3728 915 ad
3774 871 3997 915 essen-

2487 947 2639 1009 tiale
2666 949 2969 1028 gaudium
2998 957 3463 1013 sacramentum
3498 951 3619 1013 hoc
3648 969 3773 1015 non
3804 958 4001 1033 auget

2488 1044 2756 1126 gloriam
2807 1046 2873 1108 in
2918 1047 3147 1122 Beatis,
3184 1049 3297 1110 sed
3340 1048 3547 1110 solum
3592 1049 3799 1131 quoad
3844 1068 3998 1130 gau-

2490 1143 2669 1205 dium
2726 1144 3136 1208 accidentale.
3189 1181 3270 1193 —
3314 1147 3410 1210 Ad
3465 1147 3718 1228 objecta
3774 1148 3997 1210 dicen-

2489 1241 2667 1316 dum,
2728 1243 2898 1324 quod
2962 1251 3033 1306 ut
3096 1244 3503 1307 Innocentius
3572 1245 3781 1318 solvit,
3847 1244 3995 1307 ubi-

2490 1357 2767 1421 cumque
2813 1341 2959 1403 talis
3009 1342 3235 1404 modus
3288 1342 3588 1424 loquendi
3638 1343 3993 1419 invenitur,

2492 1436 2943 1519 intelligendus
3002 1446 3098 1502 est
3147 1448 3217 1501 ut
3264 1441 3342 1502 ad
3390 1441 3510 1503 boc
3560 1441 3781 1523 prosit,
3836 1450 3912 1504 ut
3959 1461 3998 1504 a

2489 1534 2793 1598 fidelibus
2826 1537 3025 1619 magis
3057 1556 3129 1600 ac
3162 1538 3363 1619 magis
3394 1538 3791 1619 glorificetur
3820 1541 3995 1602 Deus

2488 1634 2587 1698 vel
2630 1635 2895 1698 Sanctus
2934 1637 3099 1699 talis.
3132 1637 3342 1712 Porro,
3376 1655 3493 1720 pro
3530 1639 3746 1721 pueris
3782 1639 3995 1722 bapti-

2488 1732 2641 1794 zatis
2684 1732 3017 1796 missarum
3062 1734 3351 1797 solennia
3394 1734 3820 1810 celebrantur,
3862 1755 3995 1800 non

881 1838 1210 1920 proprium
1272 1843 1668 1899 sacramento
1700 1852 1717 1915 ;
1776 1835 2144 1906 dicendum,
2206 1831 2375 1913 quod
2411 1829 2457 1892 B
2490 1838 2559 1892 ut
2588 1831 2712 1914 ipsi
2740 1831 3047 1912 juventur
3075 1841 3385 1914 quantum
3417 1835 3495 1896 ad
3534 1834 3739 1917 culpat
3768 1835 3998 1898 remis-

879 1943 1296 2016 augmentum
1326 1935 1667 2017 dupliciter
1694 1933 1948 1995 dicitur.
1973 1931 2205 2005 Primo,
2241 1947 2379 2013 pro-

883 2041 952 2096 ut
983 2034 1050 2095 in
1079 2032 1446 2097 viventibus
1475 2040 1539 2095 et
1576 2050 1702 2094 non
1734 2029 2101 2093 viventibus
2132 2027 2378 2091 inveni-

880 2141 1007 2206 tur,
1042 2140 1230 2214 prout
1272 2131 1574 2214 quaelibet
1609 2129 1850 2192 additio
1891 2129 2042 2191 facit
2079 2145 2381 2208 augmen-

878 2238 1016 2292 tum
1053 2247 1066 2291 :
1103 2231 1324 2313 sicque
1354 2229 1622 2292 virtutes
1660 2235 1974 2308 augentur
2012 2244 2128 2309 per
2164 2224 2380 2288 omnia

879 2335 1273 2391 sacramenta
1302 2347 1444 2410 quae
1472 2326 1737 2409 gratiam
1769 2325 2105 2388 inveniunt
2134 2325 2200 2386 in
2232 2322 2381 2385 sub-

875 2427 1069 2508 jecto,
1102 2445 1178 2490 ex
1212 2427 1330 2490 hoc
1372 2427 1543 2509 quod
1581 2425 1721 2509 ipsa
1757 2431 2153 2487 sacramenta
2195 2441 2271 2485 ex
2310 2441 2377 2484 se

879 2533 1024 2588 nata
1073 2533 1222 2588 sunt
1255 2525 1522 2606 gratiam
1563 2541 1842 2586 causare.
1889 2522 2181 2585 Secundo
2227 2539 2375 2601 aug-

881 2631 1167 2687 mentum
1222 2623 1459 2686 dicitur
1507 2622 1784 2706 proprie,
1828 2628 2016 2704 prout
2054 2620 2119 2682 in
2158 2620 2378 2682 viven-

880 2722 1049 2784 tibus
1089 2730 1186 2784 est
1225 2741 1304 2784 ex
1349 2721 1798 2802 conjunctione
1844 2719 2221 2782 nutrimenti
2260 2734 2273 2779 :
2316 2724 2380 2781 et

879 2821 966 2882 ita
995 2827 1091 2882 est
1122 2821 1418 2903 proprius
1449 2819 1644 2900 hujus
1673 2817 2050 2881 sacramenti
2083 2816 2373 2879 effectus

877 2919 1086 2983 Potest
1128 2937 1383 3000 quoque
1427 2924 1896 2980 sacramentum
1935 2916 2104 2978 istud
2150 2916 2379 2996 perdu-

2488 1929 2734 1991 sionem
2782 1937 2891 1992 aut
2937 1930 3154 2013 gloriae
3204 1931 3694 2007 incrementum,
3746 1935 3859 1996 sed
3910 1934 3997 1997 ob

2489 2027 2645 2090 alias
2692 2047 2934 2091 causas.
2969 2029 3201 2104 Primo,
3239 2039 3500 2113 propter
3546 2030 3843 2094 vivorum
3896 2049 3995 2095 so·

2491 2126 2735 2188 latium.
2770 2127 3083 2202 Secundo,
3124 2128 3203 2190 ad
3249 2130 3713 2193 ostendendum
3762 2149 3997 2214 parvu-

2492 2223 2584 2287 los
2615 2225 2933 2306 pertinere
2961 2226 3041 2287 ad
3072 2226 3323 2308 mystici
3354 2227 3633 2310 corporis
3661 2228 3991 2302 unitatem,

2490 2323 2643 2384 dum
2697 2322 2866 2386 idem
2918 2324 3143 2386 modus
3202 2326 3653 2407 exsequiarum
3700 2335 3998 2390 servatur

2491 2421 2557 2482 in
2588 2421 2745 2502 ipsis
2774 2439 2847 2484 ac
2878 2421 3037 2484 aliis.
3059 2421 3290 2496 Tertio,
3307 2423 3387 2486 ad
3416 2425 3999 2488 commendandum

2490 2520 2946 2603 redemptionis
2977 2520 3270 2584 bumanae
3302 2523 3697 2604 mysterium,
3722 2525 3899 2607 quod
3930 2525 3997 2586 in

2488 2619 2608 2682 hoc
2648 2628 3045 2683 sacramento
3083 2629 3639 2698 commemoratur,
3674 2641 3789 2705 per
3818 2624 3995 2706 quod

2488 2718 2739 2800 parvuli
2776 2717 2915 2780 sine
2958 2719 3217 2802 proprio
3262 2721 3491 2783 merito
3526 2721 3799 2784 salutem
3845 2740 3996 2786 con-

2489 2823 2846 2897 sequuntur
2884 2825 3205 2880 aeternam.

2569 2915 2837 2996 Insuper
2879 2915 3207 2997 quaeritur,
3239 2935 3320 2979 an
3364 2917 3559 2998 hujus
3606 2918 3994 2982 sacramenti

879 3035 1024 3080 cere
1072 3018 1151 3079 ad
1201 3015 1660 3099 perfectionem
1711 3014 2008 3088 caritatis,
2062 3013 2379 3095 loquendo
2410 3011 2454 3074 C
2489 3012 2761 3076 effectus
2829 3014 3217 3097 impediatur
3274 3035 3389 3099 per
3450 3018 3657 3081 solum
3723 3018 3996 3082 mortale

880 3116 958 3179 de
1001 3114 1393 3198 perfectione
1432 3113 1573 3188 viae,
1617 3131 1742 3177 non
1783 3112 2020 3195 patriae.

957 3214 1268 3288 Quaeritur
1310 3230 1586 3295 quoque,
1619 3232 1698 3275 an
1743 3218 2212 3274 sacramentum
2257 3210 2378 3274 hoc

881 3314 1082 3396 prosit
1109 3314 1317 3376 Beatis
1347 3311 1424 3373 ad
1455 3318 1869 3393 augmentum
1900 3310 2134 3391 gloriae.
2169 3310 2376 3392 Appa-

878 3420 974 3474 ret
1001 3411 1171 3494 quod
1211 3412 1362 3485 ime,
1396 3410 1546 3492 quia
1582 3412 1683 3491 (ut
1722 3410 2126 3472 Innocentius
2164 3408 2279 3489 ait)
2308 3408 2374 3469 in

877 3510 1141 3573 collecta
1187 3510 1253 3571 B.
1294 3508 1522 3572 Leonis
1571 3509 1749 3591 Papae
1799 3508 2068 3569 habetur
2103 3524 2116 3569 :
2148 3507 2375 3569 Annue

877 3608 1084 3682 nobis,
1118 3608 1408 3681 Domine,
1443 3615 1512 3670 ut
1551 3607 1780 3670 animae
1826 3604 2050 3668 famuli
2095 3606 2189 3669 tui
2230 3606 2378 3668 Leo-

877 3706 976 3769 nis
1035 3707 1169 3769 haec
1227 3706 1428 3789 prosit
1485 3704 1741 3769 oblatio.
1794 3704 2060 3787 Insuper
2105 3702 2379 3766 offertur

876 3825 993 3889 pro
1041 3806 1324 3888 parvulis
1381 3803 1836 3868 decedentibus
1890 3803 1956 3865 in
2012 3803 2378 3865 innocentia

875 3904 1360 3987 baptismali.—
1378 3902 1752 3976 Dicendum,
1778 3902 1947 3984 quod
1973 3900 2176 3981 gloria
2203 3918 2375 3963 com-

877 4001 1217 4084 prehendit
1263 4000 1602 4084 praemium
1647 4000 2010 4073 Beatorum,
2043 3998 2212 4081 quod
2262 4000 2375 4061 du-

877 4101 1023 4183 plex
1055 4109 1171 4173 est,
1202 4107 1422 4182 utpote
1447 4116 1461 4161 ε
1484 4099 1789 4181 gaudium
1821 4098 2182 4171 essentiale,
2205 4098 2377 4179 quod

2490 3121 2843 3195 peccatum.
2890 3112 3263 3191 Dicendum,
3306 3116 3477 3199 quod
3523 3115 3733 3180 omnis
3782 3117 3996 3200 perfe-

2489 3211 2617 3275 ctio
2645 3211 3029 3294 acquirenda
3061 3213 3402 3296 impeditur
3432 3234 3547 3297 per
3574 3216 3997 3279 remotionem

2488 3310 2923 3392 dispositionis
2972 3312 3049 3373 ad
3096 3330 3258 3374 eam.
3294 3313 3841 3386 Quemadmodum
3887 3334 3997 3378 au·

2488 3415 2619 3471 tem
2649 3409 3099 3490 dispositiones
3139 3410 3497 3474 materiales
3535 3430 3604 3474 se
3643 3412 3887 3477 habent
3912 3413 3995 3475 ad

2490 3506 2949 3590 perfectionem
2994 3507 3236 3581 formae,
3282 3509 3367 3571 ita
3408 3517 3587 3572 actus
3635 3528 3705 3574 se
3750 3510 3995 3573 habent

2488 3604 2565 3667 ad
2617 3604 3073 3686 perfectionem
3128 3604 3298 3669 finis.
3338 3608 3673 3689 Quumque
3721 3608 3845 3671 hoc
3896 3627 3992 3671 sa-

2489 3710 2884 3765 cramentum
2918 3702 3211 3785 perficiat
3240 3704 3567 3768 hominem
3596 3706 3995 3787 conjungen-

2490 3801 2571 3863 do
2626 3799 2853 3864 ultimo
2898 3801 3039 3877 fini,
3092 3801 3332 3865 idcirco
3380 3803 3459 3865 ad
3498 3803 3630 3883 ‚hoc
3682 3805 3857 3886 quod
3908 3804 3997 3867 ef·

2489 3898 2731 3963 fectum
2790 3919 2979 3962 suum
3029 3900 3219 3983 plene
3276 3900 3504 3965 habeat
3552 3902 3619 3964 in
3666 3912 3991 3979 sumente,

2488 4006 2738 4080 oportet
2780 3998 2948 4080 quod
2991 3999 3158 4062 adsit
3197 3999 3462 4063 actualis
3511 4001 3811 4065 devotio:
3846 4022 3992 4085 qum

2489 4117 2688 4181 quum
2734 4099 3056 4161 interdum
3094 4098 3233 4161 sine
3276 4099 3525 4162 mortali
3569 4108 3831 4182 peccato
3873 4102 3991 4164 im·

876 4198 954 4261 de
987 4197 1326 4259 Divinitate
1357 4195 1614 4269 babent,
1647 4202 1712 4258 et
1753 4195 2166 4269 accidentale,
2206 4196 2374 4278 quod
2406 4194 2458 4258 D
2490 4196 2804 4280 pediatur,
2836 4215 3035 4279 quum
3077 4196 3516 4260 distractiones
3554 4199 3744 4263 variae
3778 4199 3991 4282 ipsam

877 4294 1117 4358 habent
1161 4294 1242 4356 de
1291 4311 1698 4376 quocumque
1749 4301 1974 4355 creato.
2011 4292 2224 4356 Gloria
2269 4313 2375 4356 au-

875 4400 1008 4455 tem
1051 4393 1385 4456 Beatorum
1436 4392 1644 4473 quoad
1690 4391 2025 4473 praemium
2069 4411 2183 4454 seu
2231 4410 2379 4473 gau-

876 4492 1056 4555 dium
1114 4491 1472 4564 essentiale,
1531 4490 1750 4572 augeri
1803 4507 1930 4552 non
1987 4498 2215 4573 potest,
2276 4511 2375 4554 se-

877 4590 1161 4653 cundum
1225 4589 1595 4673 opinionem
1659 4588 2205 4671 probabiliorem;
2266 4590 2375 4653 sed

877 4696 1189 4771 quantum
1231 4688 1307 4751 ad
1350 4688 1688 4771 praemium
1728 4688 2140 4762 accidentale,
2174 4708 2377 4771 usque

877 4788 955 4849 ad
987 4787 1156 4850 diem
1185 4786 1434 4869 judicii.
1470 4787 1628 4850 Nam
1668 4795 1732 4849 et
1761 4794 1913 4849 tunc
1951 4786 2030 4848 de
2057 4785 2377 4868 glorifica-

877 4887 1052 4950 tione
1083 4886 1367 4969 corporis
1397 4894 1660 4961 crescet,
1693 4886 1823 4949 imo
1852 4886 1929 4948 de
1961 4886 2262 4949 omnibus
2294 4885 2379 4949 fa-

583 5007 848 5057 Lummm.
878 4984 998 5047 ctis
1044 4983 1229 5047 bonis
1277 4985 1584 5047 accrescit
1629 4984 1832 5065 gloria
1871 4984 1987 5058 eiS,
2034 4984 2188 5065 quia
2230 5002 2379 5065 gau-

879 5084 1056 5145 dium
1087 5091 1184 5145 est
1212 5083 1454 5165 angelis
1495 5082 1606 5145 Dei
1646 5101 1840 5165 super
1880 5099 2006 5145 uno
2047 5090 2377 5163 peccatore

877 5181 1322 5263 poenitentiam
1364 5188 1608 5262 agente.
1643 5182 1746 5245 Sic
1796 5199 2052 5264 quoque
2098 5182 2377 5263 gaudent

873 5280 954 5343 de
1000 5278 1302 5343 omnibus
1350 5299 1493 5362 quae
1541 5278 1712 5342 fiunt
1759 5280 1824 5343 in
1875 5280 1987 5343 Dei
2039 5281 2371 5355 honorem,

2490 4295 2863 4377 impediant,
2896 4303 2961 4358 et
2998 4303 3259 4378 peccata
3300 4297 3576 4359 venialia
3610 4306 3822 4361 actum
3866 4300 3993 4363 vir·

2488 4402 2697 4456 tutum
2745 4402 3082 4457 amoveant
3130 4412 3241 4457 seu
3292 4395 3795 4478 interrumpant3
3848 4398 3990 4461 abs-

2488 4512 2613 4575 que
2665 4492 2912 4556 mortali
2964 4501 3225 4575 peccato
3279 4501 3487 4576 potest
3541 4495 3735 4576 hujus
3782 4516 3991 4559 sacra-

2490 4592 2687 4655 menti
2735 4592 3034 4674 impediri
3076 4591 3371 4667 effectus,
3400 4594 3488 4656 ita
3534 4595 3702 4677 quod
3749 4596 3986 4678 aliquis

2488 4698 2903 4771 augmentum
2946 4690 3162 4770 gratiae
3210 4709 3338 4755 non
3386 4702 3834 4775 consequatur,
3868 4713 3987 4757 nec

2487 4798 2700 4853 tamen
2753 4792 3037 4854 mortalis
3084 4793 3329 4873 peccati
3382 4792 3663 4856 incurrat
3710 4802 3983 4869 reatum,

2488 4888 2599 4951 sed
2629 4888 2793 4951 forte
2824 4896 3067 4951 reatum
3099 4890 3369 4953 venialis
3400 4891 3667 4974 peccati,
3698 4910 3775 4955 eo
3812 4893 3987 4975 quod

2487 4985 2837 5069 imparatus
2884 4988 3159 5051 accedat.
3209 4988 3527 5052 Effectum
3577 5008 3730 5054 vero
3776 4992 3985 5074 Bapti-

2485 5085 2607 5147 smi
2658 5103 2785 5148 non
2830 5086 3100 5168 impedit
3148 5087 3271 5149 nisi
3316 5089 3581 5152 mortale
3626 5097 3980 5173 peccatum,

2484 5183 2789 5266 quoniam
2835 5184 2901 5246 in
2938 5185 3262 5267 Baptismo
3305 5187 3491 5249 datur
3528 5188 3809 5270 primum
3842 5208 3983 5251 esse

2485 5282 2835 5365 spirituale.
2852 5282 3302 5348 Verumtamen
3334 5301 3461 5349 non
3492 5294 3587 5350 est
3616 5287 3975 5363 dicendum,
