4267 6250
775 470 897 540 278

779 665 934 727 tiam
997 665 1375 739 naturalem,
1437 663 1524 726 ita
1583 663 1754 745 quod
1816 663 1884 726 in
1941 681 2049 726 eas
2111 661 2274 725 nihil
2304 661 2355 725 A
2388 669 2597 725 motus
2654 661 2792 724 sine
2850 680 2928 726 eo
2983 663 3154 746 quod
3214 671 3507 727 movetur
3566 682 3579 726 :

781 763 1193 838 convertitur,
1254 764 1364 826 sed
1423 770 1670 825 tantum
1730 762 1794 824 in
1854 760 2275 824 substantiam

782 862 1066 944 corporis
1097 861 1328 924 Christi
1359 879 1372 923 :
1405 867 1468 922 et
1498 860 1584 922 ita
1616 861 1680 922 in
1715 861 1833 922 ista
1861 859 2275 922 conversione

780 978 907 1023 non
955 967 1048 1022 est
1088 959 1210 1022 nisi
1252 957 1872 1022 transsubstantiatio
1915 957 2005 1019 rei
2052 955 2280 1019 indivi-

781 1058 989 1120 sibilis
1035 1057 1098 1119 in
1150 1076 1283 1119 rem
1347 1055 1828 1130 indivisibilem,
1879 1074 2078 1136 quum
2138 1055 2277 1116 sine

783 1157 1134 1240 quantitate
1184 1174 1309 1218 non
1359 1155 1442 1218 sit
1489 1154 1774 1218 extensio
1823 1172 2032 1235 neque
2083 1162 2277 1215 mate-

783 1256 958 1319 rialis
993 1255 1242 1319 divisio.
1278 1256 1398 1318 Res
1440 1261 1654 1317 autem
1696 1252 2106 1316 indivisibilis
2150 1269 2277 1314 non

784 1355 1018 1416 dicitur
1058 1372 1310 1435 corpus,
1345 1361 1409 1415 et
1438 1352 1524 1414 ita
1561 1369 1686 1414 non
1727 1359 1896 1413 esset
1933 1351 2036 1412 hic
2076 1358 2277 1412 trans-

783 1450 1228 1516 substantiatio
1274 1450 1458 1532 panis
1506 1450 1571 1513 in
1621 1467 1852 1532 corpus
1901 1447 2151 1512 Christi.
2198 1484 2280 1493 —

782 1551 1088 1614 Praeterea
1115 1550 1396 1631 operatio
1424 1548 1632 1629 arguit
1659 1547 1933 1610 sormam
1963 1554 2028 1608 et
2057 1545 2281 1609 verita-

782 1657 914 1711 tem
956 1656 1212 1710 naturae.
1247 1647 1454 1720 Quum
1492 1663 1642 1727 ergo
1671 1645 1837 1708 facta
1865 1644 2279 1707 conversione

784 1753 1082 1810 maneant
1128 1764 1256 1809 non
1305 1745 1511 1809 solum
1563 1745 1784 1808 formae
1832 1743 2274 1816 accidentaleS,

1451 493 1515 540 m
1554 493 1777 540 numm(
1819 493 1880 540 lv
1922 491 2406 539 smnmmmm.
2449 509 2529 522 --
2570 492 2723 539 ΒῘΒΤ.
2766 493 2872 555 113
2915 491 3140 549 QUAEST.
3184 493 3205 539 1

3640 660 3899 724 idcirco

2384 768 2635 842 oportet
2674 761 2919 843 aliquid
2966 761 3201 845 subjici
3253 762 3364 824 tali
3411 760 3897 823 transmutatio·

2386 859 2472 919 ni.
2510 859 2618 920 Est
2644 866 2859 921 autem
2890 861 3334 923 transmutatio
3365 860 3491 923 alia
3526 857 3896 921 communi-

2386 965 2483 1018 ter
2512 965 2786 1039 sumpta,
2820 977 2963 1040 quae
2992 976 3118 1021 non
3149 967 3245 1021 est
3278 966 3508 1032 motus,
3542 958 3653 1019 sed
3684 963 3899 1018 muta-

2388 1056 2477 1117 tio
2508 1055 2657 1118 sola.
2695 1055 2772 1118 Et
2798 1056 2931 1119 haec
2964 1063 3061 1118 est
3088 1057 3363 1139 duplex:
3390 1077 3516 1119 una
3543 1056 3623 1119 ab
3656 1064 3895 1137 agente

2388 1153 2660 1215 naturali
2692 1173 2803 1216 seu
2836 1154 3123 1238 physic0,
3156 1162 3227 1216 ut
3255 1163 3351 1218 est
3379 1155 3701 1236 generatio
3730 1155 3895 1216 sim-

2388 1250 2535 1332 plex
2574 1250 2863 1313 absolute
2902 1251 3332 1330 considerata3
3365 1259 3427 1313 et
3458 1251 3589 1314 haec
3627 1269 3893 1333 quoque

2388 1357 2530 1430 eget
2560 1348 2871 1430 subjecto,
2904 1368 2981 1413 eo
3011 1350 3181 1433 quod
3220 1349 3483 1434 physice
3520 1369 3711 1431 agens
3752 1368 3889 1413 non

2388 1456 2530 1528 agat
2580 1448 2703 1511 nisi
2754 1448 3043 1529 subjecta
3090 1448 3215 1510 sibi
3268 1449 3532 1512 materia
3580 1449 3646 1510 in
3688 1467 3889 1530 quam

2387 1553 2545 1627 agat.
2598 1546 2737 1609 Alia
2793 1555 2890 1609 est
2933 1545 3014 1608 ab
3062 1547 3286 1629 agente
3346 1546 3555 1629 primo
3614 1546 3893 1611 infinitae

2390 1644 2665 1718 virtutiS,
2698 1644 2883 1725 cujus
2918 1645 3361 1708 transmutatio
3398 1653 3503 1708 est
3528 1645 3666 1707 sine
3706 1652 3889 1708 motu

2390 1751 2453 1804 et
2502 1742 2936 1818 indivisibilis,
2978 1743 3043 1805 in
3087 1763 3215 1826 qua
3260 1743 3422 1806 nihil
3465 1751 3561 1805 est
3607 1743 3730 1806 nisi
3776 1763 3893 1806 ex-

782 1845 894 1908 sed
932 1843 1332 1926 operationes
1371 1844 1562 1906 etiam
1605 1841 1944 1915 naturales,
1980 1841 2279 1904 videlicet
2306 1839 2353 1902 B
2392 1841 2679 1903 sistentia
2722 1841 2915 1922 hujus
2955 1861 3033 1904 ex
3074 1842 3206 1916 illo,
3240 1850 3304 1904 et
3341 1850 3485 1925 post
3516 1861 3653 1906 esse
3694 1861 3891 1905 suum

781 1942 1070 2016 nuti-itin,
1105 1941 1449 2023 generatio,
1483 1941 1828 2023 corruptio,
1852 1939 2105 2003 videtur
2133 1939 2279 2001 sub-

783 2041 1014 2104 stantia
1052 2041 1236 2123 panis
1279 2039 1370 2102 ibi
1415 2058 1689 2102 manere.
1724 2039 1966 2121 Nempe
2011 2037 2280 2100 incredi-

785 2138 912 2201 bile
959 2156 1218 2220 prorsus
1256 2137 1530 2212 videtur,
1564 2137 1733 2218 quod
1778 2136 2132 2198 substantia
2169 2135 2280 2197 ali-

786 2255 911 2319 qua
941 2237 1091 2299 solis
1121 2235 1560 2298 accidentibus
1591 2235 1928 2309 nutriatur,
1951 2242 2278 2315 augeatur,

781 2344 894 2398 aut
954 2353 1032 2399 ex
1092 2332 1592 2397 accidentalibus
1655 2332 1876 2395 formis
1942 2339 2282 2413 generetur

783 2433 1138 2497 substantia
1179 2452 1193 2496 ε
1235 2451 1378 2515 quae
1421 2439 1632 2495 tamen
1674 2431 1890 2493 omnia
1936 2450 2014 2494 ex
2055 2429 2281 2494 hostiis

783 2532 1167 2596 consecratis
1210 2548 1396 2614 posse
1439 2529 1585 2593 fieri
1627 2538 1994 2593 cernuntur.

863 2632 1026 2695 Ecce
1071 2630 1335 2694 materia
1386 2629 1504 2693 ista
1547 2628 2042 2692 difficultatibus
2091 2627 2283 2710 plena

783 2736 898 2804 est,
949 2728 1026 2791 ad
1085 2747 1242 2811 quas
1301 2727 1660 2790 successive
1716 2745 1790 2789 ac
1840 2727 2136 2788 distincte
2184 2734 2279 2789 est

782 2827 1317 2910 respondendum.

2390 1938 2807 2002 substantiale
2839 1957 2853 2002 :
2890 1940 3032 2004 ideo
3076 1941 3138 2002 in
3178 1959 3253 2003 ea
3292 1958 3417 2004 non
3455 1949 3705 2023 oportet
3734 1941 3894 2003 sub-

2386 2038 2501 2119 jici
2548 2039 2875 2100 materiam
2920 2038 3225 2120 aliquam,
3256 2047 3323 2100 et
3360 2056 3488 2101 non
3530 2038 3721 2102 habet
3758 2039 3893 2102 nisi

2392 2139 2717 2211 terminos,
2764 2156 2889 2201 non
2932 2143 3147 2199 autem
3194 2137 3557 2218 subjectum
3600 2156 3897 2201 commu-

2392 2254 2494 2309 ne,
2546 2236 2715 2317 quod
2769 2235 2833 2297 in
2888 2235 3413 2297 transmutatione
3468 2236 3739 2298 naturali
3790 2245 3895 2299 est

2390 2334 2669 2396 tertium.

2470 2433 2538 2494 In
2598 2432 2717 2495 hac
2768 2439 2983 2494 autem
3039 2431 3455 2495 conversione
3514 2453 3626 2496 seu
3684 2439 3898 2494 trans-

2391 2530 2921 2593 substantiatione
2960 2548 3086 2593 non
3126 2538 3223 2592 est
3256 2531 3524 2594 mutatio
3556 2531 3769 2613 aliqua
3808 2531 3899 2594 de

2390 2649 2517 2710 qua
2546 2628 2910 2711 philosophi
2942 2629 3070 2691 sint
3098 2629 3311 2692 locuti.
3345 2629 3644 2704 Quamvis
3671 2637 3897 2692 autem

2389 2727 3012 2791 transsubstantiatio
3050 2737 3499 2810 praesupponat
3530 2728 3773 2812 aliquid
3808 2749 3899 2792 ex

2390 2843 2517 2907 quo
2574 2832 2671 2888 est
2717 2843 2832 2888 seu
2888 2824 2966 2887 fit
3014 2825 3635 2890 transsubstantiatio
3676 2827 3903 2908 (aliter

2392 2941 2517 2986 non
2566 2931 2733 2986 esset
2779 2924 3269 3004 transmutatio),
3320 2942 3446 2987 non
3504 2932 3717 2987 tamen
3766 2926 3902 2990 hoc

863 3025 1080 3106 ltaque
1107 3021 1405 3086 Albertus
1433 3022 1512 3085 ad
1543 3021 1728 3084 istam
1762 3021 2184 3104 respondens:
2208 3022 2277 3083 In
2309 3021 2353 3084 C
2393 3029 2697 3085 remanet.
2758 3022 2915 3084 Nam
2977 3023 3142 3085 sicut
3194 3023 3364 3085 actui
3424 3023 3763 3087 creationis
3828 3025 3901 3087 in

782 3126 903 3187 hoc
941 3122 1206 3206 (inquit)
1244 3129 1638 3185 sacramento
1678 3129 1776 3183 est
1812 3121 2276 3196 transmutatio,

783 3243 924 3306 quae
961 3221 1216 3304 proprie
1247 3219 1866 3283 transsubstantiatio
1899 3220 2277 3301 appellatur,

783 3340 859 3384 eo
889 3321 1058 3402 quod
1096 3328 1195 3383 est
1223 3338 1260 3381 a
1286 3326 1416 3381 tota
1455 3318 1809 3380 substantia
1849 3318 1940 3381 rei
1983 3318 2175 3381 unius
2216 3319 2282 3380 in

782 3427 978 3482 totam
1031 3416 1448 3480 substantiam
1511 3416 1600 3478 rei
1658 3416 1941 3490 alterius,
1993 3416 2114 3479 hoc
2160 3424 2277 3491 est,

781 3538 817 3579 a
863 3524 992 3579 tota
1040 3515 1394 3579 substantia
1440 3514 1623 3596 panis
1673 3523 1736 3576 et
1785 3514 1919 3576 vini
1971 3514 2036 3576 in
2085 3521 2279 3577 totam

781 3614 1200 3678 substantiam
1267 3611 1552 3695 corporis
1618 3620 1683 3674 et
1743 3612 2072 3693 sanguinis
2133 3614 2279 3675 Jesu

781 3713 1013 3779 Christi
1058 3719 1368 3794 quantum
1413 3711 1492 3774 ad
1533 3711 1805 3774 sormam
1852 3718 2042 3794 atque
2087 3720 2281 3774 mate-

781 3814 964 3885 riam,
999 3820 1064 3873 et
1102 3810 1338 3873 desinit
1377 3817 1578 3873 totum
1627 3809 2053 3891 compositum
2099 3811 2282 3892 panis

782 3917 847 3973 et
889 3910 1021 3973 vini
1066 3916 1378 3991 quantum
1428 3908 1505 3969 ad
1554 3907 2016 3981 substantialia,
2059 3916 2283 3991 estque

784 4008 1025 4071 ibidem
1055 4013 1224 4070 totus
1256 4006 1542 4069 Christus
1581 4014 1892 4089 quantum
1932 4007 2011 4067 ad
2051 4025 2282 4088 corpus

785 4114 849 4170 et
894 4106 1194 4169 animam.
1241 4105 1310 4166 ln
1357 4103 1534 4166 omni
1588 4111 1801 4166 autem
1852 4106 2283 4167 transmutati-

2392 3130 2701 3204 quantum
2732 3120 2898 3185 actio
2926 3130 3023 3184 est
3055 3121 3245 3205 primi
3274 3123 3715 3204 agentiS,nihil
3746 3123 3906 3187 sub-

2390 3220 2613 3301 jicitur
2658 3228 2726 3281 ut
2771 3219 3159 3302 subjectum,
3194 3221 3286 3283 sic
3338 3214 3901 3286 transsubstantia-

2393 3318 2551 3382 tioni
2602 3318 2764 3380 nihil
2816 3318 3160 3399 subjicitur
3207 3327 3278 3381 ut
3323 3319 3707 3402 subjectum.
3762 3322 3900 3384 Dif-

2392 3417 2606 3479 ferunt
2634 3424 2849 3479 autem
2880 3435 3077 3498 penes
3107 3418 3453 3480 terminum
3483 3438 3520 3480 a
3550 3436 3677 3502 quo
3702 3439 3715 3483 :
3740 3421 3901 3501 quia

2394 3515 2461 3575 in
2501 3514 2819 3577 creatione
2861 3515 3174 3577 terminus
3206 3533 3244 3576 a
3273 3533 3421 3596 quo,
3454 3524 3553 3578 est
3590 3515 3790 3595 nihil;
3826 3518 3897 3580 in

2393 3612 3094 3676 transsubstantiatione
3125 3631 3276 3676 vero
3316 3614 3627 3677 terminus
3664 3635 3700 3677 a
3738 3635 3895 3698 quo,

2393 3719 2490 3773 est
2528 3731 2659 3773 enS.
2695 3712 2853 3775 Hinc
2893 3712 3511 3775 transsubstantiatio
3555 3722 3653 3776 est
3692 3714 3897 3777 alicu-

2388 3811 2494 3891 jus
2534 3830 2571 3873 a
2609 3828 2757 3892 quo,
2792 3828 2919 3874 non
2956 3810 3231 3893 alicujus
3271 3810 3336 3872 in
3374 3830 3523 3893 quo.
3562 3812 3635 3874 Et
3672 3832 3897 3895 quam-

2391 3909 2488 3971 vis
2518 3908 2603 3971 sit
2632 3909 2898 3972 mutatio
2920 3927 2957 3971 a
2979 3916 3107 3971 tota
3138 3909 3508 3983 substantia,
3524 3928 3651 3973 non
3678 3918 3893 3975 tamen

2391 4013 2487 4069 est
2537 4007 2599 4069 in
2649 4007 2834 4080 nihil,
2888 4026 3005 4069 nec
3055 4015 3269 4070 manet
3317 4008 3407 4071 ibi
3454 4008 3893 4073 substantialis

2392 4105 2596 4169 forma
2637 4106 2839 4187 ipsius
2878 4106 3083 4187 paniS‚
3118 4126 3237 4168 nec
3268 4106 3893 4173 transsubstantiatio

784 4224 905 4269 one
955 4220 1215 4267 necesse
1261 4208 1358 4263 est
1403 4199 1623 4263 haberi
1671 4209 1974 4275 extrema,
2017 4220 2143 4265 non
2194 4210 2281 4264 ta-
2312 4204 2363 4266 1)
2395 4204 2513 4267 ista
2572 4204 2727 4266 dicit
2786 4205 3205 4267 mutationem
3268 4205 3463 4267 ullam
3530 4206 3594 4267 in
3656 4208 3891 4271 Christi

787 4322 933 4366 men
965 4307 1214 4383 oportet
1237 4299 1302 4361 in
1332 4298 1508 4362 omni
1540 4300 2065 4362 transmutatione
2094 4300 2283 4363 habe-

786 4401 840 4463 ri
871 4398 1253 4479 subjectum.
1280 4398 1356 4459 Et
1385 4405 1481 4459 cst
1511 4396 1810 4458 instantia
1841 4397 1903 4458 in
1938 4400 2277 4474 creatione,

785 4499 937 4582 quia
965 4515 1092 4561 non
1123 4505 1220 4559 est
1245 4514 1394 4560 vere
1421 4513 1496 4557 ac
1528 4495 1782 4577 proprie
1813 4499 2274 4562 transmutatio.

784 4595 1249 4662 Transmutatio
1305 4612 1582 4675 namque
1645 4594 1901 4675 proprie
1957 4595 2280 4676 significat

780 4696 925 4759 fieri
977 4694 1091 4767 rei,
1141 4701 1205 4756 et
1251 4692 1495 4755 exitum
1552 4692 1693 4773 ejus
1729 4692 1820 4755 de
1869 4694 2153 4774 potentia
2211 4696 2275 4756 in

778 4804 1011 4859 actum.
1056 4794 1261 4867 Quum
1313 4797 1526 4854 autem
1579 4809 1678 4853 res
1728 4799 1826 4853 est
1875 4792 1940 4853 in
1991 4792 2166 4854 exitu
2215 4803 2278 4855 et

776 4893 1046 4957 transitu
1090 4891 1222 4965 illo,
1257 4908 1384 4953 non
1425 4897 1521 4953 est
1561 4888 1681 4952 sub
1722 4889 1925 4953 forma
1954 4910 1989 4953 a
2018 4909 2145 4972 qua
2182 4900 2279 4954 est

775 4991 1243 5063 transmutatio,
1289 5008 1497 5070 neque
1541 4988 1661 5051 sub
1706 4988 1912 5052 forma
1955 4990 2034 5051 ad
2082 5009 2275 5072 quam

776 5093 900 5155 nisi
955 5092 1020 5153 in
1071 5088 1352 5173 potentia
1398 5095 1668 5161 tantum,
1721 5096 1786 5150 et
1833 5090 2277 5153 transmutatio

775 5198 955 5253 actus
983 5197 1080 5252 est
1110 5185 1526 5269 imperfectus
1557 5204 1630 5248 ac
1660 5185 2016 5267 permixtus
2057 5194 2275 5269 poten-

777 5289 900 5352 tiae.
934 5288 1095 5350 Hinc
1125 5287 1249 5349 tale
1279 5285 1422 5347 ficri
1463 5301 1589 5346 non
1625 5292 1720 5346 est
1749 5284 1886 5347 sine
1923 5294 2122 5359 motu,
2158 5306 2274 5349 nec

2393 4320 2679 4385 corpore,
2712 4304 2823 4365 sed
2870 4303 2933 4365 in
2981 4322 3163 4384 pane.
3197 4338 3279 4349 —-
3316 4304 3601 4386 Denique
3648 4306 3713 4367 in
3760 4326 3891 4369 ma-

2392 4402 2550 4464 teria
2598 4401 2738 4475 ista,
2787 4402 2953 4464 sicut
3003 4402 3065 4463 in
3117 4401 3378 4464 materia
3426 4403 3503 4464 de
3553 4404 3893 4485 superbea-

2390 4500 2638 4563 tissima
2700 4500 3025 4573 Trinitate,
3090 4518 3219 4563 non
3284 4506 3433 4562 sunt
3494 4500 3891 4566 sufficientia

2388 4597 2583 4661 verba
2621 4617 2763 4680 quae
2800 4600 3163 4681 exprimant
3202 4600 3462 4663 modum
3499 4602 3891 4683 operationis

2388 4696 2642 4770 divinae‚
2704 4697 2813 4758 sed
2872 4696 3284 4761 balbutiendo
3344 4715 3713 4761 resonamus
3773 4719 3895 4782 pro

2390 4812 2573 4876 posse
2619 4794 2729 4856 Dei
2772 4794 3040 4857 excelsa.
3088 4795 3162 4857 Et
3205 4804 3359 4877 puto
3399 4797 3569 4878 quod
3620 4800 3893 4863 mutatio

2389 4891 2506 4953 ista
2539 4891 2753 4954 verius
2792 4892 3413 4956 transsubstantiatio
3453 4905 3889 4978 nuncupetur,

2386 4990 2553 5053 sicut
2583 4998 2647 5052 et
2674 4990 2935 5072 quidam
2974 4992 3219 5073 antiqui
3259 4992 3577 5056 dixerunt.
3614 5031 3696 5040 —
3724 4996 3889 5060 Hinc

2387 5090 2783 5152 instantanea
2822 5098 2940 5163 est,
2971 5090 3051 5152 ab
3096 5090 3348 5154 infinita
3382 5093 3493 5155 Dei
3536 5096 3887 5175 procedens

2387 5187 2687 5270 potentia,
2712 5187 2816 5249 cui
2848 5189 3153 5270 competit
3181 5208 3367 5270 agere
3400 5190 3463 5253 in
3496 5191 3791 5271 instanti3
3824 5204 3889 5257 et

2386 5287 2742 5370 completur
2802 5286 2862 5347 in
2916 5287 3047 5349 fine
3097 5289 3466 5370 prolationis
3513 5292 3881 5369 verborum,
