4267 6250
20 7 46 308 '--'

1080 502 1161 549 na
1201 502 1647 561 mutuamus,
1686 502 1829 559 omn
1871 500 2027 561 sm,
2068 500 2144 547 m·
2183 502 2346 549 uuna
2387 500 2593 561 mm,
2633 500 2761 549 arc.
3193 476 3200 483 ’
3350 482 3472 547 553

367 672 583 755 doque
613 673 1031 755 quadraginta
1061 674 1219 750 dies,
1253 682 1442 757 prout
1468 674 1634 757 Papa
1663 672 1871 736 indul·
1901 671 1954 734 A
1983 678 2296 754 quantum
2355 672 2434 735 de
2490 671 2707 735 debita
2762 688 2950 754 poena
3006 670 3318 751 remittat3
3363 670 3473 734 sed

364 771 651 853 gentiam
702 771 943 835 faciens
992 773 1268 837 voluerit
1314 773 1522 836 facere
1577 772 1865 854 gratiam.

364 870 517 933 Ideo
562 871 884 952 quantitas
934 870 1328 934 remissionis
1378 889 1506 934 non
1551 879 1647 933 est
1694 888 1868 933 men-

364 969 646 1031 suranda
693 988 771 1032 ex
830 987 1021 1032 causa
1066 989 1208 1052 quae
1266 969 1420 1032 facit
1476 967 1871 1049 indulgentia

366 1068 659 1149 dignum.

438 1167 601 1229 Hinc
624 1166 811 1229 aliter
833 1166 1195 1241 dicendum,
1212 1167 1381 1249 quod
1411 1166 1658 1229 scilicet
1680 1184 1871 1249 quan-

368 1264 517 1328 titas
577 1264 851 1328 effectus
912 1266 1203 1347 sequitur
1258 1264 1677 1348 quantitatem
1738 1284 1867 1327 suae

370 1382 598 1427 causae.
635 1364 837 1427 Causa
871 1372 1083 1427 autem
1122 1364 1518 1427 remissionis
1558 1382 1761 1445 poenae
1800 1363 1867 1425 in

370 1460 813 1543 indulgentiiS,
850 1479 978 1525 non
1018 1469 1113 1525 est
1145 1461 1271 1525 nisi
1308 1461 1697 1524 abundantia
1740 1481 1867 1523 me-

371 1560 643 1622 ritorum
686 1559 1006 1633 Ecclesiae,
1040 1580 1182 1642 quae
1220 1560 1621 1623 sufficienter
1658 1578 1725 1622 se
1757 1560 1865 1621 ha-

370 1658 481 1721 bet
516 1657 599 1720 ad
636 1666 832 1721 totam
872 1676 1126 1740 poenam
1157 1658 1568 1740 expiandam3
1600 1675 1727 1720 non
1758 1675 1865 1719 au-

369 1765 501 1820 tern
525 1776 717 1820 causa
746 1756 1043 1820 effectiva
1074 1756 1467 1819 remissionis
1498 1764 1596 1819 est
1618 1756 1869 1819 devotio

1980 777 2229 833 tantum
2270 769 2634 845 dimittitur,
2675 777 2986 852 quantum
3027 769 3193 832 Deus
3231 768 3480 832 ordina·

1980 870 2088 931 vit.
2105 869 2294 932 Porro
2324 868 2520 933 clavis
2547 868 3014 951 jurisdictionis
3044 886 3173 931 non
3202 875 3299 931 est
3326 867 3477 949 quid

1978 968 2536 1041 sacramentale,et
2567 968 2711 1031 ideo
2740 966 2880 1049 ejus
2909 966 3183 1030 effectus
3213 965 3479 1029 arbitrio

1978 1063 2271 1146 subjacet
2297 1065 2612 1146 hominis3
2644 1073 2709 1128 et
2738 1066 2932 1147 hujus
2972 1065 3168 1128 clavis
3205 1064 3478 1128 effectus

1978 1170 2075 1226 est
2136 1162 2430 1226 remissio
2491 1181 2634 1245 quae
2699 1170 2794 1226 est
2854 1182 2967 1247 per
3025 1162 3473 1244 indulgentiaS‚

1980 1280 2180 1343 quum
2210 1262 2353 1324 talis
2391 1262 2686 1325 remissio
2724 1280 2851 1325 non
2893 1263 3211 1345 pertineat
3237 1263 3315 1325 ad
3353 1262 3477 1325 dis-

1980 1360 2418 1443 pensationem
2453 1369 3019 1437 sacramentorum,
3053 1362 3164 1424 sed
3196 1378 3476 1424 commu-

1977 1459 2158 1522 nium
2197 1459 2509 1523 bonorum
2553 1461 2872 1524 Ecclesiae.
2906 1461 3081 1525 Unde
3120 1460 3309 1543 legati
3347 1478 3474 1523 non

1976 1558 2357 1631 sacerdoteS,
2429 1559 2857 1641 indulgentias
2927 1558 3137 1623 facere
3207 1565 3469 1641 queunt.

1974 1655 2135 1718 Hinc
2184 1656 2251 1718 in
2299 1656 2564 1720 arbitrio
2622 1658 2831 1720 dantis
2881 1657 3328 1739 indulgentiaS,
3379 1664 3477 1719 est

1974 1758 2188 1816 taxare
2236 1762 2545 1836 quantum
2598 1755 2674 1817 de
2722 1774 2913 1837 poena
2969 1774 3083 1837 per
3142 1755 3474 1835 indulgen-

366 1861 476 1917 aut
508 1855 688 1918 labor
714 1863 825 1918 aut
853 1855 1073 1917 datum
1112 1854 1501 1937 recipientis,
1534 1862 1646 1916 aut
1677 1872 1865 1916 causa
1900 1854 1949 1917 B
1976 1850 2131 1914 tiam
2175 1852 2552 1915 remittatur.
2587 1853 3038 1916 Verumtamen
3075 1854 3129 1916 si
3161 1852 3477 1916 inordina-

370 1972 487 2035 pro
526 1972 655 2035 qua
689 1952 771 2015 fit
808 1952 1221 2034 indulgentia.
1256 1952 1416 2015 Hinc
1452 1970 1578 2015 non
1618 1959 1867 2035 oportet

368 2052 447 2115 ad
486 2052 734 2134 aliquid
772 2052 1001 2115 horum
1042 2051 1521 2134 proportionare
1552 2051 1863 2134 quantita-

366 2158 499 2214 tem
540 2150 959 2224 remissionis,
996 2152 1107 2213 sed
1149 2150 1228 2213 ad
1278 2150 1505 2212 merita
1544 2149 1861 2222 Ecclesiae,

368 2268 513 2331 quae
553 2267 810 2330 semper
852 2248 1389 2330 superabundant.
1423 2247 1599 2311 Unde
1642 2265 1865 2310 secun-

368 2348 523 2409 dum
575 2346 745 2430 quod
795 2346 1202 2429 applicantur
1249 2347 1327 2409 ad
1378 2346 1595 2419 istum,
1642 2363 1865 2409 secun-

369 2446 523 2509 dum
556 2446 679 2508 hoc
708 2444 1149 2508 remissionem
1180 2444 1608 2527 consequitur.
1623 2444 1717 2507 Ad
1745 2443 1867 2507 hoc

368 2553 585 2608 autem
645 2543 814 2626 quod
871 2542 1275 2625 applicentur
1332 2542 1460 2617 isti,
1524 2542 1869 2624 requiritur

368 2640 711 2704 auctoritas
760 2640 1170 2723 dispensandi
1219 2639 1411 2703 istum
1463 2640 1865 2718 thesaurum3

370 2739 525 2802 unio
554 2756 809 2821 quoque
842 2738 983 2820 ejus
1014 2738 1118 2801 cui
1152 2738 1577 2821 dispensatur,
1609 2738 1686 2801 ad
1718 2756 1865 2800 eum

370 2836 481 2920 qui
516 2836 902 2912 merebatur,
938 2837 1105 2919 quod
1138 2844 1235 2899 est
1264 2855 1379 2918 per
1406 2836 1763 2916 caritatem3
1794 2854 1869 2897 ac

370 2935 531 2998 ratio
572 2934 1009 3017 dispensandi,
1042 2934 1394 2997 secundum
1437 2954 1629 3017 quam
1672 2934 1870 2997 salve-

1977 1956 2040 2011 te
2089 1949 2386 2025 dimittat,
2430 1950 2516 2013 ita
2563 1952 2732 2033 quod
2782 1950 3075 2014 homines
3125 1950 3307 2033 quasi
3360 1969 3476 2033 pro

1980 2048 2184 2111 nihilo
2241 2048 2322 2111 ab
2367 2049 2671 2131 operibus
2729 2048 3120 2132 poenitentiae
3175 2066 3474 2111 revocen-

1979 2153 2107 2220 tur,
2141 2154 2392 2229 peccat3
2424 2146 2628 2211 nihilo
2665 2148 2876 2211 minus
2915 2147 3108 2212 homo
3147 2148 3475 2229 indulgen-

1980 2246 2135 2307 tiam
2180 2244 2432 2327 plenam
2480 2246 2909 2328 consequitur.

2059 2343 2134 2404 Et
2162 2343 2217 2405 si
2248 2342 2612 2424 objiciatur,
2644 2346 2815 2426 quod
2843 2351 2999 2407 tunc
3037 2344 3249 2427 potius
3289 2364 3476 2428 expe-

1978 2441 2144 2505 diret
2165 2460 2282 2524 pro
2312 2442 2721 2523 indulgentiis
2751 2443 2902 2505 hinc
2927 2444 3072 2507 inde
3097 2444 3471 2518 discurrere,

1979 2548 2042 2603 et
2085 2540 2267 2622 juxta
2323 2539 2625 2603 ecclesias
2683 2542 3062 2604 commorari
3122 2542 3189 2604 in
3238 2541 3475 2623 quibus

1978 2639 2251 2721 copiosae
2315 2658 2429 2701 seu
2500 2638 2706 2721 plenae
2775 2638 3184 2721 indulgentiae
3253 2641 3476 2722 positae

1980 2744 2150 2811 sunt,
2192 2756 2382 2818 quam
2431 2737 2709 2801 residere
2751 2738 2816 2800 in
2862 2738 3205 2801 solitudine
3254 2746 3363 2801 aut
3408 2739 3475 2802 in

1980 2835 2291 2914 claustro;
2351 2836 2889 2918 respondendum,
2951 2836 3124 2919 quod
3181 2838 3474 2918 quamvis

1980 2932 2394 3014 indulgentiae
2437 2933 2712 2996 multum
2753 2934 3006 2997 valeant
3042 2935 3119 2997 ad
3162 2936 3477 2999 remissio-

368 3041 473 3095 tur
526 3033 784 3095 illorum
833 3032 1103 3095 intentio
1151 3034 1262 3115 qui
1312 3032 1635 3095 meritoria
1677 3051 1869 3115 opera
1901 3034 1945 3099 C
1980 3049 2127 3093 nem
2159 3049 2385 3113 poenae,
2419 3038 2699 3095 attamen
2730 3032 2855 3096 alia
2881 3051 3075 3115 opera
3104 3032 3478 3096 satisfactio·

370 3141 776 3215 peregerunt,
812 3138 877 3194 et
918 3132 1039 3196 hoc
1072 3133 1149 3194 ad
1193 3133 1445 3195 laudem
1480 3132 1591 3194 Dei
1632 3152 1705 3195 ac
1750 3133 1868 3195 uti-

369 3232 617 3294 litatem
648 3229 945 3294 Ecclesiae
985 3230 1051 3293 in
1088 3230 1388 3312 generali.
1422 3230 1665 3294 Idcirco
1703 3250 1868 3313 quae-

370 3347 651 3410 cumque
700 3346 890 3390 causa
948 3328 1032 3390 sit
1078 3347 1219 3410 quae
1270 3329 1337 3391 in
1389 3328 1499 3392 Dei
1557 3329 1865 3392 honorem

366 3435 561 3509 atque
590 3425 889 3490 Ecclesiae
919 3434 1135 3508 vergat
1164 3426 1518 3500 utilitatem,
1534 3426 1865 3489 sufficiens

368 3526 533 3588 ratio
570 3532 667 3586 est
706 3524 1133 3606 indulgentias
1175 3524 1471 3588 faciendi.
1505 3524 1861 3607 Propterea,

369 3623 729 3687 secundum
766 3621 923 3684 alios
964 3622 1343 3705 simpliciter
1372 3623 1713 3685 dicendum
1746 3630 1862 3697 est,

370 3721 545 3805 quod
578 3720 990 3802 indulgentiae
1018 3728 1265 3783 tantum
1296 3720 1509 3784 valent
1535 3721 1704 3783 sicut
1731 3739 1868 3803 pro-

368 3817 751 3882 nuntiantur
778 3817 1371 3892 valere,dummodo
1399 3838 1476 3882 ex
1509 3826 1686 3900 parte
1716 3819 1865 3881 dan-

368 3917 450 3979 tis
501 3915 585 3978 sit
626 3915 987 3991 auctoritas,
1038 3924 1101 3978 et
1148 3935 1225 3979 ex
1275 3925 1452 3998 parte
1499 3917 1865 3999 recipientis

370 4014 625 4088 caritas,
686 4020 751 4075 et
807 4030 884 4076 ex
943 4021 1119 4095 parte
1177 4032 1383 4078 causae
1440 4015 1664 4097 pietaS‚
1725 4034 1865 4097 quae

370 4110 861 4194 comprehendit
916 4110 1027 4173 Dei
1085 4111 1392 4175 honorem
1451 4120 1517 4175 et
1570 4111 1865 4176 Ecclesiae

1978 3131 2078 3192 nis
2110 3130 2311 3211 magis
2345 3139 2494 3193 sunt
2525 3133 2850 3196 meritoria
2891 3140 3183 3215 respectu
3225 3133 3473 3216 praemii

1976 3228 2334 3292 essentialis
2370 3246 2384 3290 :
2417 3231 2588 3311 quod
2627 3230 2694 3292 in
2735 3230 3062 3293 infinitum
3109 3232 3340 3294 melius
3379 3240 3476 3294 est

1977 3346 2170 3408 quam
2203 3326 2497 3389 dimissio
2528 3345 2732 3409 poenae
2761 3328 3148 3409 temporalis
3168 3330 3470 3404 —Quum

1977 3443 2128 3488 vero
2177 3425 2364 3487 datur
2411 3425 2806 3506 indulgentia
2854 3425 3356 3501 indeterminate,
3405 3435 3475 3489 ut

1977 3524 2088 3606 qui
2119 3524 2226 3586 dat
2254 3521 2562 3586 auxilium
2594 3523 2672 3586 ad
2704 3522 3011 3586 fabricam
3041 3524 3350 3600 ecclesiae,
3383 3526 3475 3588 in-

1978 3621 2394 3702 telligendum
2434 3628 2531 3684 est
2573 3621 2652 3685 de
2699 3621 2938 3685 auxilio
2983 3631 3370 3704 congruente
3412 3624 3473 3686 ei

1979 3719 2089 3800 qui
2118 3718 2254 3796 dat3
2277 3725 2340 3780 et
2369 3720 2722 3782 secundum
2753 3721 2922 3802 quod
2948 3722 3194 3785 accedit
3221 3722 3298 3785 ad
3330 3723 3468 3796 hoc,

1978 3816 2330 3879 secundum
2378 3817 2498 3880 hoc
2542 3817 2686 3900 plus
2735 3827 2848 3880 aut
2887 3819 3099 3882 minus
3141 3820 3218 3884 de
3263 3821 3472 3883 indul-

1974 3913 2190 3994 gentia
2235 3912 2496 3976 obtinet.
2549 3915 2724 3979 Unde
2777 3935 3020 3999 pauper
3067 3918 3220 3981 dans
3268 3939 3470 3982 unum

1976 4011 2183 4073 solum
2236 4012 2590 4087 denarium,
2633 4015 3048 4097 consequitur
3093 4017 3472 4098 indulgenti-

1976 4127 2081 4171 am
2128 4117 2366 4190 totam3
2417 4127 2544 4172 non
2595 4119 2808 4174 autem
2859 4112 3057 4187 dives,
3098 4131 3291 4195 quem
3342 4133 3471 4178 non

370 4208 731 4271 utilitatem.
766 4207 895 4271 Nec
940 4208 1007 4270 in
1046 4209 1167 4272 hoc
1211 4209 1288 4271 rit
1326 4209 1519 4272 nimis
1566 4229 1864 4292 magnum
1895 4212 1946 4275 D
1977 4207 2162 4271 decet
2207 4209 2284 4272 ad
2333 4226 2494 4291 opus
2541 4216 2670 4271 tam
2731 4209 2913 4292 pium
2960 4219 3026 4273 et
3069 4211 3470 4276 fructuosum

370 4307 584 4372 forum
631 4307 709 4369 de
753 4307 1193 4371 misericordia
1235 4309 1369 4383 Dei,
1404 4316 1475 4371 ut
1514 4308 1711 4392 aliqui
1756 4308 1865 4372 ob-

367 4404 625 4486 jiciunt,
677 4424 795 4469 nec
852 4405 1087 4470 divinae
1142 4407 1479 4489 derogatur
1534 4407 1795 4489 justitiae
1847 4426 1861 4471 :

371 4503 525 4586 quia
572 4503 665 4565 nil
704 4503 783 4566 de
822 4512 1083 4587 peccato
1126 4505 1489 4580 dimittitur,
1522 4506 1633 4568 sed
1675 4506 1865 4568 unius

373 4620 563 4684 poena
602 4600 784 4665 alteri
828 4609 1251 4685 computatur.
1486 4597 1494 4603 ’

450 4699 757 4764 Praeterea
798 4702 1281 4777 advertendum,
1323 4702 1494 4784 quod
1536 4702 1732 4766 clavis
1770 4709 1867 4766 est

371 4799 631 4882 duplex,
674 4797 973 4863 videlicet
1015 4800 1211 4863 clavis
1254 4801 1517 4874 ordiniS,
1559 4809 1625 4864 et
1670 4801 1865 4864 clavis

364 4896 852 4979 jurisdictionis
887 4897 1093 4961 Clavis
1123 4917 1275 4962 vero
1314 4897 1553 4962 ordinis
1587 4907 1683 4962 est
1711 4900 1865 4982 quid

367 4995 840 5058 sacramentale.
859 4995 1190 5078 Quumque
1218 5004 1752 5060 sacramentorum
1784 4998 1869 5061 ef-

369 5093 579 5157 fectus
636 5110 763 5156 non
822 5093 953 5156 sint
998 5095 1402 5172 determinati
1451 5096 1531 5157 ab
1580 5096 1862 5172 homine,

369 5193 480 5256 sed
509 5212 549 5254 a
578 5192 738 5271 Deo;
770 5191 1009 5256 idcirco
1038 5212 1163 5257 non
1195 5200 1402 5275 potest
1430 5194 1721 5257 sacerdos
1752 5215 1867 5278 per

372 5290 617 5353 clavem
658 5289 901 5353 ordinis
937 5298 1149 5354 taxare
1190 5291 1252 5353 in
1289 5289 1427 5354 foro
1458 5293 1862 5357 conscientiae

1977 4308 2127 4371 dare
2158 4314 2286 4371 tam
2320 4327 2546 4391 parum
2583 4327 2597 4370 :
2633 4309 3171 4391 quemadmodum
3204 4330 3311 4374 rex
3342 4330 3471 4375 non

1978 4406 2297 4469 diceretur
2323 4406 2515 4469 alicui
2545 4407 2789 4471 homini
2821 4408 3132 4472 auxilium
3162 4408 3393 4486 facere,
3417 4411 3471 4474 si

1978 4504 2037 4566 ei
2083 4505 2261 4567 daret
2305 4511 2552 4568 tantum
2602 4506 2860 4569 obolum
2912 4527 3132 4570 unum.
3170 4543 3251 4554 ——
3285 4509 3473 4571 Deni-

1978 4621 2102 4685 que
2152 4603 2347 4665 vicini
2396 4612 2458 4665 et
2507 4605 2783 4668 ministri
2843 4607 3129 4670 ecclesiae
3177 4625 3317 4670 eam
3375 4608 3467 4670 in-

1978 4708 2237 4776 tranteS‚
2291 4701 2574 4783 quotidie
2634 4710 2882 4765 tantum
2939 4704 3017 4766 de
3075 4704 3469 4786 indulgentia

1976 4807 2476 4881 consequuntur,
2509 4799 2678 4862 sicut
2705 4799 3033 4864 venientes
3063 4821 3100 4863 a
3133 4801 3308 4865 mille
3337 4803 3467 4867 die-

1977 4898 2057 4960 tis
2100 4915 2113 4960 :
2157 4898 2458 4980 quoniam
2509 4897 2902 4978 indulgentia
2950 4917 3076 4962 non
3120 4902 3470 4983 proportio-

1975 5004 2164 5059 natur
2208 4995 2430 5071 labori,
2463 4997 2571 5060 sed
2616 4997 2860 5060 meritis
2909 5017 3051 5080 quae
3098 4998 3470 5082 dispensan-

1973 5104 2095 5158 tur.
2130 5094 2345 5159 Nihilo
2377 5096 2588 5157 minus
2618 5096 2728 5178 qui
2767 5095 2913 5178 plus
2955 5097 3288 5171 laboraret,
3323 5099 3467 5180 plus

1972 5194 2334 5277 acquireret
2381 5194 2459 5256 de
2509 5195 2753 5258 merito.
2810 5195 2887 5257 Et
2933 5196 3055 5259 hoc
3113 5196 3470 5278 intelligen-

1974 5294 2127 5356 dum
2176 5300 2292 5368 est,
2340 5293 2592 5376 quando
2651 5293 3015 5356 indistincte
3075 5295 3467 5378 indulgentia
