4267 6250
882 469 1002 533 462

1508 488 1573 535 m
1612 488 1834 535 Lutum(
1874 488 1937 534 lv
1979 485 2464 533 SENTENTIARUM.
2505 504 2586 515 —
2625 486 2780 532 DlsT.
2821 486 2990 549 xvn3
3033 486 3257 542 QUAEST.
3299 486 3361 532 lv

586 672 858 736 capisam
886 656 1203 732 contritio,
1227 657 1394 720 sicut
1422 667 1747 721 ostensum
1779 665 1892 721 est.
1928 658 2239 730 Secundo,
2265 673 2379 739 pro
2407 656 2460 721 A
2488 655 2608 720 hoc
2651 656 2858 719 activa
2895 655 3193 719 contritio
3231 674 3343 719 seu
3384 654 3549 717 ictus
3591 650 3812 736 pistilli
3854 668 3984 714 non

612 2052 764 2103 quast.
784 2052 823 2092 ί.

588 2348 779 2405 emisi
797 2347 853 2394 c·.

882 761 1027 818 actu
1059 755 1331 818 formato
1368 755 1603 829 elicit0‚
1636 774 1761 818 non
1808 756 2125 818 mediante
2165 755 2380 836 aliquo

879 852 1119 927 habitu,
1135 854 1247 915 sed
1277 872 1313 915 a
1342 854 1717 935 poenitentia
1750 854 2186 935 informi,quae
2216 860 2383 935 post-

878 969 953 1013 ea
995 952 1255 1015 caritate
1298 951 1630 1026 formatur,
1662 959 1809 1013 actu
1854 952 1967 1013 illo
2013 952 2222 1014 adhuc
2270 951 2382 1013 du·

878 1058 1057 1112 rante
1091 1068 1105 1113 :
1140 1059 1204 1113 et
1234 1051 1321 1113 ita
1357 1051 1597 1113 attritio
1635 1050 1780 1113 fieri
1812 1057 2019 1132 potest
2058 1049 2374 1112 contritio.

876 1148 1032 1211 Nam
1074 1148 1368 1231 quamvis
1410 1149 1493 1211 sit
1530 1148 1807 1231 simplex
1837 1155 1903 1210 et
1940 1148 2378 1210 instantaneus

877 1254 1075 1321 actuS,
1128 1254 1339 1309 tamen
1400 1253 1608 1328 potest
1654 1247 1885 1309 durare
1932 1245 2177 1307 tamdiu
2224 1264 2377 1327 quo-

878 1363 1081 1427 usque
1124 1344 1499 1427 poenitentia
1537 1344 1831 1408 informis
1870 1363 1906 1406 a
1935 1364 2061 1425 qua
2099 1343 2374 1419 elicitur,

878 1444 1137 1505 caritate
1168 1442 1479 1505 formetur
1512 1461 1525 1505 ε
1562 1460 1677 1525 per
1713 1442 1899 1524 cujus
1930 1442 2376 1506 formationem

877 1548 1055 1603 actus
1113 1540 1219 1603 ille
1269 1541 1378 1622 qui
1433 1540 1557 1603 fuit
1609 1541 1869 1615 attritio,
1923 1539 2001 1602 fit
2056 1540 2375 1615 contritiO,

880 1640 1175 1721 quamvis
1224 1639 1480 1701 elicitus
1540 1639 1663 1702 fuit
1709 1658 1747 1701 a
1792 1639 2169 1721 poenitentia
2217 1638 2378 1700 exsi-

880 1745 1085 1800 stente
1130 1738 1409 1800 informi.
1457 1739 1601 1801 Haec
1642 1738 2011 1801 Richardus.

2488 755 2571 816 sit
2612 754 2836 817 fortior
2884 754 2948 816 in
3000 774 3127 817 una
3171 754 3550 816 contritione
3597 770 3788 833 quam
3834 750 3980 812 alia.

2487 854 2786 927 Quamvis
2819 872 3090 935 namque
3122 854 3186 915 in
3217 852 3454 915 effectu
3484 849 3815 914 deletionis
3847 867 3991 931 pec-

2487 952 2611 1014 cati
2645 970 2768 1014 non
2800 953 2885 1015 sit
2919 951 3210 1034 accipere
3243 951 3478 1024 minus,
3509 957 3606 1012 est
3642 956 3855 1010 tamen
3882 965 3989 1010 ac-

2489 1049 2702 1132 cipere
2747 1050 2947 1131 magis
2995 1058 3060 1113 et
3103 1047 3316 1112 minus
3364 1067 3441 1111 ex
3490 1055 3668 1130 parte
3713 1046 3989 1109 actionis

2487 1149 2894 1222 conterentiS‚
2929 1168 3072 1230 quae
3101 1156 3199 1210 θεῖ
3224 1148 3432 1210 activa
3461 1146 3779 1219 contritio,
3811 1154 3878 1208 et
3907 1164 3988 1207 ex

2487 1253 2665 1327 parte
2707 1246 3040 1328 passionis.

2569 1344 2858 1407 Secundo
2906 1344 3153 1426 quaerit,
3187 1362 3383 1425 penes
3427 1342 3582 1424 quid
3623 1342 3991 1404 attendat-ur

2487 1442 2886 1505 contritionis
2928 1442 3204 1505 intensio
3245 1460 3355 1504 seu
3400 1448 3838 1521 augmentum.
3869 1440 3988 1502 Re·

2486 1541 2755 1623 spondet
2789 1558 2802 1603 :
2836 1539 3212 1615 Dicendum,
3243 1540 3412 1621 quod
3453 1556 3642 1601 causa
3683 1538 3990 1600 intensio·

2488 1640 2588 1702 nis
2629 1639 3028 1702 contritionis
3069 1646 3166 1701 est
3204 1637 3462 1721 duplex,
3497 1644 3649 1719 puta
3683 1635 3988 1699 efficiens

2489 1746 2554 1801 et
2600 1756 2963 1822 praeparans
3011 1756 3122 1800 seu
3171 1737 3534 1819 disponens.
3585 1735 3786 1799 Causa
3843 1736 3990 1816 ejus

960 1836 1076 1909 Qui
1135 1836 1327 1898 etiam
1373 1836 1754 1911 sciscitatur,
1807 1855 1888 1898 an
1943 1835 2186 1898 attritio
2237 1835 2377 1916 ejus
2414 1836 2462 1899 B
2491 1837 2785 1899 efficiens
2817 1854 2941 1899 non
2973 1836 3228 1899 videtur
3255 1853 3394 1897 θεεθ
3423 1834 3548 1897 nisi
3575 1835 3763 1897 Deus,
3789 1833 3994 1897 Causa

880 1934 990 2016 qui
1044 1934 1196 1996 facit
1241 1935 1411 2017 quod
1462 1936 1529 1997 in
1577 1954 1645 1997 se
1692 1941 1809 2009 est,
1862 1934 2220 1997 necessario
2268 1934 2382 1996 fiat

883 2032 1199 2095 contritio.
1242 2033 1334 2095 Ad
1384 2034 1553 2115 quod
1602 2034 1943 2116 respondet
1989 2033 2156 2095 sicut
2199 2050 2384 2115 supe-

884 2131 1040 2205 rius,
1078 2131 1186 2193 ubi
1219 2132 1559 2212 quaesitum
1588 2140 1704 2207 θεῖ,
1727 2151 1807 2193 an
1838 2131 2178 2194 facientem
2212 2132 2382 2213 quod

887 2229 953 2291 in
987 2248 1055 2291 se
1096 2237 1213 2304 est,
1245 2247 1507 2292 necesse
1546 2230 1629 2291 sit
1666 2230 1951 2313 recipere
1983 2229 2271 2311 gratiam.
2305 2265 2386 2276 —

885 2328 952 2389 In
1001 2326 1411 2409 praeinductis
1454 2327 1861 2391 continentur
1907 2328 2146 2409 scripta
2187 2328 2383 2390 Bona-

884 2433 1171 2489 venturae
1211 2426 1289 2488 de
1332 2426 1451 2488 his.

963 2525 1044 2587 At
1082 2542 1234 2587 vero
1272 2524 1569 2588 Albertus
1612 2525 1784 2588 circa
1823 2526 1957 2589 haec
2000 2526 2380 2599 sciscitatur,

888 2630 1101 2685 utrum
1153 2624 1449 2686 contritio
1505 2624 1708 2706 possit
1760 2624 2004 2686 intendi
2070 2643 2184 2687 seu
2239 2642 2386 2704 aug-

887 2722 1176 2784 mentari.
1211 2720 1474 2785 Videtur
1514 2722 1682 2803 quod
1722 2740 1875 2795 non,
1908 2722 2059 2804 quia
2087 2722 2386 2785 contritio

887 2820 1041 2882 dicit
1101 2821 1531 2883 omnimodam
1598 2820 1689 2882 rei
1758 2820 2255 2883 destructionem
2322 2828 2386 2883 et

887 2918 1459 2981 comminutionem
1493 2918 1635 2999 ejus
1677 2918 1743 2980 in
1780 2918 2077 2981 minimas
2122 2926 2332 3002 partes
2367 2936 2380 2981 :

2491 1953 2643 1998 vero
2687 1953 3046 2017 praeparans
3091 1933 3156 1995 in
3196 1932 3509 2013 subjecto,
3551 1938 3646 1995 est
3685 1951 3764 1995 ex
3813 1940 3996 2013 parte

2491 2034 2772 2097 hominis
2804 2034 2939 2115 ipsa
2970 2051 3150 2095 mens
3181 2032 3342 2113 ejus.
3382 2031 3457 2093 Et
3486 2031 3788 2103 concedo,
3821 2030 3996 2113 quod

2491 2132 2692 2214 gratia
2732 2131 3038 2213 praevenit
3077 2130 3388 2193 actualem
3430 2129 3711 2192 dolorem
3745 2128 3856 2212 qui
3897 2136 3999 2190 θεῖ

2494 2231 2558 2294 in
2605 2230 3007 2305 contritione,
3041 2230 3208 2292 sicut
3247 2227 3504 2291 habitus
3543 2234 3758 2291 actum
3798 2244 3995 2309 quem

2495 2330 2812 2393 informat.
2876 2330 3092 2411 Itaque
3154 2347 3410 2391 causam
3473 2326 3872 2390 efficientem
3933 2333 4000 2388 et

2493 2427 2928 2491 sufficientem
2977 2445 3104 2490 non
3147 2426 3340 2489 habet
3383 2425 3681 2489 contritio
3724 2424 3791 2486 in
3844 2424 4000 2486 sub-

2491 2527 2682 2608 jecto,
2719 2525 2830 2589 sed
2875 2531 3336 2608 praeparantem
3379 2542 3454 2586 ac
3502 2523 3998 2606 disponentem3

2495 2632 2559 2687 et
2598 2626 2718 2688 hoc
2749 2624 2998 2687 sufficit
3039 2622 3408 2695 intensioni,
3440 2623 3696 2704 quando
3735 2638 3863 2683 non
3895 2622 4002 2683 de-

2495 2731 2592 2787 est
2639 2723 2936 2787 efficiens
2976 2740 2990 2785 :
3029 2722 3569 2805 quemadmodum
3617 2727 3796 2803 patet
3841 2720 4000 2782 dum

2496 2830 2808 2906 praesente
2852 2820 3256 2885 combustivo
3297 2820 3548 2903 aequali,
3582 2819 3788 2901 major
3829 2818 4006 2882 calor

2495 2922 2850 2985 exardescit
2894 2922 2960 2983 in
3003 2919 3180 2982 arido
3225 2919 3400 3000 ligno
3442 2937 3635 3002 quam
3682 2918 3897 2980 viridi.

886 3034 1015 3079 non
1064 3024 1277 3079 autem
1328 3017 1511 3078 datur
1560 3016 1773 3078 minus
1825 3017 2111 3079 minimo.
2169 3017 2244 3079 Et
2291 3036 2384 3079 re·
2423 3017 2466 3080 C
2577 3021 2784 3084 Tertio
2814 3020 3195 3091 sciscitatur,
3220 3036 3300 3079 an
3333 3017 3631 3080 contritio
3661 3023 4006 3099 quantum-

888 3115 1159 3198 spondet
1182 3133 1197 3177 :
1220 3113 1523 3178 Absolute
1554 3115 1922 3191 dicendum,
1955 3115 2125 3198 quod
2158 3116 2389 3179 contri-

885 3215 977 3277 tio
1038 3220 1245 3297 potest
1302 3214 1542 3277 intendi
1601 3222 1732 3277 tam
1792 3234 1869 3277 ex
1932 3221 2109 3297 parte
2167 3214 2388 3277 formae

887 3331 1078 3395 quarn
1115 3312 1413 3376 materiae.
1446 3313 1603 3376 Nam
1645 3313 1867 3394 gratia,
1901 3331 2043 3394 quae
2073 3320 2169 3376 est
2200 3331 2390 3375 causa

885 3411 1307 3486 contritioniS,
1340 3419 1439 3474 est
1475 3411 1677 3491 major
1716 3413 1782 3473 in
1826 3430 1955 3475 uno
1996 3431 2188 3494 quam
2228 3411 2354 3474 alio
2369 3430 2384 3491 ;

887 3511 952 3573 in
1002 3510 1227 3574 eodem
1278 3529 1533 3593 quoque
1580 3511 1781 3591 gratia
1828 3504 2096 3591 augetur
2143 3519 2207 3573 et
2254 3529 2387 3573 cre-

886 3609 1007 3672 scit
1031 3626 1044 3671 :
1068 3609 1367 3672 similiter
1395 3609 1599 3672 virtus
1632 3608 2042 3690 poenitentiae,
2064 3608 2250 3690 cujus
2280 3608 2391 3671 eli-

888 3708 1053 3769 citus
1093 3714 1271 3770 actus
1313 3707 1604 3770 consistit
1642 3706 1957 3769 contritio.
1992 3706 2278 3789 Denique
2323 3707 2390 3768 in

889 3806 1269 3868 contritione
1300 3811 1448 3866 sunt
1478 3805 1619 3877 tria,
1652 3804 1953 3867 videlicet
1984 3822 1999 3867 :
2034 3804 2233 3878 dolor,
2253 3824 2389 3886 gra-

889 3904 996 3977 tia,
1040 3911 1105 3966 et
1152 3903 1476 3984 obJectum
1528 3902 1784 3966 doloris,
1829 3903 1901 3964 Et
1952 3911 2260 3984 quantum
2313 3904 2390 3966 ad

888 4003 1015 4065 duo
1056 4003 1263 4084 prima
1303 4001 1691 4082 intenditur3
1724 4001 1835 4064 sed
1877 4003 2085 4082 quoad
2125 4003 2391 4064 tertium

888 4109 987 4164 est
1024 4101 1089 4162 in
1130 4101 1400 4162 minimo
1436 4099 1689 4180 generis
1728 4099 1826 4161 sui
1864 4115 1877 4162 :
1912 4101 2213 4182 quoniam
2257 4119 2391 4164 om-

2497 3119 2656 3183 libet
2701 3138 2896 3202 parva
2947 3116 3193 3180 sufficit
3240 3133 3358 3199 pro
3405 3114 3805 3178 dimittendis
3857 3133 4006 3198 pec-

2498 3219 2655 3280 catis
2697 3224 3289 3300 quantumcumque
3343 3213 3562 3276 multis
3607 3222 3673 3276 θῖ
3722 3214 3998 3295 magnis.

2499 3316 2858 3398 Respondet
2894 3315 3034 3377 :Ad
3083 3314 3204 3376 hoc
3255 3331 3382 3375 non
3431 3320 3531 3375 est
3577 3312 3854 3375 difficile
3905 3331 4004 3375 re-

2501 3415 2833 3497 spondere.
2890 3412 3242 3476 Dicendum
3299 3419 3397 3473 est
3447 3410 3645 3484 enim,
3699 3411 3874 3493 quod
3937 3411 4003 3473 in

2501 3512 2882 3576 contritione
2923 3510 3231 3573 minimus
3262 3509 3443 3573 dolor
3471 3508 3816 3590 dupliciter
3846 3509 4005 3572 dici·

2498 3621 2620 3675 tur.
2658 3611 2890 3684 Primo,
2927 3630 3005 3673 ex
3055 3616 3234 3691 parte
3282 3607 3597 3690 passionis
3646 3608 4006 3671 secundum

2499 3728 2783 3782 sensum,
2815 3708 2951 3771 sive
2979 3706 3249 3769 actionis
3284 3723 3297 3767 :
3331 3705 3636 3787 quoniam
3685 3704 4007 3787 poenitens

2499 3808 2630 3889 agit
2667 3826 2854 3869 suum
2893 3806 3202 3878 dolorem,
3235 3812 3300 3867 et
3343 3813 3440 3868 est
3477 3824 3669 3867 causa
3703 3803 3869 3886 ejus.
3907 3803 4009 3866 Se-

2502 3905 2733 3981 cundo,
2767 3923 2844 3967 ex
2886 3910 3064 3985 parte
3103 3902 3386 3966 rationis.
3422 3902 3486 3965 Si
3525 3902 3776 3964 dicatur
3816 3902 4006 3964 mini·

2503 4022 2646 4066 mus
2691 4002 3046 4066 secundum
3097 4001 3560 4083 experientiam
3611 4018 3864 4073 sensuS,
3901 4000 4006 4062 illc

2501 4101 2770 4175 sufficit,
2804 4101 3151 4164 dummodo
3181 4101 3265 4163 sit
3295 4117 3442 4163 vere
3473 4098 3654 4161 dolor
3681 4098 4010 4160 contritio-

889 4217 1002 4262 nes
1031 4198 1429 4260 differentias
1463 4197 1747 4261 mortalis
1784 4199 2027 4278 peccati
2060 4199 2123 4261 in
2161 4206 2390 4261 morta-
2422 4199 2471 4262 D
2503 4201 2602 4264 nis
2636 4217 2651 4262 ε
2686 4199 2989 4282 quoniam
3035 4198 3144 4262 ille
3181 4199 3360 4262 dolor
3405 4216 3552 4260 cum
3597 4216 3714 4258 sua
3755 4197 4008 4278 quanti-

890 4299 988 4361 rio
1030 4298 1240 4360 cordis
1284 4297 1574 4359 inventas
1619 4296 1907 4358 conterit.
1943 4297 2140 4373 Unde,
2172 4317 2393 4380 quem·

889 4398 1233 4462 admodum
1266 4396 1579 4477 contingit
1612 4397 1676 4458 in
1714 4397 2013 4460 mortario
2052 4397 2389 4480 corporali,

892 4497 1062 4581 quod
1126 4497 1189 4558 id
1254 4495 1423 4577 quod
1492 4495 1864 4570 conteritur,
1925 4496 1991 4558 in
2055 4496 2389 4578 pulverem

892 4596 1236 4678 redigitur3
1268 4601 1546 4658 attamen
1578 4594 1724 4658 fieri
1754 4601 1963 4677 potest
1990 4595 2290 4658 contritio
2323 4594 2392 4656 il-

896 4696 953 4759 la
992 4694 1236 4777 pistillo
1274 4692 1501 4774 majori
1540 4693 1641 4755 vel
1686 4691 1938 4767 minori,
1974 4691 2210 4754 ictibus
2241 4711 2394 4774 quo-

892 4813 1018 4877 que
1066 4792 1436 4857 fortioribus
1482 4801 1545 4856 et
1594 4790 2014 4855 debilioribus
2064 4807 2078 4852 τ
2131 4792 2217 4854 ita
2265 4792 2392 4873 spi-

891 4893 1205 4956 ritualiter
1235 4892 1301 4954 in
1338 4892 1719 4956 contritione
1760 4908 2016 4971 semper
2044 4889 2396 4953 conteritur

890 4993 1105 5076 culpa,
1138 4991 1432 5074 quamvis
1477 4988 1899 5072 inaequalibus
1937 4989 2140 5069 gratia
2180 5007 2254 5052 ac
2291 4987 2398 5052 do·

898 5091 1048 5154 lore.
1084 5090 1326 5152 Idcirco
1374 5107 1503 5152 non
1546 5088 1859 5171 sequitur,
1893 5089 1947 5150 si
1989 5087 2204 5169 pulvis
2253 5106 2398 5150 con-

892 5189 1173 5254 tritionis
1227 5188 1560 5252 debilioris
1620 5205 1746 5250 non
1796 5193 1892 5249 est
1951 5186 2156 5268 maior
2201 5207 2395 5270 quam

893 5291 1109 5378 pulvis
1170 5290 1414 5352 ictuum
1471 5285 1859 5368 graviorum,
1912 5286 2083 5368 quod
2141 5295 2401 5369 propter

2501 4305 2627 4360 tate
2659 4298 2934 4360 variatur
2964 4297 3174 4379 potius
3203 4296 3554 4359 secundum
3581 4293 4011 4357 diversitatem

2505 4396 2966 4479 complexionis
3023 4394 3494 4477 poenitentium,
3545 4411 3740 4474 quam
3789 4411 4011 4455 secun-

2505 4496 2656 4558 dum
2703 4495 3122 4577 quantitatem
3168 4492 3605 4556 detestationis
3643 4493 3912 4573 peccati.
3947 4491 4008 4554 Si

2504 4602 2718 4657 autem
2769 4594 2950 4657 dolor
3000 4593 3249 4656 dicatur
3295 4592 3602 4654 minimus
3651 4591 4006 4654 secundum

2505 4695 2839 4767 rationem,
2883 4692 3232 4755 dummodo
3279 4691 3559 4755 salvetur
3603 4690 3668 4752 in
3721 4708 3803 4753 eo
3851 4692 4009 4753 ratio

2506 4793 2742 4857 doloris
2787 4810 2952 4855 verae
2996 4791 3433 4872 contritionis3
3477 4791 3621 4853 dico
3663 4790 3835 4872 quod
3883 4790 4009 4853 suf·

2509 4893 2670 4966 ficit,
2703 4893 2854 4974 quia
2883 4891 2984 4970 (ut
3011 4897 3250 4953 tactum
3283 4890 3407 4970 est)
3434 4889 3502 4951 in
3533 4887 3750 4952 dolore
3781 4889 4010 4952 contri-

2507 4992 2700 5055 tionis
2729 4991 2854 5054 tria
2892 4991 3306 5054 attenduntur
3333 5008 3407 5052 ac
3443 4989 3888 5064 includuntur,
3921 4989 4008 5051 vi·

2507 5090 2768 5152 delicet:
2787 5089 2988 5170 gratia
3017 5087 3391 5162 informanS,
3407 5088 3544 5170 ipsa
3567 5088 3868 5150 contritio
3898 5106 4006 5152 seu

2508 5189 2688 5251 dolor
2715 5189 2960 5251 activus
3000 5206 3072 5250 ac
3110 5187 3425 5270 passivus,
3455 5193 3646 5268 atque
3677 5186 4004 5268 objectum

2509 5287 2744 5352 doloris
2787 5305 2901 5350 seu
2945 5305 3135 5350 causa
3175 5285 3508 5368 passionis.
3543 5284 3856 5348 Contritio
3899 5303 4003 5348 au-
