<?xml version="1.0" encoding="UTF-8"?>
<!DOCTYPE html PUBLIC "-//W3C//DTD XHTML 1.0 Transitional//EN"
    "http://www.w3.org/TR/xhtml1/DTD/xhtml1-transitional.dtd">
<html xmlns="http://www.w3.org/1999/xhtml" xml:lang="en" lang="en">
 <head>
  <title>
</title>
<meta http-equiv="Content-Type" content="text/html;charset=utf-8" />
  <meta name='ocr-system' content='tesseract 3.04.00' />
  <meta name='ocr-capabilities' content='ocr_page ocr_carea ocr_par ocr_line ocrx_word'/>
</head>
<body>
  <div class='ocr_page' id='page_1' title='image "./doctorisecstati04unkngoog_0437.png"; bbox 0 0 4267 6250; ppageno 0'>
   <div class='ocr_carea' id='block_1_1' title="bbox 1127 519 3413 585">
    <p class='ocr_par' dir='ltr' id='par_1_1' title="bbox 1127 519 3413 585">
     <span class='ocr_line' id='line_1_1' title="bbox 1127 519 3413 585; baseline 0.001 -4"><span class='ocrx_word' id='word_1_1' title='bbox 1127 534 1214 581; x_wconf 70' lang='lat' dir='ltr'><strong>An</strong></span> <span class='ocrx_word' id='word_1_2' title='bbox 1251 533 1540 583; x_wconf 70' lang='lat' dir='ltr'><strong>:mummi</strong></span> <span class='ocrx_word' id='word_1_3' title='bbox 1579 532 1734 580; x_wconf 63' lang='lat' dir='ltr'><strong>rans</strong></span> <span class='ocrx_word' id='word_1_4' title='bbox 1775 533 2265 583; x_wconf 64' lang='lat' dir='ltr'><strong>sarlsucnoms</strong></span> <span class='ocrx_word' id='word_1_5' title='bbox 2304 536 2595 583; x_wconf 73' lang='lat' dir='ltr'><strong>exslsru·</strong></span> <span class='ocrx_word' id='word_1_6' title='bbox 3290 519 3413 585; x_wconf 81' lang='lat'><strong>419</strong></span> 
     </span>
    </p>
   </div>
   <div class='ocr_carea' id='block_1_2' title="bbox 311 702 3416 790">
    <p class='ocr_par' dir='ltr' id='par_1_2' title="bbox 311 702 3416 790">
     <span class='ocr_line' id='line_1_2' title="bbox 311 702 3416 790; baseline 0.002 -25"><span class='ocrx_word' id='word_1_7' title='bbox 311 720 534 765; x_wconf 88' lang='lat' dir='ltr'><strong>meum</strong></span> <span class='ocrx_word' id='word_1_8' title='bbox 564 702 720 766; x_wconf 91' lang='lat' dir='ltr'><strong>etin</strong></span> <span class='ocrx_word' id='word_1_9' title='bbox 750 704 1124 767; x_wconf 88' lang='lat' dir='ltr'><strong>servitutem</strong></span> <span class='ocrx_word' id='word_1_10' title='bbox 1154 704 1492 787; x_wconf 90' lang='lat' dir='ltr'><strong>redigo·et</strong></span> <span class='ocrx_word' id='word_1_11' title='bbox 1519 704 1695 779; x_wconf 91' lang='lat' dir='ltr'><strong>item</strong></span> <span class='ocrx_word' id='word_1_12' title='bbox 1729 722 1811 767; x_wconf 88' lang='lat' dir='ltr'><strong>ne</strong></span> <span class='ocrx_word' id='word_1_13' title='bbox 1841 704 1894 769; x_wconf 83' lang='lat' dir='ltr'>A</span> <span class='ocrx_word' id='word_1_14' title='bbox 1924 704 1989 767; x_wconf 90' lang='lat' dir='ltr'><strong>in</strong></span> <span class='ocrx_word' id='word_1_15' title='bbox 2041 706 2169 779; x_wconf 90' lang='lat' dir='ltr'><strong>die,</strong></span> <span class='ocrx_word' id='word_1_16' title='bbox 2220 724 2333 769; x_wconf 90' lang='lat' dir='ltr'><strong>seu</strong></span> <span class='ocrx_word' id='word_1_17' title='bbox 2389 706 2650 789; x_wconf 88' lang='lat' dir='ltr'><strong>pluries.</strong></span> <span class='ocrx_word' id='word_1_18' title='bbox 2708 706 2940 782; x_wconf 85' lang='lat' dir='ltr'><strong>Tertio,</strong></span> <span class='ocrx_word' id='word_1_19' title='bbox 2994 725 3112 789; x_wconf 90' lang='lat' dir='ltr'><strong>pro</strong></span> <span class='ocrx_word' id='word_1_20' title='bbox 3165 707 3416 790; x_wconf 84' lang='lat' dir='ltr'><strong>jejunio</strong></span> 
     </span>
    </p>
   </div>
   <div class='ocr_carea' id='block_1_3' title="bbox 310 800 1812 877">
    <p class='ocr_par' dir='ltr' id='par_1_3' title="bbox 310 800 1812 877">
     <span class='ocr_line' id='line_1_3' title="bbox 310 800 1812 877; baseline 0.001 -13"><span class='ocrx_word' id='word_1_21' title='bbox 310 800 696 865; x_wconf 65' lang='lat' dir='ltr'><strong>internaliter</strong></span> <span class='ocrx_word' id='word_1_22' title='bbox 735 802 1078 877; x_wconf 80' lang='lat' dir='ltr'><strong>crucietur,</strong></span> <span class='ocrx_word' id='word_1_23' title='bbox 1111 803 1466 865; x_wconf 89' lang='lat' dir='ltr'><strong>secundum</strong></span> <span class='ocrx_word' id='word_1_24' title='bbox 1507 802 1666 865; x_wconf 88' lang='lat' dir='ltr'><strong>illud</strong></span> <span class='ocrx_word' id='word_1_25' title='bbox 1699 802 1812 865; x_wconf 88' lang='lat' dir='ltr'><strong>Ec·</strong></span> 
     </span>
    </p>
   </div>
   <div class='ocr_carea' id='block_1_4' title="bbox 99 898 1814 983">
    <p class='ocr_par' dir='ltr' id='par_1_4' title="bbox 99 898 1814 983">
     <span class='ocr_line' id='line_1_4' title="bbox 99 898 1814 983; baseline 0.001 -22"><span class='ocrx_word' id='word_1_26' title='bbox 99 919 201 963; x_wconf 66' lang='lat' dir='ltr'><strong>sats.</strong></span> <span class='ocrx_word' id='word_1_27' title='bbox 222 898 676 973; x_wconf 38' lang='lat' dir='ltr'><strong>aeclesiastici,</strong></span> <span class='ocrx_word' id='word_1_28' title='bbox 719 900 828 962; x_wconf 92' lang='lat' dir='ltr'><strong>Est</strong></span> <span class='ocrx_word' id='word_1_29' title='bbox 875 900 988 981; x_wconf 89' lang='lat' dir='ltr'><strong>qui</strong></span> <span class='ocrx_word' id='word_1_30' title='bbox 1039 900 1241 963; x_wconf 87' lang='lat' dir='ltr'><strong>multa</strong></span> <span class='ocrx_word' id='word_1_31' title='bbox 1280 900 1552 963; x_wconf 88' lang='lat' dir='ltr'><strong>redimat</strong></span> <span class='ocrx_word' id='word_1_32' title='bbox 1605 901 1814 983; x_wconf 89' lang='lat' dir='ltr'><strong>pretio</strong></span> 
     </span>
    </p>
   </div>
   <div class='ocr_carea' id='block_1_5' title="bbox 311 997 1808 1081">
    <p class='ocr_par' dir='ltr' id='par_1_5' title="bbox 311 997 1808 1081">
     <span class='ocr_line' id='line_1_5' title="bbox 311 997 1808 1081; baseline 0.002 -23"><span class='ocrx_word' id='word_1_33' title='bbox 311 997 602 1077; x_wconf 88' lang='lat' dir='ltr'><strong>modico;</strong></span> <span class='ocrx_word' id='word_1_34' title='bbox 633 1005 699 1061; x_wconf 92' lang='lat' dir='ltr'><strong>et</strong></span> <span class='ocrx_word' id='word_1_35' title='bbox 737 1005 808 1061; x_wconf 90' lang='lat' dir='ltr'><strong>ut</strong></span> <span class='ocrx_word' id='word_1_36' title='bbox 837 998 1029 1061; x_wconf 89' lang='lat' dir='ltr'><strong>etiam</strong></span> <span class='ocrx_word' id='word_1_37' title='bbox 1071 998 1455 1063; x_wconf 63' lang='lat' dir='ltr'><strong>aeternaliter</strong></span> <span class='ocrx_word' id='word_1_38' title='bbox 1479 998 1808 1081; x_wconf 79' lang='lat' dir='ltr'><strong>glorietur,</strong></span> 
     </span>
    </p>
   </div>
   <div class='ocr_carea' id='block_1_6' title="bbox 104 1094 1814 1179">
    <p class='ocr_par' dir='ltr' id='par_1_6' title="bbox 104 1094 1814 1179">
     <span class='ocr_line' id='line_1_6' title="bbox 104 1094 1814 1179; baseline 0.002 -24"><span class='ocrx_word' id='word_1_39' title='bbox 104 1114 126 1155; x_wconf 89' lang='lat'><strong>11</strong></span> <span class='ocrx_word' id='word_1_40' title='bbox 138 1114 268 1156; x_wconf 60' lang='lat' dir='ltr'><strong>c«</strong></span> <span class='ocrx_word' id='word_1_41' title='bbox 271 1094 564 1165; x_wconf 78' lang='lat' dir='ltr'><strong>,dicente</strong></span> <span class='ocrx_word' id='word_1_42' title='bbox 597 1096 923 1178; x_wconf 84' lang='lat' dir='ltr'><strong>Apostolo,</strong></span> <span class='ocrx_word' id='word_1_43' title='bbox 955 1097 1023 1159; x_wconf 90' lang='lat' dir='ltr'><strong>ld</strong></span> <span class='ocrx_word' id='word_1_44' title='bbox 1064 1096 1234 1179; x_wconf 92' lang='lat' dir='ltr'><strong>quod</strong></span> <span class='ocrx_word' id='word_1_45' title='bbox 1273 1096 1340 1159; x_wconf 91' lang='lat' dir='ltr'><strong>in</strong></span> <span class='ocrx_word' id='word_1_46' title='bbox 1378 1096 1675 1179; x_wconf 80' lang='lat' dir='ltr'><strong>praesenti</strong></span> <span class='ocrx_word' id='word_1_47' title='bbox 1717 1104 1814 1159; x_wconf 90' lang='lat' dir='ltr'><strong>est</strong></span> 
     </span>
    </p>
   </div>
   <div class='ocr_carea' id='block_1_7' title="bbox 303 1194 1811 1859">
    <p class='ocr_par' dir='ltr' id='par_1_7' title="bbox 303 1194 1811 1859">
     <span class='ocr_line' id='line_1_7' title="bbox 307 1194 1806 1269; baseline 0.003 -15"><span class='ocrx_word' id='word_1_48' title='bbox 307 1200 814 1257; x_wconf 87' lang='lat' dir='ltr'><strong>momentaneum</strong></span> <span class='ocrx_word' id='word_1_49' title='bbox 845 1202 910 1257; x_wconf 90' lang='lat' dir='ltr'><strong>et</strong></span> <span class='ocrx_word' id='word_1_50' title='bbox 939 1194 1078 1258; x_wconf 90' lang='lat' dir='ltr'><strong>leve</strong></span> <span class='ocrx_word' id='word_1_51' title='bbox 1107 1194 1532 1259; x_wconf 79' lang='lat' dir='ltr'><strong>tribulationis</strong></span> <span class='ocrx_word' id='word_1_52' title='bbox 1561 1202 1806 1269; x_wconf 78' lang='lat' dir='ltr'><strong>nostrae,</strong></span> 
     </span>
     <span class='ocr_line' id='line_1_8' title="bbox 307 1291 1806 1376; baseline 0.002 -24"><span class='ocrx_word' id='word_1_53' title='bbox 307 1298 616 1354; x_wconf 80' lang='lat' dir='ltr'><strong>aeternum</strong></span> <span class='ocrx_word' id='word_1_54' title='bbox 645 1291 866 1374; x_wconf 74' lang='lat' dir='ltr'><strong>gloriae</strong></span> <span class='ocrx_word' id='word_1_55' title='bbox 895 1294 1144 1376; x_wconf 90' lang='lat' dir='ltr'><strong>pondus</strong></span> <span class='ocrx_word' id='word_1_56' title='bbox 1174 1301 1474 1375; x_wconf 91' lang='lat' dir='ltr'><strong>operatur</strong></span> <span class='ocrx_word' id='word_1_57' title='bbox 1503 1293 1568 1355; x_wconf 90' lang='lat' dir='ltr'><strong>in</strong></span> <span class='ocrx_word' id='word_1_58' title='bbox 1599 1292 1806 1355; x_wconf 89' lang='lat' dir='ltr'><strong>nobis.</strong></span> 
     </span>
     <span class='ocr_line' id='line_1_9' title="bbox 307 1388 1811 1474; baseline 0.001 -23"><span class='ocrx_word' id='word_1_59' title='bbox 307 1388 526 1471; x_wconf 79' lang='lat' dir='ltr'><strong>ltaque</strong></span> <span class='ocrx_word' id='word_1_60' title='bbox 564 1389 892 1471; x_wconf 82' lang='lat' dir='ltr'><strong>jejunium</strong></span> <span class='ocrx_word' id='word_1_61' title='bbox 931 1390 1140 1473; x_wconf 89' lang='lat' dir='ltr'><strong>placet</strong></span> <span class='ocrx_word' id='word_1_62' title='bbox 1186 1392 1338 1465; x_wconf 90' lang='lat' dir='ltr'><strong>Deo,</strong></span> <span class='ocrx_word' id='word_1_63' title='bbox 1376 1407 1502 1454; x_wconf 90' lang='lat' dir='ltr'><strong>non</strong></span> <span class='ocrx_word' id='word_1_64' title='bbox 1551 1399 1811 1474; x_wconf 88' lang='lat' dir='ltr'><strong>propter</strong></span> 
     </span>
     <span class='ocr_line' id='line_1_10' title="bbox 305 1486 1809 1564; baseline 0.002 -16"><span class='ocrx_word' id='word_1_65' title='bbox 305 1486 506 1549; x_wconf 88' lang='lat' dir='ltr'><strong>solam</strong></span> <span class='ocrx_word' id='word_1_66' title='bbox 553 1488 939 1552; x_wconf 79' lang='lat' dir='ltr'><strong>exteriorem</strong></span> <span class='ocrx_word' id='word_1_67' title='bbox 991 1487 1440 1564; x_wconf 78' lang='lat' dir='ltr'><strong>afflictionem,</strong></span> <span class='ocrx_word' id='word_1_68' title='bbox 1489 1489 1809 1553; x_wconf 89' lang='lat' dir='ltr'><strong>abstinen-</strong></span> 
     </span>
     <span class='ocr_line' id='line_1_11' title="bbox 307 1585 1808 1670; baseline 0.003 -23"><span class='ocrx_word' id='word_1_69' title='bbox 307 1585 590 1667; x_wconf 88' lang='lat' dir='ltr'><strong>tiamque</strong></span> <span class='ocrx_word' id='word_1_70' title='bbox 617 1604 660 1648; x_wconf 87' lang='lat' dir='ltr'><strong>a</strong></span> <span class='ocrx_word' id='word_1_71' title='bbox 685 1586 999 1661; x_wconf 89' lang='lat' dir='ltr'><strong>cibis,sed</strong></span> <span class='ocrx_word' id='word_1_72' title='bbox 1031 1588 1097 1650; x_wconf 91' lang='lat' dir='ltr'><strong>in</strong></span> <span class='ocrx_word' id='word_1_73' title='bbox 1127 1595 1439 1670; x_wconf 89' lang='lat' dir='ltr'><strong>quantum</strong></span> <span class='ocrx_word' id='word_1_74' title='bbox 1467 1588 1548 1650; x_wconf 90' lang='lat' dir='ltr'><strong>ab</strong></span> <span class='ocrx_word' id='word_1_75' title='bbox 1576 1589 1808 1651; x_wconf 80' lang='lat' dir='ltr'><strong>animae</strong></span> 
     </span>
     <span class='ocr_line' id='line_1_12' title="bbox 303 1684 1808 1768; baseline 0.003 -23"><span class='ocrx_word' id='word_1_76' title='bbox 303 1684 539 1747; x_wconf 88' lang='lat' dir='ltr'><strong>virtute</strong></span> <span class='ocrx_word' id='word_1_77' title='bbox 575 1686 869 1768; x_wconf 77' lang='lat' dir='ltr'><strong>procedit</strong></span> <span class='ocrx_word' id='word_1_78' title='bbox 895 1694 962 1749; x_wconf 92' lang='lat' dir='ltr'><strong>et</strong></span> <span class='ocrx_word' id='word_1_79' title='bbox 998 1686 1328 1750; x_wconf 88' lang='lat' dir='ltr'><strong>ordinatur</strong></span> <span class='ocrx_word' id='word_1_80' title='bbox 1351 1686 1431 1749; x_wconf 90' lang='lat' dir='ltr'><strong>ad</strong></span> <span class='ocrx_word' id='word_1_81' title='bbox 1473 1686 1672 1749; x_wconf 83' lang='lat' dir='ltr'><strong>finem</strong></span> <span class='ocrx_word' id='word_1_82' title='bbox 1713 1705 1808 1749; x_wconf 90' lang='lat' dir='ltr'><strong>sa-</strong></span> 
     </span>
     <span class='ocr_line' id='line_1_13' title="bbox 308 1781 1806 1859; baseline 0.002 -15"><span class='ocrx_word' id='word_1_83' title='bbox 308 1781 579 1859; x_wconf 90' lang='lat' dir='ltr'><strong>lubrem,</strong></span> <span class='ocrx_word' id='word_1_84' title='bbox 631 1784 764 1847; x_wconf 91' lang='lat' dir='ltr'><strong>imo</strong></span> <span class='ocrx_word' id='word_1_85' title='bbox 815 1792 881 1847; x_wconf 93' lang='lat' dir='ltr'><strong>et</strong></span> <span class='ocrx_word' id='word_1_86' title='bbox 930 1803 1008 1848; x_wconf 85' lang='lat' dir='ltr'><strong>ex</strong></span> <span class='ocrx_word' id='word_1_87' title='bbox 1059 1784 1350 1848; x_wconf 87' lang='lat' dir='ltr'><strong>interiori</strong></span> <span class='ocrx_word' id='word_1_88' title='bbox 1405 1784 1806 1848; x_wconf 82' lang='lat' dir='ltr'><strong>contritionis</strong></span> 
     </span>
    </p>
   </div>
   <div class='ocr_carea' id='block_1_8' title="bbox 1915 802 3423 1868">
    <p class='ocr_par' dir='ltr' id='par_1_8' title="bbox 1918 802 3423 1669">
     <span class='ocr_line' id='line_1_14' title="bbox 1921 802 3419 887; baseline 0.002 -22"><span class='ocrx_word' id='word_1_89' title='bbox 1921 802 2243 878; x_wconf 83' lang='lat' dir='ltr'><strong>Ecclesiae‚</strong></span> <span class='ocrx_word' id='word_1_90' title='bbox 2285 804 2454 887; x_wconf 90' lang='lat' dir='ltr'><strong>quod</strong></span> <span class='ocrx_word' id='word_1_91' title='bbox 2494 804 2855 868; x_wconf 89' lang='lat' dir='ltr'><strong>institutum</strong></span> <span class='ocrx_word' id='word_1_92' title='bbox 2905 813 3003 868; x_wconf 92' lang='lat' dir='ltr'><strong>est</strong></span> <span class='ocrx_word' id='word_1_93' title='bbox 3049 805 3125 868; x_wconf 91' lang='lat' dir='ltr'><strong>ad</strong></span> <span class='ocrx_word' id='word_1_94' title='bbox 3170 805 3419 868; x_wconf 82' lang='lat' dir='ltr'><strong>satisfa-</strong></span> 
     </span>
     <span class='ocr_line' id='line_1_15' title="bbox 1921 901 3423 986; baseline 0.001 -22"><span class='ocrx_word' id='word_1_95' title='bbox 1921 901 2223 964; x_wconf 90' lang='lat' dir='ltr'><strong>ciendum</strong></span> <span class='ocrx_word' id='word_1_96' title='bbox 2277 921 2393 985; x_wconf 92' lang='lat' dir='ltr'><strong>pro</strong></span> <span class='ocrx_word' id='word_1_97' title='bbox 2440 903 2738 985; x_wconf 86' lang='lat' dir='ltr'><strong>peccatis.</strong></span> <span class='ocrx_word' id='word_1_98' title='bbox 2792 902 2887 965; x_wconf 88' lang='lat' dir='ltr'><strong>Ad</strong></span> <span class='ocrx_word' id='word_1_99' title='bbox 2936 903 3105 985; x_wconf 91' lang='lat' dir='ltr'><strong>quod</strong></span> <span class='ocrx_word' id='word_1_100' title='bbox 3154 904 3423 986; x_wconf 87' lang='lat' dir='ltr'><strong>requiri-</strong></span> 
     </span>
     <span class='ocr_line' id='line_1_16' title="bbox 1923 1000 3419 1083; baseline 0.001 -22"><span class='ocrx_word' id='word_1_101' title='bbox 1923 1007 2047 1074; x_wconf 85' lang='lat' dir='ltr'><strong>tur,</strong></span> <span class='ocrx_word' id='word_1_102' title='bbox 2095 1001 2267 1083; x_wconf 89' lang='lat' dir='ltr'><strong>quod</strong></span> <span class='ocrx_word' id='word_1_103' title='bbox 2314 1019 2441 1064; x_wconf 92' lang='lat' dir='ltr'><strong>non</strong></span> <span class='ocrx_word' id='word_1_104' title='bbox 2492 1001 2699 1065; x_wconf 89' lang='lat' dir='ltr'><strong>solum</strong></span> <span class='ocrx_word' id='word_1_105' title='bbox 2742 1001 3057 1064; x_wconf 89' lang='lat' dir='ltr'><strong>abstineat</strong></span> <span class='ocrx_word' id='word_1_106' title='bbox 3104 1002 3296 1065; x_wconf 90' lang='lat' dir='ltr'><strong>homo</strong></span> <span class='ocrx_word' id='word_1_107' title='bbox 3337 1000 3419 1063; x_wconf 92' lang='lat' dir='ltr'><strong>ab</strong></span> 
     </span>
     <span class='ocr_line' id='line_1_17' title="bbox 1921 1098 3419 1181; baseline 0.001 -21"><span class='ocrx_word' id='word_1_108' title='bbox 1921 1098 2022 1161; x_wconf 89' lang='lat' dir='ltr'><strong>his</strong></span> <span class='ocrx_word' id='word_1_109' title='bbox 2065 1118 2208 1181; x_wconf 78' lang='lat' dir='ltr'><strong>quae</strong></span> <span class='ocrx_word' id='word_1_110' title='bbox 2250 1100 2548 1181; x_wconf 84' lang='lat' dir='ltr'><strong>prohibet</strong></span> <span class='ocrx_word' id='word_1_111' title='bbox 2582 1100 2809 1175; x_wconf 89' lang='lat' dir='ltr'><strong>virtus,</strong></span> <span class='ocrx_word' id='word_1_112' title='bbox 2842 1099 2953 1163; x_wconf 91' lang='lat' dir='ltr'><strong>sed</strong></span> <span class='ocrx_word' id='word_1_113' title='bbox 2984 1101 3179 1163; x_wconf 89' lang='lat' dir='ltr'><strong>etiam</strong></span> <span class='ocrx_word' id='word_1_114' title='bbox 3208 1100 3289 1162; x_wconf 88' lang='lat' dir='ltr'><strong>ab</strong></span> <span class='ocrx_word' id='word_1_115' title='bbox 3316 1099 3419 1163; x_wconf 86' lang='lat' dir='ltr'><strong>his</strong></span> 
     </span>
     <span class='ocr_line' id='line_1_18' title="bbox 1920 1195 3415 1280; baseline 0.001 -23"><span class='ocrx_word' id='word_1_116' title='bbox 1920 1195 2159 1278; x_wconf 91' lang='lat' dir='ltr'><strong>quibus</strong></span> <span class='ocrx_word' id='word_1_117' title='bbox 2206 1195 2363 1261; x_wconf 87' lang='lat' dir='ltr'><strong>alias</strong></span> <span class='ocrx_word' id='word_1_118' title='bbox 2409 1198 2503 1260; x_wconf 93' lang='lat' dir='ltr'><strong>uti</strong></span> <span class='ocrx_word' id='word_1_119' title='bbox 2553 1215 2887 1280; x_wconf 89' lang='lat' dir='ltr'><strong>possemus</strong></span> <span class='ocrx_word' id='word_1_120' title='bbox 2935 1197 3111 1260; x_wconf 88' lang='lat' dir='ltr'><strong>salva</strong></span> <span class='ocrx_word' id='word_1_121' title='bbox 3157 1198 3415 1260; x_wconf 86' lang='lat' dir='ltr'><strong>virtute.</strong></span> 
     </span>
     <span class='ocr_line' id='line_1_19' title="bbox 1919 1293 3421 1370; baseline 0.002 -14"><span class='ocrx_word' id='word_1_122' title='bbox 1919 1294 2038 1367; x_wconf 87' lang='lat' dir='ltr'><strong>Qui</strong></span> <span class='ocrx_word' id='word_1_123' title='bbox 2069 1294 2244 1357; x_wconf 89' lang='lat' dir='ltr'><strong>enim</strong></span> <span class='ocrx_word' id='word_1_124' title='bbox 2282 1296 2605 1359; x_wconf 86' lang='lat' dir='ltr'><strong>commisit</strong></span> <span class='ocrx_word' id='word_1_125' title='bbox 2642 1296 2888 1370; x_wconf 89' lang='lat' dir='ltr'><strong>illicita,</strong></span> <span class='ocrx_word' id='word_1_126' title='bbox 2921 1293 3287 1359; x_wconf 77' lang='lat' dir='ltr'><strong>satisfacere</strong></span> <span class='ocrx_word' id='word_1_127' title='bbox 3315 1296 3421 1359; x_wconf 89' lang='lat' dir='ltr'><strong>de-</strong></span> 
     </span>
     <span class='ocr_line' id='line_1_20' title="bbox 1920 1390 3419 1476; baseline 0.003 -23"><span class='ocrx_word' id='word_1_128' title='bbox 1920 1390 2050 1465; x_wconf 89' lang='lat' dir='ltr'><strong>bet,</strong></span> <span class='ocrx_word' id='word_1_129' title='bbox 2100 1392 2183 1455; x_wconf 87' lang='lat' dir='ltr'><strong>ab</strong></span> <span class='ocrx_word' id='word_1_130' title='bbox 2229 1393 2554 1476; x_wconf 78' lang='lat' dir='ltr'><strong>aliquibus</strong></span> <span class='ocrx_word' id='word_1_131' title='bbox 2603 1394 2795 1456; x_wconf 90' lang='lat' dir='ltr'><strong>licitis</strong></span> <span class='ocrx_word' id='word_1_132' title='bbox 2853 1393 3281 1473; x_wconf 86' lang='lat' dir='ltr'><strong>abstinend03</strong></span> <span class='ocrx_word' id='word_1_133' title='bbox 3332 1394 3419 1457; x_wconf 88' lang='lat' dir='ltr'><strong>ita</strong></span> 
     </span>
     <span class='ocr_line' id='line_1_21' title="bbox 1919 1491 3417 1565; baseline 0.001 -14"><span class='ocrx_word' id='word_1_134' title='bbox 1919 1496 2155 1565; x_wconf 89' lang='lat' dir='ltr'><strong>tamen,</strong></span> <span class='ocrx_word' id='word_1_135' title='bbox 2198 1498 2271 1553; x_wconf 91' lang='lat' dir='ltr'><strong>ut</strong></span> <span class='ocrx_word' id='word_1_136' title='bbox 2316 1491 2573 1555; x_wconf 89' lang='lat' dir='ltr'><strong>virtutis</strong></span> <span class='ocrx_word' id='word_1_137' title='bbox 2622 1491 2908 1553; x_wconf 90' lang='lat' dir='ltr'><strong>medium</strong></span> <span class='ocrx_word' id='word_1_138' title='bbox 2958 1508 3087 1555; x_wconf 92' lang='lat' dir='ltr'><strong>non</strong></span> <span class='ocrx_word' id='word_1_139' title='bbox 3134 1508 3417 1553; x_wconf 90' lang='lat' dir='ltr'><strong>corrum-</strong></span> 
     </span>
     <span class='ocr_line' id='line_1_22' title="bbox 1918 1596 2122 1669; baseline 0.01 -21"><span class='ocrx_word' id='word_1_140' title='bbox 1918 1596 2122 1669; x_wconf 92' lang='lat' dir='ltr'><strong>patur.</strong></span> 
     </span>
    </p>

    <p class='ocr_par' dir='ltr' id='par_1_9' title="bbox 1915 1686 3415 1868">
     <span class='ocr_line' id='line_1_23' title="bbox 1995 1686 3415 1770; baseline 0.002 -23"><span class='ocrx_word' id='word_1_141' title='bbox 1995 1686 2300 1751; x_wconf 83' lang='lat' dir='ltr'><strong>Praeterea</strong></span> <span class='ocrx_word' id='word_1_142' title='bbox 2348 1688 2675 1770; x_wconf 82' lang='lat' dir='ltr'><strong>quaeritur,</strong></span> <span class='ocrx_word' id='word_1_143' title='bbox 2725 1707 2807 1750; x_wconf 88' lang='lat' dir='ltr'><strong>an</strong></span> <span class='ocrx_word' id='word_1_144' title='bbox 2855 1706 3079 1751; x_wconf 91' lang='lat' dir='ltr'><strong>omnes</strong></span> <span class='ocrx_word' id='word_1_145' title='bbox 3127 1687 3205 1751; x_wconf 89' lang='lat' dir='ltr'><strong>ad</strong></span> <span class='ocrx_word' id='word_1_146' title='bbox 3249 1686 3415 1769; x_wconf 84' lang='lat' dir='ltr'><strong>jeju-</strong></span> 
     </span>
     <span class='ocr_line' id='line_1_24' title="bbox 1915 1783 3413 1868; baseline 0.001 -21"><span class='ocrx_word' id='word_1_147' title='bbox 1915 1783 2099 1847; x_wconf 91' lang='lat' dir='ltr'><strong>nium</strong></span> <span class='ocrx_word' id='word_1_148' title='bbox 2128 1791 2480 1849; x_wconf 86' lang='lat' dir='ltr'><strong>teneantur.</strong></span> <span class='ocrx_word' id='word_1_149' title='bbox 2501 1786 2876 1860; x_wconf 88' lang='lat' dir='ltr'><strong>Dicendum,</strong></span> <span class='ocrx_word' id='word_1_150' title='bbox 2893 1785 3063 1868; x_wconf 91' lang='lat' dir='ltr'><strong>quod</strong></span> <span class='ocrx_word' id='word_1_151' title='bbox 3087 1785 3413 1868; x_wconf 85' lang='lat' dir='ltr'><strong>jejunium</strong></span> 
     </span>
    </p>
   </div>
   <div class='ocr_carea' id='block_1_9' title="bbox 305 1880 3410 1966">
    <p class='ocr_par' dir='ltr' id='par_1_10' title="bbox 305 1880 3410 1966">
     <span class='ocr_line' id='line_1_25' title="bbox 305 1880 3410 1966; baseline 0.002 -25"><span class='ocrx_word' id='word_1_152' title='bbox 305 1880 520 1945; x_wconf 90' lang='lat' dir='ltr'><strong>dolore</strong></span> <span class='ocrx_word' id='word_1_153' title='bbox 573 1884 944 1946; x_wconf 76' lang='lat' dir='ltr'><strong>assumitur.</strong></span> <span class='ocrx_word' id='word_1_154' title='bbox 997 1882 1103 1946; x_wconf 89' lang='lat' dir='ltr'><strong>Sic</strong></span> <span class='ocrx_word' id='word_1_155' title='bbox 1149 1901 1406 1966; x_wconf 90' lang='lat' dir='ltr'><strong>quoque</strong></span> <span class='ocrx_word' id='word_1_156' title='bbox 1458 1882 1805 1965; x_wconf 89' lang='lat' dir='ltr'><strong>corporalis</strong></span> <span class='ocrx_word' id='word_1_157' title='bbox 1838 1883 1886 1946; x_wconf 91' lang='lat' dir='ltr'>B</span> <span class='ocrx_word' id='word_1_158' title='bbox 1915 1890 2242 1964; x_wconf 89' lang='lat' dir='ltr'><strong>sumptum</strong></span> <span class='ocrx_word' id='word_1_159' title='bbox 2271 1902 2397 1947; x_wconf 91' lang='lat' dir='ltr'><strong>non</strong></span> <span class='ocrx_word' id='word_1_160' title='bbox 2430 1892 2501 1945; x_wconf 91' lang='lat' dir='ltr'><strong>ut</strong></span> <span class='ocrx_word' id='word_1_161' title='bbox 2528 1891 2625 1946; x_wconf 93' lang='lat' dir='ltr'><strong>est</strong></span> <span class='ocrx_word' id='word_1_162' title='bbox 2650 1892 2829 1946; x_wconf 87' lang='lat' dir='ltr'><strong>actus</strong></span> <span class='ocrx_word' id='word_1_163' title='bbox 2858 1883 3114 1946; x_wconf 89' lang='lat' dir='ltr'><strong>virtutis</strong></span> <span class='ocrx_word' id='word_1_164' title='bbox 3142 1890 3410 1959; x_wconf 86' lang='lat' dir='ltr'><strong>tantum,</strong></span> 
     </span>
    </p>
   </div>
   <div class='ocr_carea' id='block_1_10' title="bbox 307 1981 1808 3049">
    <p class='ocr_par' dir='ltr' id='par_1_11' title="bbox 307 1981 1808 3049">
     <span class='ocr_line' id='line_1_26' title="bbox 307 1981 1803 2064; baseline 0.001 -23"><span class='ocrx_word' id='word_1_165' title='bbox 307 1981 676 2044; x_wconf 86' lang='lat' dir='ltr'><strong>exercitatio</strong></span> <span class='ocrx_word' id='word_1_166' title='bbox 721 2000 836 2064; x_wconf 89' lang='lat' dir='ltr'><strong>per</strong></span> <span class='ocrx_word' id='word_1_167' title='bbox 874 2001 943 2046; x_wconf 90' lang='lat' dir='ltr'><strong>se</strong></span> <span class='ocrx_word' id='word_1_168' title='bbox 985 1981 1186 2045; x_wconf 89' lang='lat' dir='ltr'><strong>solam</strong></span> <span class='ocrx_word' id='word_1_169' title='bbox 1231 1982 1556 2045; x_wconf 92' lang='lat' dir='ltr'><strong>modicum</strong></span> <span class='ocrx_word' id='word_1_170' title='bbox 1595 1981 1803 2061; x_wconf 82' lang='lat' dir='ltr'><strong>valet3</strong></span> 
     </span>
     <span class='ocr_line' id='line_1_27' title="bbox 307 2078 1803 2163; baseline 0.001 -24"><span class='ocrx_word' id='word_1_171' title='bbox 307 2078 412 2140; x_wconf 88' lang='lat' dir='ltr'><strong>sed</strong></span> <span class='ocrx_word' id='word_1_172' title='bbox 443 2086 510 2141; x_wconf 90' lang='lat' dir='ltr'><strong>et</strong></span> <span class='ocrx_word' id='word_1_173' title='bbox 535 2079 968 2161; x_wconf 84' lang='lat' dir='ltr'><strong>comparative</strong></span> <span class='ocrx_word' id='word_1_174' title='bbox 998 2080 1339 2163; x_wconf 90' lang='lat' dir='ltr'><strong>loquendo,</strong></span> <span class='ocrx_word' id='word_1_175' title='bbox 1371 2080 1450 2142; x_wconf 88' lang='lat' dir='ltr'><strong>ad</strong></span> <span class='ocrx_word' id='word_1_176' title='bbox 1482 2080 1803 2143; x_wconf 90' lang='lat' dir='ltr'><strong>modicum</strong></span> 
     </span>
     <span class='ocr_line' id='line_1_28' title="bbox 309 2176 1800 2261; baseline 0.001 -23"><span class='ocrx_word' id='word_1_177' title='bbox 309 2176 482 2239; x_wconf 90' lang='lat' dir='ltr'><strong>utilis</strong></span> <span class='ocrx_word' id='word_1_178' title='bbox 513 2176 912 2260; x_wconf 90' lang='lat' dir='ltr'><strong>perhibetur,</strong></span> <span class='ocrx_word' id='word_1_179' title='bbox 943 2185 1162 2261; x_wconf 88' lang='lat' dir='ltr'><strong>utpote</strong></span> <span class='ocrx_word' id='word_1_180' title='bbox 1202 2178 1458 2260; x_wconf 87' lang='lat' dir='ltr'><strong>pietatis</strong></span> <span class='ocrx_word' id='word_1_181' title='bbox 1488 2185 1800 2260; x_wconf 89' lang='lat' dir='ltr'><strong>respectu.</strong></span> 
     </span>
     <span class='ocr_line' id='line_1_29' title="bbox 308 2276 1807 2360; baseline 0.001 -23"><span class='ocrx_word' id='word_1_182' title='bbox 308 2310 384 2320; x_wconf 93' lang='lat'><strong>—</strong></span> <span class='ocrx_word' id='word_1_183' title='bbox 410 2276 648 2338; x_wconf 79' lang='lat' dir='ltr'><strong>Verum</strong></span> <span class='ocrx_word' id='word_1_184' title='bbox 677 2276 780 2338; x_wconf 91' lang='lat' dir='ltr'><strong>his</strong></span> <span class='ocrx_word' id='word_1_185' title='bbox 811 2276 1006 2358; x_wconf 89' lang='lat' dir='ltr'><strong>objici</strong></span> <span class='ocrx_word' id='word_1_186' title='bbox 1047 2284 1274 2359; x_wconf 91' lang='lat' dir='ltr'><strong>potest,</strong></span> <span class='ocrx_word' id='word_1_187' title='bbox 1307 2276 1609 2359; x_wconf 90' lang='lat' dir='ltr'><strong>quoniam</strong></span> <span class='ocrx_word' id='word_1_188' title='bbox 1643 2276 1807 2360; x_wconf 88' lang='lat' dir='ltr'><strong>jeju-</strong></span> 
     </span>
     <span class='ocr_line' id='line_1_30' title="bbox 310 2373 1808 2458; baseline 0.003 -24"><span class='ocrx_word' id='word_1_189' title='bbox 310 2392 454 2436; x_wconf 86' lang='lat' dir='ltr'><strong>nare</strong></span> <span class='ocrx_word' id='word_1_190' title='bbox 483 2380 583 2437; x_wconf 89' lang='lat' dir='ltr'><strong>est</strong></span> <span class='ocrx_word' id='word_1_191' title='bbox 613 2374 811 2437; x_wconf 86' lang='lat' dir='ltr'><strong>vitam</strong></span> <span class='ocrx_word' id='word_1_192' title='bbox 839 2373 1226 2448; x_wconf 87' lang='lat' dir='ltr'><strong>abbreviare,</strong></span> <span class='ocrx_word' id='word_1_193' title='bbox 1240 2394 1437 2458; x_wconf 91' lang='lat' dir='ltr'><strong>quum</strong></span> <span class='ocrx_word' id='word_1_194' title='bbox 1468 2375 1534 2438; x_wconf 91' lang='lat' dir='ltr'><strong>in</strong></span> <span class='ocrx_word' id='word_1_195' title='bbox 1559 2374 1808 2457; x_wconf 86' lang='lat' dir='ltr'><strong>jejunio</strong></span> 
     </span>
     <span class='ocr_line' id='line_1_31' title="bbox 308 2471 1805 2555; baseline 0.002 -22"><span class='ocrx_word' id='word_1_196' title='bbox 308 2471 388 2533; x_wconf 90' lang='lat' dir='ltr'><strong>sit</strong></span> <span class='ocrx_word' id='word_1_197' title='bbox 435 2472 642 2554; x_wconf 87' lang='lat' dir='ltr'><strong>major</strong></span> <span class='ocrx_word' id='word_1_198' title='bbox 687 2474 1094 2555; x_wconf 88' lang='lat' dir='ltr'><strong>consumptio</strong></span> <span class='ocrx_word' id='word_1_199' title='bbox 1135 2481 1200 2536; x_wconf 90' lang='lat' dir='ltr'><strong>et</strong></span> <span class='ocrx_word' id='word_1_200' title='bbox 1247 2473 1456 2536; x_wconf 89' lang='lat' dir='ltr'><strong>minor</strong></span> <span class='ocrx_word' id='word_1_201' title='bbox 1494 2481 1805 2536; x_wconf 86' lang='lat' dir='ltr'><strong>restaura-</strong></span> 
     </span>
     <span class='ocr_line' id='line_1_32' title="bbox 311 2572 1805 2654; baseline 0.003 -22"><span class='ocrx_word' id='word_1_202' title='bbox 311 2572 426 2649; x_wconf 88' lang='lat' dir='ltr'><strong>tio;</strong></span> <span class='ocrx_word' id='word_1_203' title='bbox 458 2572 568 2654; x_wconf 90' lang='lat' dir='ltr'><strong>qui</strong></span> <span class='ocrx_word' id='word_1_204' title='bbox 599 2580 818 2635; x_wconf 90' lang='lat' dir='ltr'><strong>autem</strong></span> <span class='ocrx_word' id='word_1_205' title='bbox 856 2572 1054 2635; x_wconf 84' lang='lat' dir='ltr'><strong>vitam</strong></span> <span class='ocrx_word' id='word_1_206' title='bbox 1092 2591 1273 2635; x_wconf 90' lang='lat' dir='ltr'><strong>suam</strong></span> <span class='ocrx_word' id='word_1_207' title='bbox 1313 2572 1665 2648; x_wconf 87' lang='lat' dir='ltr'><strong>abbreviat,</strong></span> <span class='ocrx_word' id='word_1_208' title='bbox 1699 2574 1805 2637; x_wconf 91' lang='lat' dir='ltr'><strong>ho—</strong></span> 
     </span>
     <span class='ocr_line' id='line_1_33' title="bbox 309 2670 1799 2754; baseline 0.003 -24"><span class='ocrx_word' id='word_1_209' title='bbox 309 2670 536 2733; x_wconf 89' lang='lat' dir='ltr'><strong>micida</strong></span> <span class='ocrx_word' id='word_1_210' title='bbox 563 2678 883 2744; x_wconf 90' lang='lat' dir='ltr'><strong>censetur,</strong></span> <span class='ocrx_word' id='word_1_211' title='bbox 915 2689 1118 2753; x_wconf 90' lang='lat' dir='ltr'><strong>quum</strong></span> <span class='ocrx_word' id='word_1_212' title='bbox 1147 2670 1318 2734; x_wconf 89' lang='lat' dir='ltr'><strong>dicat</strong></span> <span class='ocrx_word' id='word_1_213' title='bbox 1346 2671 1799 2754; x_wconf 76' lang='lat' dir='ltr'><strong>Hieronymus:</strong></span> 
     </span>
     <span class='ocr_line' id='line_1_34' title="bbox 307 2766 1802 2851; baseline 0.003 -22"><span class='ocrx_word' id='word_1_214' title='bbox 307 2766 436 2831; x_wconf 86' lang='lat' dir='ltr'><strong>Non</strong></span> <span class='ocrx_word' id='word_1_215' title='bbox 467 2768 666 2831; x_wconf 79' lang='lat' dir='ltr'><strong>refert</strong></span> <span class='ocrx_word' id='word_1_216' title='bbox 692 2787 774 2830; x_wconf 91' lang='lat' dir='ltr'><strong>an</strong></span> <span class='ocrx_word' id='word_1_217' title='bbox 806 2776 1093 2851; x_wconf 87' lang='lat' dir='ltr'><strong>tempore</strong></span> <span class='ocrx_word' id='word_1_218' title='bbox 1123 2786 1318 2850; x_wconf 89' lang='lat' dir='ltr'><strong>parvo</strong></span> <span class='ocrx_word' id='word_1_219' title='bbox 1346 2768 1450 2831; x_wconf 88' lang='lat' dir='ltr'><strong>vel</strong></span> <span class='ocrx_word' id='word_1_220' title='bbox 1481 2787 1712 2851; x_wconf 84' lang='lat' dir='ltr'><strong>magno</strong></span> <span class='ocrx_word' id='word_1_221' title='bbox 1739 2777 1802 2832; x_wconf 90' lang='lat' dir='ltr'><strong>te</strong></span> 
     </span>
     <span class='ocr_line' id='line_1_35' title="bbox 309 2864 1802 2950; baseline 0.003 -24"><span class='ocrx_word' id='word_1_222' title='bbox 309 2864 514 2947; x_wconf 90' lang='lat' dir='ltr'><strong>ipsum</strong></span> <span class='ocrx_word' id='word_1_223' title='bbox 545 2866 896 2931; x_wconf 84' lang='lat' dir='ltr'><strong>interimas.</strong></span> <span class='ocrx_word' id='word_1_224' title='bbox 929 2865 1485 2949; x_wconf 86' lang='lat' dir='ltr'><strong>Respondendum,</strong></span> <span class='ocrx_word' id='word_1_225' title='bbox 1508 2868 1679 2950; x_wconf 90' lang='lat' dir='ltr'><strong>quod</strong></span> <span class='ocrx_word' id='word_1_226' title='bbox 1709 2868 1802 2930; x_wconf 91' lang='lat' dir='ltr'><strong>vi-</strong></span> 
     </span>
     <span class='ocr_line' id='line_1_36' title="bbox 309 2964 1802 3049; baseline 0.001 -22"><span class='ocrx_word' id='word_1_227' title='bbox 309 2970 431 3027; x_wconf 82' lang='lat' dir='ltr'><strong>tam</strong></span> <span class='ocrx_word' id='word_1_228' title='bbox 482 2965 860 3030; x_wconf 89' lang='lat' dir='ltr'><strong>abbreviare</strong></span> <span class='ocrx_word' id='word_1_229' title='bbox 907 2964 1221 3047; x_wconf 90' lang='lat' dir='ltr'><strong>contingit</strong></span> <span class='ocrx_word' id='word_1_230' title='bbox 1265 2965 1627 3049; x_wconf 87' lang='lat' dir='ltr'><strong>dupliciter.</strong></span> <span class='ocrx_word' id='word_1_231' title='bbox 1677 2966 1802 3028; x_wconf 91' lang='lat' dir='ltr'><strong>Pri-</strong></span> 
     </span>
    </p>
   </div>
   <div class='ocr_carea' id='block_1_11' title="bbox 1910 1980 3421 3049">
    <p class='ocr_par' dir='ltr' id='par_1_12' title="bbox 1910 1980 3421 3049">
     <span class='ocr_line' id='line_1_37' title="bbox 1916 1980 3419 2065; baseline 0 -22"><span class='ocrx_word' id='word_1_232' title='bbox 1916 1980 2024 2043; x_wconf 93' lang='lat' dir='ltr'><strong>sed</strong></span> <span class='ocrx_word' id='word_1_233' title='bbox 2059 1981 2323 2062; x_wconf 78' lang='lat' dir='ltr'><strong>praecise</strong></span> <span class='ocrx_word' id='word_1_234' title='bbox 2353 1983 2596 2045; x_wconf 87' lang='lat' dir='ltr'><strong>ratione</strong></span> <span class='ocrx_word' id='word_1_235' title='bbox 2625 1982 2819 2064; x_wconf 88' lang='lat' dir='ltr'><strong>hujus</strong></span> <span class='ocrx_word' id='word_1_236' title='bbox 2850 1983 3019 2065; x_wconf 88' lang='lat' dir='ltr'><strong>quod</strong></span> <span class='ocrx_word' id='word_1_237' title='bbox 3048 1982 3419 2065; x_wconf 88' lang='lat' dir='ltr'><strong>superaddit</strong></span> 
     </span>
     <span class='ocr_line' id='line_1_38' title="bbox 1916 2080 3420 2163; baseline 0.003 -23"><span class='ocrx_word' id='word_1_238' title='bbox 1916 2086 2225 2141; x_wconf 90' lang='lat' dir='ltr'><strong>statutum</strong></span> <span class='ocrx_word' id='word_1_239' title='bbox 2271 2080 2593 2155; x_wconf 79' lang='lat' dir='ltr'><strong>Ecclesiae,</strong></span> <span class='ocrx_word' id='word_1_240' title='bbox 2636 2099 2764 2144; x_wconf 90' lang='lat' dir='ltr'><strong>non</strong></span> <span class='ocrx_word' id='word_1_241' title='bbox 2804 2089 2901 2145; x_wconf 86' lang='lat' dir='ltr'><strong>est</strong></span> <span class='ocrx_word' id='word_1_242' title='bbox 2938 2082 3017 2144; x_wconf 91' lang='lat' dir='ltr'><strong>de</strong></span> <span class='ocrx_word' id='word_1_243' title='bbox 3051 2080 3197 2163; x_wconf 87' lang='lat' dir='ltr'><strong>jure</strong></span> <span class='ocrx_word' id='word_1_244' title='bbox 3240 2088 3420 2144; x_wconf 86' lang='lat' dir='ltr'><strong>natu-</strong></span> 
     </span>
     <span class='ocr_line' id='line_1_39' title="bbox 1915 2177 3419 2264; baseline 0.003 -25"><span class='ocrx_word' id='word_1_245' title='bbox 1915 2177 2032 2240; x_wconf 88' lang='lat' dir='ltr'><strong>rali</strong></span> <span class='ocrx_word' id='word_1_246' title='bbox 2076 2198 2287 2261; x_wconf 89' lang='lat' dir='ltr'><strong>neque</strong></span> <span class='ocrx_word' id='word_1_247' title='bbox 2326 2180 2567 2255; x_wconf 86' lang='lat' dir='ltr'><strong>divino,</strong></span> <span class='ocrx_word' id='word_1_248' title='bbox 2599 2181 2711 2244; x_wconf 89' lang='lat' dir='ltr'><strong>sed</strong></span> <span class='ocrx_word' id='word_1_249' title='bbox 2754 2200 2915 2264; x_wconf 88' lang='lat' dir='ltr'><strong>pure</strong></span> <span class='ocrx_word' id='word_1_250' title='bbox 2954 2180 3247 2263; x_wconf 81' lang='lat' dir='ltr'><strong>positivo,</strong></span> <span class='ocrx_word' id='word_1_251' title='bbox 3284 2180 3419 2244; x_wconf 85' lang='lat' dir='ltr'><strong>Tali</strong></span> 
     </span>
     <span class='ocr_line' id='line_1_40' title="bbox 1915 2278 3421 2362; baseline 0.003 -25"><span class='ocrx_word' id='word_1_252' title='bbox 1915 2283 2127 2338; x_wconf 90' lang='lat' dir='ltr'><strong>autem</strong></span> <span class='ocrx_word' id='word_1_253' title='bbox 2166 2278 2313 2360; x_wconf 91' lang='lat' dir='ltr'><strong>jure</strong></span> <span class='ocrx_word' id='word_1_254' title='bbox 2349 2278 2771 2360; x_wconf 90' lang='lat' dir='ltr'><strong>prohibentur</strong></span> <span class='ocrx_word' id='word_1_255' title='bbox 2810 2287 2920 2342; x_wconf 88' lang='lat' dir='ltr'><strong>aut</strong></span> <span class='ocrx_word' id='word_1_256' title='bbox 2958 2279 3421 2362; x_wconf 83' lang='lat' dir='ltr'><strong>praecipiuntur</strong></span> 
     </span>
     <span class='ocr_line' id='line_1_41' title="bbox 1916 2376 3413 2459; baseline 0.001 -21"><span class='ocrx_word' id='word_1_257' title='bbox 1916 2394 1990 2438; x_wconf 88' lang='lat' dir='ltr'><strong>ea</strong></span> <span class='ocrx_word' id='word_1_258' title='bbox 2033 2395 2177 2459; x_wconf 80' lang='lat' dir='ltr'><strong>quae</strong></span> <span class='ocrx_word' id='word_1_259' title='bbox 2218 2376 2375 2439; x_wconf 90' lang='lat' dir='ltr'><strong>alias</strong></span> <span class='ocrx_word' id='word_1_260' title='bbox 2418 2376 2581 2439; x_wconf 87' lang='lat' dir='ltr'><strong>bene</strong></span> <span class='ocrx_word' id='word_1_261' title='bbox 2624 2383 2689 2440; x_wconf 92' lang='lat' dir='ltr'><strong>et</strong></span> <span class='ocrx_word' id='word_1_262' title='bbox 2734 2377 2901 2440; x_wconf 88' lang='lat' dir='ltr'><strong>male</strong></span> <span class='ocrx_word' id='word_1_263' title='bbox 2950 2376 3094 2439; x_wconf 81' lang='lat' dir='ltr'><strong>fieri</strong></span> <span class='ocrx_word' id='word_1_264' title='bbox 3135 2382 3413 2459; x_wconf 89' lang='lat' dir='ltr'><strong>possent.</strong></span> 
     </span>
     <span class='ocr_line' id='line_1_42' title="bbox 1914 2473 3413 2558; baseline 0.001 -22"><span class='ocrx_word' id='word_1_265' title='bbox 1914 2474 2062 2538; x_wconf 87' lang='lat' dir='ltr'><strong>Ideo</strong></span> <span class='ocrx_word' id='word_1_266' title='bbox 2119 2473 2442 2556; x_wconf 89' lang='lat' dir='ltr'><strong>legislator</strong></span> <span class='ocrx_word' id='word_1_267' title='bbox 2496 2474 2828 2538; x_wconf 90' lang='lat' dir='ltr'><strong>condendo</strong></span> <span class='ocrx_word' id='word_1_268' title='bbox 2880 2474 2988 2557; x_wconf 88' lang='lat' dir='ltr'><strong>jus</strong></span> <span class='ocrx_word' id='word_1_269' title='bbox 3040 2475 3413 2558; x_wconf 89' lang='lat' dir='ltr'><strong>positivum,</strong></span> 
     </span>
     <span class='ocr_line' id='line_1_43' title="bbox 1913 2571 3415 2653; baseline 0.001 -20"><span class='ocrx_word' id='word_1_270' title='bbox 1913 2589 2042 2634; x_wconf 91' lang='lat' dir='ltr'><strong>non</strong></span> <span class='ocrx_word' id='word_1_271' title='bbox 2091 2572 2363 2635; x_wconf 88' lang='lat' dir='ltr'><strong>intendit</strong></span> <span class='ocrx_word' id='word_1_272' title='bbox 2408 2572 2700 2635; x_wconf 90' lang='lat' dir='ltr'><strong>homines</strong></span> <span class='ocrx_word' id='word_1_273' title='bbox 2756 2571 3105 2653; x_wconf 81' lang='lat' dir='ltr'><strong>legitimam</strong></span> <span class='ocrx_word' id='word_1_274' title='bbox 3154 2592 3415 2635; x_wconf 86' lang='lat' dir='ltr'><strong>excusa-</strong></span> 
     </span>
     <span class='ocr_line' id='line_1_44' title="bbox 1911 2669 3411 2751; baseline 0.001 -20"><span class='ocrx_word' id='word_1_275' title='bbox 1911 2670 2153 2733; x_wconf 88' lang='lat' dir='ltr'><strong>tionem</strong></span> <span class='ocrx_word' id='word_1_276' title='bbox 2185 2669 2805 2751; x_wconf 85' lang='lat' dir='ltr'><strong>habentes,obligare</strong></span> <span class='ocrx_word' id='word_1_277' title='bbox 2834 2670 2913 2732; x_wconf 89' lang='lat' dir='ltr'><strong>ad</strong></span> <span class='ocrx_word' id='word_1_278' title='bbox 2943 2670 3411 2733; x_wconf 88' lang='lat' dir='ltr'><strong>observantiam</strong></span> 
     </span>
     <span class='ocr_line' id='line_1_45' title="bbox 1911 2768 3409 2850; baseline 0.003 -21"><span class='ocrx_word' id='word_1_279' title='bbox 1911 2768 2284 2850; x_wconf 87' lang='lat' dir='ltr'><strong>hujusmodi</strong></span> <span class='ocrx_word' id='word_1_280' title='bbox 2318 2768 2501 2849; x_wconf 84' lang='lat' dir='ltr'><strong>juris.</strong></span> <span class='ocrx_word' id='word_1_281' title='bbox 2535 2768 2710 2831; x_wconf 82' lang='lat' dir='ltr'><strong>Multi</strong></span> <span class='ocrx_word' id='word_1_282' title='bbox 2744 2786 2895 2831; x_wconf 88' lang='lat' dir='ltr'><strong>vero</strong></span> <span class='ocrx_word' id='word_1_283' title='bbox 2934 2776 3083 2831; x_wconf 90' lang='lat' dir='ltr'><strong>sunt</strong></span> <span class='ocrx_word' id='word_1_284' title='bbox 3116 2768 3409 2833; x_wconf 89' lang='lat' dir='ltr'><strong>homines</strong></span> 
     </span>
     <span class='ocr_line' id='line_1_46' title="bbox 1911 2865 3413 2950; baseline 0.002 -23"><span class='ocrx_word' id='word_1_285' title='bbox 1911 2865 2262 2948; x_wconf 85' lang='lat' dir='ltr'><strong>legitimam</strong></span> <span class='ocrx_word' id='word_1_286' title='bbox 2294 2866 2767 2930; x_wconf 81' lang='lat' dir='ltr'><strong>excusationem</strong></span> <span class='ocrx_word' id='word_1_287' title='bbox 2798 2866 3127 2941; x_wconf 80' lang='lat' dir='ltr'><strong>habenteS,</strong></span> <span class='ocrx_word' id='word_1_288' title='bbox 3150 2874 3413 2950; x_wconf 85' lang='lat' dir='ltr'><strong>propter</strong></span> 
     </span>
     <span class='ocr_line' id='line_1_47' title="bbox 1910 2964 3412 3049; baseline 0.001 -22"><span class='ocrx_word' id='word_1_289' title='bbox 1910 2984 2102 3048; x_wconf 87' lang='lat' dir='ltr'><strong>quam</strong></span> <span class='ocrx_word' id='word_1_290' title='bbox 2135 2964 2367 3028; x_wconf 90' lang='lat' dir='ltr'><strong>melius</strong></span> <span class='ocrx_word' id='word_1_291' title='bbox 2396 2974 2493 3028; x_wconf 90' lang='lat' dir='ltr'><strong>est</strong></span> <span class='ocrx_word' id='word_1_292' title='bbox 2520 2982 2628 3029; x_wconf 89' lang='lat' dir='ltr'><strong>eos</strong></span> <span class='ocrx_word' id='word_1_293' title='bbox 2668 2983 2793 3029; x_wconf 90' lang='lat' dir='ltr'><strong>non</strong></span> <span class='ocrx_word' id='word_1_294' title='bbox 2835 2965 3103 3049; x_wconf 88' lang='lat' dir='ltr'><strong>obligari</strong></span> <span class='ocrx_word' id='word_1_295' title='bbox 3137 2966 3218 3029; x_wconf 89' lang='lat' dir='ltr'><strong>ad</strong></span> <span class='ocrx_word' id='word_1_296' title='bbox 3244 2965 3412 3048; x_wconf 88' lang='lat' dir='ltr'><strong>jeju-</strong></span> 
     </span>
    </p>
   </div>
   <div class='ocr_carea' id='block_1_12' title="bbox 311 3062 3413 3148">
    <p class='ocr_par' dir='ltr' id='par_1_13' title="bbox 311 3062 3413 3148">
     <span class='ocr_line' id='line_1_48' title="bbox 311 3062 3413 3148; baseline 0 -22"><span class='ocrx_word' id='word_1_297' title='bbox 311 3081 432 3138; x_wconf 90' lang='lat' dir='ltr'><strong>mo,</strong></span> <span class='ocrx_word' id='word_1_298' title='bbox 491 3082 569 3129; x_wconf 85' lang='lat' dir='ltr'><strong>ex</strong></span> <span class='ocrx_word' id='word_1_299' title='bbox 629 3064 1005 3140; x_wconf 88' lang='lat' dir='ltr'><strong>intentione,</strong></span> <span class='ocrx_word' id='word_1_300' title='bbox 1055 3071 1120 3128; x_wconf 91' lang='lat' dir='ltr'><strong>et</strong></span> <span class='ocrx_word' id='word_1_301' title='bbox 1179 3064 1268 3128; x_wconf 83' lang='lat' dir='ltr'><strong>ita</strong></span> <span class='ocrx_word' id='word_1_302' title='bbox 1325 3064 1624 3128; x_wconf 89' lang='lat' dir='ltr'><strong>illicitum</strong></span> <span class='ocrx_word' id='word_1_303' title='bbox 1679 3072 1795 3128; x_wconf 91' lang='lat' dir='ltr'><strong>est.</strong></span> <span class='ocrx_word' id='word_1_304' title='bbox 1830 3065 1875 3131; x_wconf 90' lang='lat' dir='ltr'>C</span> <span class='ocrx_word' id='word_1_305' title='bbox 1910 3062 2193 3127; x_wconf 86' lang='lat' dir='ltr'><strong>nandum</strong></span> <span class='ocrx_word' id='word_1_306' title='bbox 2226 3082 2419 3147; x_wconf 91' lang='lat' dir='ltr'><strong>quam</strong></span> <span class='ocrx_word' id='word_1_307' title='bbox 2449 3063 2739 3147; x_wconf 89' lang='lat' dir='ltr'><strong>obligari,</strong></span> <span class='ocrx_word' id='word_1_308' title='bbox 2764 3071 2836 3127; x_wconf 87' lang='lat' dir='ltr'><strong>ut</strong></span> <span class='ocrx_word' id='word_1_309' title='bbox 2863 3071 3013 3128; x_wconf 92' lang='lat' dir='ltr'><strong>sunt</strong></span> <span class='ocrx_word' id='word_1_310' title='bbox 3043 3065 3247 3148; x_wconf 90' lang='lat' dir='ltr'><strong>pueri,</strong></span> <span class='ocrx_word' id='word_1_311' title='bbox 3272 3083 3413 3128; x_wconf 87' lang='lat' dir='ltr'><strong>mn·-</strong></span> 
     </span>
    </p>
   </div>
   <div class='ocr_carea' id='block_1_13' title="bbox 305 3162 1802 4229">
    <p class='ocr_par' dir='ltr' id='par_1_14' title="bbox 305 3162 1802 4013">
     <span class='ocr_line' id='line_1_49' title="bbox 309 3162 1800 3246; baseline 0.001 -22"><span class='ocrx_word' id='word_1_312' title='bbox 309 3162 616 3238; x_wconf 89' lang='lat' dir='ltr'><strong>Secundo,</strong></span> <span class='ocrx_word' id='word_1_313' title='bbox 650 3170 880 3246; x_wconf 78' lang='lat' dir='ltr'><strong>praeter</strong></span> <span class='ocrx_word' id='word_1_314' title='bbox 927 3164 1389 3244; x_wconf 90' lang='lat' dir='ltr'><strong>intentionem;</strong></span> <span class='ocrx_word' id='word_1_315' title='bbox 1421 3172 1485 3226; x_wconf 89' lang='lat' dir='ltr'><strong>et</strong></span> <span class='ocrx_word' id='word_1_316' title='bbox 1522 3165 1664 3240; x_wconf 91' lang='lat' dir='ltr'><strong>hoc,</strong></span> <span class='ocrx_word' id='word_1_317' title='bbox 1697 3164 1800 3228; x_wconf 91' lang='lat' dir='ltr'><strong>vel</strong></span> 
     </span>
     <span class='ocr_line' id='line_1_50' title="bbox 307 3260 1796 3344; baseline 0.003 -23"><span class='ocrx_word' id='word_1_318' title='bbox 307 3260 514 3325; x_wconf 82' lang='lat' dir='ltr'><strong>dando</strong></span> <span class='ocrx_word' id='word_1_319' title='bbox 555 3279 816 3344; x_wconf 86' lang='lat' dir='ltr'><strong>operam</strong></span> <span class='ocrx_word' id='word_1_320' title='bbox 853 3262 948 3324; x_wconf 87' lang='lat' dir='ltr'><strong>rei</strong></span> <span class='ocrx_word' id='word_1_321' title='bbox 995 3261 1188 3326; x_wconf 80' lang='lat' dir='ltr'><strong>licitae</strong></span> <span class='ocrx_word' id='word_1_322' title='bbox 1225 3262 1328 3324; x_wconf 88' lang='lat' dir='ltr'><strong>vel</strong></span> <span class='ocrx_word' id='word_1_323' title='bbox 1367 3262 1608 3327; x_wconf 76' lang='lat' dir='ltr'><strong>illicitae</strong></span> <span class='ocrx_word' id='word_1_324' title='bbox 1654 3263 1747 3326; x_wconf 90' lang='lat' dir='ltr'><strong>rei</strong></span> <span class='ocrx_word' id='word_1_325' title='bbox 1782 3280 1796 3326; x_wconf 92' lang='lat'><strong>:</strong></span> 
     </span>
     <span class='ocr_line' id='line_1_51' title="bbox 307 3359 1802 3442; baseline 0.003 -22"><span class='ocrx_word' id='word_1_326' title='bbox 307 3359 516 3440; x_wconf 90' lang='lat' dir='ltr'><strong>primo</strong></span> <span class='ocrx_word' id='word_1_327' title='bbox 543 3361 733 3423; x_wconf 90' lang='lat' dir='ltr'><strong>modo</strong></span> <span class='ocrx_word' id='word_1_328' title='bbox 762 3377 890 3422; x_wconf 88' lang='lat' dir='ltr'><strong>non</strong></span> <span class='ocrx_word' id='word_1_329' title='bbox 918 3366 1018 3423; x_wconf 92' lang='lat' dir='ltr'><strong>est</strong></span> <span class='ocrx_word' id='word_1_330' title='bbox 1046 3367 1401 3442; x_wconf 90' lang='lat' dir='ltr'><strong>peccatum,</strong></span> <span class='ocrx_word' id='word_1_331' title='bbox 1435 3361 1544 3424; x_wconf 90' lang='lat' dir='ltr'><strong>sed</strong></span> <span class='ocrx_word' id='word_1_332' title='bbox 1579 3380 1802 3424; x_wconf 91' lang='lat' dir='ltr'><strong>secun·</strong></span> 
     </span>
     <span class='ocr_line' id='line_1_52' title="bbox 307 3456 1801 3541; baseline 0.003 -24"><span class='ocrx_word' id='word_1_333' title='bbox 307 3457 398 3518; x_wconf 92' lang='lat' dir='ltr'><strong>do.</strong></span> <span class='ocrx_word' id='word_1_334' title='bbox 429 3456 646 3539; x_wconf 81' lang='lat' dir='ltr'><strong>Aliqui</strong></span> <span class='ocrx_word' id='word_1_335' title='bbox 676 3465 892 3520; x_wconf 86' lang='lat' dir='ltr'><strong>tamen</strong></span> <span class='ocrx_word' id='word_1_336' title='bbox 931 3457 1176 3532; x_wconf 91' lang='lat' dir='ltr'><strong>dicunt,</strong></span> <span class='ocrx_word' id='word_1_337' title='bbox 1208 3458 1377 3541; x_wconf 91' lang='lat' dir='ltr'><strong>quod</strong></span> <span class='ocrx_word' id='word_1_338' title='bbox 1415 3457 1801 3522; x_wconf 89' lang='lat' dir='ltr'><strong>abstinentia</strong></span> 
     </span>
     <span class='ocr_line' id='line_1_53' title="bbox 307 3556 1796 3635; baseline 0.001 -18"><span class='ocrx_word' id='word_1_339' title='bbox 307 3572 428 3617; x_wconf 91' lang='lat' dir='ltr'><strong>non</strong></span> <span class='ocrx_word' id='word_1_340' title='bbox 471 3556 787 3619; x_wconf 82' lang='lat' dir='ltr'><strong>accelerat</strong></span> <span class='ocrx_word' id='word_1_341' title='bbox 833 3564 1148 3635; x_wconf 83' lang='lat' dir='ltr'><strong>mortem3</strong></span> <span class='ocrx_word' id='word_1_342' title='bbox 1197 3563 1410 3619; x_wconf 87' lang='lat' dir='ltr'><strong>tamen</strong></span> <span class='ocrx_word' id='word_1_343' title='bbox 1461 3563 1532 3619; x_wconf 92' lang='lat' dir='ltr'><strong>ut</strong></span> <span class='ocrx_word' id='word_1_344' title='bbox 1585 3556 1796 3631; x_wconf 87' lang='lat' dir='ltr'><strong>credo,</strong></span> 
     </span>
     <span class='ocr_line' id='line_1_54' title="bbox 305 3653 1795 3732; baseline 0 -16"><span class='ocrx_word' id='word_1_345' title='bbox 305 3653 510 3732; x_wconf 81' lang='lat' dir='ltr'><strong>gravis</strong></span> <span class='ocrx_word' id='word_1_346' title='bbox 535 3653 926 3717; x_wconf 86' lang='lat' dir='ltr'><strong>abstinentia</strong></span> <span class='ocrx_word' id='word_1_347' title='bbox 965 3661 1236 3718; x_wconf 87' lang='lat' dir='ltr'><strong>mortem</strong></span> <span class='ocrx_word' id='word_1_348' title='bbox 1265 3654 1430 3717; x_wconf 90' lang='lat' dir='ltr'><strong>bene</strong></span> <span class='ocrx_word' id='word_1_349' title='bbox 1467 3654 1795 3717; x_wconf 86' lang='lat' dir='ltr'><strong>accelerat.</strong></span> 
     </span>
     <span class='ocr_line' id='line_1_55' title="bbox 308 3751 1801 3834; baseline 0.002 -22"><span class='ocrx_word' id='word_1_350' title='bbox 308 3751 405 3814; x_wconf 88' lang='lat' dir='ltr'><strong>Sic</strong></span> <span class='ocrx_word' id='word_1_351' title='bbox 445 3753 768 3816; x_wconf 89' lang='lat' dir='ltr'><strong>moderate</strong></span> <span class='ocrx_word' id='word_1_352' title='bbox 803 3751 1152 3834; x_wconf 76' lang='lat' dir='ltr'><strong>affligenda</strong></span> <span class='ocrx_word' id='word_1_353' title='bbox 1187 3760 1286 3816; x_wconf 89' lang='lat' dir='ltr'><strong>est</strong></span> <span class='ocrx_word' id='word_1_354' title='bbox 1323 3769 1492 3826; x_wconf 90' lang='lat' dir='ltr'><strong>caro,</strong></span> <span class='ocrx_word' id='word_1_355' title='bbox 1537 3759 1607 3814; x_wconf 90' lang='lat' dir='ltr'><strong>ut</strong></span> <span class='ocrx_word' id='word_1_356' title='bbox 1645 3752 1801 3815; x_wconf 91' lang='lat' dir='ltr'><strong>vitia</strong></span> 
     </span>
     <span class='ocr_line' id='line_1_56' title="bbox 310 3850 1794 3934; baseline 0.002 -23"><span class='ocrx_word' id='word_1_357' title='bbox 310 3852 797 3926; x_wconf 78' lang='lat' dir='ltr'><strong>mortificentur,</strong></span> <span class='ocrx_word' id='word_1_358' title='bbox 855 3870 976 3914; x_wconf 91' lang='lat' dir='ltr'><strong>nec</strong></span> <span class='ocrx_word' id='word_1_359' title='bbox 1035 3859 1262 3914; x_wconf 85' lang='lat' dir='ltr'><strong>natura</strong></span> <span class='ocrx_word' id='word_1_360' title='bbox 1319 3851 1458 3934; x_wconf 90' lang='lat' dir='ltr'><strong>ipsa</strong></span> <span class='ocrx_word' id='word_1_361' title='bbox 1517 3850 1794 3915; x_wconf 81' lang='lat' dir='ltr'><strong>deficiat.</strong></span> 
     </span>
     <span class='ocr_line' id='line_1_57' title="bbox 309 3948 948 4013; baseline 0.002 -2"><span class='ocrx_word' id='word_1_362' title='bbox 309 3948 446 4012; x_wconf 77' lang='lat' dir='ltr'><strong>Haec</strong></span> <span class='ocrx_word' id='word_1_363' title='bbox 487 3950 948 4013; x_wconf 87' lang='lat' dir='ltr'><strong>Bonaventura.</strong></span> 
     </span>
    </p>

    <p class='ocr_par' dir='ltr' id='par_1_15' title="bbox 309 4048 1800 4229">
     <span class='ocr_line' id='line_1_58' title="bbox 382 4048 1796 4132; baseline 0.001 -22"><span class='ocrx_word' id='word_1_364' title='bbox 382 4048 650 4132; x_wconf 89' lang='lat' dir='ltr'><strong>Insuper</strong></span> <span class='ocrx_word' id='word_1_365' title='bbox 679 4048 1028 4111; x_wconf 85' lang='lat' dir='ltr'><strong>Richardus</strong></span> <span class='ocrx_word' id='word_1_366' title='bbox 1062 4066 1077 4111; x_wconf 90' lang='lat'><strong>:</strong></span> <span class='ocrx_word' id='word_1_367' title='bbox 1107 4048 1532 4124; x_wconf 84' lang='lat' dir='ltr'><strong>Abstinentia,</strong></span> <span class='ocrx_word' id='word_1_368' title='bbox 1569 4048 1796 4131; x_wconf 89' lang='lat' dir='ltr'><strong>inquit,</strong></span> 
     </span>
     <span class='ocr_line' id='line_1_59' title="bbox 309 4147 1800 4229; baseline 0.002 -20"><span class='ocrx_word' id='word_1_369' title='bbox 309 4154 400 4209; x_wconf 90' lang='lat' dir='ltr'><strong>est</strong></span> <span class='ocrx_word' id='word_1_370' title='bbox 445 4147 672 4222; x_wconf 87' lang='lat' dir='ltr'><strong>virtus,</strong></span> <span class='ocrx_word' id='word_1_371' title='bbox 705 4165 832 4210; x_wconf 91' lang='lat' dir='ltr'><strong>non</strong></span> <span class='ocrx_word' id='word_1_372' title='bbox 876 4153 1066 4229; x_wconf 89' lang='lat' dir='ltr'><strong>prout</strong></span> <span class='ocrx_word' id='word_1_373' title='bbox 1107 4147 1315 4210; x_wconf 90' lang='lat' dir='ltr'><strong>solum</strong></span> <span class='ocrx_word' id='word_1_374' title='bbox 1362 4154 1472 4210; x_wconf 85' lang='lat' dir='ltr'><strong>aut</strong></span> <span class='ocrx_word' id='word_1_375' title='bbox 1512 4147 1800 4212; x_wconf 89' lang='lat' dir='ltr'><strong>absolute</strong></span> 
     </span>
    </p>
   </div>
   <div class='ocr_carea' id='block_1_14' title="bbox 1906 3161 3413 4227">
    <p class='ocr_par' dir='ltr' id='par_1_16' title="bbox 1906 3161 3413 4227">
     <span class='ocr_line' id='line_1_60' title="bbox 1911 3161 3413 3244; baseline 0.001 -20"><span class='ocrx_word' id='word_1_376' title='bbox 1911 3161 2098 3224; x_wconf 90' lang='lat' dir='ltr'><strong>lieres</strong></span> <span class='ocrx_word' id='word_1_377' title='bbox 2127 3169 2549 3244; x_wconf 78' lang='lat' dir='ltr'><strong>praegnantes,</strong></span> <span class='ocrx_word' id='word_1_378' title='bbox 2582 3170 2979 3244; x_wconf 83' lang='lat' dir='ltr'><strong>aegrotantes,</strong></span> <span class='ocrx_word' id='word_1_379' title='bbox 3011 3163 3285 3226; x_wconf 90' lang='lat' dir='ltr'><strong>nimium</strong></span> <span class='ocrx_word' id='word_1_380' title='bbox 3317 3181 3413 3226; x_wconf 89' lang='lat' dir='ltr'><strong>se-</strong></span> 
     </span>
     <span class='ocr_line' id='line_1_61' title="bbox 1910 3261 3411 3344; baseline 0.002 -21"><span class='ocrx_word' id='word_1_381' title='bbox 1910 3280 2044 3335; x_wconf 90' lang='lat' dir='ltr'><strong>nes,</strong></span> <span class='ocrx_word' id='word_1_382' title='bbox 2068 3261 2503 3324; x_wconf 86' lang='lat' dir='ltr'><strong>necessarium</strong></span> <span class='ocrx_word' id='word_1_383' title='bbox 2532 3261 2774 3323; x_wconf 88' lang='lat' dir='ltr'><strong>victum</strong></span> <span class='ocrx_word' id='word_1_384' title='bbox 2806 3279 2954 3324; x_wconf 91' lang='lat' dir='ltr'><strong>cum</strong></span> <span class='ocrx_word' id='word_1_385' title='bbox 2986 3261 3163 3344; x_wconf 88' lang='lat' dir='ltr'><strong>gravi</strong></span> <span class='ocrx_word' id='word_1_386' title='bbox 3196 3262 3411 3326; x_wconf 87' lang='lat' dir='ltr'><strong>labore</strong></span> 
     </span>
     <span class='ocr_line' id='line_1_62' title="bbox 1909 3358 3407 3441; baseline 0.001 -20"><span class='ocrx_word' id='word_1_387' title='bbox 1909 3358 2251 3433; x_wconf 79' lang='lat' dir='ltr'><strong>lucranteS,</strong></span> <span class='ocrx_word' id='word_1_388' title='bbox 2284 3367 2351 3422; x_wconf 92' lang='lat' dir='ltr'><strong>et</strong></span> <span class='ocrx_word' id='word_1_389' title='bbox 2376 3359 2456 3421; x_wconf 90' lang='lat' dir='ltr'><strong>ad</strong></span> <span class='ocrx_word' id='word_1_390' title='bbox 2485 3365 2703 3421; x_wconf 83' lang='lat' dir='ltr'><strong>sancta</strong></span> <span class='ocrx_word' id='word_1_391' title='bbox 2734 3359 2871 3422; x_wconf 91' lang='lat' dir='ltr'><strong>loca</strong></span> <span class='ocrx_word' id='word_1_392' title='bbox 2909 3359 3407 3441; x_wconf 82' lang='lat' dir='ltr'><strong>peregrinantes,</strong></span> 
     </span>
     <span class='ocr_line' id='line_1_63' title="bbox 1906 3456 3406 3520; baseline 0 0"><span class='ocrx_word' id='word_1_393' title='bbox 1906 3477 1981 3520; x_wconf 90' lang='lat' dir='ltr'><strong>ac</strong></span> <span class='ocrx_word' id='word_1_394' title='bbox 2011 3457 2370 3520; x_wconf 87' lang='lat' dir='ltr'><strong>necessaria</strong></span> <span class='ocrx_word' id='word_1_395' title='bbox 2405 3457 2601 3519; x_wconf 91' lang='lat' dir='ltr'><strong>victui</strong></span> <span class='ocrx_word' id='word_1_396' title='bbox 2641 3456 2920 3519; x_wconf 90' lang='lat' dir='ltr'><strong>ostiatim</strong></span> <span class='ocrx_word' id='word_1_397' title='bbox 2960 3457 3406 3520; x_wconf 89' lang='lat' dir='ltr'><strong>mendicantes.</strong></span> 
     </span>
     <span class='ocr_line' id='line_1_64' title="bbox 1907 3554 3410 3638; baseline 0 -20"><span class='ocrx_word' id='word_1_398' title='bbox 1907 3557 2203 3618; x_wconf 83' lang='lat' dir='ltr'><strong>Mulieres</strong></span> <span class='ocrx_word' id='word_1_399' title='bbox 2250 3555 2493 3638; x_wconf 89' lang='lat' dir='ltr'><strong>quippe</strong></span> <span class='ocrx_word' id='word_1_400' title='bbox 2532 3561 2929 3636; x_wconf 82' lang='lat' dir='ltr'><strong>praegnantes</strong></span> <span class='ocrx_word' id='word_1_401' title='bbox 2974 3554 3264 3636; x_wconf 89' lang='lat' dir='ltr'><strong>indigent</strong></span> <span class='ocrx_word' id='word_1_402' title='bbox 3309 3575 3410 3618; x_wconf 91' lang='lat' dir='ltr'><strong>su-</strong></span> 
     </span>
     <span class='ocr_line' id='line_1_65' title="bbox 1911 3653 3409 3736; baseline -0.001 -19"><span class='ocrx_word' id='word_1_403' title='bbox 1911 3673 2084 3718; x_wconf 90' lang='lat' dir='ltr'><strong>mere</strong></span> <span class='ocrx_word' id='word_1_404' title='bbox 2113 3653 2334 3716; x_wconf 91' lang='lat' dir='ltr'><strong>cibum</strong></span> <span class='ocrx_word' id='word_1_405' title='bbox 2376 3671 2501 3716; x_wconf 90' lang='lat' dir='ltr'><strong>non</strong></span> <span class='ocrx_word' id='word_1_406' title='bbox 2540 3653 2747 3716; x_wconf 90' lang='lat' dir='ltr'><strong>solum</strong></span> <span class='ocrx_word' id='word_1_407' title='bbox 2789 3671 2905 3735; x_wconf 86' lang='lat' dir='ltr'><strong>pro</strong></span> <span class='ocrx_word' id='word_1_408' title='bbox 2933 3672 3024 3727; x_wconf 88' lang='lat' dir='ltr'><strong>se,</strong></span> <span class='ocrx_word' id='word_1_409' title='bbox 3056 3654 3169 3716; x_wconf 89' lang='lat' dir='ltr'><strong>sed</strong></span> <span class='ocrx_word' id='word_1_410' title='bbox 3200 3661 3265 3716; x_wconf 92' lang='lat' dir='ltr'><strong>et</strong></span> <span class='ocrx_word' id='word_1_411' title='bbox 3292 3671 3409 3736; x_wconf 90' lang='lat' dir='ltr'><strong>pro</strong></span> 
     </span>
     <span class='ocr_line' id='line_1_66' title="bbox 1909 3749 3407 3835; baseline -0.001 -19"><span class='ocrx_word' id='word_1_412' title='bbox 1909 3753 2302 3816; x_wconf 90' lang='lat' dir='ltr'><strong>nutrimento</strong></span> <span class='ocrx_word' id='word_1_413' title='bbox 2360 3751 2459 3814; x_wconf 91' lang='lat' dir='ltr'><strong>sui</strong></span> <span class='ocrx_word' id='word_1_414' title='bbox 2520 3749 2705 3814; x_wconf 81' lang='lat' dir='ltr'><strong>fetus.</strong></span> <span class='ocrx_word' id='word_1_415' title='bbox 2769 3752 3092 3814; x_wconf 86' lang='lat' dir='ltr'><strong>Interdum</strong></span> <span class='ocrx_word' id='word_1_416' title='bbox 3151 3769 3407 3835; x_wconf 89' lang='lat' dir='ltr'><strong>quoque</strong></span> 
     </span>
     <span class='ocr_line' id='line_1_67' title="bbox 1909 3849 3404 3926; baseline -0.001 -12"><span class='ocrx_word' id='word_1_417' title='bbox 1909 3851 2147 3914; x_wconf 88' lang='lat' dir='ltr'><strong>habent</strong></span> <span class='ocrx_word' id='word_1_418' title='bbox 2174 3850 2491 3914; x_wconf 88' lang='lat' dir='ltr'><strong>desideria</strong></span> <span class='ocrx_word' id='word_1_419' title='bbox 2518 3857 2649 3912; x_wconf 90' lang='lat' dir='ltr'><strong>tam</strong></span> <span class='ocrx_word' id='word_1_420' title='bbox 2691 3849 2941 3912; x_wconf 85' lang='lat' dir='ltr'><strong>intensa</strong></span> <span class='ocrx_word' id='word_1_421' title='bbox 2968 3850 3047 3912; x_wconf 89' lang='lat' dir='ltr'><strong>ad</strong></span> <span class='ocrx_word' id='word_1_422' title='bbox 3079 3849 3404 3926; x_wconf 85' lang='lat' dir='ltr'><strong>alimenta,</strong></span> 
     </span>
     <span class='ocr_line' id='line_1_68' title="bbox 1909 3947 3409 4032; baseline 0.001 -22"><span class='ocrx_word' id='word_1_423' title='bbox 1909 3949 2079 4032; x_wconf 91' lang='lat' dir='ltr'><strong>quod</strong></span> <span class='ocrx_word' id='word_1_424' title='bbox 2117 3948 2243 4011; x_wconf 91' lang='lat' dir='ltr'><strong>nisi</strong></span> <span class='ocrx_word' id='word_1_425' title='bbox 2287 3955 2547 4030; x_wconf 89' lang='lat' dir='ltr'><strong>possent</strong></span> <span class='ocrx_word' id='word_1_426' title='bbox 2584 3947 2901 4011; x_wconf 89' lang='lat' dir='ltr'><strong>desiderio</strong></span> <span class='ocrx_word' id='word_1_427' title='bbox 2939 3965 3056 4011; x_wconf 90' lang='lat' dir='ltr'><strong>suo</strong></span> <span class='ocrx_word' id='word_1_428' title='bbox 3092 3947 3409 4012; x_wconf 78' lang='lat' dir='ltr'><strong>satisface-</strong></span> 
     </span>
     <span class='ocr_line' id='line_1_69' title="bbox 1909 4044 3408 4128; baseline 0.001 -20"><span class='ocrx_word' id='word_1_429' title='bbox 1909 4065 1998 4121; x_wconf 88' lang='lat' dir='ltr'><strong>re,</strong></span> <span class='ocrx_word' id='word_1_430' title='bbox 2041 4053 2211 4110; x_wconf 92' lang='lat' dir='ltr'><strong>esset</strong></span> <span class='ocrx_word' id='word_1_431' title='bbox 2256 4053 2387 4108; x_wconf 85' lang='lat' dir='ltr'><strong>tam</strong></span> <span class='ocrx_word' id='word_1_432' title='bbox 2436 4046 2594 4128; x_wconf 90' lang='lat' dir='ltr'><strong>ipsis</strong></span> <span class='ocrx_word' id='word_1_433' title='bbox 2642 4064 2835 4128; x_wconf 88' lang='lat' dir='ltr'><strong>quam</strong></span> <span class='ocrx_word' id='word_1_434' title='bbox 2889 4044 3047 4108; x_wconf 81' lang='lat' dir='ltr'><strong>fetui</strong></span> <span class='ocrx_word' id='word_1_435' title='bbox 3096 4045 3408 4128; x_wconf 86' lang='lat' dir='ltr'><strong>periculo·</strong></span> 
     </span>
     <span class='ocr_line' id='line_1_70' title="bbox 1909 4144 3405 4227; baseline 0.001 -20"><span class='ocrx_word' id='word_1_436' title='bbox 1909 4164 2074 4207; x_wconf 91' lang='lat' dir='ltr'><strong>sum.</strong></span> <span class='ocrx_word' id='word_1_437' title='bbox 2114 4146 2184 4207; x_wconf 92' lang='lat' dir='ltr'><strong>In</strong></span> <span class='ocrx_word' id='word_1_438' title='bbox 2234 4144 2497 4208; x_wconf 89' lang='lat' dir='ltr'><strong>senibus</strong></span> <span class='ocrx_word' id='word_1_439' title='bbox 2546 4162 2802 4227; x_wconf 89' lang='lat' dir='ltr'><strong>quoque</strong></span> <span class='ocrx_word' id='word_1_440' title='bbox 2852 4144 3128 4208; x_wconf 90' lang='lat' dir='ltr'><strong>multum</strong></span> <span class='ocrx_word' id='word_1_441' title='bbox 3173 4144 3405 4210; x_wconf 90' lang='lat' dir='ltr'><strong>debilis</strong></span> 
     </span>
    </p>
   </div>
   <div class='ocr_carea' id='block_1_15' title="bbox 309 4243 3407 4327">
    <p class='ocr_par' dir='ltr' id='par_1_17' title="bbox 309 4243 3407 4327">
     <span class='ocr_line' id='line_1_71' title="bbox 309 4243 3407 4327; baseline 0 -20"><span class='ocrx_word' id='word_1_442' title='bbox 309 4243 592 4327; x_wconf 88' lang='lat' dir='ltr'><strong>designat</strong></span> <span class='ocrx_word' id='word_1_443' title='bbox 617 4243 1112 4308; x_wconf 84' lang='lat' dir='ltr'><strong>abstractionem</strong></span> <span class='ocrx_word' id='word_1_444' title='bbox 1142 4244 1270 4307; x_wconf 89' lang='lat' dir='ltr'><strong>cibi</strong></span> <span class='ocrx_word' id='word_1_445' title='bbox 1302 4252 1411 4307; x_wconf 92' lang='lat' dir='ltr'><strong>aut</strong></span> <span class='ocrx_word' id='word_1_446' title='bbox 1444 4252 1652 4327; x_wconf 91' lang='lat' dir='ltr'><strong>potus,</strong></span> <span class='ocrx_word' id='word_1_447' title='bbox 1686 4245 1797 4310; x_wconf 89' lang='lat' dir='ltr'><strong>sed</strong></span> <span class='ocrx_word' id='word_1_448' title='bbox 1829 4243 1878 4308; x_wconf 91' lang='lat' dir='ltr'>D</span> <span class='ocrx_word' id='word_1_449' title='bbox 1907 4251 2005 4307; x_wconf 93' lang='lat' dir='ltr'><strong>est</strong></span> <span class='ocrx_word' id='word_1_450' title='bbox 2052 4243 2225 4307; x_wconf 88' lang='lat' dir='ltr'><strong>calor</strong></span> <span class='ocrx_word' id='word_1_451' title='bbox 2266 4250 2331 4306; x_wconf 88' lang='lat' dir='ltr'><strong>et</strong></span> <span class='ocrx_word' id='word_1_452' title='bbox 2371 4243 2597 4320; x_wconf 88' lang='lat' dir='ltr'><strong>virtus,</strong></span> <span class='ocrx_word' id='word_1_453' title='bbox 2630 4251 2695 4306; x_wconf 92' lang='lat' dir='ltr'><strong>et</strong></span> <span class='ocrx_word' id='word_1_454' title='bbox 2742 4243 3036 4325; x_wconf 88' lang='lat' dir='ltr'><strong>quamvis</strong></span> <span class='ocrx_word' id='word_1_455' title='bbox 3076 4243 3207 4307; x_wconf 90' lang='lat' dir='ltr'><strong>sint</strong></span> <span class='ocrx_word' id='word_1_456' title='bbox 3251 4243 3407 4308; x_wconf 87' lang='lat' dir='ltr'><strong>sicci</strong></span> 
     </span>
    </p>
   </div>
   <div class='ocr_carea' id='block_1_16' title="bbox 300 4342 1800 5410">
    <p class='ocr_par' dir='ltr' id='par_1_18' title="bbox 300 4342 1800 5410">
     <span class='ocr_line' id='line_1_72' title="bbox 309 4342 1800 4427; baseline 0.001 -20"><span class='ocrx_word' id='word_1_457' title='bbox 309 4354 490 4425; x_wconf 90' lang='lat' dir='ltr'><strong>prout</strong></span> <span class='ocrx_word' id='word_1_458' title='bbox 528 4343 832 4427; x_wconf 85' lang='lat' dir='ltr'><strong>importat</strong></span> <span class='ocrx_word' id='word_1_459' title='bbox 871 4342 1360 4408; x_wconf 89' lang='lat' dir='ltr'><strong>abstractionem</strong></span> <span class='ocrx_word' id='word_1_460' title='bbox 1407 4343 1536 4407; x_wconf 91' lang='lat' dir='ltr'><strong>cibi</strong></span> <span class='ocrx_word' id='word_1_461' title='bbox 1574 4363 1648 4407; x_wconf 90' lang='lat' dir='ltr'><strong>ac</strong></span> <span class='ocrx_word' id='word_1_462' title='bbox 1693 4363 1800 4427; x_wconf 88' lang='lat' dir='ltr'><strong>po·</strong></span> 
     </span>
     <span class='ocr_line' id='line_1_73' title="bbox 305 4442 1796 4526; baseline 0.001 -22"><span class='ocrx_word' id='word_1_463' title='bbox 305 4447 402 4506; x_wconf 88' lang='lat' dir='ltr'><strong>tus</strong></span> <span class='ocrx_word' id='word_1_464' title='bbox 439 4443 684 4506; x_wconf 88' lang='lat' dir='ltr'><strong>ratione</strong></span> <span class='ocrx_word' id='word_1_465' title='bbox 724 4442 1092 4525; x_wconf 89' lang='lat' dir='ltr'><strong>regulatam.</strong></span> <span class='ocrx_word' id='word_1_466' title='bbox 1129 4443 1205 4505; x_wconf 89' lang='lat' dir='ltr'><strong>Et</strong></span> <span class='ocrx_word' id='word_1_467' title='bbox 1243 4443 1296 4506; x_wconf 90' lang='lat' dir='ltr'><strong>si</strong></span> <span class='ocrx_word' id='word_1_468' title='bbox 1341 4449 1682 4526; x_wconf 83' lang='lat' dir='ltr'><strong>quaeratur,</strong></span> <span class='ocrx_word' id='word_1_469' title='bbox 1715 4463 1796 4507; x_wconf 88' lang='lat' dir='ltr'><strong>an</strong></span> 
     </span>
     <span class='ocr_line' id='line_1_74' title="bbox 300 4539 1794 4622; baseline 0.001 -20"><span class='ocrx_word' id='word_1_470' title='bbox 300 4539 616 4622; x_wconf 87' lang='lat' dir='ltr'><strong>jejunium</strong></span> <span class='ocrx_word' id='word_1_471' title='bbox 645 4541 730 4603; x_wconf 93' lang='lat' dir='ltr'><strong>sit</strong></span> <span class='ocrx_word' id='word_1_472' title='bbox 755 4539 1156 4604; x_wconf 83' lang='lat' dir='ltr'><strong>abstinentiae</strong></span> <span class='ocrx_word' id='word_1_473' title='bbox 1183 4547 1399 4619; x_wconf 84' lang='lat' dir='ltr'><strong>actus3</strong></span> <span class='ocrx_word' id='word_1_474' title='bbox 1429 4539 1794 4617; x_wconf 90' lang='lat' dir='ltr'><strong>dicendum,</strong></span> 
     </span>
     <span class='ocr_line' id='line_1_75' title="bbox 305 4638 1792 4722; baseline 0.001 -21"><span class='ocrx_word' id='word_1_475' title='bbox 305 4641 466 4720; x_wconf 91' lang='lat' dir='ltr'><strong>quod</strong></span> <span class='ocrx_word' id='word_1_476' title='bbox 504 4638 847 4722; x_wconf 88' lang='lat' dir='ltr'><strong>tripliciter</strong></span> <span class='ocrx_word' id='word_1_477' title='bbox 882 4639 1158 4702; x_wconf 89' lang='lat' dir='ltr'><strong>sumitur</strong></span> <span class='ocrx_word' id='word_1_478' title='bbox 1184 4638 1528 4721; x_wconf 88' lang='lat' dir='ltr'><strong>jejunium.</strong></span> <span class='ocrx_word' id='word_1_479' title='bbox 1560 4640 1792 4716; x_wconf 90' lang='lat' dir='ltr'><strong>Primo,</strong></span> 
     </span>
     <span class='ocr_line' id='line_1_76' title="bbox 305 4739 1796 4821; baseline 0.001 -20"><span class='ocrx_word' id='word_1_480' title='bbox 305 4756 414 4818; x_wconf 89' lang='lat' dir='ltr'><strong>pro</strong></span> <span class='ocrx_word' id='word_1_481' title='bbox 448 4739 700 4820; x_wconf 85' lang='lat' dir='ltr'><strong>jejunio</strong></span> <span class='ocrx_word' id='word_1_482' title='bbox 742 4747 1004 4813; x_wconf 78' lang='lat' dir='ltr'><strong>naturae,</strong></span> <span class='ocrx_word' id='word_1_483' title='bbox 1035 4755 1164 4820; x_wconf 91' lang='lat' dir='ltr'><strong>quo</strong></span> <span class='ocrx_word' id='word_1_484' title='bbox 1205 4739 1650 4821; x_wconf 90' lang='lat' dir='ltr'><strong>unusquisque</strong></span> <span class='ocrx_word' id='word_1_485' title='bbox 1687 4740 1796 4803; x_wconf 90' lang='lat' dir='ltr'><strong>ho·</strong></span> 
     </span>
     <span class='ocr_line' id='line_1_77' title="bbox 307 4835 1799 4920; baseline 0.002 -22"><span class='ocrx_word' id='word_1_486' title='bbox 307 4853 406 4899; x_wconf 88' lang='lat' dir='ltr'><strong>mo</strong></span> <span class='ocrx_word' id='word_1_487' title='bbox 446 4837 734 4920; x_wconf 90' lang='lat' dir='ltr'><strong>quotidie</strong></span> <span class='ocrx_word' id='word_1_488' title='bbox 774 4843 920 4900; x_wconf 90' lang='lat' dir='ltr'><strong>ante</strong></span> <span class='ocrx_word' id='word_1_489' title='bbox 963 4835 1236 4918; x_wconf 88' lang='lat' dir='ltr'><strong>primam</strong></span> <span class='ocrx_word' id='word_1_490' title='bbox 1285 4855 1466 4899; x_wconf 89' lang='lat' dir='ltr'><strong>suam</strong></span> <span class='ocrx_word' id='word_1_491' title='bbox 1511 4836 1799 4901; x_wconf 79' lang='lat' dir='ltr'><strong>relectio-</strong></span> 
     </span>
     <span class='ocr_line' id='line_1_78' title="bbox 309 4935 1796 5018; baseline 0.003 -23"><span class='ocrx_word' id='word_1_492' title='bbox 309 4952 448 4997; x_wconf 89' lang='lat' dir='ltr'><strong>nem</strong></span> <span class='ocrx_word' id='word_1_493' title='bbox 484 4935 750 5017; x_wconf 87' lang='lat' dir='ltr'><strong>jejunus</strong></span> <span class='ocrx_word' id='word_1_494' title='bbox 782 4943 1041 4998; x_wconf 88' lang='lat' dir='ltr'><strong>vocatur</strong></span> <span class='ocrx_word' id='word_1_495' title='bbox 1073 4953 1087 4997; x_wconf 77' lang='grc' dir='ltr'>ε</span> <span class='ocrx_word' id='word_1_496' title='bbox 1122 4935 1294 5018; x_wconf 92' lang='lat' dir='ltr'><strong>quod</strong></span> <span class='ocrx_word' id='word_1_497' title='bbox 1333 4953 1462 4999; x_wconf 90' lang='lat' dir='ltr'><strong>non</strong></span> <span class='ocrx_word' id='word_1_498' title='bbox 1495 4945 1594 4998; x_wconf 92' lang='lat' dir='ltr'><strong>est</strong></span> <span class='ocrx_word' id='word_1_499' title='bbox 1620 4943 1796 4999; x_wconf 89' lang='lat' dir='ltr'><strong>actus</strong></span> 
     </span>
     <span class='ocr_line' id='line_1_79' title="bbox 309 5033 1798 5117; baseline 0.003 -22"><span class='ocrx_word' id='word_1_500' title='bbox 309 5033 577 5096; x_wconf 86' lang='lat' dir='ltr'><strong>virtutis.</strong></span> <span class='ocrx_word' id='word_1_501' title='bbox 612 5034 924 5108; x_wconf 86' lang='lat' dir='ltr'><strong>Secundo,</strong></span> <span class='ocrx_word' id='word_1_502' title='bbox 947 5051 1064 5116; x_wconf 85' lang='lat' dir='ltr'><strong>pro</strong></span> <span class='ocrx_word' id='word_1_503' title='bbox 1088 5033 1338 5116; x_wconf 84' lang='lat' dir='ltr'><strong>jejunio</strong></span> <span class='ocrx_word' id='word_1_504' title='bbox 1365 5034 1602 5115; x_wconf 70' lang='lat' dir='ltr'><strong>gratiae,</strong></span> <span class='ocrx_word' id='word_1_505' title='bbox 1627 5035 1798 5117; x_wconf 88' lang='lat' dir='ltr'><strong>quod</strong></span> 
     </span>
     <span class='ocr_line' id='line_1_80' title="bbox 309 5131 1800 5216; baseline 0.003 -25"><span class='ocrx_word' id='word_1_506' title='bbox 309 5139 402 5192; x_wconf 89' lang='lat' dir='ltr'><strong>est</strong></span> <span class='ocrx_word' id='word_1_507' title='bbox 425 5140 606 5195; x_wconf 87' lang='lat' dir='ltr'><strong>actus</strong></span> <span class='ocrx_word' id='word_1_508' title='bbox 633 5131 1055 5207; x_wconf 66' lang='lat' dir='ltr'><strong>abstinentia,</strong></span> <span class='ocrx_word' id='word_1_509' title='bbox 1079 5133 1188 5216; x_wconf 90' lang='lat' dir='ltr'><strong>qui</strong></span> <span class='ocrx_word' id='word_1_510' title='bbox 1219 5140 1317 5195; x_wconf 90' lang='lat' dir='ltr'><strong>est</strong></span> <span class='ocrx_word' id='word_1_511' title='bbox 1345 5131 1666 5196; x_wconf 81' lang='lat' dir='ltr'><strong>refrenare</strong></span> <span class='ocrx_word' id='word_1_512' title='bbox 1695 5134 1800 5196; x_wconf 89' lang='lat' dir='ltr'><strong>de-</strong></span> 
     </span>
     <span class='ocr_line' id='line_1_81' title="bbox 309 5228 1800 5311; baseline 0.003 -21"><span class='ocrx_word' id='word_1_513' title='bbox 309 5228 670 5296; x_wconf 88' lang='lat' dir='ltr'><strong>lectationes</strong></span> <span class='ocrx_word' id='word_1_514' title='bbox 716 5236 939 5311; x_wconf 88' lang='lat' dir='ltr'><strong>gustus</strong></span> <span class='ocrx_word' id='word_1_515' title='bbox 989 5230 1055 5293; x_wconf 92' lang='lat' dir='ltr'><strong>in</strong></span> <span class='ocrx_word' id='word_1_516' title='bbox 1098 5230 1260 5294; x_wconf 92' lang='lat' dir='ltr'><strong>cibis</strong></span> <span class='ocrx_word' id='word_1_517' title='bbox 1303 5231 1658 5295; x_wconf 92' lang='lat' dir='ltr'><strong>secundum</strong></span> <span class='ocrx_word' id='word_1_518' title='bbox 1706 5251 1800 5295; x_wconf 87' lang='lat' dir='ltr'><strong>re·</strong></span> 
     </span>
     <span class='ocr_line' id='line_1_82' title="bbox 309 5327 1797 5410; baseline -0.001 -16"><span class='ocrx_word' id='word_1_519' title='bbox 309 5329 516 5410; x_wconf 76' lang='lat' dir='ltr'><strong>gulam</strong></span> <span class='ocrx_word' id='word_1_520' title='bbox 555 5328 840 5403; x_wconf 90' lang='lat' dir='ltr'><strong>rationis,</strong></span> <span class='ocrx_word' id='word_1_521' title='bbox 873 5327 1010 5392; x_wconf 84' lang='lat' dir='ltr'><strong>sive</strong></span> <span class='ocrx_word' id='word_1_522' title='bbox 1038 5329 1230 5394; x_wconf 89' lang='lat' dir='ltr'><strong>homo</strong></span> <span class='ocrx_word' id='word_1_523' title='bbox 1267 5330 1560 5394; x_wconf 88' lang='lat' dir='ltr'><strong>comedat</strong></span> <span class='ocrx_word' id='word_1_524' title='bbox 1597 5330 1797 5394; x_wconf 89' lang='lat' dir='ltr'><strong>semel</strong></span> 
     </span>
    </p>
   </div>
   <div class='ocr_carea' id='block_1_17' title="bbox 1907 4341 3409 5394">
    <p class='ocr_par' dir='ltr' id='par_1_19' title="bbox 1907 4341 3409 5394">
     <span class='ocr_line' id='line_1_83' title="bbox 1909 4341 3409 4424; baseline 0.001 -19"><span class='ocrx_word' id='word_1_525' title='bbox 1909 4342 2190 4406; x_wconf 88' lang='lat' dir='ltr'><strong>siccitate</strong></span> <span class='ocrx_word' id='word_1_526' title='bbox 2234 4341 2527 4424; x_wconf 89' lang='lat' dir='ltr'><strong>opposita</strong></span> <span class='ocrx_word' id='word_1_527' title='bbox 2568 4341 2929 4405; x_wconf 86' lang='lat' dir='ltr'><strong>humiditati</strong></span> <span class='ocrx_word' id='word_1_528' title='bbox 2980 4342 3275 4419; x_wconf 88' lang='lat' dir='ltr'><strong>naturali,</strong></span> <span class='ocrx_word' id='word_1_529' title='bbox 3307 4363 3409 4406; x_wconf 91' lang='lat' dir='ltr'><strong>su-</strong></span> 
     </span>
     <span class='ocr_line' id='line_1_84' title="bbox 1907 4441 3407 4524; baseline 0.001 -20"><span class='ocrx_word' id='word_1_530' title='bbox 1907 4441 2306 4524; x_wconf 88' lang='lat' dir='ltr'><strong>perabundat</strong></span> <span class='ocrx_word' id='word_1_531' title='bbox 2354 4448 2565 4503; x_wconf 89' lang='lat' dir='ltr'><strong>tamen</strong></span> <span class='ocrx_word' id='word_1_532' title='bbox 2607 4441 2673 4504; x_wconf 91' lang='lat' dir='ltr'><strong>in</strong></span> <span class='ocrx_word' id='word_1_533' title='bbox 2716 4441 2811 4504; x_wconf 90' lang='lat' dir='ltr'><strong>eis</strong></span> <span class='ocrx_word' id='word_1_534' title='bbox 2848 4441 3195 4505; x_wconf 85' lang='lat' dir='ltr'><strong>humiditas</strong></span> <span class='ocrx_word' id='word_1_535' title='bbox 3241 4442 3407 4506; x_wconf 91' lang='lat' dir='ltr'><strong>acci·</strong></span> 
     </span>
     <span class='ocr_line' id='line_1_85' title="bbox 1909 4538 3405 4620; baseline 0.001 -18"><span class='ocrx_word' id='word_1_536' title='bbox 1909 4539 2181 4602; x_wconf 85' lang='lat' dir='ltr'><strong>dentalis</strong></span> <span class='ocrx_word' id='word_1_537' title='bbox 2223 4558 2302 4602; x_wconf 85' lang='lat' dir='ltr'><strong>ex</strong></span> <span class='ocrx_word' id='word_1_538' title='bbox 2350 4538 2773 4620; x_wconf 86' lang='lat' dir='ltr'><strong>indigestione</strong></span> <span class='ocrx_word' id='word_1_539' title='bbox 2822 4549 3093 4604; x_wconf 89' lang='lat' dir='ltr'><strong>causata.</strong></span> <span class='ocrx_word' id='word_1_540' title='bbox 3128 4541 3304 4605; x_wconf 89' lang='lat' dir='ltr'><strong>Unde</strong></span> <span class='ocrx_word' id='word_1_541' title='bbox 3350 4541 3405 4604; x_wconf 91' lang='lat' dir='ltr'><strong>si</strong></span> 
     </span>
     <span class='ocr_line' id='line_1_86' title="bbox 1907 4638 3408 4722; baseline -0.001 -20"><span class='ocrx_word' id='word_1_542' title='bbox 1907 4647 2078 4702; x_wconf 87' lang='lat' dir='ltr'><strong>totus</strong></span> <span class='ocrx_word' id='word_1_543' title='bbox 2108 4638 2292 4702; x_wconf 91' lang='lat' dir='ltr'><strong>cibus</strong></span> <span class='ocrx_word' id='word_1_544' title='bbox 2322 4657 2513 4720; x_wconf 91' lang='lat' dir='ltr'><strong>quem</strong></span> <span class='ocrx_word' id='word_1_545' title='bbox 2544 4656 2661 4721; x_wconf 89' lang='lat' dir='ltr'><strong>pro</strong></span> <span class='ocrx_word' id='word_1_546' title='bbox 2700 4656 2828 4701; x_wconf 92' lang='lat' dir='ltr'><strong>uno</strong></span> <span class='ocrx_word' id='word_1_547' title='bbox 2867 4638 2971 4702; x_wconf 90' lang='lat' dir='ltr'><strong>die</strong></span> <span class='ocrx_word' id='word_1_548' title='bbox 3011 4639 3279 4722; x_wconf 90' lang='lat' dir='ltr'><strong>requirit</strong></span> <span class='ocrx_word' id='word_1_549' title='bbox 3306 4657 3408 4702; x_wconf 84' lang='lat' dir='ltr'><strong>eo·</strong></span> 
     </span>
     <span class='ocr_line' id='line_1_87' title="bbox 1908 4735 3401 4812; baseline -0.001 -12"><span class='ocrx_word' id='word_1_550' title='bbox 1908 4756 2052 4800; x_wconf 89' lang='lat' dir='ltr'><strong>rum</strong></span> <span class='ocrx_word' id='word_1_551' title='bbox 2101 4744 2348 4812; x_wconf 89' lang='lat' dir='ltr'><strong>natura,</strong></span> <span class='ocrx_word' id='word_1_552' title='bbox 2394 4744 2755 4799; x_wconf 89' lang='lat' dir='ltr'><strong>sumeretur</strong></span> <span class='ocrx_word' id='word_1_553' title='bbox 2800 4735 2881 4798; x_wconf 88' lang='lat' dir='ltr'><strong>ab</strong></span> <span class='ocrx_word' id='word_1_554' title='bbox 2930 4737 3023 4800; x_wconf 93' lang='lat' dir='ltr'><strong>eis</strong></span> <span class='ocrx_word' id='word_1_555' title='bbox 3066 4755 3193 4799; x_wconf 91' lang='lat' dir='ltr'><strong>una</strong></span> <span class='ocrx_word' id='word_1_556' title='bbox 3238 4737 3401 4810; x_wconf 91' lang='lat' dir='ltr'><strong>vice,</strong></span> 
     </span>
     <span class='ocr_line' id='line_1_88' title="bbox 1908 4834 3405 4916; baseline -0.002 -17"><span class='ocrx_word' id='word_1_557' title='bbox 1908 4836 2103 4899; x_wconf 89' lang='lat' dir='ltr'><strong>nimis</strong></span> <span class='ocrx_word' id='word_1_558' title='bbox 2160 4834 2621 4899; x_wconf 90' lang='lat' dir='ltr'><strong>obtunderetur</strong></span> <span class='ocrx_word' id='word_1_559' title='bbox 2668 4841 2730 4897; x_wconf 86' lang='lat' dir='ltr'><strong>et</strong></span> <span class='ocrx_word' id='word_1_560' title='bbox 2775 4841 3147 4916; x_wconf 87' lang='lat' dir='ltr'><strong>gravaretur</strong></span> <span class='ocrx_word' id='word_1_561' title='bbox 3192 4835 3257 4896; x_wconf 91' lang='lat' dir='ltr'><strong>in</strong></span> <span class='ocrx_word' id='word_1_562' title='bbox 3312 4834 3405 4896; x_wconf 90' lang='lat' dir='ltr'><strong>eis</strong></span> 
     </span>
     <span class='ocr_line' id='line_1_89' title="bbox 1909 4931 3405 5015; baseline -0.003 -18"><span class='ocrx_word' id='word_1_563' title='bbox 1909 4935 2081 4997; x_wconf 89' lang='lat' dir='ltr'><strong>calor</strong></span> <span class='ocrx_word' id='word_1_564' title='bbox 2110 4932 2441 5008; x_wconf 90' lang='lat' dir='ltr'><strong>naturalis,</strong></span> <span class='ocrx_word' id='word_1_565' title='bbox 2474 4951 2593 4995; x_wconf 91' lang='lat' dir='ltr'><strong>nec</strong></span> <span class='ocrx_word' id='word_1_566' title='bbox 2630 4939 2891 5015; x_wconf 90' lang='lat' dir='ltr'><strong>possent</strong></span> <span class='ocrx_word' id='word_1_567' title='bbox 2928 4931 3148 4995; x_wconf 91' lang='lat' dir='ltr'><strong>cibum</strong></span> <span class='ocrx_word' id='word_1_568' title='bbox 3178 4949 3405 4996; x_wconf 91' lang='lat' dir='ltr'><strong>conve-</strong></span> 
     </span>
     <span class='ocr_line' id='line_1_90' title="bbox 1909 5030 3403 5113; baseline -0.002 -18"><span class='ocrx_word' id='word_1_569' title='bbox 1909 5032 2161 5096; x_wconf 91' lang='lat' dir='ltr'><strong>nienter</strong></span> <span class='ocrx_word' id='word_1_570' title='bbox 2189 5033 2494 5113; x_wconf 87' lang='lat' dir='ltr'><strong>digerere.</strong></span> <span class='ocrx_word' id='word_1_571' title='bbox 2528 5031 2645 5106; x_wconf 85' lang='lat' dir='ltr'><strong>Qui</strong></span> <span class='ocrx_word' id='word_1_572' title='bbox 2674 5038 2889 5094; x_wconf 87' lang='lat' dir='ltr'><strong>autem</strong></span> <span class='ocrx_word' id='word_1_573' title='bbox 2932 5048 3059 5094; x_wconf 90' lang='lat' dir='ltr'><strong>non</strong></span> <span class='ocrx_word' id='word_1_574' title='bbox 3086 5030 3403 5112; x_wconf 83' lang='lat' dir='ltr'><strong>jejunant,</strong></span> 
     </span>
     <span class='ocr_line' id='line_1_91' title="bbox 1909 5129 3406 5212; baseline -0.001 -18"><span class='ocrx_word' id='word_1_575' title='bbox 1909 5132 2146 5195; x_wconf 92' lang='lat' dir='ltr'><strong>debent</strong></span> <span class='ocrx_word' id='word_1_576' title='bbox 2183 5130 2237 5193; x_wconf 89' lang='lat' dir='ltr'><strong>si</strong></span> <span class='ocrx_word' id='word_1_577' title='bbox 2276 5136 2597 5212; x_wconf 87' lang='lat' dir='ltr'><strong>poterunt,</strong></span> <span class='ocrx_word' id='word_1_578' title='bbox 2630 5129 3170 5212; x_wconf 89' lang='lat' dir='ltr'><strong>dispensationem</strong></span> <span class='ocrx_word' id='word_1_579' title='bbox 3214 5148 3251 5192; x_wconf 91' lang='lat' dir='ltr'><strong>a</strong></span> <span class='ocrx_word' id='word_1_580' title='bbox 3290 5146 3406 5193; x_wconf 91' lang='lat' dir='ltr'><strong>suo</strong></span> 
     </span>
     <span class='ocr_line' id='line_1_92' title="bbox 1910 5227 3407 5314; baseline -0.003 -20"><span class='ocrx_word' id='word_1_581' title='bbox 1910 5239 2128 5314; x_wconf 89' lang='lat' dir='ltr'><strong>petere</strong></span> <span class='ocrx_word' id='word_1_582' title='bbox 2170 5229 2571 5312; x_wconf 80' lang='lat' dir='ltr'><strong>praesidente,</strong></span> <span class='ocrx_word' id='word_1_583' title='bbox 2616 5235 2681 5291; x_wconf 92' lang='lat' dir='ltr'><strong>et</strong></span> <span class='ocrx_word' id='word_1_584' title='bbox 2727 5227 2836 5290; x_wconf 89' lang='lat' dir='ltr'><strong>ille</strong></span> <span class='ocrx_word' id='word_1_585' title='bbox 2884 5227 3077 5291; x_wconf 91' lang='lat' dir='ltr'><strong>debet</strong></span> <span class='ocrx_word' id='word_1_586' title='bbox 3126 5227 3219 5291; x_wconf 92' lang='lat' dir='ltr'><strong>eis</strong></span> <span class='ocrx_word' id='word_1_587' title='bbox 3262 5245 3407 5291; x_wconf 91' lang='lat' dir='ltr'><strong>con·</strong></span> 
     </span>
     <span class='ocr_line' id='line_1_93' title="bbox 1911 5330 2158 5394; baseline -0.008 0"><span class='ocrx_word' id='word_1_588' title='bbox 1911 5330 2158 5394; x_wconf 89' lang='lat' dir='ltr'><strong>cedere.</strong></span> 
     </span>
    </p>
   </div>
  </div>
 </body>
</html>
