4267 6250
1281 479 1484 530 ummt
1523 477 1920 528 mama
1959 477 2054 527 sn·
2093 477 2543 528 samumuu

3338 458 3477 543 357..

368 651 658 736 specialis
686 653 964 717 virtutis,
997 653 1076 716 Et
1111 653 1652 736 respondendum,
1685 652 1856 734 quod
1888 648 1941 712 A
1969 651 2078 715 sed
2121 651 2605 735 impoenitentiae
2638 659 2906 714 tantum.
2940 652 3117 716 Unde
3155 659 3219 715 et
3246 670 3466 734 quam-

369 751 622 834 quidam
674 752 996 825 dixerunt,
1037 752 1207 833 quod
1257 751 1568 832 poenitere
1609 768 1736 813 non
1779 749 1862 812 sit

369 858 540 912 actus
582 850 882 932 specialis
919 849 1197 913 virtutis.
1231 849 1352 912 Sed
1394 849 1514 912 hoc
1554 867 1694 912 esse
1731 865 1860 911 non

371 955 592 1031 potest,
652 949 960 1031 quoniam
1020 947 1265 1030 aliquid
1329 955 1426 1010 εει
1483 947 1562 1009 de
1616 946 1862 1009 ratione

371 1047 780 1130 poenitentiae,
821 1054 1012 1130 prout
1053 1065 1228 1109 nunc
1277 1046 1358 1108 de
1395 1065 1470 1110 ea
1512 1045 1858 1127 loquimur,

369 1145 534 1227 quod
596 1163 724 1208 non
783 1153 882 1208 est
939 1145 1019 1207 de
1074 1145 1318 1208 ratione
1374 1143 1632 1206 virtutis
1691 1161 1862 1206 com-

371 1241 647 1306 muniter
683 1250 980 1325 sumptae,
1010 1242 1310 1305 videlicet
1347 1240 1712 1305 satisfacere
1748 1257 1863 1324 pro

371 1347 630 1423 peccato
687 1341 1050 1404 commisso.
1102 1376 1183 1386 —
1230 1340 1390 1404 Hinc
1447 1339 1562 1402 alii
1615 1340 1858 1413 dicunt,

369 1441 534 1523 quod
583 1447 682 1502 est
728 1440 934 1503 virtus
981 1439 1298 1522 specialis,
1343 1445 1408 1501 et
1453 1437 1866 1522 specificatur

371 1557 446 1602 ex
502 1538 624 1601 hoc
682 1540 852 1621 quod
911 1539 1260 1601 detestatur
1314 1545 1647 1620 peccatum
1704 1555 1742 1598 a
1797 1554 1866 1599 se

371 1637 806 1700 commissum.
848 1637 1084 1699 Verum
1129 1637 1250 1699 hoc
1297 1654 1425 1699 non
1475 1640 1684 1718 potest
1724 1654 1866 1717 spe-

371 1735 628 1799 cificare
676 1735 980 1800 virtutem
1025 1755 1042 1800 :
1083 1735 1236 1818 quia
1281 1754 1481 1817 quum
1530 1735 1735 1799 virtus
1783 1733 1866 1796 sit

1968 751 2065 812 vis
2110 749 2484 832 poenitentia
2526 750 2757 813 habeat
2795 757 3009 813 actum
3055 750 3227 812 circa
3275 758 3469 812 mate-

1968 849 2130 912 riam
2159 849 2449 912 omnium
2480 849 2807 924 vitiorum,
2832 858 2896 912 et
2924 868 3040 932 per
3069 867 3466 932 consequens

1969 948 2261 1011 omnium
2311 966 2567 1030 quoque
2614 947 2965 1027 virtutum;
3006 955 3221 1012 tamen
3264 947 3473 1010 consi-

1971 1046 2151 1108 derat
2184 1045 2530 1128 specialem
2570 1046 2886 1109 rationem
2916 1046 3179 1128 objecti,
3226 1046 3292 1108 in
3336 1063 3469 1108 ma-

1971 1144 2133 1207 teria
2180 1144 2351 1206 circa
2398 1164 2590 1226 quam
2640 1152 2941 1227 operatur
2990 1163 3005 1209 ε
3056 1143 3475 1228 quemadmo-

1971 1242 2124 1304 dum
2196 1242 2684 1323 magnanimitas
2750 1241 2943 1305 habet
3002 1241 3471 1324 quodammodo

1971 1357 2088 1424 pro
2133 1339 2400 1402 materia
2434 1348 2499 1402 et
2534 1339 2789 1421 objecto
2830 1340 3230 1422 operationes
3267 1340 3473 1404 omni-

1973 1459 2082 1501 um
2122 1439 2391 1502 aliarum
2432 1439 2743 1502 virtutum
2788 1439 2909 1502 sub
2950 1439 3193 1502 ratione
3232 1438 3469 1520 magni,

1971 1538 2124 1620 quia
2166 1537 2232 1600 in
2270 1537 2447 1600 omni
2487 1537 2723 1600 virtute
2759 1545 3063 1620 operatur
3104 1536 3469 1620 magnifice,

1973 1644 2045 1698 ut
2091 1635 2328 1698 dicitur
2374 1644 2601 1718 quarto
2650 1636 3041 1699 Ethicorum.
3095 1636 3266 1710 ideo,
3304 1636 3473 1698 sicut

1975 1733 2465 1815 magnanimitas
2512 1734 2717 1798 virtus
2764 1742 2862 1798 est
2910 1734 3229 1818 specialis,
3272 1735 3361 1797 ita
3406 1741 3475 1796 et

371 1834 521 1917 quid
583 1841 844 1916 peccato
890 1833 1302 1908 contrarium,
1355 1833 1632 1896 maxime
1681 1851 1865 1914 repu-
1899 1833 1948 1896 B
1974 1833 2367 1916 poenitentia.

370 1939 518 2014 gnat
553 1931 787 2004 eidem,
820 1937 1012 2013 prout
1047 1939 1143 1994 est
1181 1931 1246 1993 in
1287 1931 1512 1994 eodem
1551 1930 1860 2011 subjecto,

371 2031 544 2094 Unde
575 2031 696 2093 hoc
725 2037 824 2092 εει
851 2029 1028 2092 omni
1055 2028 1278 2092 virtuti
1310 2047 1674 2102 commune,
1695 2029 1864 2111 quod

373 2128 624 2211 repellit
661 2135 998 2211 peccatum
1037 2147 1075 2189 a
1110 2144 1228 2189 suo
1269 2127 1578 2208 subjecto.
1611 2133 1695 2172 —'
1721 2128 1868 2190 Ideo

370 2227 476 2289 alii
507 2227 750 2300 dicunt,
765 2226 934 2308 quod
966 2225 1378 2308 specificatur
1405 2243 1520 2308 per
1548 2225 1668 2288 hoc
1697 2226 1866 2308 quod

375 2333 706 2408 peccatum
741 2343 932 2387 suum
973 2322 1094 2387 sub
1123 2343 1240 2406 spe
1268 2325 1469 2388 veniae
1498 2324 1862 2388 detestatur.

373 2424 544 2498 Quod
585 2430 754 2487 stare
797 2439 926 2485 non
964 2422 1152 2496 valet,
1183 2421 1486 2504 quoniam
1529 2421 1709 2484 nulla
1748 2423 1871 2485 vir-

375 2530 474 2585 tus
501 2522 767 2586 sortitur
797 2521 1080 2603 speciem
1112 2539 1190 2583 ex
1220 2521 1340 2585 hoc
1370 2521 1540 2602 quod
1569 2539 1608 2582 a
1634 2520 1870 2583 virtute

376 2620 496 2682 alia
544 2621 918 2703 imperatur.
970 2618 1146 2692 Quod
1193 2626 1408 2681 autem
1454 2617 1710 2692 dicitur,
1755 2635 1868 2699 spe

377 2719 593 2793 veniae,
625 2737 758 2782 non
787 2719 962 2782 aliud
991 2717 1150 2781 dicit
1177 2718 1300 2780 nisi
1332 2718 1676 2800 imperium
1707 2717 1864 2800 spei.

373 2819 612 2882 Idcirco
637 2838 718 2881 ex
759 2817 880 2882 hoc
919 2835 1048 2881 non
1088 2816 1353 2880 haberet
1379 2816 1687 2879 rationem
1727 2835 1870 2898 spe-

375 2918 548 2982 cialis
595 2917 856 2980 virtutis
900 2933 915 2979 z
961 2915 1130 2978 sicut
1172 2933 1290 2979 nec
1336 2923 1514 2978 actus
1563 2915 1869 2977 castitatis

2055 1933 2236 1996 Circa
2282 1933 2403 1995 hoc
2450 1931 2779 2015 quaeritur,
2821 1951 2936 1995 cur
2984 1932 3349 2015 philosophi
3390 1933 3471 1995 de

1974 2031 2212 2094 virtute
2259 2031 2378 2093 hac
2427 2029 2819 2112 poenitentiae
2868 2048 2995 2093 non
3054 2037 3205 2093 sunt
3250 2030 3467 2093 locuti.

1975 2129 2331 2193 Dicendum
2372 2129 2543 2211 quod
2584 2128 2747 2204 ideo,
2780 2129 2934 2210 quia
2972 2128 3214 2212 peccati
3252 2129 3475 2191 remis-

1976 2229 2072 2292 sio
2113 2246 2229 2290 seu
2272 2227 2553 2311 expiatio
2596 2234 2841 2311 spectat
2883 2228 2961 2290 ad
3007 2227 3475 2309 providentiam

1978 2327 2090 2390 Dei
2120 2327 2201 2389 de
2230 2325 2423 2390 rebus
2451 2325 2829 2408 actibusque
2857 2324 3173 2400 humanis,
3188 2325 3255 2388 in
3286 2345 3485 2408 quan-

1977 2432 2114 2488 tum
2149 2425 2339 2507 culpa
2366 2423 2739 2498 offenditur,
2774 2430 2840 2487 et
2873 2424 3248 2506 poenitentia
3274 2425 3480 2506 placa-

1977 2531 2098 2586 tur.
2117 2523 2483 2606 Philosophi
2513 2530 2725 2586 autem
2757 2540 2886 2586 non
2916 2522 3480 2586 consideraverunt

1977 2623 2247 2684 virtutes
2278 2621 2343 2683 in
2374 2620 2624 2684 actibus
2653 2620 2946 2683 humanis
2975 2621 3333 2702 dirigentes,
3348 2639 3483 2703 pro-

1979 2729 2051 2783 ut
2098 2718 2474 2783 ordinantur
2522 2719 2601 2781 ad
2660 2717 3127 2800 providentiam
3180 2718 3315 2792 Dei,
3366 2719 3479 2782 sed

1977 2819 2056 2880 ad
2097 2817 2339 2880 bonum
2382 2816 2756 2879 humanum.
2790 2815 3025 2878 Verum
3064 2834 3143 2878 ex
3182 2815 3481 2878 similitu-

1979 2916 2128 2979 dine
2158 2916 2237 2979 ad
2266 2915 2534 2978 virtutes
2562 2915 2641 2978 de
2672 2913 2907 2996 quibus
2936 2913 3132 2976 locuti
3160 2920 3483 2996 sunt,pos-

375 3035 448 3079 ex
485 3017 604 3080 hoc
634 3015 809 3099 quod
838 3035 876 3078 a
903 3014 1164 3077 caritate
1195 3013 1568 3096 imperatur,
1601 3013 1871 3096 suscipit
1907 3011 1950 3074 G
1981 3034 2205 3078 sumus
2239 3020 2305 3077 et
2333 3013 2639 3076 virtutem
2680 3012 2864 3075 istam
2904 3011 3217 3094 accipere.
3252 3010 3481 3084 Quem-

376 3116 680 3179 rationem
725 3112 1024 3196 specialis
1066 3112 1343 3177 virtutis.
1375 3148 1458 3159 —-
1484 3113 1645 3176 Hinc
1685 3112 1870 3175 aliter

377 3222 467 3277 est
511 3213 884 3285 dicendum,
926 3212 1245 3287 videlicet,
1285 3212 1457 3294 quod
1496 3212 1870 3294 poenitentia

376 3312 604 3395 accipit
631 3310 980 3393 specialem
1021 3309 1328 3374 rationem
1364 3309 1601 3391 objecti
1631 3329 1711 3373 ex
1750 3309 1870 3372 hoc

378 3412 538 3494 quod
581 3409 849 3492 respicit
897 3415 1232 3490 peccatum
1280 3415 1352 3471 ut
1393 3408 1713 3491 expiabile
1756 3426 1874 3490 per

377 3518 581 3573 actum
624 3506 998 3591 poenitentis
1033 3524 1048 3569 τ
1081 3506 1300 3589 sicque
1340 3514 1516 3569 actus
1560 3506 1869 3589 poeuiten-

379 3608 478 3671 tiae
519 3594 656 3670 non‘
691 3614 791 3669 est
828 3604 1117 3668 absolute
1161 3605 1460 3668 detestari
1511 3612 1868 3687 peccatum,

381 3708 484 3771 sed
511 3704 812 3769 detestari
853 3704 1015 3766 illud
1050 3721 1198 3765 cum
1237 3703 1692 3786 expurgatione
1731 3704 1872 3783 ejus

377 3812 682 3888 quantum
732 3803 813 3865 ad
855 3801 1112 3884 culpam
1156 3809 1219 3864 et
1260 3809 1570 3885 quantum
1617 3800 1696 3862 ad
1745 3818 1874 3883 poe-

379 3923 540 3967 nam.
587 3903 718 3967 Hoc
767 3900 1009 3965 etenim
1055 3900 1232 3963 nulla
1278 3900 1404 3963 alia
1444 3899 1648 3962 virtus
1698 3898 1868 3961 facit.

455 4004 664 4076 Quum
712 4018 866 4081 ergo
913 3999 1239 4080 objicitur,
1281 3998 1450 4081 quod
1501 3998 1876 4080 poenitentia

378 4101 640 4183 expellit
687 4118 882 4163 omne
929 4103 1287 4180 peccatum,
1331 4114 1482 4178 ergo
1528 4103 1627 4159 est
1672 4096 1875 4159 virtus

1978 3113 2323 3177 admodum
2374 3111 2547 3175 enim
2607 3110 2881 3192 alicujus
2929 3109 3185 3175 virtutis
3243 3116 3359 3184 εει,
3412 3117 3485 3173 ut

1979 3214 2172 3276 homo
2222 3211 2433 3294 placet
2478 3230 2629 3273 eum
2676 3228 2870 3292 quem
2921 3209 3232 3289 offendit3
3282 3210 3371 3272 ita
3417 3218 3482 3273 et

1980 3311 2175 3393 hujus
2216 3309 2472 3373 virtutis
2515 3317 2633 3383 est,
2667 3316 2738 3371 ut
2778 3309 3001 3381 Deum,
3036 3327 3229 3390 quem
3276 3307 3479 3373 offen·

1979 3410 2215 3479 dimus,
2249 3407 2617 3490 poenitendo
2658 3407 2909 3488 placare
2949 3423 3276 3469 conemur.

2060 3507 2152 3570 Ex
2182 3505 2283 3569 his
2314 3512 2581 3579 constat,
2614 3505 2785 3588 quod
2821 3505 3196 3587 poenitentia
3234 3522 3362 3568 non
3398 3504 3484 3567 sit

1980 3604 2335 3685 theologica
2363 3604 2584 3665 virtus,
2616 3602 2783 3665 Talis
2813 3603 3113 3686 equidem
3144 3604 3347 3666 virtus
3375 3603 3485 3667 ha·.

1982 3705 2092 3767 bet
2119 3705 2321 3766 Deum
2362 3720 2479 3785 pro
2515 3702 2769 3782 objecto
2806 3710 2872 3764 et
2908 3702 3074 3781 fine3
3106 3702 3482 3784 poenitentia

1981 3810 2196 3865 autem
2244 3819 2356 3883 pro
2396 3799 2649 3881 objecto
2691 3798 2883 3863 habet
2920 3809 3276 3883 peccatum,
3311 3802 3481 3883 quod

1983 3902 2241 3983 expiare
2290 3898 2581 3961 intendit.
2634 3934 2715 3943 —
2758 3897 3065 3971 Quocirca
3120 3897 3477 3973 sciendum,

1985 3998 2155 4080 quod
2185 3998 2453 4061 virtutes
2494 3994 2723 4060 infusae
2760 4014 2827 4059 se
2864 3995 3207 4078 tripliciter
3244 3995 3483 4059 habent

1984 4097 2063 4159 ad
2107 4096 2331 4159 Deum.
2365 4094 2523 4157 Nam
2566 4094 2797 4177 aliquae
2839 4094 3075 4157 habent
3116 4094 3316 4156 Deum
3368 4112 3485 4176 pro

377 4198 728 4281 generalis3
778 4196 1145 4270 dicendum,
1198 4196 1368 4278 quod
1415 4195 1625 4257 omnis
1672 4194 1875 4256 virtus
1907 4192 2239 4275 Dobjecto
2296 4201 2359 4255 et
2416 4192 2571 4267 fine,
2624 4200 2695 4255 ut
2741 4191 3145 4273 theologicae3
3196 4192 3487 4274 quaedam

379 4297 642 4380 expellit
679 4301 1016 4378 peccatum
1059 4292 1183 4357 sibi
1225 4293 1614 4375 oppositum,
1647 4291 1882 4355 forma-

381 4398 521 4461 liter
560 4402 876 4479 quantum
917 4394 998 4457 ad
1038 4401 1251 4456 actum
1294 4392 1599 4475 primum,
1632 4390 1744 4473 qui
1784 4397 1881 4453 εει

381 4496 728 4559 informare
777 4492 1160 4574 subiectum.
1213 4491 1408 4554 Actus
1457 4506 1608 4552 vero
1654 4507 1880 4551 secun-

379 4596 496 4658 dus
547 4595 612 4656 in
661 4590 1012 4654 virtutihus
1058 4590 1224 4663 aliis,
1271 4589 1382 4671 qui
1429 4596 1528 4653 est
1573 4587 1878 4671 oper-atim

381 4714 504 4759 non
555 4692 891 4758 ordinatur
950 4688 1388 4772 principaliter
1434 4688 1514 4750 ad
1561 4686 1884 4770 expellen-

381 4794 534 4857 dum
593 4797 956 4875 peccatum,
1008 4788 1176 4850 sicut
1220 4793 1319 4850 εει
1365 4786 1430 4849 in
1483 4785 1877 4868 poenitentia.

379 4892 538 4954 Hinc
572 4887 956 4973 poenitentia
991 4903 1119 4948 non
1151 4884 1524 4958 formaliter,
1557 4884 1667 4947 sed
1703 4882 1882 4965 quasi

381 4989 681 5053 effective
730 4984 1017 5050 excludit
1066 4990 1421 5066 peccatum.
1467 4982 1667 5045 Habet
1706 5000 1882 5043 nam·

381 5106 506 5170 que
551 5091 890 5168 peccatum
941 5080 1392 5164 expellendum
1439 5098 1555 5162 pro
1597 5079 1908 5151 materia,'

1987 4311 2139 4356 vero
2188 4309 2316 4355 non
2366 4308 2483 4374 pro
2530 4291 2783 4372 objecto
2831 4290 2899 4353 in
2946 4290 3117 4373 quod
3163 4298 3489 4353 transeant

1986 4400 2166 4455 actus
2214 4410 2458 4464 earum,
2511 4390 2622 4453 sed
2673 4409 2789 4472 pro
2836 4389 3128 4472 proximo
3175 4387 3310 4451 fine
3357 4406 3372 4451 ε
3417 4396 3491 4451 ιιι

1989 4496 2163 4572 patet
2191 4489 2270 4552 de
2309 4489 2513 4563 latria,
2543 4507 2686 4570 quae
2721 4487 2966 4570 aliquas
3005 4486 3488 4570 protestationes

1987 4586 2314 4651 servitutis
2353 4586 2533 4669 quasi
2577 4586 2907 4649 materiam
2950 4585 3162 4659 habet,
3196 4604 3353 4667 quas
3393 4602 3491 4648 or·

1989 4687 2166 4750 dinat
2207 4685 2574 4747 immediate
2615 4684 2680 4746 in
2722 4685 2955 4761 Deum3
2988 4690 3053 4746 et
3090 4684 3249 4746 tales
3288 4683 3487 4745 virtu-

1991 4793 2086 4848 tes
2117 4782 2489 4863 theologicis
2521 4780 3081 4863 propinquissimae
3112 4788 3277 4842 sunt.
3314 4781 3489 4843 Unde

1991 4891 2054 4946 et
2097 4890 2276 4944 actus
2323 4898 2541 4942 earum
2588 4878 2960 4959 theologicis
3006 4876 3352 4939 virtutibus
3399 4884 3490 4940 at-

1990 4979 2385 5051 tribuuntur,
2427 4984 2731 5058 tanquam
2776 4974 3083 5057 proximis
3126 4975 3491 5057 imperanti-

1993 5078 2136 5151 buS,
2167 5076 2347 5158 juxta
2388 5075 2556 5157 quod
2596 5073 2821 5136 asserit
2851 5072 3243 5154 Augustinus
3277 5090 3291 5133 :
3326 5071 3491 5135 Deus

384 5193 450 5248 et
475 5190 780 5268 operatur
809 5181 982 5244 circa
1014 5179 1196 5253 illud,
1219 5185 1293 5240 ut
1319 5178 1676 5260 expellatur
1703 5195 1717 5239 :
1746 5178 1888 5240 ideo
1993 5176 2147 5249 fide,
2180 5193 2315 5256 spe,
2349 5173 2735 5254 caritateque
2766 5170 3016 5234 colitur.
3048 5169 3343 5243 Quaedam
3379 5189 3490 5232 au-

387 5302 514 5347 non
575 5280 925 5364 opponitur
973 5278 1325 5341 formaliter
1369 5277 1544 5340 omni
1602 5283 1884 5357 peccato,

1998 5284 2127 5339 tem
2161 5292 2287 5338 non
2324 5272 2560 5337 habent
2589 5274 2791 5337 Deum
2829 5289 2946 5354 pro
2976 5269 3247 5351 objectO‚
3281 5288 3489 5352 neque
