4267 6250
542 2965 806 3011 Pronum,

544 3030 612 3073 23.

832 484 953 557 478

1444 513 1511 559 m
1550 510 1773 559 unum!
1814 512 1875 559 tv
1916 510 2400 559 smmunnl.
2444 528 2526 539 —
2565 511 2719 557 msr.
2760 512 2927 574 xvu3
2973 510 3196 568 QUAEST.
3237 511 3324 557 vn

834 700 1307 765 quemcumque
1338 681 1678 746 habentem
1710 682 1774 745 in
1812 681 1955 745 illos
1982 680 2330 762 jurisdicti·
2361 680 2412 745 Α
2442 698 2566 761 que
2607 679 2868 761 proprii.
2903 716 2980 726 —
3012 679 3324 752 Secunde,
3357 677 3509 760 quia
3544 681 3954 759 praeceptum

832 799 1019 844 onem
1054 781 1502 855 immediatam,
1526 781 1695 864 quod
1728 780 2194 845 confessionem
2227 799 2332 843 au-

831 879 962 941 diat
1004 888 1068 941 et
1109 879 1416 953 absolvat,
1450 880 1587 943 sive
1634 898 1749 962 per
1794 879 2005 962 ipsum
2047 879 2334 942 sacerdo-

828 985 983 1051 tem,
1014 978 1151 1041 sive
1180 998 1295 1061 per
1324 978 1723 1061 episcopum,
1756 978 1891 1040 sive
1934 996 2046 1060 per
2073 978 2326 1059 Papam.

829 1075 893 1139 Si
942 1094 1095 1139 vero
1142 1076 1610 1140 confessionem
1666 1076 1889 1139 audire
1938 1094 2065 1139 non
2124 1082 2334 1157 potest

828 1180 1090 1256 propter
1129 1174 1665 1257 impedimentum
1704 1173 2131 1237 exsecutionis
2167 1172 2330 1235 ordi-

828 1272 950 1345 niS‚
1014 1279 1225 1355 potest
1281 1272 1403 1335 sibi
1468 1273 1794 1336 audientia
1851 1271 2326 1335 confessionum

829 1371 1141 1433 committi
1184 1370 1514 1454 perillum
1555 1372 1664 1454 qui
1707 1370 1865 1433 illud
1908 1370 2329 1452 impedimen-

829 1477 965 1531 tum
1000 1470 1223 1533 tollere
1254 1470 1667 1553 potest.—Et
1696 1470 1749 1532 si
1778 1467 2327 1551 objiciatur,quod

830 1587 945 1651 per
975 1569 1116 1642 hoc,
1137 1568 1585 1651 praejudicium
1619 1567 2035 1631 inferioribus
2066 1567 2144 1629 fit
2174 1585 2330 1648 prae-

830 1666 1009 1747 latis;
1050 1667 1416 1741 dicendum,
1459 1668 1628 1749 quod
1674 1666 2119 1749 praejudicium
2167 1665 2328 1727 nulli

831 1765 907 1827 fit
950 1765 1072 1828 nisi
1118 1766 1175 1828 ei
1218 1765 1625 1829 subtrahatur
1662 1764 1832 1848 quod
1874 1766 1937 1827 in
1978 1765 2119 1846 ejus
2159 1764 2328 1827 favo-

2442 778 2740 841 Ecclesiae
2770 786 2888 855 est,
2924 786 2994 841 ut
3020 798 3244 842 omnes
3277 778 3608 858 utriusque
3640 794 3832 838 sexus
3859 774 3954 836 ad

2442 877 2656 940 minus
2685 878 2883 941 semel
2915 878 2979 939 in
3011 895 3179 940 anno
3218 875 3476 959 proprio
3513 874 3957 939 confiteantur

2440 977 2716 1059 pastori3
2748 985 2811 1038 et
2841 977 3167 1059 quaeritur,
3201 983 3415 1038 utrum
3448 974 3776 1037 confessus
3809 970 3952 1055 pri-

2440 1074 2758 1156 vilegiato,
2792 1082 3083 1139 teneatur
3109 1075 3318 1137 adhuc
3357 1073 3652 1137 confiteri
3681 1089 3800 1135 suo
3833 1090 3951 1153 pa-

2441 1173 2617 1247 stori,
2651 1173 2982 1255 potissime
3025 1173 3076 1235 si
3123 1172 3422 1255 requirat.

2523 1271 2598 1332 Et
2627 1272 3140 1353 respondendum
3179 1271 3259 1333 ad
3300 1270 3604 1352 primum,
3637 1269 3808 1350 quod
3842 1267 3948 1329 in·

2440 1370 2827 1432 conveniens
2866 1376 3054 1441 esset,
3087 1369 3140 1431 si
3180 1369 3306 1431 duo
3345 1376 3454 1430 aut
3485 1366 3699 1450 plures
3729 1386 3946 1449 aequa—

2441 1466 2584 1530 liter
2613 1487 2806 1551 super
2836 1468 3124 1531 eamdem
3165 1467 3422 1550 plebem
3462 1473 3573 1529 aut
3599 1483 3946 1548 personam

2439 1566 3013 1646 constituerentur3
3063 1566 3174 1629 sed
3220 1566 3392 1648 quod
3450 1564 3664 1647 plures
3711 1564 3946 1627 ordine

2438 1664 3022 1747 quodam‚quorum
3054 1684 3219 1728 unus
3247 1672 3451 1727 exstat
3479 1663 3766 1746 superior
3793 1662 3942 1735 alio,

2439 1782 2633 1845 super
2677 1764 2968 1826 eamdem
3019 1762 3274 1845 plebem
3326 1762 3814 1835 constituantur,
3851 1762 3946 1823 in-

830 1882 965 1925 rem
1014 1871 1111 1926 est
1156 1863 1215 1927 ei
1267 1864 1606 1926 indultum.
1649 1864 1925 1926 Potestas
1970 1871 2184 1926 autem
2225 1862 2326 1942 ju-
2365 1858 2412 1921 B
2441 1850 2825 1924 conveniens
2855 1879 2982 1924 non
3013 1869 3128 1923 est.
3164 1861 3394 1942 Sicque
3423 1879 3618 1943 super
3645 1860 3944 1922 eamdem

830 1961 1217 2025 risdictionis
1267 1962 1427 2024 nulli
1478 1961 1723 2025 homini
1771 1968 1869 2024 est
1916 1978 2218 2025 concessa
2263 1961 2326 2023 in

829 2080 1019 2123 suum
1076 2060 1381 2149 favorem,
1434 2062 1545 2124 sed
1600 2062 1679 2123 ad
1729 2061 1838 2123 Dei
1900 2060 2204 2123 honorem
2255 2078 2326 2121 ac

830 2158 1232 2222 subditorum
1272 2158 1563 2222 salutem.
1597 2160 1755 2222 Hinc
1796 2159 1851 2221 si
1888 2157 2329 2241 superioribus

829 2257 1105 2339 praelatis
1146 2258 1491 2340 expediens
1529 2258 1821 2320 videatur
1856 2258 1935 2321 ad
1976 2257 2180 2319 divini
2221 2257 2328 2319 ho·

830 2356 1001 2418 noris
1052 2357 1519 2438 promotionem
1562 2376 1637 2419 ac
1681 2356 2081 2419 subditorum
2123 2354 2331 2438 profe-

834 2461 1030 2529 ctum,
1076 2455 1243 2536 quod
1292 2453 1437 2517 aliis
1482 2472 1625 2537 quae
1670 2461 1819 2517 sunt
1863 2453 2330 2535 jurisdictionis

832 2553 1252 2628 committant,
1288 2553 1355 2615 in
1385 2553 1564 2616 nullo
1594 2552 2005 2617 inferioribus
2036 2551 2330 2635 praejudi-

832 2658 1009 2713 catur
1048 2652 1345 2734 praelatis,
1380 2652 1501 2715 nisi
1543 2651 1807 2714 forsitan
1843 2651 1971 2713 illis
2012 2651 2120 2733 qui
2162 2670 2330 2733 quae-

834 2757 985 2811 runt
1012 2769 1153 2832 quae
1192 2769 1307 2812 sua
1346 2757 1514 2823 sunt,
1547 2766 1676 2811 non
1716 2768 1857 2830 quae
1893 2750 2038 2812 Jesu
2075 2748 2328 2811 Christi.

834 2847 995 2910 —Si
1028 2866 1176 2910 vero
1206 2867 1425 2909 rursus
1455 2847 1817 2928 objiciatur,
1836 2847 2005 2928 quod
2037 2846 2334 2909 Salomon

837 2945 946 3018 ait,
980 2946 1265 3026 Agnosce
1296 2946 1547 3008 vultum
1587 2945 1835 3028 pecoris
1865 2944 1957 3007 tui
1993 2962 2007 3006 :
2041 2944 2212 3026 quod
2242 2944 2334 3005 vi-

2441 1957 2694 2040 plebem
2736 1968 2886 2021 sunt
2925 1966 3140 2042 pastor
3179 1959 3560 2041 parochialis
3601 1965 3667 2021 et
3703 1959 3942 2042 praesul

2437 2076 2510 2119 ac
2552 2057 2762 2139 Papa:
2796 2076 3070 2141 quorum
3113 2057 3386 2139 quilibet
3429 2066 3636 2140 potest
3675 2076 3751 2120 ea
3794 2077 3942 2139 quae

2438 2164 2588 2218 sunt
2642 2156 3108 2237 jurisdictionis
3157 2158 3234 2219 ad
3287 2157 3500 2239 ipsum
3557 2158 3938 2239 spectantia,

2440 2255 2838 2318 committere
2881 2256 3085 2318 alteri.
3119 2256 3296 2329 Quod
3335 2257 3388 2318 si
3437 2256 3730 2338 superior
3769 2274 3944 2319 com-

2443 2355 2651 2417 mittat
2691 2354 2800 2437 qui
2843 2354 3258 2437 principalior
3301 2364 3418 2431 est,
3451 2356 3797 2438 dupliciter
3835 2373 3946 2439 po-

2443 2460 2566 2515 test
2603 2453 3020 2517 committere.
3055 2454 3266 2517 Primo
3305 2454 3422 2529 sic,
3455 2455 3625 2537 quod
3661 2455 3944 2517 alterum

2443 2552 2785 2615 constituat
2833 2552 2972 2614 vice
3019 2552 3143 2626 sui,
3189 2553 3726 2634 quemadmodum
3776 2554 3948 2634 Papa

2446 2660 2510 2714 et
2547 2652 2890 2734 episcopus
2919 2660 3169 2734 ponunt
3206 2652 3710 2736 poenitentiarios
3748 2670 3944 2733 suos;

2445 2758 2510 2811 et
2539 2757 2692 2812 tunc
2721 2750 2866 2813 talis
2896 2757 2992 2813 est
3023 2750 3438 2833 principalior
3468 2750 3757 2813 inferiori
3788 2770 3948 2833 prae-

2443 2848 2591 2921 lato,
2625 2849 2792 2911 sicut
2821 2849 3332 2932 poenitentiarius
3360 2850 3562 2931 Papae,
3597 2850 3944 2932 episcopm

2445 2946 2954 3028 poenitentiarius
2983 2965 3240 3029 quoque
3269 2948 3574 3033 episcopi,
3595 2947 3944 3030 parochiali

840 3045 1024 3107 detur
1056 3044 1347 3126 impediri
1382 3063 1494 3127 per
1524 3043 1645 3106 hoc
1675 3045 1842 3127 quod
1874 3043 2166 3106 subditus
2197 3060 2337 3106 con·
2370 3043 2414 3107 C
2446 3052 2715 3128 pastore.
2749 3045 2896 3108 Ideo
2939 3045 3254 3108 confitens
3303 3045 3504 3128 magis
3549 3052 3805 3110 tenetur
3848 3046 3941 3108 illi

840 3143 1062 3206 fitetur
1106 3142 1287 3206 alteri
1337 3162 1529 3226 quam
1584 3143 1843 3225 proprio
1890 3161 2005 3206 suo
2055 3143 2333 3225 pastori3

837 3243 1203 3316 dicendum,
1236 3241 1405 3324 quod
1438 3249 1646 3305 rector
1672 3243 1921 3304 vultum
1956 3243 2204 3325 pecoris
2233 3243 2333 3305 sui

835 3356 1216 3421 cognoscere
1265 3347 1473 3422 potest
1520 3340 1881 3422 dupliciter.
1937 3341 2168 3415 Prim0,
2220 3359 2336 3423 per

834 3439 1171 3501 sollicitam
1234 3439 1734 3502 conversationis
1797 3439 1937 3519 ejus
2002 3439 2334 3502 exterioris

834 3530 1427 3600 considerationem.
1463 3537 1539 3599 Et
1570 3536 1634 3598 in
1668 3537 1785 3599 hac
1816 3536 2176 3618 cognitione
2207 3555 2333 3600 non

834 3643 1083 3718 oportet
1110 3636 1281 3719 quod
1312 3634 1569 3698 subdito
1601 3636 1835 3710 credat,
1870 3635 1979 3698 sed
2010 3636 2336 3699 certitudi-

834 3755 982 3798 nem
1034 3735 1185 3797 facti
1235 3751 1354 3817 pro
1401 3752 1589 3817 posse
1638 3741 1973 3796 scrutetur.
2017 3734 2331 3810 Secundo,

837 3854 950 3917 per
977 3834 1397 3898 confessionis
1438 3833 2037 3896 manifestationem.
2072 3834 2200 3897 Nec
2231 3851 2338 3915 po-

835 3940 959 3996 test
1014 3934 1321 4014 majorem
1383 3932 1832 3996 certitudinem
1890 3940 2202 4014 quantum
2259 3931 2336 3994 ad

836 4034 1001 4095 hanc
1042 4033 1469 4113 cognitionem
1509 4032 1822 4114 accipere,
1853 4050 2045 4114 quam
2088 4039 2158 4093 ut
2189 4030 2336 4094 sub-

838 4133 971 4195 dito
1000 4132 1236 4204 credat,
1260 4132 1411 4213 quia
1439 4131 1561 4195 hoc
1590 4139 1687 4194 est
1714 4131 1791 4192 ad
1822 4130 2334 4192 subveniendum

2443 3144 2918 3227 poenitentiario
2965 3144 3242 3208 obedire.
3279 3145 3571 3209 Secundo
3617 3145 3733 3219 sic,
3769 3146 3940 3227 quod

2442 3243 2714 3306 alterum
2759 3243 3088 3307 constituit
3133 3244 3569 3324 coadjutorem
3619 3243 3794 3307 illius
3835 3263 3942 3326 pa-

2444 3341 2651 3404 storis.
2678 3342 3013 3424 Quumque
3041 3341 3295 3422 adjutor
3321 3341 3652 3406 ordinetur
3677 3342 3757 3404 ad
3785 3360 3936 3404 eum

2445 3439 2547 3501 cui
2594 3440 2779 3502 datur
2820 3439 3094 3520 adjutor,
3133 3439 3274 3503 ideo
3318 3438 3426 3503 ille
3467 3440 3800 3522 coadjutor
3844 3445 3941 3502 est

2447 3537 2659 3600 minus
2710 3537 3120 3620 principalis;
3163 3546 3228 3600 et
3276 3539 3592 3620 poenitens
3635 3557 3766 3602 non
3809 3545 3944 3600 tan·

2443 3643 2581 3697 tum
2617 3643 2872 3698 tenetur
2917 3635 3175 3698 obedire
3219 3636 3280 3699 ei
3327 3643 3636 3718 quantum
3683 3636 3945 3719 proprio

2445 3734 2776 3798 sacerdoti.
2825 3771 2908 3780 —
2952 3735 3047 3797 Ad
3095 3735 3472 3810 secundum,
3521 3735 3693 3817 quod
3751 3755 3946 3800 nemo

2447 3839 2699 3895 tenetur
2727 3833 3022 3896 confiteri
3064 3841 3322 3915 peccata
3352 3853 3495 3915 quae
3536 3852 3662 3897 non
3699 3833 3894 3896 habet
3927 3853 3943 3898 ε

2446 3930 2706 4006 idcirco,
2739 3931 2793 3992 si
2833 3932 2978 4012 quis
3019 3931 3494 4014 poenitentiario
3522 3931 3808 4014 episcopi
3841 3933 3946 3996 vel

2445 4029 2625 4091 alteri
2666 4029 3184 4092 commissionem
3221 4029 3302 4092 ab
3341 4030 3644 4113 episcopo
3681 4030 3948 4095 habenti

2446 4127 2774 4189 confessus
2813 4134 2929 4202 est,
2962 4127 3228 4190 dimissa
3255 4136 3404 4190 sunt
3431 4128 3492 4191 ei
3531 4138 3791 4212 peccata
3827 4149 3952 4192 sua

839 4231 1245 4297 conscientiae
1284 4230 1477 4292 illius.
1516 4231 1686 4293 Unde
1728 4230 1791 4292 in
1834 4229 1971 4292 foro
2010 4230 2336 4293 conscien-
2367 4233 2416 4295 D
2450 4226 2654 4309 quoad
2684 4226 2884 4288 Deum
2915 4232 3106 4308 atque
3137 4226 3509 4303 Ecclesiam,
3541 4247 3658 4292 nec
3687 4235 3948 4292 tenetur

839 4331 944 4394 tiae
987 4329 1269 4392 creditur
1310 4328 1554 4390 homini
1600 4346 1715 4409 pro
1758 4347 1825 4390 se
1872 4335 1935 4390 et
1976 4334 2198 4391 contra
2243 4347 2333 4404 se,

838 4447 966 4492 non
1006 4435 1221 4490 autem
1259 4427 1325 4488 in
1364 4426 1503 4489 foro
1540 4425 1872 4489 exterioris
1907 4425 2156 4506 judicii.
2191 4428 2338 4491 Ideo

836 4529 913 4592 ad
946 4528 1108 4590 hanc
1139 4525 1565 4606 cognitionem
1596 4523 2048 4607 sufficit,quod
2080 4524 2337 4590 subdito

837 4628 1052 4691 credat
1081 4624 1317 4689 dicenti
1348 4644 1416 4689 se
1446 4642 1585 4687 esse
1620 4623 1985 4687 confessum
2015 4624 2196 4687 alteri
2229 4625 2337 4688 ab·

836 4727 1084 4791 solvere
1139 4724 1396 4788 valenti.
1452 4724 1529 4786 Et
1584 4723 1677 4786 sic
1726 4730 1907 4806 patet
1963 4724 2135 4807 quod
2192 4724 2336 4787 talis

836 4825 1117 4908 cognitio
1156 4823 1404 4907 pecoris
1444 4841 1571 4887 non
1612 4823 1961 4905 impeditur
1996 4841 2112 4905 per
2145 4823 2337 4905 privi-

838 4924 1075 5004 legium
1118 4925 1337 4987 datum
1382 4923 1461 4986 de
1504 4921 1904 4986 confessione
1943 4921 2276 4983 audienda.

919 5022 1151 5084 Verum
1200 5022 1302 5084 his
1344 5021 1551 5084 adhuc
1594 5020 1939 5103 dupliciter
1979 5018 2176 5101 objici
2227 5038 2336 5102 po·

839 5129 981 5185 test.
1034 5121 1265 5195 Primo,
1317 5119 1467 5202 quia
1522 5119 1848 5182 confessor
1894 5126 1991 5181 est
2039 5119 2338 5200 proprius

838 5221 1057 5303 judex,
1092 5220 1385 5283 sacerdos
1414 5225 1478 5280 et
1517 5225 1746 5300 pastor.
1784 5217 2088 5299 Ejusdem
2120 5224 2336 5281 autem

842 5338 971 5384 non
1013 5317 1248 5382 debent
1294 5334 1433 5380 esse
1475 5316 1693 5400 plures
1731 5315 1983 5398 judices
2029 5323 2339 5399 pastores·

2447 4345 2522 4388 ea
2569 4324 2862 4388 confiteri
2916 4325 3176 4406 proprio
3221 4326 3556 4401 sacerdoti,
3599 4335 3946 4409 quantum-

2448 4443 2724 4506 cumque
2767 4430 2958 4506 petat.
2994 4424 3113 4487 Sed
3166 4431 3426 4507 propter
3471 4432 3776 4488 statutum
3827 4427 3944 4490 Ec-

2447 4523 2657 4586 clesiae
2685 4523 2764 4585 de
2794 4523 3194 4586 confessione
3231 4523 3520 4586 facienda
3557 4525 3818 4607 proprio
3851 4546 3948 4589 sa—

2447 4622 2688 4686 cerdoti
2719 4623 2918 4685 semel
2950 4623 3016 4685 in
3045 4641 3233 4697 anno,
3267 4641 3336 4685 se
3372 4623 3565 4686 debet
3601 4623 3840 4688 habere
3876 4633 3946 4688 ut

2449 4722 2556 4784 ille
2607 4722 2717 4804 qui
2761 4721 2952 4785 habet
2998 4721 3272 4784 venialia
3319 4721 3528 4785 solum
3576 4740 3590 4785 :
3639 4725 3946 4805 quoniam

2447 4820 2593 4884 talis
2623 4821 2830 4884 solum
2862 4840 2976 4884 sua
3003 4821 3281 4883 venialia
3309 4821 3604 4884 confiteri
3639 4822 3854 4898 debet,
3877 4832 3948 4887 ut

2447 4919 2646 5001 aliqui
2678 4919 2921 4994 dicunt,
2953 4919 3056 4982 vel
3096 4921 3286 4983 etiam
3329 4921 3618 5003 profiteri
3646 4940 3685 4983 a
3719 4931 3947 4986 morta-

2448 5018 2618 5080 libus
2676 5037 2744 5080 se
2793 5019 3187 5098 immunem3
3235 5027 3299 5082 et
3345 5020 3637 5083 sacerdos
3689 5020 3756 5082 in
3806 5020 3946 5085 foro

2447 5117 2852 5180 conscientiae
2899 5119 3158 5181 credere
3195 5119 3254 5181 ei
3301 5124 3572 5182 tenetur.
3605 5119 3846 5184 Tamen
3887 5123 3942 5184 si

2448 5215 2680 5278 iterum
2747 5214 3044 5278 confiteri
3107 5222 3452 5292 teneretur,
3513 5235 3640 5280 non
3705 5217 3942 5283 frustra

2447 5316 2676 5379 fuisset
2702 5323 2848 5379 ante
2887 5316 3216 5381 confessus
3249 5335 3264 5380 ε
3296 5318 3448 5400 quia
3477 5336 3604 5401 quo
3642 5318 3938 5403 pluribus
