4267 6250
1039 507 1240 556 uranu
1279 506 1460 554 ranis
1501 505 1934 556 comam-uua
1973 507 2543 568 suasum-murm,
2583 509 2710 558 arc.
3300 495 3423 560 285

311 674 382 737 in
415 675 708 758 qualibet
735 676 1086 742 mutatione
1116 677 1384 740 naturali
1418 685 1652 752 manet,
1678 677 1820 742 ideo
1847 676 1898 740 A
1929 679 2396 762 septuagesima
2451 681 2708 764 quinta3
2768 689 2833 745 et
2888 680 3125 764 scripta
3182 680 3421 744 ibidem

309 772 380 834 in
423 775 604 836 omni
647 775 1000 839 mutatione
1047 775 1181 850 tali,
1228 776 1492 839 materia
1541 776 1817 838 maxime

311 881 548 946 manet,
562 892 766 955 quum
797 873 882 936 sit
907 874 1198 937 omnium
1231 874 1649 939 mutationum
1677 874 1822 936 sub-

304 971 578 1050 ject-um.
623 971 784 1034 Hinc
829 973 1096 1035 mutatio
1145 993 1286 1056 quae
1326 975 1581 1056 attingit
1623 982 1817 1037 mate-

307 1070 500 1144 riam,
530 1069 870 1134 difficilior
907 1080 1004 1134 est
1035 1080 1100 1134 et
1140 1072 1398 1153 majoris
1428 1073 1682 1135 virtutis
1721 1091 1818 1136 os-

307 1169 566 1232 tensiva
631 1189 825 1252 quam
889 1189 1310 1253 quaecumque
1373 1171 1816 1234 transmutatio

307 1266 459 1341 alia,
521 1287 602 1330 ex
659 1276 840 1350 parte
900 1269 1044 1350 ejus
1100 1270 1270 1351 quod
1333 1277 1808 1332 transmutatur.

308 1366 648 1448 Quumque
687 1367 925 1429 creatio
957 1375 1022 1430 et
1055 1368 1388 1431 conversio
1428 1369 1548 1430 ista
1585 1369 1816 1451 pertin-

307 1472 464 1544 gant
519 1464 600 1525 ad
663 1465 942 1529 materiae
999 1465 1363 1539 essentiam,
1415 1473 1660 1529 constat
1708 1485 1814 1530 eas

309 1563 576 1642 majoris
634 1582 777 1626 esse
835 1564 1186 1628 ostensivas
1235 1564 1491 1627 virtutis
1552 1564 1813 1647 quibus·

309 1680 592 1743 cumque
635 1662 802 1736 aliis,
835 1663 902 1724 in
945 1662 1182 1745 quibus
1225 1672 1508 1726 mutatur
1545 1664 1647 1726 vel
1688 1663 1814 1727 for-

311 1778 418 1821 ma
445 1759 910 1834 substantiam,
928 1760 1032 1824 vel
1060 1761 1605 1836 accidentaliS,vel
1638 1761 1814 1825 locus

1929 778 2338 842 continentur
2382 779 2445 840 in
2494 779 2649 842 istis.

2005 877 2247 950 Quibus
2288 877 2508 940 Petrus
2552 878 2914 953 concordat,
2946 878 3215 961 ejusque
3257 878 3427 941 dicta

1927 975 2336 1037 continentur
2375 976 2439 1037 in
2491 976 2611 1038 his.
2654 977 2731 1038 Et
2772 976 2937 1039 inter
2980 985 3187 1040 cetera
3227 977 3428 1059 loqui-

1925 1079 2031 1134 tur
2065 1090 2078 1134 :
2111 1073 2412 1147 Quamvis
2454 1074 2643 1137 unius
2684 1094 2811 1136 una
2848 1074 2931 1137 sit
2960 1075 3187 1138 ultima
3219 1075 3427 1138 forma

1925 1171 2333 1252 completiva,
2367 1180 2581 1236 tamen
2617 1172 2831 1236 multae
2862 1181 3013 1235 sunt
3042 1173 3263 1237 sormae
3294 1193 3427 1238 lna—

1924 1268 2177 1331 teriales
2217 1269 2647 1352 disponentes.
2682 1271 2843 1334 Hinc
2875 1273 3171 1354 quamvis
3209 1273 3426 1338 anima

1926 1367 2010 1428 sit
2040 1367 2265 1431 ultima
2293 1368 2552 1431 humani
2586 1370 2869 1452 corporis
2899 1370 3207 1446 forma,in
3236 1391 3425 1454 quam

1926 1482 2054 1528 non
2085 1466 2313 1529 transit
2342 1469 2523 1550 panis
2564 1487 2677 1531 seu
2715 1467 2921 1531 forma
2958 1469 3099 1550 ejus
3132 1469 3424 1534 substan-

1923 1563 2116 1639 tialis,
2150 1564 2341 1627 habet
2369 1573 2581 1629 tamen
2611 1566 2802 1629 aliam
2833 1567 3104 1631 formam
3138 1587 3425 1652 corpora-

1926 1662 2054 1724 lem
2085 1664 2541 1746 complexionis
2571 1683 2681 1728 seu
2713 1665 3133 1741 mixtioniS,et
3162 1666 3229 1729 in
3260 1668 3424 1730 hanc

1927 1761 2154 1822 transit
2195 1760 2402 1825 forma
2442 1761 2645 1844 panis.
2678 1761 2821 1824 Haec
2866 1762 3106 1826 Petrus.

307 1858 608 1920 exterior.
653 1858 733 1920 Et
773 1859 941 1921 inter
989 1859 1100 1922 has
1147 1860 1304 1922 duas
1346 1860 1599 1922 videtur
1645 1879 1816 1923 crea·
1850 1853 1898 1916 B
2008 1859 2359 1923 Concordat
2388 1858 2758 1935 Richardus‚
2792 1860 2905 1943 qui
2944 1861 3137 1924 etiam
3170 1863 3249 1925 de
3278 1881 3425 1927 con-

309 1956 420 2030 tio,
464 1956 760 2020 absolute
809 1957 1148 2040 loquendo,
1193 1959 1560 2041 praecellere
1603 1977 1618 2021 :
1664 1959 1816 2042 quia

307 2075 424 2138 per
451 2055 666 2138 ipsam
696 2057 974 2120 essentia
1005 2059 1284 2122 materiae
1313 2059 1703 2141 producitur.
1721 2059 1812 2120 Ex

307 2172 436 2235 quo
463 2156 784 2238 sequitur,
817 2157 988 2238 quod
1027 2156 1292 2219 materia
1330 2177 1444 2239 per
1472 2156 1636 2219 hanc
1667 2175 1812 2220 con·

307 2253 672 2316 versionem
712 2274 751 2316 a
781 2255 1170 2336 producente
1205 2257 1406 2338 possit
1440 2256 1504 2318 in
1538 2257 1808 2320 alterum

309 2353 746 2414 transmutari.
801 2353 924 2416 Sed
971 2372 1050 2416 ex
1098 2361 1276 2435 parte
1325 2353 1466 2435 ejus
1511 2355 1590 2416 ad
1638 2355 1808 2436 quod

308 2457 404 2511 est
433 2451 732 2526 mutatio,
763 2451 904 2534 ipsa
937 2452 1206 2515 mutatio
1234 2471 1376 2534 quae
1406 2461 1503 2514 est
1533 2451 1598 2515 in
1631 2453 1810 2517 unio·

309 2567 388 2610 ne
431 2548 732 2613 humanae
771 2557 1014 2614 naturae
1054 2568 1203 2612 cum
1251 2550 1468 2612 divina
1517 2569 1807 2633 persona,

307 2647 564 2710 excellit
593 2648 710 2711 has
741 2666 1086 2732 omnesque
1111 2649 1266 2713 alias
1297 2649 1360 2711 in
1389 2649 1806 2714 difficultate:

309 2745 448 2808 ideo
477 2754 576 2808 est
606 2746 750 2828 ipsa
789 2747 1172 2810 miraculum
1206 2748 1497 2811 omnium
1537 2749 1808 2810 miracu-

309 2843 536 2908 lorum.

387 2944 450 3006 Si
494 2952 716 3007 autem
762 2945 1125 3028 objiciatur,
1168 2947 1338 3029 quod
1389 2947 1455 3009 in
1502 2948 1620 3009 hac
1664 2965 1810 3010 con·

1927 1957 2219 2030 versione
2261 1957 2479 2022 formae
2514 1958 2951 2021 substantialis
2994 1959 3195 2042 ipsius
3239 1962 3421 2044 panis

1923 2063 2189 2118 testatur
2214 2073 2229 2118 ε
2254 2057 2405 2119 Tota
2434 2056 2787 2119 substantia
2816 2057 2999 2139 panis
3029 2060 3423 2122 convertitur

1926 2153 1990 2215 in
2035 2154 2455 2218 substantiam
2500 2155 2785 2238 corporis
2829 2156 3085 2233 Christi,
3124 2157 3210 2220 ita
3252 2158 3422 2240 quod

1925 2253 2189 2316 materia
2220 2253 2285 2316 in
2318 2254 2671 2328 materiam,
2698 2261 2763 2317 et
2790 2255 2996 2318 forma
3026 2255 3091 2317 in
3124 2256 3418 2331 sormam,

1923 2369 2049 2414 non
2093 2352 2160 2414 in
2201 2351 2375 2415 illam
2420 2371 2533 2434 per
2562 2371 2755 2434 quam
2786 2370 3019 2435 corpus
3060 2354 3251 2416 habet
3280 2373 3421 2418 esse

1922 2450 2336 2531 completum,
2371 2450 2672 2532 quoniam
2717 2451 2826 2513 illa
2858 2460 2955 2514 est
2982 2452 3197 2516 anima
3236 2454 3418 2516 intel-

1921 2549 2171 2623 lectiva,
2206 2549 2315 2611 sed
2356 2549 2421 2611 in
2456 2548 2725 2612 formam
2765 2567 3131 2632 corpoream
3179 2551 3417 2614 incom-

1919 2648 2180 2731 pletam,
2232 2667 2347 2731 per
2393 2667 2587 2731 quam
2644 2666 2875 2732 corpus
2928 2649 3117 2712 habet
3176 2650 3415 2714 incom-

1920 2747 2164 2828 pletum
2195 2766 2357 2821 esse,
2390 2747 2583 2810 etiam
2619 2747 2685 2808 in
2719 2747 2916 2828 gradu
2949 2749 3411 2830 corporeitatiS.

1916 2881 1996 2890 —
2025 2846 2169 2908 Haec
2210 2845 2579 2910 Richardus.
2622 2845 2803 2909 Circa
2852 2845 3035 2926 cujus
3080 2847 3275 2910 verba
3322 2857 3417 2910 est

1915 2944 2269 3007 obscuritas
2314 2963 2563 3026 magna,
2595 2945 2745 3026 quia
2784 2944 3036 3007 videtur
3073 2946 3229 3008 duas
3272 2946 3419 3009 sub·

309 3043 602 3106 versione
633 3044 838 3127 maJor
866 3052 964 3107 est
991 3039 1370 3121 resistentia,
1384 3045 1534 3128 quia
1560 3053 1810 3129 oportet
1844 3049 1888 3113 C
1919 3044 2243 3106 stantiales
2284 3062 2521 3127 ponere
2565 3043 2799 3106 formas
2840 3043 2907 3106 in
2948 3062 3213 3128 corpore
3244 3045 3417 3110 Chri-

309 3148 510 3204 totum
554 3143 624 3205 in
665 3150 869 3206 totum
909 3144 1216 3217 converti,
1250 3144 1392 3207 ideo
1430 3152 1495 3207 et
1525 3145 1809 3209 difficul-

309 3248 400 3303 tas
429 3241 677 3323 major3
706 3242 1077 3318 dicendum,
1107 3242 1280 3325 quod
1315 3243 1382 3305 in
1417 3243 1666 3306 actione
1695 3263 1804 3326 po-

309 3348 428 3402 test
467 3358 614 3403 esse
661 3340 1021 3404 resistentia
1059 3341 1420 3424 dupliciter.
1464 3341 1696 3417 Primo,
1726 3360 1804 3405 ex

309 3446 482 3518 parte
526 3439 799 3519 agentis,
832 3440 1085 3521 quando
1125 3438 1424 3502 videlicet
1459 3458 1538 3502 ex
1580 3449 1804 3523 agente

307 3538 626 3600 contrario
656 3538 860 3599 virtus
889 3538 1030 3619 ejus
1063 3537 1452 3601 debilitatur.
1489 3539 1799 3615 Secund0‚

306 3654 378 3697 ex
409 3643 592 3718 parte
624 3633 920 3711 effectuS,
953 3637 1106 3699 dum
1138 3656 1216 3701 ex
1246 3638 1562 3701 contraria
1591 3638 1802 3721 dispo·

306 3732 532 3795 sitione
583 3734 936 3815 impeditur
981 3734 1270 3798 effectus.
1325 3735 1395 3798 ln
1442 3737 1801 3800 actionibus

306 3832 566 3895 demum
608 3832 676 3894 in
715 3832 951 3914 quibus
987 3852 1181 3914 agens
1219 3852 1344 3898 non
1386 3836 1644 3917 patitur,
1677 3836 1804 3919 pri-

308 3950 406 3993 ma
433 3930 801 3995 resistentia
831 3931 1040 3995 locum
1071 3950 1200 3995 non
1229 3933 1440 4009 habet,
1455 3935 1564 3997 sed
1593 3935 1800 3999 solum

305 4032 606 4093 secunda.
649 4030 891 4094 Idcirco
939 4032 1005 4093 in
1045 4032 1524 4114 operationibus
1565 4033 1802 4097 divinis

306 4146 428 4192 non
474 4128 831 4192 attenditur
870 4127 1219 4192 difficultas
1265 4148 1462 4212 penes
1505 4132 1800 4195 resisten-

1917 3144 2017 3206 sti.
2054 3144 2383 3218 Similiter,
2416 3144 2585 3205 circa
2624 3143 2821 3205 verba
2852 3143 3018 3207 Petri
3060 3144 3415 3208 obscuritas

1918 3242 2141 3316 oritur,
2188 3249 2377 3324 prout
2411 3242 2579 3304 infra
2618 3249 2929 3323 tangetur.

1994 3340 2186 3403 Porro
2228 3341 2668 3404 Bonaventura
2701 3357 2716 3402 t
2746 3340 2929 3403 Panis
2958 3341 3225 3423 (inquit)
3254 3362 3411 3424 prae-

1915 3440 2046 3503 eise
2076 3439 2467 3502 convertitur
2501 3439 2565 3500 in
2606 3438 2669 3500 id
2704 3458 2853 3501 cum
2888 3456 3015 3521 quo
3045 3440 3409 3504 similitudi-

1915 3558 2062 3601 nem
2093 3538 2301 3601 habet.
2316 3536 2471 3600 Nam
2502 3555 2695 3619 super
2724 3536 3211 3599 similitudinem
3244 3538 3408 3601 hanc

1916 3638 2217 3700 fundatur
2274 3635 2591 3699 institutio
2646 3636 3141 3711 sacramentalis,
3192 3646 3255 3699 et
3301 3639 3406 3700 ad-

1913 3737 2090 3799 venit
2136 3733 2558 3798 sanctificatio
2607 3733 2804 3796 verbi.
2843 3734 3177 3815 Quumque
3224 3736 3406 3817 panis

1915 3833 2403 3897 similitudinem
2434 3839 2681 3895 tantum
2712 3830 2939 3894 habeat
2963 3850 3109 3894 cum
3142 3850 3405 3915 corpore

1915 3932 2171 4006 Christi,
2212 3931 2449 3993 idcirco
2496 3930 2887 3993 convertitur
2930 3936 3179 3992 tantum
3222 3930 3287 3993 in
3330 3932 3403 3993 il-

1914 4032 2059 4109 lud3
2101 4048 2229 4093 non
2274 4031 2339 4092 in
2383 4029 2705 4103 deitatem,
2739 4046 2947 4110 neque
2991 4028 3057 4090 in
3097 4028 3399 4105 animam,

1913 4150 2030 4193 nec
2071 4130 2138 4191 in
2176 4128 2553 4209 sanguinem
2590 4126 2833 4209 aliquid
2876 4127 3057 4209 panis
3096 4128 3405 4191 converti-

305 4228 450 4289 tiam
493 4229 578 4290 ad
623 4234 936 4308 agentem,
979 4228 1090 4289 sed
1140 4247 1334 4310 penes
1384 4229 1800 4311 impedimen·
1831 4230 1880 4291 D
1913 4237 2032 4291 tur.
2069 4228 2310 4309 Corpus
2349 4234 2559 4289 tamen
2601 4243 2729 4288 non
2768 4232 2866 4288 est
2903 4226 2969 4287 in
3008 4234 3403 4289 sacramento

307 4333 438 4387 tum
482 4327 566 4388 ad
605 4323 933 4388 effectum.
967 4325 1160 4406 Magis
1201 4334 1414 4388 autem
1454 4327 1801 4409 impeditur

305 4423 576 4487 effectus
613 4442 730 4505 per
765 4424 1265 4487 subtractionem
1304 4425 1604 4507 potentiae
1643 4429 1800 4491 reci-

305 4523 562 4605 pientiS,
596 4541 792 4605 quam
828 4541 941 4605 per
973 4524 1282 4586 rationem
1315 4525 1644 4589 contrariae
1674 4528 1798 4591 dis-

307 4622 642 4704 positionis
684 4641 699 4685 :
742 4622 894 4703 quia
941 4622 1254 4684 contraria
1294 4623 1630 4706 dispositio
1670 4644 1798 4689 non

307 4720 576 4804 impedit
603 4719 936 4794 effectum,
969 4720 1094 4781 nisi
1124 4720 1418 4784 faciendo
1448 4724 1796 4804 potentiam

305 4840 438 4884 esse
474 4818 942 4901 indispositam.
977 4819 1123 4882 Ideo
1165 4818 1367 4899 maj0r
1395 4828 1492 4882 est
1519 4820 1797 4885 difficul-

305 4928 394 4983 tas
431 4921 498 4983 in
537 4918 882 4992 creatione,
915 4918 1026 4980 ubi
1067 4918 1330 4981 omnino
1370 4919 1631 4981 materia
1669 4938 1796 4984 non

307 5018 706 5101 praeexsistit,
729 5036 922 5099 quam
955 5018 1066 5080 ubi
1099 5017 1572 5100 praeexsistente
1603 5026 1794 5081 mate-

309 5120 396 5180 ria
423 5126 520 5181 est
545 5116 794 5199 aliquid
828 5116 996 5197 quod
1028 5115 1792 5193 effectui,contrariand0,

309 5223 631 5298 repugnat.
665 5250 750 5260 —
777 5214 922 5277 Haec
951 5213 1220 5277 Thomas
1253 5213 1320 5276 in
1351 5214 1618 5296 Script0.
1653 5216 1796 5279 Haec

309 5316 522 5378 eadem
571 5314 804 5377 scribit
849 5313 915 5375 in
962 5313 1148 5375 tertia
1196 5321 1396 5396 parte,
1448 5315 1796 5396 quaestione

1910 4328 2048 4389 sine
2088 4327 2247 4401 istis,
2278 4325 2581 4408 quoniam
2622 4324 2878 4404 sanguis
2918 4331 3014 4387 est
3052 4323 3141 4385 ibi
3181 4342 3403 4388 conco-

1909 4426 2207 4487 mitanter
2252 4423 2493 4485 ratione
2532 4421 3029 4496 commixtioniS,
3060 4421 3273 4485 anima
3309 4441 3403 4485 ra-

1906 4524 2080 4587 tione
2111 4522 2602 4604 conjunctioniS,
2620 4522 2820 4585 deitas
2850 4522 3091 4583 ratione
3122 4521 3397 4585 unionis,

1906 4658 1988 4667 —-
2014 4622 2084 4683 ln
2125 4620 2226 4683 his
2255 4620 2470 4683 verbis
2498 4619 2751 4682 videtur
2785 4619 3225 4682 Bonaventura
3262 4638 3403 4682 sen-

1907 4721 2050 4794 tire,
2111 4718 2283 4802 quod
2340 4736 2465 4781 non
2529 4718 2611 4780 sit
2669 4717 2759 4779 ibi
2817 4716 3149 4780 conversio
3206 4718 3397 4781 totius

1907 4818 2277 4882 substantiae
2325 4817 2391 4879 in
2440 4823 2633 4879 totam
2692 4814 3109 4879 substantiam
3157 4823 3397 4879 naturae

1905 4924 2265 4999 assumptae.
2319 4914 2696 4998 Opinionem
2750 4930 3005 4996 quoque
3056 4932 3246 4996 quam
3306 4934 3401 4977 se-

1907 5018 2126 5100 quitur
2155 5016 2424 5078 Thomas
2452 5014 2531 5075 de
2562 5012 2822 5075 instanti
2852 5013 3285 5075 conversionis
3314 5013 3394 5075 is-

1906 5116 2056 5189 tiuS‚
2087 5113 2245 5177 dicit
2282 5131 2420 5175 esse
2459 5112 2698 5192 sugam,
2731 5128 2857 5173 non
2888 5128 3103 5173 veram
3140 5111 3398 5175 solutio-

1907 5233 2074 5277 nem.
2111 5212 2189 5275 Et
2216 5211 2392 5274 addit
2424 5231 2439 5275 :
2471 5210 2746 5292 Tempus
2780 5228 2893 5271 seu
2929 5209 3191 5284 instans,
3224 5211 3394 5292 quod

1906 5321 2002 5376 est
2033 5330 2331 5375 mensura
2370 5308 2581 5373 ultimi
2611 5328 2741 5368 esse
2770 5307 2953 5391 panis
2990 5315 3055 5371 et
3086 5308 3278 5390 primi
3306 5328 3397 5370 es·
