4267 6250
927 501 1132 548 mun
1171 499 1619 548 sacmmrmt
1659 497 2076 545 RuanmsTlAE
2117 498 2256 545 run·
2295 499 2777 548 pumannum

3280 481 3403 548 209

301 669 712 732 materialiter
740 669 958 752 plures
999 669 1192 751 hujus
1231 669 1609 733 sacramenti
1640 668 1799 751 figu-
1822 669 1876 733 A
1905 667 2156 732 Christi.
2200 669 2481 733 Tertium
2530 677 2628 733 est
2670 670 2732 733 id
2777 669 2946 753 quod
2994 676 3091 733 est
3128 689 3229 734 res
3269 678 3401 734 tan·

303 785 644 842 rae,omnes
675 776 893 830 tamen
923 768 1317 831 reducuntur
1343 769 1423 830 ad
1454 767 1627 842 istas,
1647 767 1799 849 quia

303 866 364 928 in
401 865 704 929 omnibus
741 863 1084 928 sacrificiis
1122 873 1186 928 et
1221 865 1652 929 oblationibus
1689 884 1800 927 an-

303 963 620 1045 tiquorum
659 961 1148 1045 significabatur
1178 963 1242 1026 id
1271 964 1440 1045 quod
1473 969 1570 1026 est
1599 981 1700 1026 res
1735 970 1800 1026 et

302 1066 767 1124 sacramentum
819 1060 886 1122 in
935 1060 1350 1136 Eucharistia,
1391 1061 1560 1142 quod
1604 1061 1797 1124 etiam

302 1157 698 1240 significatur
729 1177 846 1241 per
871 1177 1108 1240 agnum
1138 1158 1524 1241 paschalem,
1551 1159 1800 1222 scilicet

305 1257 606 1332 Christus,
639 1257 754 1339 qui
794 1273 863 1319 se
901 1255 1135 1319 obtulit
1164 1257 1292 1319 Deo
1332 1256 1496 1318 Patri
1537 1275 1653 1339 pro
1691 1275 1799 1320 no·

307 1355 416 1418 bis.
459 1355 575 1418 Vel
623 1355 994 1430 dicendum,
1035 1355 1205 1436 quod
1257 1355 1392 1418 istae
1434 1355 1659 1437 figurae
1707 1375 1800 1418 re-

309 1461 685 1536 praesentant
715 1472 948 1536 corpus
980 1452 1210 1517 Christi
1243 1454 1598 1516 secundum
1629 1454 1799 1536 quod

310 1560 397 1614 est
437 1553 502 1614 in
547 1571 670 1615 usu
711 1551 1006 1615 fidelium
1042 1567 1056 1613 :
1089 1552 1259 1642 quod
1298 1558 1473 1634 patet
1511 1553 1590 1615 de
1627 1552 1800 1617 obla-

309 1653 470 1714 tione
510 1650 1000 1725 Melchisedech,
1042 1651 1151 1732 qui
1196 1669 1426 1734 panem
1471 1658 1536 1714 et
1576 1650 1798 1713 vinum

312 1748 620 1812 edendum
655 1748 890 1812 obtulit
916 1748 1201 1812 Abrahae.
1236 1749 1566 1824 Similiter,
1599 1767 1800 1830 agnus

1906 774 2064 842 tum,
2097 768 2268 849 quod
2310 776 2409 832 est
2446 769 2826 832 sacramenti
2868 768 3064 850 hujus
3104 767 3395 833 effectus.

1905 864 2223 937 Quantum
2252 865 2329 927 ad
2361 865 2669 948 primum,
2703 865 3037 948 potissima
3066 865 3207 947 ejus
3236 866 3401 946 figu-

1906 980 1975 1023 ra
2019 961 2146 1024 fuit
2194 961 2431 1026 oblatio
2476 963 2963 1038 Melchisedech,
3010 963 3121 1044 qui
3169 962 3405 1026 obtulit

1905 1078 2136 1142 panem
2177 1068 2242 1123 et
2275 1060 2521 1123 vinum.
2556 1061 2870 1134 Quantum
2910 1061 2987 1124 ad
3025 1061 3402 1135 secundum,

1905 1158 2130 1238 figurae
2169 1158 2309 1242 ejus
2347 1158 2611 1222 fuerunt
2637 1160 2853 1223 omnia
2890 1159 3207 1223 sacrificia
3235 1168 3405 1224 vete-

1907 1256 1994 1318 ris
2038 1257 2218 1337 legiS,
2261 1258 2615 1340 praesertim
2664 1257 3057 1321 sacrificium
3098 1258 3402 1340 expiatio-

1906 1354 2028 1429 niS,
2051 1355 2221 1436 quod
2252 1356 2771 1418 solennissimum
2801 1355 2942 1419 fuit.
2977 1357 3293 1430 Quantum
3324 1358 3400 1419 ad

1907 1453 2189 1527 tertium,
2223 1454 2545 1536 praecipua
2574 1454 2715 1536 ejus
2749 1454 2959 1536 figura
2991 1454 3115 1517 fuit
3146 1473 3398 1532 manna,

1907 1552 2078 1634 quod
2113 1553 2482 1615 continebat
2519 1553 2586 1615 in
2625 1573 2693 1616 se
2731 1553 2942 1617 omnis
2979 1555 3223 1637 saporis
3260 1573 3400 1618 sua·
3455 1583 3567 1642 Sap,
3594 1597 3683 1638 m.

1906 1649 2191 1725 vitatem,
2224 1650 2391 1713 sicut
2432 1659 2497 1714 et
2535 1653 2733 1732 gratia
2782 1652 2975 1733 hujus
3024 1654 3403 1717 sacramenti
3428 1649 3498 1692 ²⁰·

1908 1754 2218 1829 quantum
2260 1750 2338 1811 ad
2377 1749 2593 1812 omnia
2628 1749 2843 1813 reficit
2879 1757 3181 1814 mentem.
3215 1752 3404 1815 Porro

313 1847 614 1929 paschalis
661 1847 949 1910 edendus
991 1866 1030 1908 a
1073 1848 1309 1930 populo
1357 1847 1796 1928 occidebatur3
1834 1848 1883 1913 B
1911 1863 2110 1926 agnus
2152 1845 2467 1928 paschalis
2497 1855 2809 1929 quantum
2840 1850 2919 1911 ad
2948 1849 3166 1912 omnia
3199 1849 3405 1932 praefi-

315 1963 532 2009 manna
573 1964 832 2029 quoque
872 1947 950 2008 ad
995 1965 1176 2008 esum
1218 1947 1457 2029 populo
1499 1948 1802 2009 concede-

315 2044 487 2107 batur
532 2064 572 2107 a
621 2046 787 2124 De03
835 2045 990 2108 item
1045 2064 1206 2127 aqua
1259 2045 1552 2126 sanguini
1603 2045 1802 2107 mixta

317 2142 493 2206 fluxit
532 2144 612 2206 de
653 2143 852 2206 latere
893 2143 1150 2225 Christi,
1181 2142 1556 2226 significans
1601 2162 1801 2225 popu·

321 2241 440 2304 lum
469 2242 765 2324 sanguini
797 2242 1029 2306 Christi
1061 2243 1662 2306 communicantem.
1698 2241 1802 2305 Sic

317 2349 516 2404 autem
569 2359 700 2405 non
747 2349 846 2403 est
891 2342 958 2404 in
1007 2341 1343 2406 sacrificiis
1397 2341 1540 2404 aliis
1593 2360 1606 2404 :
1661 2341 1805 2404 ideo

321 2439 598 2521 quamvis
646 2441 778 2502 sint
817 2439 1044 2521 figurae
1085 2439 1397 2523 passionis
1437 2440 1584 2502 Jesu
1627 2438 1805 2502 Chri-

322 2539 412 2613 sti,
453 2556 580 2602 non
627 2545 838 2602 tamen
887 2538 1072 2601 istius
1115 2538 1514 2601 sacramenti.
1560 2538 1659 2601 Fit
1700 2557 1806 2600 au-

321 2645 440 2700 tem
479 2639 543 2701 in
585 2655 828 2701 canone
857 2637 1063 2700 Missae
1102 2637 1342 2700 mentio
1374 2637 1452 2699 de
1486 2636 1805 2699 oblatione

321 2735 464 2798 Abel
491 2743 557 2798 et
577 2734 846 2798 Abrahae
875 2734 1076 2816 magis
1105 2741 1364 2817 propter
1391 2733 1804 2797 offerentium

322 2835 733 2908 devotionem,
775 2851 970 2915 quam
1020 2840 1280 2916 propter
1328 2832 1418 2896 rei
1461 2832 1687 2896 oblatae
1729 2831 1808 2895 fi-

321 2949 550 3011 guram.

1910 1945 2163 2025 guravit
2203 1944 2325 2008 hoc
2368 1953 2855 2009 sacramentum.
2888 1947 3047 2010 Nam
3091 1955 3403 2029 quantum

1909 2043 1986 2105 ad
2041 2044 2323 2125 primum
2374 2043 2825 2126 praefiguravit‚
2867 2046 3019 2128 quia
3066 2047 3404 2109 manduca-

1911 2141 2098 2204 batur
2146 2161 2294 2205 cum
2342 2143 2579 2225 azymis
2628 2144 2920 2226 panibus,
2958 2151 3030 2206 ut
3076 2145 3141 2207 in
3192 2144 3405 2209 Exodo
3430 2161 3703 2216 amamus.

1914 2238 2161 2321 legitur.
2198 2241 2514 2314 Quantum
2543 2260 2695 2304 vero
2724 2242 2801 2304 ad
2842 2243 3218 2317 secundum,
3252 2262 3405 2325 quo-

1915 2339 2088 2401 niam
2138 2338 2589 2401 immolabatur
2633 2339 2714 2402 ab
2762 2340 2939 2403 omni
2996 2342 3409 2407 multitudine

1914 2436 2200 2499 filiorum
2254 2437 2443 2500 Israel
2496 2438 2971 2519 quartadecima
3023 2439 3193 2514 luna,
3240 2441 3411 2522 quod

1915 2535 2040 2598 fuit
2085 2535 2294 2616 figura
2343 2535 2655 2616 passionis
2704 2535 2955 2611 Christi,
2997 2538 3110 2619 qui
3152 2547 3415 2622 propter

1918 2633 2347 2697 innocentiam
2377 2633 2611 2696 dieitur
2639 2635 3187 2715 agnus.Quantum
3219 2637 3413 2700 etiam

1917 2734 1997 2795 ad
2026 2731 2356 2806 effectum,
2388 2731 2540 2814 quia
2571 2751 2685 2814 per
2715 2734 3091 2815 sanguinem
3125 2736 3273 2818 agni
3309 2756 3417 2819 pa·

1920 2831 2153 2894 schalis
2194 2831 2459 2914 protecti
2500 2839 2650 2893 sunt
2678 2830 2801 2894 filii
2840 2832 3031 2896 Israel
3069 2833 3152 2896 ab
3190 2836 3417 2916 angelo

1920 2929 2307 3004 devastante,
2330 2937 2518 3011 atque
2548 2929 2760 2993 educti
2792 2931 2869 2993 de
2898 2933 3263 3016 ‹Egyptiaca
3292 2952 3418 2997 ser—

393 3023 702 3104 Quaeritur
757 3030 936 3104 item,
987 3037 1204 3092 utrum
1263 3029 1629 3111 expressius
1687 3029 1811 3091 fuit
1845 3030 1890 3094 C
1919 3029 2143 3091 vitute.
2179 3028 2339 3091 Hinc
2377 3046 2578 3109 agnus
2617 3028 2933 3111 paschalis
2963 3039 3226 3094 vocatur
3262 3051 3418 3115 prae·

327 3128 656 3211 figuratum
705 3129 828 3192 hoc
877 3135 1346 3191 sacramentum
1403 3128 1468 3190 in
1520 3128 1658 3209 lege
1706 3146 1812 3190 na·

328 3233 470 3291 turae
513 3246 708 3309 quam
751 3226 1014 3309 Moysis..
1041 3226 1598 3309 Respondendum,
1639 3226 1811 3308 quod

330 3331 620 3405 quantum
671 3324 752 3386 ad
801 3324 865 3386 id
909 3323 1078 3406 quod
1121 3330 1218 3385 est
1257 3324 1512 3405 signum
1563 3329 1810 3385 tantum

334 3421 390 3483 in
425 3422 538 3485 hoc
576 3428 996 3496 sacramento,
1029 3421 1388 3503 expressior
1423 3421 1564 3504 ejus
1606 3419 1814 3502 figura

334 3518 442 3581 fuit
467 3521 702 3583 oblatio
728 3520 1192 3583 Melchisedech
1233 3538 1426 3602 quam
1461 3520 1686 3600 figurae
1727 3519 1813 3581 le-

335 3617 420 3699 gis
461 3619 784 3698 Mosaicae3
833 3618 942 3681 sed
993 3619 1202 3700 quoad
1249 3618 1316 3680 id
1358 3619 1528 3700 quod
1576 3623 1674 3681 est
1713 3636 1812 3681 res

334 3724 392 3778 et
416 3724 900 3791 sacramentum,
923 3716 1278 3779 evidentior
1306 3715 1335 3778 f
1336 3716 1430 3779 uit
1457 3715 1664 3797 figura
1692 3716 1814 3778 Mo-

336 3815 502 3881 saicae
529 3816 853 3898 legis,qua
880 3814 1166 3878 Christus
1197 3834 1420 3898 passus
1451 3814 1812 3897 expressius

337 3913 821 3995 significabatur.
855 3913 1192 3994 Quumque
1231 3912 1390 3975 ritus
1433 3911 1813 3975 sacramenti

337 4012 396 4074 in
435 4011 856 4075 exterioribus
902 4010 1103 4092 signis
1151 4011 1476 4085 consistat,
1527 4010 1813 4073 sacerdo-

339 4111 481 4174 tium
505 4110 738 4175 Christi
769 4118 1082 4192 quantum
1110 4109 1186 4171 ad
1217 4110 1414 4172 ritum
1446 4110 1642 4190 magis
1671 4126 1815 4171 con-

1921 3128 2111 3209 cipua
2154 3127 2347 3208 hujus
2390 3128 2773 3190 sacramenti
2816 3127 3041 3210 figura.
3076 3131 3221 3194 Haec
3262 3131 3419 3196 Tho-

1921 3245 2056 3289 mas
2098 3225 2166 3288 in
2206 3226 2485 3289 Summa.
2519 3227 2698 3289 —In
2738 3227 2973 3309 quibus
3011 3228 3421 3292 continentur

1921 3324 2156 3406 scripta
2196 3323 2383 3398 Petri,
2416 3324 2735 3399 Richardi,
2768 3324 3046 3389 Durandi
3086 3334 3152 3389 et
3182 3328 3418 3409 Argen-

1920 3422 2191 3485 tinensis
2232 3422 2311 3484 de
2354 3422 2474 3484 ista
2516 3422 2799 3485 materia.

2000 3522 2441 3584 Bonaventura
2480 3538 2735 3603 quoque
2778 3539 2793 3582 :
2836 3522 3149 3603 Magister,
3182 3523 3415 3606 inquit,

1921 3619 2325 3683 sufficienter
2388 3619 2670 3699 assignat
2730 3618 2971 3700 figuras
3038 3623 3419 3685 sacramenti

1921 3717 2116 3798 hujus
2156 3718 2509 3780 secundum
2550 3736 2731 3779 suam
2770 3718 3211 3794 intentionem,
3245 3719 3417 3783 vide-

1923 3815 2072 3879 licet
2117 3815 2181 3878 in
2226 3822 2520 3897 respectu
2568 3815 2646 3876 ad
2690 3814 2860 3896 leges
2902 3815 3178 3897 desuper
3218 3817 3414 3880 datas.

1920 3914 2209 3996 Namque
2238 3913 2316 3975 ad
2346 3913 2551 3994 legem
2582 3919 2824 3976 naturae
2854 3913 3036 3996 ponit
3065 3931 3182 3996 pro
3210 3914 3421 3996 figura

1923 4012 2317 4076 sacrificium
2368 4011 2867 4092 Melchisedech3
2919 4020 3212 4095 respectu
3263 4014 3419 4096 legis

1924 4111 2176 4195 MoysiS‚
2220 4129 2452 4173 manna
2499 4117 2564 4172 et
2601 4128 2833 4192 agnum
2885 4111 3287 4194 paschalem3
3330 4133 3423 4178 re-

338 4210 498 4273 venit
533 4229 682 4273 cum
720 4208 1076 4271 sacerdotio
1118 4207 1577 4271 Melchisedech
1622 4225 1814 4291 quam
1843 4209 1895 4274 D
1923 4217 2147 4293 spectu
2199 4209 2355 4291 legis
2401 4209 2639 4290 gratiae,
2682 4208 3059 4291 sanguinem
3108 4211 3421 4292 passionis

341 4326 471 4373 cum
516 4309 871 4373 sacerdotio
919 4308 1236 4388 Levitico;
1279 4315 1343 4371 et
1383 4308 1573 4371 etiam
1622 4326 1818 4390 quan-

341 4415 462 4471 tum
521 4411 598 4473 ad
661 4409 818 4472 alias
879 4407 1274 4471 conditiones
1329 4406 1813 4483 Melchisedech,

161 4527 322 4580 ream,
343 4528 482 4591 quas
509 4509 848 4593 Apostolus
878 4507 1132 4591 plenius
1162 4508 1570 4591 prosequitur
1596 4508 1673 4570 ad
1705 4508 1820 4571 He-

347 4608 546 4673 braeOS.
577 4643 658 4656 -—
694 4609 840 4673 Haec
882 4607 1152 4671 Thomas
1196 4608 1262 4670 in
1307 4607 1574 4689 Scripto.

415 4710 672 4792 Insuper
714 4709 782 4771 in
823 4706 1010 4771 tertia
1052 4714 1250 4790 parte,
1293 4706 1642 4789 quaestione
1685 4724 1822 4787 sep-

186 4830 286 4871 um.
350 4810 680 4890 tuagesima
719 4808 903 4872 tertia
939 4824 954 4869 τ
985 4808 1057 4869 In
1099 4806 1220 4869 hoc
1251 4805 1396 4887 (ait)
1427 4812 1822 4868 sacramento

349 4908 458 4971 tria
479 4908 974 4973 considerantur.
993 4905 1277 4969 Primum
1307 4912 1404 4968 est
1435 4904 1498 4967 id
1529 4904 1696 4986 quod
1727 4909 1824 4966 est

352 5015 798 5071 sacramentum
845 5011 1117 5079 tantum,
1167 5005 1339 5086 quod
1386 5011 1484 5066 est
1530 5002 1712 5085 panis
1760 5008 1824 5065 et

353 5105 575 5183 vinum,
607 5126 720 5171 seu
760 5106 974 5189 potius
1009 5104 1256 5186 species
1295 5103 1685 5166 eorumdem.
1722 5102 1825 5165 Se-

353 5206 612 5269 cundum
651 5212 752 5268 est
787 5204 854 5266 id
893 5202 1063 5285 quod
1103 5209 1197 5264 est
1237 5220 1338 5265 res
1378 5207 1443 5263 et
1475 5218 1826 5263 sacramen-

355 5310 497 5382 tum,
541 5305 841 5371 videlicet
885 5320 1112 5367 verum
1169 5320 1400 5385 corpus
1459 5307 1523 5363 et
1570 5300 1826 5381 sanguis

579 5441 645 5493 Τ.
679 5440 762 5490 24.

1925 4309 2179 4373 Domini
2227 4310 2373 4372 Jesu
2424 4307 2675 4372 Christi.
2731 4308 2961 4390 Sicque
3019 4317 3191 4391 patet
3238 4310 3422 4375 suffi-

1927 4408 2160 4472 cientia
2187 4407 2542 4489 figurarum
2573 4406 2837 4470 istarum
2869 4426 2985 4489 per
3013 4411 3427 4492 comparatio-

1927 4527 2076 4572 nem
2105 4508 2185 4569 ad
2218 4507 2386 4588 leges
2416 4506 2722 4569 divinitus
2754 4506 3089 4582 derivatas,
3122 4528 3264 4590 quaa
3294 4528 3423 4573 non

1928 4614 2074 4669 sunt
2125 4606 2249 4668 nisi
2306 4612 2455 4667 tres.
2509 4605 2669 4667 Sunt
2716 4622 2971 4688 quoque
3023 4606 3425 4671 sufficienter

1926 4705 2172 4785 figurae,
2204 4703 2259 4766 si
2298 4702 2697 4766 attendamus
2736 4704 2815 4765 ad
2850 4722 2925 4766 ea
2956 4724 3097 4787 quae
3126 4706 3422 4787 praefigu-

1927 4811 2165 4866 rantur.
2201 4802 2271 4865 In
2302 4802 2423 4865 hoc
2453 4802 2692 4865 etenim
2723 4811 3117 4866 sacramento
3146 4812 3245 4867 est
3272 4806 3422 4869 visi·

1929 4902 2078 4965 bilis
2108 4901 2313 4966 forma
2342 4901 2525 4983 panis
2553 4907 2616 4962 et
2644 4901 2795 4975 vini,
2808 4920 2949 4983 quae
2978 4902 3427 4983 praefiguratur

1931 5002 1996 5064 in
2046 4999 2365 5063 sacrificio
2412 4986 2906 5079 Melchisedech3
2956 5018 3056 5063 res
3105 5010 3421 5080 contenta,

1931 5100 2232 5164 videlicet
2260 5115 2406 5161 caro
2436 5096 2691 5171 Christi,
2715 5116 2858 5180 quae
2890 5098 3294 5181 praefigurata
3330 5110 3428 5166 est

1933 5200 2000 5263 in
2049 5216 2213 5280 agno
2253 5196 2573 5281 paschali3
2613 5214 2715 5259 res
2756 5196 3113 5277 significata
3151 5207 3423 5277 tantum,

1939 5317 2080 5381 quae
2123 5296 2525 5380 significatur
2566 5314 2681 5379 per
2724 5313 2957 5359 manna
2971 5312 2990 5377 3
3029 5296 3230 5363 virtus
3273 5300 3429 5365 dans

3120 5436 3180 5486 14
