4267 6250
1087 516 1366 564 BPITOIAE
1406 516 1873 564 msrmc'rloumt
1911 517 2071 564 unm
2111 518 2175 564 lv
2214 517 2681 567 summum!
3368 503 3448 570 19

343 682 680 758 conjugium
727 691 984 740 u'xorum
1039 701 1280 741 suarum
1327 682 1697 748 occisoribus,
1739 681 1838 756 qui
1865 683 1916 748 A
1949 683 2413 744 contrahendum
2452 685 2807 760 illegitimas.
2838 657 2953 746 blec
2982 690 3069 745 est
3097 690 3299 746 contra
3335 688 3447 747 hoc

341 777 398 830 et
422 773 828 846 poenitentiam
858 790 1032 846 agere
1059 773 1510 846 compelluntur,
1541 775 1644 830 aut
1671 773 1839 845 spiri-

341 862 476 919 tuali
507 863 707 936 gladio
736 861 986 920 feriendi
1013 867 1150 920 sunt
1175 863 1456 928 nolentes,
1488 879 1606 918 non
1635 865 1836 920 curato

341 954 408 1008 de
438 951 666 1024 legibus
702 951 1084 1009 soecularibus
1121 951 1182 1006 in
1220 951 1332 1008 hac
1369 955 1548 1024 parte.

339 1057 610 1109 Occidens
638 1055 930 1123 proprium
967 1057 1166 1110 mulier
1183 1057 1429 1110 violenta
1457 1057 1740 1120 maritum,

395 1129 560 1182 Nullo
589 1128 796 1182 deinde
825 1129 922 1182 alii
953 1130 1162 1181 nubere
1187 1130 1316 1194 jure
1345 1133 1548 1196 potest.

695 1291 1122 1355 Dls'rlNC'rlo
1163 1292 1477 1354 XXXVIII.

509 1417 698 1480 Nunc
740 1417 821 1480 de
865 1425 1012 1480 voto
1054 1417 1494 1499 inspiciamuS‚
1535 1424 1656 1479 etc.

464 1577 654 1634 OTUM
673 1578 858 1650 (quod
886 1579 1236 1651 quandoque
1263 1577 1699 1635 Matrimonium
1731 1575 1839 1634 im-

490 1667 672 1739 pedit,
704 1669 1058 1741 quandoque
1084 1667 1264 1724 etiam
1293 1665 1542 1739 dirimit)
1570 1669 1658 1724 est
1685 1683 1837 1740 quae-

337 1757 473 1812 dam
511 1758 856 1828 spontaneae
894 1755 1298 1828 promissionis
1328 1755 1674 1822 testificatiO,
1704 1772 1836 1828 quae

1947 774 2386 849 Apostolus,qui
2416 777 2638 834 scilicet
2664 781 2734 835 de
2763 778 2853 835 his
2881 779 3141 851 loquitur
3168 779 3268 852 qui
3298 781 3445 837 dum

1947 867 2375 932 contraxerant,
2415 867 2591 924 ambo
2636 867 2874 926 fuerunt
2912 869 3194 926 infideles.
3234 870 3449 935 Quam·

1945 951 2030 1009 vis
2076 957 2275 1010 autem
2333 955 2625 1014 dimittere
2672 957 2855 1030 possit
2908 957 3095 1015 fidelis
3144 957 3443 1015 infidelem

1946 1041 2123 1098 etiam
2155 1043 2485 1102 cohabitare
2512 1045 2821 1110 volentem,
2840 1049 3049 1105 suadet
3072 1050 3271 1104 tamen
3300 1049 3447 1119 Apo-

1944 1133 2126 1190 stolus
2163 1132 2303 1206 ipse‚
2332 1138 2491 1208 quod
2528 1136 2577 1191 si
2616 1138 2689 1194 de
2725 1135 3061 1194 infidelibus
3097 1136 3445 1211 conjugibus

1945 1239 2098 1279 unus
2123 1226 2201 1281 ad
2230 1223 2406 1283 fidem
2438 1229 2822 1292 convertatur,
2847 1230 2904 1284 et
2921 1226 3068 1284 alter
3085 1243 3220 1284 cum
3251 1243 3319 1284 eo
3347 1227 3447 1283 ha-

1944 1311 2128 1368 bitare
2161 1313 2307 1370 citra
2335 1313 2614 1388 injuriam
2644 1316 2933 1372 consentit
2960 1314 3261 1382 Creatoris,
3285 1316 3443 1388 quod

1946 1399 2141 1473 ipsum
2172 1419 2290 1460 non
2320 1404 2578 1460 dimittat
2604 1421 2617 1461 :
2649 1405 2789 1478 quia
2814 1405 2959 1462 forte
2989 1423 3092 1478 per
3116 1423 3253 1464 eum
3284 1403 3445 1462 simi·

1945 1490 2078 1547 liter
2115 1496 2501 1550 convertetur.
2532 1495 2727 1550 Potest
2752 1498 2946 1552 autem
2977 1499 3036 1552 et
3064 1495 3277 1568 conJux
3306 1511 3443 1552 con-

1937 1579 2145 1653 jugem
2176 1585 2410 1655 propter
2436 1582 2580 1640 alias
2608 1583 3127 1656 concupiscentias,
3160 1601 3291 1658 quoe
3317 1583 3443 1642 ani-

1947 1685 2110 1726 mam
2133 1688 2169 1727 a
2189 1672 2304 1728 Deo
2324 1673 2595 1730 aberrare
2616 1673 2855 1738 faciunt,
2869 1673 3179 1732 dimittere.
3198 1677 3363 1742 Quod
3391 1675 3443 1731 si

1947 1758 2199 1816 infidelis
2226 1777 2334 1818 sua
2354 1766 2556 1834 sponte
2583 1763 2859 1828 discedat,
2874 1762 3053 1820 aliam
3078 1766 3287 1822 ducere
3308 1765 3443 1824 fide-

333 1848 404 1902 de
433 1845 526 1901 his
555 1861 690 1918 quae
719 1846 820 1902 Dei
859 1849 1012 1911 sunt,
1045 1845 1272 1917 proprie
1307 1845 1432 1902 fieri
1473 1846 1662 1903 debet.
1691 1845 1838 1901 Hinc
1871 1849 1918 1911 Β
1947 1849 2018 1904 lis
2048 1853 2264 1921 potest;
2295 1868 2402 1908 nec
2428 1852 2593 1924 sequi
2621 1869 2753 1910 eam
2785 1855 3033 1920 tenetur,
3053 1871 3235 1926 quum
3265 1856 3441 1912 ambo

331 1938 460 1992 vota
489 1935 654 1992 fatua
693 1935 983 1992 irritanda
1012 1937 1151 1992 sunt
1186 1951 1294 1992 nec
1329 1938 1461 1991 vota
1492 1937 1834 2008 reputanda.

329 2026 396 2080 Et
431 2029 520 2082 est
560 2028 764 2082 votum
806 2025 1132 2098 multiplex,
1163 2024 1386 2083 scilicet
1427 2040 1742 2082 commune
1781 2026 1839 2081 et

329 2114 644 2188 singulare,
678 2115 934 2188 simplex
976 2118 1032 2172 et
1063 2115 1319 2172 solenne.
1359 2116 1518 2172 Inter
1556 2131 1703 2188 quae,
1739 2132 1836 2171 vo-

331 2207 454 2260 tum
485 2204 742 2277 simplex
772 2221 874 2261 seu
905 2204 1198 2277 privatum
1227 2204 1618 2269 continentiae,
1649 2203 1838 2262 Matri-

333 2293 601 2351 monium
642 2293 896 2366 impedit
932 2295 1422 2352 contrahendum.
1453 2295 1700 2351 Solenne
1731 2311 1836 2351 au-

331 2386 444 2438 tem
485 2382 869 2440 eontinentiae
895 2387 1115 2450 votum,
1147 2386 1303 2456 quod
1339 2383 1562 2441 scilicet
1588 2383 1648 2440 in
1688 2383 1834 2441 facie

331 2472 394 2528 nt
435 2472 728 2536 Ecclesiae,
779 2489 884 2546 per
927 2473 1076 2530 sacri
1125 2473 1358 2531 Ordinis
1402 2473 1830 2546 susceptionem

331 2562 415 2620 vel
445 2563 872 2636 professionem
900 2562 1199 2636 religionis
1227 2563 1668 2630 solennizatum,
1699 2564 1836 2621 diri-

335 2652 442 2708 mit
483 2652 667 2709 etiam
713 2639 1100 2710 contractum.
1141 2653 1290 2709 Nam
1333 2656 1490 2727 quod
1532 2657 1666 2712 ante
1707 2653 1832 2710 lici-

333 2744 459 2799 tum
493 2740 624 2807 fuit,
657 2745 790 2815 post
815 2745 1015 2800 votum
1056 2741 1119 2798 fit
1149 2741 1440 2802 illicitum.
1473 2745 1640 2810 Quod
1671 2744 1720 2800 si
1751 2747 1834 2801 ta-

333 2831 414 2888 les
450 2831 828 2896 contrahunt,
863 2833 938 2888 ah
973 2831 1246 2889 Ecclesiae
1285 2831 1556 2905 ingressu
1593 2833 1832 2891 arcendi

332 2925 470 2977 sunt
486 2937 798 2996 quousque
826 2919 1133 2978 humiliter
1157 2919 1554 2978 satisfaciant:
1577 2940 1692 2996 quo
1713 2939 1836 2980 mo-

331 3010 406 3065 do
439 3010 622 3067 etiam
662 3008 1079 3083 intelligendus
1117 3013 1205 3066 est
1239 3009 1399 3084 loqui
1441 3011 1831 3070 Innocentius.
1865 3021 1908 3085 C

333 3099 610 3165 Quamvis
648 3101 848 3157 autem
883 3097 1238 3157 adulterium
1281 3115 1454 3174 grave
1481 3100 1572 3167 sit,
1607 3101 1837 3174 gravior

333 3191 527 3245 tamen
565 3192 656 3246 est
689 3189 964 3253 incestus,
993 3191 1053 3246 et
1090 3192 1390 3261 peccatum
1430 3192 1634 3247 contra
1667 3194 1834 3249 natu-

331 3294 454 3334 ram
488 3278 924 3351 gravissimum.
954 3278 1158 3335 Mulier
1183 3279 1362 3337 etiam
1391 3296 1524 3353 quae
1551 3280 1831 3338 maritum

333 3366 390 3423 in
427 3367 674 3424 remotis
715 3370 988 3441 agentem
1033 3372 1332 3427 mortuum
1381 3372 1608 3441 putans,
1648 3369 1830 3428 alium

336 3458 510 3522 ducit,
559 3474 628 3514 eo
675 3459 974 3522 redeunte,
1024 3460 1100 3514 ad
1151 3458 1348 3531 ipsum
1403 3460 1596 3517 redire
1641 3460 1830 3527 debet,

333 3546 448 3603 alio
504 3546 790 3613 dimisso;
843 3546 1050 3604 nolens
1099 3551 1316 3613 autem,
1365 3551 1456 3605 est
1497 3566 1835 3606 excommu-

335 3636 604 3693 nicanda.
645 3636 757 3703 Qui
804 3653 937 3693 vero
983 3654 1164 3694 uxore
1212 3636 1458 3695 dimissa
1503 3639 1736 3705 secedit,
1773 3643 1834 3695 et

331 3725 507 3782 aliam
557 3726 738 3789 ducit,
787 3728 848 3783 et
893 3728 1025 3797 post
1069 3726 1280 3784 ductus
1325 3727 1666 3799 poenitentia
1709 3726 1834 3785 vult

333 3817 651 3872 secundam
694 3814 1008 3879 dimittere,
1037 3832 1306 3873 asserens
1342 3833 1405 3874 se
1441 3816 1617 3874 aliam
1657 3817 1831 3875 habe·

335 3922 412 3968 re,
457 3922 570 3962 nec
621 3908 824 3961 tamen
877 3905 1255 3977 permittitur,
1305 3905 1560 3975 Ecclesia
1613 3906 1832 3964 scilicet

335 4009 448 4050 non
490 3996 780 4058 credente,
813 4010 918 4066 per
954 3993 1350 4051 obedientiam
1388 3994 1626 4067 quidem
1667 3998 1726 4053 et
1758 3996 1830 4051 ti-

337 4100 560 4141 morem
587 4084 720 4157 jam
759 4082 967 4155 incipit
991 4083 1277 4150 excusari,
1310 4088 1366 4141 et
1395 4084 1657 4142 debitum
1687 4085 1830 4157 peti-

1947 1937 2211 1996 infideles
2265 1940 2605 1999 exsistentes
2656 1943 2847 2014 juncti
2903 1941 3137 2000 fuerint.
3196 1944 3253 2000 Si
3304 1961 3440 2000 vero

1945 2029 2122 2085 ambo
2142 2029 2335 2102 Juncti
2365 2030 2601 2088 fuerunt
2628 2031 2845 2098 fideles,
2872 2034 2976 2089 sed
3002 2049 3157 2091 unus
3187 2032 3441 2090 infidelis

1945 2117 2064 2181 flat,
2085 2119 2233 2175 alter
2260 2135 2389 2176 eam
2423 2120 2715 2178 dimittere
2736 2125 2955 2193 potest;
2986 2124 3090 2179 sed
3118 2122 3314 2189 aliam,
3338 2123 3441 2180 illa

1943 2207 2187 2273 vivente,
2232 2210 2442 2266 ducere
2486 2225 2601 2266 non
2644 2213 2848 2283 potest.
2892 2213 3104 2269 Ratum
3146 2215 3235 2270 est
3278 2213 3438 2270 enim

1944 2297 2285 2371 conjugium
2336 2298 2615 2362 fidelium.
2666 2315 2783 2356 non
2830 2304 3026 2358 autem
3070 2300 3439 2359 infidelium:

1944 2387 2082 2460 quia
2109 2387 2252 2443 solvi
2276 2391 2479 2460 potest,
2502 2405 2609 2446 nec
2626 2389 2803 2446 habet
2820 2388 2967 2448 illud
2986 2390 3197 2463 triplex
3218 2392 3439 2450 bonum

1944 2480 2100 2549 quod
2147 2477 2498 2534 Matrimonii
2551 2481 2747 2536 actum
2800 2497 2836 2536 a
2891 2482 3128 2552 peccato
3181 2484 3437 2549 excusat,

1944 2583 2051 2624 nec
2089 2569 2348 2624 meretur
2378 2567 2709 2640 praemium,
2741 2569 2881 2642 quia
2917 2585 2990 2626 ex
3026 2569 3141 2628 tide
3177 2586 3295 2627 non
3334 2573 3439 2629 est.

1944 2673 2112 2726 Nulla
2138 2677 2332 2725 tenent
2359 2673 2485 2726 illos
2518 2673 2703 2726 valido
2732 2675 3013 2727 connubia
3040 2690 3206 2738 nexu,

2006 2746 2163 2804 Quos
2193 2745 2397 2797 retinet
2423 2745 2615 2811 dispar
2642 2745 2929 2810 religionis
2958 2761 3134 2800 amor.

2397 2906 2823 2970 DISTINGTIO
2863 2907 2983 2970 XL.

2071 3030 2254 3094 Nunc
2296 3038 2587 3113 superest
2627 3031 2705 3094 de
2750 3033 3145 3114 cognatione,
3188 3040 3309 3099 etc.

2075 3194 2221 3251 UUM
2259 3196 2317 3250 et
2343 3194 2611 3267 cognatio
2640 3197 2698 3250 et
2722 3194 2974 3251 affinitas
3002 3195 3441 3253 Matrimonium

2101 3282 2401 3355 impediat,
2443 3283 2505 3338 in
2544 3283 2653 3339 hac
2695 3283 3069 3343 distinctione
3108 3287 3179 3342 de
3218 3284 3439 3342 carnali

1940 3373 2261 3431 videndum
2304 3375 2409 3437 est,
2442 3372 2653 3430 dehinc
2694 3371 2871 3431 etiam
2918 3375 2989 3431 de
3030 3374 3339 3446 spirituali.
3370 3375 3442 3431 Ut

1941 3466 2139 3519 autem
2178 3462 2319 3518 olim
2356 3463 2723 3520 observatum
2755 3465 2857 3529 est,
2888 3465 2965 3521 ad
3000 3463 3317 3535 septimum
3349 3481 3443 3521 us-

1942 3568 2053 3623 que
2083 3553 2332 3624 gradum
2364 3551 2563 3607 hahuit
2587 3551 2689 3608 illa
2715 3552 2983 3625 cognatio
3004 3551 3440 3610 Matrimonium

1941 3640 2259 3713 impedire:
2279 3641 2435 3713 quod
2463 3656 2534 3697 ex
2565 3643 2869 3698 doctorum
2898 3644 3161 3699 veterum
3190 3642 3442 3701 auctori-

1943 3729 2159 3787 tatibus
2198 3729 2397 3802 liquet,
2430 3729 2696 3801 quamvis
2736 3728 2907 3787 aliter
2949 3730 3204 3788 Isidorus
3242 3734 3300 3788 et
3339 3731 3437 3788 alii

1941 3818 2182 3891 quidam
2222 3818 2595 3876 inveniantur
2631 3820 2849 3891 gradus
2886 3818 3015 3875 illos
3054 3822 3246 3891 quoad
3280 3822 3441 3877 trun-

1939 3925 2094 3974 cum,
2127 3911 2486 3981 computare.
2517 3909 2685 3974 Quod
2712 3910 2909 3965 autem
2940 3907 3249 3980 Gregorius
3278 3909 3439 3982 genti

1937 3997 2260 4071 Anglorum
2308 3998 2369 4053 in
2416 4000 2623 4070 quarto
2679 4000 2736 4054 et
2782 3997 2842 4053 in
2898 3996 3103 4070 quinto
3160 3997 3437 4070 gradibus

1939 4088 2278 4145 contrahere
2316 4087 2616 4153 concessit,
2648 4088 2725 4144 ad
2761 4089 2995 4161 tempus
3034 4087 3145 4144 hoc
3184 4087 3309 4145 fieri
3340 4104 3438 4145 vo-

333 4175 423 4229 tus
447 4174 696 4229 reddere
725 4174 913 4245 potest
939 4172 1174 4230 mulieri
1205 4171 1454 4246 illi,quae
1480 4173 1700 4231 scilicet
1728 4191 1831 4246 per
1858 4179 1909 4242 D
1939 4177 2063 4242 luit,
2095 4194 2279 4250 quum
2324 4176 2527 4233 novitii
2568 4178 2763 4234 essent
2802 4175 2863 4233 in
2906 4175 3039 4233 fide.
3075 4176 3253 4235 Extra
3291 4177 3440 4248 littef

336 4262 726 4336 ignorantiam
766 4266 1094 4329 excusatur,
1125 4265 1229 4320 sed
1269 4266 1462 4335 petere
1489 4279 1609 4320 non
1639 4264 1825 4321 dehet.

335 4353 460 4409 Haec
499 4352 792 4426 Magister.
832 4353 945 4409 Sed
988 4354 1148 4425 quod
1185 4353 1318 4410 talis
1363 4355 1608 4411 reddere
1649 4354 1832 4428 possit

337 4442 594 4500 debitum
633 4442 813 4499 etiam
855 4441 1086 4514 petitus,
1120 4458 1236 4499 non
1275 4445 1524 4501 tenetur.

336 4550 474 4608 Quid
495 4553 712 4611 votum,
737 4549 1111 4616 quotuplexve
1141 4550 1253 4613 fiet,
1281 4552 1572 4617 quandove
1601 4552 1832 4604 resistat

393 4622 711 4681 Quominus
740 4635 974 4674 uxorem
1005 4623 1210 4675 ducere
1239 4624 1344 4675 rite
1379 4638 1575 4691 queas.

713 4786 1141 4851 DISTINCTIO
1183 4787 1443 4850 XXXIX.

509 4914 656 4979 Post
696 4914 834 4978 haec
876 4913 955 4976 de
997 4912 1235 4996 dispari
1279 4913 1478 4989 cultu,
1521 4920 1640 4977 etc.

505 5076 850 5133 PERSONIS
910 5076 1274 5135 diversarum
1330 5077 1705 5151 religionum,
1762 5080 1828 5136 ut

481 5166 810 5222 Christiana
855 5169 914 5223 et
955 5166 1194 5223 homine
1241 5166 1498 5224 Iudaicae
1549 5166 1826 5239 supersti-

335 5252 520 5321 tionis,
549 5258 680 5321 etc.‚
709 5252 1150 5312 Matrimonium
1188 5254 1368 5312 simul
1405 5255 1668 5312 contrahi
1707 5271 1825 5311 non

336 5345 529 5416 potest,
557 5360 748 5419 quum
788 5343 992 5419 dispar
1015 5344 1207 5403 cultus
1235 5343 1412 5402 faciat
1436 5361 1714 5418 personas
1749 5346 1827 5403 ad

1938 4282 2064 4323 ram
2103 4270 2303 4324 tamen
2342 4268 2689 4332 notandum,
2723 4267 2881 4339 quod
2919 4264 3292 4324 modificante
3327 4267 3438 4325 hoc

1936 4356 2207 4422 Ecclesia,
2239 4356 2411 4414 hodie
2452 4355 2859 4413 universaliter
2899 4355 2960 4411 in
3004 4355 3207 4428 quinto
3251 4358 3437 4430 gradu

1937 4448 1994 4503 et
2033 4463 2229 4519 supra,
2261 4445 2414 4503 inter
2446 4462 2722 4519 personas
2764 4445 2911 4501 alias
2950 4444 3261 4517 legitimas,
3302 4462 3439 4504 con-

1934 4536 2087 4593 trahi
2125 4538 2329 4610 potest,
2361 4540 2419 4593 et
2455 4539 2699 4594 truncus
2738 4533 3019 4607 incipitur
3054 4550 3089 4591 a
3129 4538 3309 4608 patre.

1935 4644 2171 4695 Foedera.
2193 4642 2445 4710 conjugii
2473 4642 2775 4709 prohibens
2806 4642 3067 4707 cognatio
3096 4643 3304 4705 carnis,

1997 4718 2178 4769 Recta
2203 4716 2327 4781 lege
2355 4720 2589 4783 quotum
2620 4716 2785 4768 duret
2810 4716 3067 4781 adusque
3098 4717 3356 4781 gradum.

2372 4879 2800 4944 DISTINGTIO
2842 4881 2990 4946 XLI.

2256 5004 2437 5069 Nunc
2480 5006 2559 5069 de
2605 5004 2945 5084 affinitate,
2988 5015 3109 5071 etc.

2063 5164 2377 5221 FFINITAS
2404 5164 2561 5238 (quae
2596 5166 2655 5223 et
2688 5165 2815 5239 ipsa
2844 5164 3286 5224 Matrimonium
3324 5162 3437 5225 im·

2087 5254 2271 5327 pedit)
2298 5258 2386 5311 est
2411 5256 2712 5328 parentela
2739 5272 2871 5330 quae
2911 5259 2988 5315 ad
3023 5257 3218 5315 virum
3258 5258 3435 5330 perti·

1936 5347 2036 5403 net
2071 5361 2143 5403 ex
2185 5347 2345 5419 parte
2384 5344 2603 5413 uxoris,
2643 5348 2701 5402 et
2740 5350 2995 5416 econtra,
3036 5364 3103 5406 eo
3145 5349 3303 5423 quod
3347 5346 3437 5404 vir
