4267 6250
956 492 1186 550 oum.
1226 494 1271 542 u
1312 494 1327 541 :
1372 494 1577 543 mun
1616 495 1711 543 su·
1750 494 2164 545 mvanunms
2204 495 2412 545 romu
2450 498 2734 547 nmisin
3280 472 3402 541 105

316 672 767 727 sacramentum
803 672 903 728 est
940 665 1285 731 invisibilis
1318 667 1537 750 gratiae
1573 667 1793 733 visibi-
1820 667 1876 733 A
1902 668 2394 733 instrumentali.
2416 670 2630 733 Potius
2657 687 2810 751 ergo
2835 668 3180 732 dicendum
3206 674 3396 743 esset,
3465 748 3486 759 ρ

318 763 391 825 lis
423 762 623 826 forma
664 782 779 828 seu
824 766 1155 830 materiale
1196 766 1620 847 elementum;
1652 768 1797 831 cba-

318 870 507 925 racter
558 870 770 927 autem
832 871 931 926 est
976 864 1322 929 invisibilis
1379 866 1676 949 qualitas,
1725 874 1796 929 ut

316 962 557 1043 patebit.
606 962 938 1037 Prfflterea,
990 972 1459 1027 sacramentum
1504 973 1602 1028 est
1646 964 1795 1029 visi-

315 1059 451 1122 bilis
484 1060 711 1135 forma,
743 1060 1174 1143 significativa
1205 1070 1269 1125 et
1296 1062 1597 1126 effectiva
1634 1064 1794 1126 invi·

314 1157 505 1221 sibilis
528 1160 745 1241 gratim
765 1161 971 1243 :quod
1002 1160 1261 1244 proprie
1289 1162 1589 1225 convenit
1615 1181 1795 1245 aquae

314 1258 578 1321 abluenti
617 1277 733 1322 seu
770 1258 1089 1322 ablutioni
1122 1260 1189 1323 in
1220 1280 1403 1343 aqua.
1438 1261 1655 1343 ltaque
1684 1280 1795 1324 no—

316 1356 405 1417 bis
438 1356 709 1431 videtur,
743 1358 915 1439 quod
961 1376 1081 1421 nec
1121 1358 1255 1421 sola
1295 1379 1461 1442 aqua
1502 1360 1791 1435 abluens,

315 1454 435 1517 sive
460 1454 703 1517 ablutio
734 1474 941 1538 aqum,
972 1474 1095 1519 nec
1128 1456 1301 1519 solus
1330 1457 1656 1521 character
1682 1458 1793 1521 Ba-

314 1552 567 1633 ptismus
596 1552 889 1632 exsistat3
912 1554 1025 1617 sed
1056 1555 1185 1619 duo
1210 1554 1342 1629 illa,
1360 1555 1605 1619 scilicet
1630 1575 1795 1638 aqua

313 1650 559 1713 abluens
604 1652 749 1731 (seu
796 1651 1073 1734 ablutio)
1118 1661 1184 1715 et
1229 1653 1556 1717 character
1600 1654 1795 1718 simul

313 1757 570 1831 sumpta,
600 1749 913 1813 exsistant
947 1751 1309 1833 Baptismus
1348 1760 1412 1815 et
1451 1773 1652 1817 unum
1697 1774 1791 1818 sa-

1902 766 2190 831 Christus
2233 786 2344 830 seu
2389 768 2556 830 Deus
2593 774 2656 831 te
2700 767 2993 850 baptizet.
3025 802 3108 813 —-
3141 766 3395 840 Quarto,

1902 864 2253 928 secundum
2295 865 2609 939 Boetium,
2650 866 2717 928 in
2755 866 3012 929 entibus
3047 864 3400 947 aggregatis

1902 962 2059 1026 unio
2094 971 2194 1027 est
2229 964 2436 1027 forma
2469 981 2484 1025 ε
2517 981 2669 1046 ergo
2709 965 2776 1027 in
2815 963 3020 1027 forma
3061 964 3184 1027 ista
3223 962 3400 1026 nulla

1901 1060 2049 1125 fieri
2107 1070 2323 1145 posset
2375 1062 2634 1136 additio,
2685 1061 3055 1135 subtractio,
3107 1060 3396 1135 mutatio,

1903 1160 2390 1243 interpositiove
2431 1160 2795 1224 verborum.

1984 1258 2182 1339 Cujus
2209 1259 2576 1341 oppositum
2607 1266 2780 1343 patet
2809 1260 2875 1322 in
2903 1265 3104 1335 textu,
3133 1265 3206 1322 ut
3231 1257 3399 1322 infra

1902 1356 2172 1419 dicetur.

1996 1554 2178 1618 Circa
2244 1554 2380 1618 haec
2448 1555 2674 1618 scribit
2729 1554 3265 1619 Antisiodorensis
3330 1556 3397 1618 in

1902 1653 2162 1717 Summa
2189 1672 2316 1725 sua,
2331 1661 2557 1735 quarto
2589 1654 2786 1717 libro:
2807 1653 2898 1721 Ad
2929 1660 3398 1717 sacramentum

1901 1752 2212 1835 Baptismi
2258 1752 2382 1815 tria
2429 1752 2795 1834 exiguntur,
2845 1753 3145 1816 videlicet
3194 1751 3400 1815 forma

314 1854 693 1910 crumentum
738 1848 822 1911 ab
869 1849 1115 1913 unitate
1160 1850 1377 1931 gratiae
1424 1851 1786 1933 designatae,
1826 1850 1876 1914 B
1906 1851 2270 1925 verborum,
2327 1851 2598 1941 intentio
2653 1851 3038 1933 baptizandi,
3091 1857 3157 1914 et
3209 1870 3393 1933 aqua.

312 1946 585 2027 quamvis
612 1947 963 2009 secundum
995 1948 1337 2010 essentiam
1366 1948 1493 2011 sint
1521 1950 1787 2025 diversa,

312 2044 462 2107 sicut
488 2044 585 2108 hae
612 2051 743 2108 tres
772 2046 1197 2121 voceS‚albuS,
1210 2047 1371 2119 alba,
1384 2048 1793 2123 album,sunt

312 2161 495 2205 unum
544 2160 779 2206 nomen
818 2144 901 2207 ab
944 2145 1189 2209 unitate
1232 2145 1597 2226 significati.
1632 2148 1791 2211 Con-

312 2240 581 2304 cedimus
624 2248 861 2317 tamen,
897 2244 1067 2324 quod
1114 2243 1338 2307 tinctio
1380 2244 1446 2307 in
1486 2263 1652 2328 aqua
1695 2254 1791 2309 est

312 2338 675 2421 Baptismus»,
706 2348 770 2403 et
800 2340 957 2403 item
986 2342 1315 2405 character
1346 2362 1361 2406 :
1394 2343 1562 2406 sicut
1592 2344 1658 2406 in
1696 2364 1791 2408 sa-

312 2446 617 2501 cramento
646 2438 1059 2505 Eucharistiae
1096 2440 1303 2503 forma
1341 2442 1526 2523 panis
1563 2450 1627 2504 et
1654 2443 1788 2506 vini

311 2544 395 2599 est
436 2547 937 2618 sacramentum3
979 2558 1207 2602 verum
1256 2558 1511 2622 quoque
1556 2559 1788 2624 corpus

312 2634 544 2709 Christi,
589 2638 759 2718 quod
810 2638 1088 2719 sumpsit
1134 2658 1213 2701 ex
1259 2638 1542 2720 Virgine,
1586 2658 1787 2701 sacra-

312 2741 579 2797 mentum
611 2735 939 2815 consistit3
975 2743 1042 2799 et
1074 2736 1292 2800 omnia
1320 2757 1463 2819 quae
1492 2746 1641 2801 sunt
1671 2724 1783 2813 ibi,

310 2830 724 2895 demonstrant
754 2852 959 2896 unum
990 2833 1403 2898 Eucharistiae
1436 2854 1787 2900 sacramen-

310 2936 449 2991 tum.
488 2931 695 2993 Manet
740 2949 893 3012 ergo
937 2931 1301 3014 Baptismus
1347 2940 1658 3016 quantum
1706 2936 1784 2998 ad

1902 1949 1981 2011 Et
2006 1948 2214 2013 forma
2245 1949 2586 2013 verborum
2627 1955 2724 2011 est
2759 1949 2892 2013 haec
2928 1967 2942 2010 :
2977 1950 3107 2031 Ego
3143 1949 3396 2032 baptizo

1900 2054 1961 2111 te
2012 2048 2077 2109 in
2126 2046 2387 2111 nomine
2445 2047 2644 2110 Patris
2699 2055 2764 2109 et
2811 2047 2952 2110 Filii
3001 2055 3065 2111 et
3120 2047 3393 2129 Spiritus

1899 2146 2129 2209 Sancti.
2183 2148 2384 2219 Quam
2441 2146 2714 2209 formam
2767 2146 3054 2209 Christus
3102 2145 3394 2209 determi-
3473 2161 3648 2205 uana.

1898 2244 2091 2307 navit.
2126 2243 2248 2307 Sed
2286 2244 2561 2317 videtur,
2594 2244 2764 2326 quod
2803 2243 2924 2307 hoc
2963 2243 3254 2319 verbum,
3286 2244 3394 2306 ba·
3421 2238 3562 2276 mm*
3583 2228 3649 2269 ¹⁹·

1898 2344 2088 2425 ptizo,
2141 2360 2268 2406 non
2315 2344 2400 2405 sit
2454 2343 2534 2405 de
2579 2342 2856 2405 essentia
2902 2342 3097 2423 hujus
3146 2341 3392 2417 formae,

1895 2442 2047 2524 quia
2092 2441 2149 2505 si
2188 2441 2382 2503 velim
2419 2460 2522 2504 me
2561 2441 2835 2523 signare,
2877 2459 3005 2504 non
3043 2449 3290 2523 oportet
3323 2449 3393 2504 ut

1896 2541 2129 2616 dicam,
2171 2540 2364 2622 Signo
2409 2560 2512 2603 me
2555 2557 2570 2602 :
2613 2540 2745 2604 imo
2785 2540 3033 2603 sufficit
3074 2541 3244 2623 quod
3286 2542 3392 2605 ha-

1895 2639 2081 2703 beam
2112 2640 2530 2703 intentionem
2571 2639 2864 2721 signandi
2905 2658 3030 2713 me,
3062 2647 3127 2703 et
3157 2640 3388 2715 dicam,

1895 2737 1965 2800 In
2005 2738 2264 2801 nomine
2303 2737 2501 2800 Patris
2539 2744 2604 2801 et
2643 2736 2782 2817 Filii
2824 2744 2888 2801 et
2929 2737 3202 2820 Spiritus
3240 2738 3391 2801 San-

1895 2836 2001 2898 cti.
2034 2836 2215 2911 ltem,
2247 2836 2300 2899 si
2342 2835 2653 2900 benedico
2691 2856 2945 2919 panem,
2979 2854 3106 2900 non
3145 2844 3392 2919 oportet

1896 2952 1999 2997 me
2038 2934 2274 3009 dicere,
2305 2933 2434 3015 Ego
2473 2934 2784 2997 benedico
2827 2953 3082 3018 panem,
3114 2935 3224 2997 sed
3259 2936 3390 2999 suf·

308 3026 673 3109 impressum
732 3030 1163 3093 characterem
1220 3037 1285 3093 et
1334 3039 1647 3113 quantum
1704 3033 1785 3095 ad
1820 3032 1865 3096 C
1895 3032 2034 3095 ficit
2064 3032 2234 3115 quod
2265 3032 2532 3095 babeam
2567 3032 2986 3097 intentionem
3019 3033 3392 3097 benedicen-

308 3143 477 3188 suum
522 3125 853 3189 effectum.
897 3127 1025 3190 Nec
1067 3137 1316 3210 oportet
1354 3130 1667 3212 quidquid
1718 3131 1783 3193 in

309 3232 681 3288 sacramento
739 3232 859 3298 est,
910 3243 1049 3288 esse
1103 3226 1427 3290 visibilem
1486 3226 1782 3304 formam,

310 3323 403 3385 sed
448 3324 692 3388 sufficit
737 3325 912 3407 quod
960 3327 1318 3390 secundum
1366 3327 1611 3411 aliquid
1658 3329 1781 3404 sui,

307 3420 379 3482 sit
414 3422 683 3486 visibilis
726 3421 935 3486 forma
977 3443 991 3488 τ
1031 3425 1184 3507 quia
1224 3443 1342 3489 nec
1382 3426 1449 3489 in
1488 3427 1785 3490 Euchari-

307 3519 425 3582 stiae
466 3527 865 3585 sacramento
912 3539 1145 3604 corpus
1184 3523 1416 3587 Christi
1460 3531 1557 3588 est
1596 3525 1783 3588 nobis

305 3615 557 3680 visibile.
598 3653 681 3664 -
716 3618 863 3682 Haec
904 3618 1442 3684 Antisiodorensis
1489 3621 1555 3684 in
1598 3622 1783 3685 Sum-

307 3733 417 3790 ma,
452 3725 677 3800 quarto
718 3719 903 3783 libro.

721 4035 1197 4110 QUAESTIO
1266 4038 1345 4102 II

406 4305 665 4372 Ecundo
719 4309 1048 4391 quaeritur,
1111 4312 1403 4378 Utrum
1459 4313 1617 4380 ista
1670 4314 1781 4380 sit

430 4409 597 4476 tota
642 4411 729 4475 et
776 4408 1287 4476 invariabilis
1333 4409 1587 4478 forma
1634 4413 1779 4479 Ba-

298 4505 605 4584 ptismi:
642 4508 811 4585 Ego
847 4505 1170 4588 baptizo
1211 4510 1297 4574 te
1334 4507 1421 4574 in
1461 4510 1780 4577 nomine

298 4601 551 4672 Patris
590 4609 677 4671 et
717 4605 909 4672 Filii
952 4607 1040 4672 et
1082 4607 1437 4688 Spiritus
1478 4607 1777 4677 Sancti.

366 4702 622 4766 Videtur
648 4703 821 4786 quod
852 4721 1005 4779 non,
1037 4704 1341 4787 quoniam
1374 4705 1571 4770 Graeci
1603 4706 1777 4770 Chri-

298 4799 471 4863 stiani
498 4802 621 4864 alia
650 4802 859 4865 forma
897 4810 1187 4878 utuntur,
1220 4804 1493 4868 dicendo
1524 4822 1539 4867 ε
1572 4805 1779 4888 Bapti-

297 4906 457 4962 zetur
484 4921 709 4964 servus
740 4901 975 4964 Christi
1008 4901 1073 4965 in
1108 4903 1370 4968 nomine
1398 4905 1618 4977 PatriS,
1652 4912 1771 4968 etc.

296 5029 367 5040 -—
406 4997 717 5073 Secundo,
775 4999 1032 5062 videtur
1088 5001 1490 5082 superfluum
1543 5003 1776 5066 addere

298 5112 417 5168 eqo,
443 5096 593 5178 quia
632 5097 701 5159 in
740 5097 957 5159 verbis
992 5098 1217 5180 primae
1246 5117 1533 5181 personae
1560 5100 1777 5164 subin-

298 5191 603 5274 telligitur.
634 5229 719 5240 -
747 5195 982 5269 Tertio,
1016 5197 1318 5278 quoniam
1362 5204 1543 5262 actus
1580 5200 1775 5281 potis-

298 5289 441 5354 sime
464 5292 728 5357 attribui
764 5291 961 5356 debet
999 5294 1340 5378 principali
1379 5297 1613 5378 agenti,
1647 5316 1773 5361 non

1894 3133 1981 3207 di,
2016 3140 2080 3196 et
2116 3133 2326 3195 dicam
2365 3132 2562 3195 verba
2602 3133 2920 3215 praedicta.
2967 3131 3127 3214 Ergo
3165 3133 3388 3196 simili-

1892 3237 1989 3293 ter
2018 3230 2073 3292 si
2102 3249 2490 3312 quemquam
2522 3229 2796 3312 baptizo,
2829 3247 2956 3293 non
2997 3237 3094 3293 est
3129 3249 3389 3294 necesse

1892 3329 2127 3403 dicere,
2170 3329 2300 3410 Ego
2346 3328 2599 3411 baptizo
2639 3335 2725 3405 te,
2766 3330 2876 3392 sed
2925 3328 3172 3391 sufficit
3218 3330 3388 3412 quod

1891 3426 2161 3490 habeam
2205 3426 2566 3509 baptIzandi
2605 3427 3049 3500 intentionem,
3081 3434 3144 3490 et
3177 3426 3385 3490 dicam

1892 3525 2027 3588 baec
2066 3525 2282 3599 verba,
2323 3525 2392 3588 ln
2443 3525 2702 3588 nomine
2740 3525 2962 3600 Patris,
2993 3533 3114 3588 etc.
3164 3524 3390 3588 Dicen-

1891 3625 2069 3696 dum,
2111 3625 2281 3706 quod
2319 3623 2589 3687 verbum
2639 3623 2800 3686 illud
2849 3630 2945 3686 est
2991 3625 3070 3687 de
3113 3625 3390 3688 essentia

1830 3755 1834 3758 ·
1890 3720 2113 3786 formae
2143 3723 2356 3802 hujus.
2392 3722 2469 3782 Et
2503 3721 2583 3784 ad
2620 3721 2873 3802 obiecta
2902 3723 3384 3804 respondemur„

1890 3823 2060 3905 quod
2100 3839 2228 3884 non
2270 3830 2367 3884 est
2404 3820 2616 3883 simile
2649 3838 2664 3882 ε
2697 3820 2849 3903 quia
2887 3821 3020 3884 haec
3057 3822 3276 3896 verba,
3317 3822 3386 3885 ln

1890 3919 2153 3983 nomine
2199 3918 2396 3982 Patris
2445 3926 2509 3982 et
2545 3918 2688 3981 Filii
2727 3925 2792 3982 et
2830 3918 3104 4001 Spiritus
3147 3921 3383 3994 Sancti,

1889 4019 1969 4082 ad
2001 4019 2202 4080 multa
2229 4037 2296 4080 se
2325 4017 2583 4091 habent,
2615 4025 2833 4100 utpote
2861 4017 2940 4079 ad
2975 4019 3382 4098 signandum,

1889 4116 1967 4179 ad
2000 4116 2533 4190 benedicendum,
2567 4116 2645 4178 ad
2676 4116 3148 4198 baptizandum.
3182 4116 3388 4200 Bapti-

1810 4216 1861 4278 D
1890 4235 2065 4278 smus
2094 4221 2309 4277 autem
2336 4221 2804 4278 sacramentum
2835 4221 2933 4278 est
2957 4216 3382 4280 necessitatis:

1889 4321 2149 4397 propter
2176 4312 2344 4396 quod
2385 4331 2647 4376 necesse
2685 4321 2782 4376 est
2818 4314 3246 4396 baptizantem
3285 4316 3390 4378 dc-

1885 4411 2292 4475 terminatam
2321 4410 2558 4474 habere
2589 4410 3009 4475 intentionem
3041 4418 3106 4475 et
3133 4431 3388 4495 expres·

1888 4529 2044 4584 sam,
2088 4529 2170 4572 ne
2208 4516 2511 4592 evagetur
2550 4528 2660 4573 cor
2697 4509 2840 4591 ejus
2882 4511 2961 4573 ad
3001 4510 3146 4586 alia,
3183 4531 3384 4594 quum

1886 4610 2082 4673 verba
2121 4611 2230 4672 illa
2268 4610 2346 4673 ad
2385 4610 2511 4673 alia
2549 4630 2617 4673 se
2653 4609 2890 4674 habere
2934 4611 3200 4692 possint.
3246 4611 3387 4676 Pro-

1887 4716 2029 4791 pter
2066 4709 2188 4772 hoc
2227 4726 2488 4772 necesse
2527 4717 2625 4771 est
2663 4709 2736 4770 ut‘
2773 4707 3098 4790 baptizans
3130 4709 3387 4773 intenti-

1884 4824 2073 4870 onem
2133 4805 2495 4889 baptizandi
2555 4824 2747 4888 quam
2806 4804 3017 4880 habet,
3069 4807 3387 4888 exprimat

1883 4904 2099 4968 verbo.
2144 4905 2287 4968 Haec
2331 4903 2884 4967 Antisiodorensis.
2927 4937 3009 4948 -
3053 4905 3382 4968 Verumta—

1886 5023 2033 5067 men
2080 5003 2135 5065 si
2183 5003 2511 5085 baptizans
2559 5001 2831 5066 formam
2878 5002 3044 5064 hanc
3101 5001 3384 5085 proferat

1881 5109 2010 5164 tam
2041 5100 2264 5182 grandi
2296 5101 2727 5175 distractione,
2759 5108 2825 5163 et
2856 5099 2994 5164 sine
3025 5101 3259 5164 actuali
3292 5101 3382 5164 in-

1882 5200 2165 5263 tentione
2201 5208 2394 5282 atque
2429 5199 2798 5272 attentione,
2830 5199 3039 5262 adhuc
3083 5217 3232 5263 vere
3272 5200 3378 5264 ba·

1883 5299 2097 5381 ptizat,
2142 5298 2310 5362 sicut
2355 5306 2422 5362 et
2459 5316 2608 5362 vere
2651 5305 2980 5362 consecrat
3023 5298 3375 5377 celebrans,
