4267 6250
434 530 647 587 ousssr.
688 532 734 577 11
776 530 793 575 :
832 529 1079 586 Quam
1120 529 1507 578 peresum:
1548 529 1723 575 urrus
1764 528 2089 575 nummum
2130 528 2360 576 mni-r
2399 529 2688 578 cums-rus
2731 532 2806 579 m·
2846 531 3036 590 nono,
3076 530 3206 578 mc.
3295 511 3414 577 145

338 700 467 763 zari.
505 700 712 765 Potest
750 709 967 765 autem
1016 700 1222 765 teneri
1271 700 1481 763 media
1527 699 1633 762 hic
1682 699 1806 775 via,
1838 696 1890 763 A
1923 700 2107 763 detur
2149 702 2227 764 ad
2273 702 2714 784 purgationem
2762 704 3078 767 internam
3119 722 3156 766 a
3203 704 3411 786 eulpa.

340 800 487 881 quod
521 800 765 863 scilicet
802 800 1021 863 adulto
1063 800 1251 863 liceat
1290 816 1545 862 sumere
1582 817 1620 861 a
1656 816 1813 880 prae-

338 897 471 971 ciso,
504 898 565 959 in
607 898 1004 962 necessitatis
1048 897 1318 961 articulo
1350 913 1365 959 z
1399 895 1553 979 quia
1581 914 1811 977 praece-

337 1001 497 1075 ptum
526 996 605 1057 de
637 995 963 1078 Baptismo
1000 995 1431 1078 suscipiendo,
1466 992 1675 1075 majus
1712 999 1809 1055 est

336 1100 631 1175 praecepto
690 1093 993 1157 Ecclesiae
1055 1093 1133 1156 de
1197 1093 1465 1175 praeeiso
1525 1090 1802 1155 vitando.

334 1190 485 1253 Idem
522 1192 777 1255 videtur
814 1192 1161 1255 dicendum
1198 1191 1277 1253 de
1317 1190 1603 1273 parvulo,
1637 1188 1805 1271 quod

335 1289 557 1351 scilicet
588 1290 829 1353 habens
854 1309 969 1354 seu
998 1289 1291 1353 deferens
1322 1308 1465 1352 eum
1494 1289 1572 1350 ad
1602 1287 1810 1369 Bapti-

334 1407 543 1464 smum,
578 1390 789 1471 potius
828 1388 1055 1453 debeat
1082 1407 1230 1451 eum
1269 1387 1507 1451 offerre
1545 1385 1809 1469 proeciso

334 1487 401 1548 ad
448 1486 915 1570 baptizandum,
966 1487 1021 1550 si
1068 1487 1253 1549 aliter
1298 1485 1627 1569 baptizans
1678 1502 1803 1547 non

334 1593 502 1667 queat
540 1586 785 1661 haberi,
817 1606 1010 1669 quam
1052 1586 1422 1668 permittere
1464 1585 1635 1667 quod
1678 1602 1807 1647 non

334 1684 660 1765 baptizatus
689 1685 1051 1761 decedat,et
1080 1704 1194 1766 per
1221 1700 1611 1765 consequens
1641 1689 1809 1745 aeter·

332 1802 401 1845 na
442 1782 739 1847 felicitate
787 1783 1093 1865 privetur.
1142 1819 1224 1829 -
1268 1783 1459 1845 Porro
1506 1781 1585 1843 de
1634 1779 1805 1842 malo

2001 797 2181 862 Circa
2220 798 2356 863 haec
2413 801 2702 864 doctores
2749 801 3031 865 diversas
3087 820 3162 863 ac
3207 801 3416 865 varias

1917 895 2254 977 proferunt
2294 898 2699 979 quaestiones,
2743 898 3045 961 videlicet
3077 915 3092 961 ε
3125 918 3207 962 an
3245 898 3419 964 Chri-

1918 1000 2053 1057 stus
2100 996 2456 1059 secundum
2504 998 2675 1080 quod
2724 998 2938 1073 home,
2975 998 3199 1062 habuit
3245 1006 3418 1081 pote-

1918 1100 2146 1155 statem
2196 1093 2561 1158 dimittendi
2619 1102 2906 1179 peccata;
2959 1104 3172 1158 utrum
3229 1096 3418 1159 mini-

1918 1190 2065 1253 stris
2104 1192 2240 1253 suis
2280 1192 2576 1274 praestitit
2619 1200 2996 1276 potestatem
3034 1193 3417 1276 cooperandi

1916 1289 1995 1349 ad
2036 1288 2404 1353 interiorem
2448 1292 2966 1371 mundationem3
2997 1298 3211 1355 utrum
3242 1298 3417 1374 pote·

1917 1394 2043 1449 stas
2072 1386 2210 1451 haee
2240 1389 2450 1470 potuit
2479 1390 2572 1452 eis
2605 1390 2878 1453 conferri
2904 1408 2920 1469 ;
2953 1390 3130 1465 item,
3166 1409 3306 1472 quae
3336 1390 3420 1452 sit

1917 1483 2027 1547 illa
2084 1493 2361 1567 potestas
2409 1507 2604 1570 quam
2661 1488 2948 1552 Christus
3006 1489 3213 1571 potuit
3269 1488 3419 1551 dare

1917 1582 2252 1665 discipulis
2309 1592 2374 1647 et
2427 1604 2556 1648 non
2606 1587 2826 1665 dedi·t;
2879 1594 3092 1650 utrum
3143 1593 3420 1669 potestas

1917 1681 2310 1746 excellentiae
2341 1684 2458 1745 soli
2490 1683 2740 1748 Christo
2768 1685 3012 1748 homini
3055 1685 3140 1748 sit
3167 1685 3414 1748 collata.

1920 1779 1997 1841 Et
2037 1780 2190 1861 quia
2228 1781 2295 1844 in
2340 1789 2516 1844 textu
2555 1782 2837 1865 tangitur
2873 1784 2952 1846 de
2991 1784 3422 1847 communica-

332 1882 601 1945 ministro
643 1900 773 1945 non
822 1882 1109 1964 praecise,
1150 1899 1276 1945 non
1330 1879 1585 1962 publice
1635 1878 1803 1941 malo
1842 1876 1891 1939 B
1918 1877 2091 1940 tione
2122 1880 2420 1960 potentiae
2450 1881 3037 1964 creandi,quaerunt
3068 1881 3173 1944 hic
3200 1882 3416 1965 aliqui,

332 1998 433 2042 nec
448 1981 845 2056 scandaloso,
877 1981 1031 2043 satis
1061 1980 1432 2043 conceditur
1460 1977 1631 2061 quod
1662 1995 1806 2060 pos-

334 2079 405 2140 sit
429 2080 565 2161 quis
594 2080 675 2143 ab
702 2098 781 2143 eo
808 2088 1277 2143 sacramentum
1316 2078 1665 2159 suscipere,
1696 2084 1808 2139 aut

335 2194 434 2259 pro
460 2196 575 2241 suo
612 2178 881 2261 parvulo
918 2177 1239 2261 postulare
1272 2195 1287 2240 t
1320 2178 1623 2259 quoniam
1662 2193 1806 2259 pro·

336 2284 459 2357 pter
502 2283 833 2360 peccatum
883 2296 1012 2340 non
1061 2276 1383 2340 notorium
1441 2293 1567 2339 non
1617 2275 1807 2338 debet

334 2376 543 2458 aliquis
600 2375 667 2438 in
717 2375 967 2439 actibus
1024 2376 1289 2439 notoriis
1336 2374 1537 2437 vitare
1592 2374 1805 2457 proxi-

338 2494 496 2538 mum
532 2494 743 2538 suum.
788 2474 932 2538 Haec
974 2474 1215 2537 ScotuS.

751 2788 1227 2865 QUAESTIO
1292 2788 1371 2853 II

1919 1981 2134 2037 utrum
2193 1978 2479 2059 potentia
2539 1979 2795 2041 creandi
2853 1980 3060 2061 potuit
3115 1988 3420 2043 creaturae

1918 2074 2378 2139 communicari
2424 2093 2438 2139 :
2483 2077 2560 2139 de
2607 2096 2735 2159 qua
2780 2078 3130 2159 quaestione
3172 2079 3418 2142 dictum

1916 2179 2012 2234 est
2060 2173 2214 2236 satis
2272 2192 2467 2256 super
2511 2176 2892 2251 secundum,
2949 2178 3120 2239 circa
3174 2176 3417 2260 princi·
3444 2196 3711 2252 dist.=,q.3.

1916 2290 2117 2353 pium.

1997 2469 2091 2532 Ad
2121 2470 2406 2551 primum
2438 2470 2668 2534 horum
2699 2471 3140 2536 Bonaventura
3169 2490 3422 2556 respon·

1917 2568 2025 2631 det
2068 2586 2081 2630 :
2123 2567 2470 2650 Loquendo
2510 2569 2589 2632 de
2632 2576 2944 2652 potestate
2981 2570 3282 2635 effectiva
3323 2572 3419 2634 di·

1920 2666 2212 2729 mittendi
2263 2676 2544 2749 peccata,
2587 2668 2680 2730 sic
2723 2668 2897 2732 solus
2943 2670 3110 2732 Deus
3152 2669 3420 2733 dimittit

1918 2774 2196 2848 peccata.
2232 2766 2386 2829 Nam
2423 2766 2707 2831 Christus
2748 2767 2919 2831 intus
2957 2768 3255 2851 baptizat,
3289 2786 3418 2832 non

1917 2863 2272 2926 secundum
2303 2865 2471 2946 quod
2503 2865 2711 2939 homo,
2726 2867 2835 2929 sed
2866 2867 3218 2930 seeundum
3248 2867 3421 2949 quod

1918 2962 2105 3024 Deus,
2160 2961 2503 3043 Loquendo
2549 2970 2764 3026 autem
2813 2964 2891 3027 de
2939 2972 3246 3047 potestate
3293 2964 3421 3029 dis-

440 3063 695 3127 Ecundo
722 3062 828 3127 hic
858 3060 1188 3146 quaeritur,
1218 3062 1551 3142 Qualem
1592 3064 1806 3145 pote·
1846 3062 1890 3126 C
1922 3061 2214 3143 positiva,
2269 3067 2489 3144 utpote
2545 3080 2662 3145 per
2721 3064 2982 3126 modum
3043 3064 3277 3140 meriti,
3326 3064 3420 3128 sic

465 3166 753 3230 statem
801 3163 1023 3228 intus
1066 3161 1500 3228 mundandi
1546 3175 1595 3228 a
1636 3175 1808 3243 pec-

335 3263 491 3328 cato
534 3261 821 3329 habuit
868 3259 1245 3327 christus
1292 3261 1387 3326 nt
1429 3258 1693 3341 homo,
1729 3260 1813 3327 et

334 3361 624 3439 qualem
652 3359 1137 3441 potestatem
1161 3357 1383 3424 dedit
1408 3356 1812 3424 ministris

337 3456 788 3539 cooperandi
843 3457 945 3524 ad
1002 3457 1561 3538 purgationem
1615 3457 1809 3521 inte-

335 3557 627 3624 florem.

406 3653 657 3717 Videtur
684 3653 857 3736 quod
888 3652 1173 3716 Christus
1202 3660 1275 3715 ut
1301 3652 1515 3727 homo,
1548 3669 1676 3714 non
1705 3651 1812 3713 ha-

336 3750 459 3814 buit
512 3759 889 3836 potestatem
938 3750 1300 3833 baptizandi
1353 3749 1645 3824 interiuS,
1696 3767 1809 3812 seu

336 3850 635 3914 relaxandi
683 3859 751 3913 ct
797 3848 1163 3912 dimittendi
1210 3855 1491 3930 peccata,
1542 3847 1669 3910 nisi
1718 3848 1813 3909 in-

332 3948 795 4013 strumentalem
826 3954 891 4010 et
931 3946 1374 4021 ministralem,
1408 3965 1521 4009 seu
1557 3945 1809 4008 merito-

334 4048 417 4110 rie
444 4053 925 4111 concurrentem
959 4062 975 4107 :
1007 4045 1159 4128 quia
1194 4044 1391 4107 solius
1421 4044 1533 4107 Dei
1574 4051 1672 4106 est
1704 4063 1813 4106 au-

332 4145 667 4210 ctoritative
716 4151 977 4228 peccata
1023 4143 1366 4218 dimittere,
1414 4144 1810 4224 gratiamque

1921 3159 2208 3224 Christus
2241 3161 2475 3222 meruit
2504 3161 2689 3224 nobis
2719 3169 2980 3244 peccata
3009 3164 3328 3228 dimittere
3357 3171 3422 3227 et

1921 3265 2232 3341 quantum
2280 3259 2359 3320 ad
2406 3277 2662 3342 poenam
2707 3269 2770 3323 et
2811 3265 3122 3343 quantum
3170 3262 3248 3324 ad
3292 3262 3422 3324 eul-

1922 3374 2090 3437 pam.
2145 3355 2304 3418 Hinc
2353 3355 2504 3438 quia
2552 3356 2740 3431 Deus,
2783 3357 2958 3420 dedit
3005 3358 3170 3421 dona
3216 3359 3421 3422 homi·
3461 3385 3632 3444 Ephe„
3658 3401 3716 3440 η,

1922 3453 2136 3527 nibuS,
2164 3454 2673 3536 condonavitque
2703 3456 2992 3538 culpam3
3023 3465 3090 3519 et
3118 3457 3419 3542 quoniam
3448 3452 3492 3494 ⁸·

1922 3551 2231 3614 innocens
2278 3551 2423 3628 fuit,
2473 3553 2722 3635 accepit
2768 3554 2932 3617 dona
2979 3555 3047 3617 in
3097 3555 3304 3633 nobiS,
3357 3557 3422 3620 id
3488 3583 3715 3638 amu,

1922 3658 2039 3724 est,
2064 3650 2301 3712 meruit
2329 3659 2400 3712 ut
2428 3668 2542 3713 nos
2571 3650 3032 3733 acciperemus,
3052 3653 3234 3734 juxta
3262 3654 3421 3717 illud
3453 3649 3518 3689 ¹⁹·

1919 3749 2178 3811 Joannis
2211 3766 2226 3810 ε
2259 3749 2348 3810 De
2392 3748 2790 3830 plenitudine
2832 3750 2975 3830 ejus
3018 3768 3134 3814 nos
3175 3753 3420 3834 aceepi—
3491 3771 3655 3817 που..
3683 3785 3714 3824 ι,

1924 3865 2067 3908 mus
2125 3864 2371 3920 omneS,
2421 3846 2690 3928 gratiam
2749 3864 2865 3929 pro
2921 3848 3140 3928 gratia.
3193 3849 3421 3913 Meruit
3451 3835 3517 3878 ¹⁶·

1920 3951 2135 4007 autem
2175 3943 2460 4007 Christus
2501 3943 2686 4007 nobis
2730 3945 3173 4009 remissionem
3214 3947 3420 4030 culpa)

1920 4041 2501 4124 relaxationemque
2537 4059 2740 4125 poenae
2773 4061 2890 4105 sua
2927 4043 3243 4126 passione,
3276 4064 3420 4127 quae

1919 4139 2044 4202 fuit
2081 4140 2210 4204 Deo
2257 4141 2616 4222 gratissima
2653 4148 2844 4223 atque
2883 4142 2948 4204 in
2987 4160 3056 4204 se
3090 4142 3423 4207 acerbissi-

330 4243 671 4320 infundere,
704 4252 768 4307 et
798 4250 1081 4306 mentem
1118 4260 1407 4324 purgare.
1441 4240 1809 4304 Humanitas
1841 4244 1891 4306 D
1924 4257 2046 4312 ma,
2097 4238 2276 4301 nullo
2325 4240 2513 4302 modo
2561 4257 2639 4302 ex
2687 4238 2942 4302 debito*
2991 4259 3129 4317 suo,
3179 4242 3291 4306 sed
3340 4244 3417 4306 ad
3475 4263 3492 4283 ·
3515 4261 3675 4309 delion»

332 4351 529 4406 autem
569 4343 803 4408 Christi
852 4341 1033 4404 unita
1078 4348 1175 4403 est
1210 4337 1417 4403 Verbo
1459 4346 1531 4401 ut
1577 4340 1809 4403 instru-

334 4449 603 4505 mentum
650 4442 1028 4514 animatum,
1072 4438 1514 4502 immediatum
1562 4446 1626 4502 et
1672 4456 1811 4521 pro-

338 4543 553 4622 prium.
593 4541 811 4606 Talem
858 4547 1072 4602 autem
1116 4543 1494 4620 potestatem
1543 4537 1812 4601 contulit

338 4642 605 4706 Christus
632 4643 803 4705 Deus
831 4639 965 4702 suis
993 4637 1589 4721 discipuliS,q11ibus
1619 4636 1807 4700 dixit:

160 4752 288 4806 ruth.
339 4739 749 4822 Quaecumque
792 4736 1110 4802 solveritis
1151 4737 1217 4799 in
1264 4743 1454 4810 terra,
1487 4742 1677 4798 erunt
1720 4753 1815 4798 so-

124 4823 201 4865 Rfl.
216 4824 265 4865 ¹0.

124 4875 315 4940 mma.
341 4838 463 4902 luta
508 4848 568 4902 et
605 4841 675 4902 in
718 4837 917 4902 coelis.
949 4837 1155 4918 Atque
1195 4836 1296 4916 (ut
1341 4834 1577 4917 patuit)
1614 4852 1815 4896 sacra-

342 4947 541 5002 menta
572 4936 953 5020 evangelicae
993 4935 1149 5017 legis
1192 4933 1490 4998 efficiunt
1533 4933 1702 5015 quod
1740 4932 1816 4994 fi-

339 5044 549 5118 gurant
594 5044 658 5101 et
712 5037 983 5118 signant.
1035 5035 1254 5117 ltaque
1311 5032 1814 5114 supernaturalis

340 5139 610 5218 quaedam
636 5137 842 5200 virtus
881 5134 947 5196 in
988 5134 1147 5216 ipsis
1184 5139 1302 5208 est,
1335 5140 1401 5195 et
1438 5131 1523 5194 ita
1559 5149 1676 5214 per
1704 5148 1813 5214 po—

336 5243 612 5299 testatem
648 5235 894 5299 ordinis
930 5232 1361 5307 sacerdotalis,
1396 5230 1690 5295 minister
1718 5250 1813 5295 sa-

338 5335 628 5398 cramenti
656 5331 981 5416 legitimus
1008 5330 1347 5396 causaliter
1375 5329 1700 5415 cooperari
1729 5331 1816 5396 vi-

567 5468 632 5522 ·1·.
665 5469 745 5521 24.

1921 4338 2300 4401 solvendum
2339 4337 2551 4401 debita
2592 4345 2824 4402 nostra.
2863 4339 2940 4402 Et
2978 4339 3044 4403 in
3083 4341 3204 4406 hoc
3244 4343 3419 4407 Chri-

1921 4445 2057 4500 stus
2089 4435 2155 4498 in
2188 4443 2497 4518 quantum
2527 4437 2741 4513 homo,
2764 4439 3022 4502 excellit
3051 4439 3117 4503 in
3149 4449 3419 4524 potesta-

1920 4545 1985 4601 te
2027 4536 2396 4599 dimittendi
2440 4555 2717 4619 pennam,
2752 4538 2904 4621 quia
2947 4558 3062 4622 per
3102 4559 3172 4604 se
3213 4551 3420 4624 potest

1922 4643 2127 4700 totum
2168 4635 2524 4699 condonare
2557 4654 2571 4698 :
2605 4638 3144 4720 quemadmodum
3187 4641 3419 4705 condo·
3442 4665 3708 4720 Jonas-sm,

1923 4735 2099 4798 navit
2139 4733 2394 4797 mulieri
2434 4734 2498 4797 in
2536 4734 2849 4799 adulterio
2889 4736 3321 4820 deprehensae,
3355 4749 3420 4802 et
3449 4732 3513 4772 ¹¹·

1924 4853 2095 4896 nunc
2143 4850 2399 4916 quoque
2445 4832 2565 4895 hoc
2615 4839 2822 4914 potest
2869 4835 3009 4897 sine
3053 4835 3250 4900 clave.
3291 4838 3417 4901 Alii

1922 4939 2135 4996 autem
2184 4930 2478 4996 homines
2533 4930 2586 4993 si
2638 4930 2759 4994 hoc
2815 4940 3104 5014 possunt,
3151 4935 3275 4999 hoe
3323 4945 3420 5000 est

1923 5037 2231 5114 potestate
2273 5046 2466 5111 quam
2512 5027 2796 5092 Christus
2839 5029 2932 5092 eis
2976 5032 3300 5095 commisit
3339 5036 3418 5099 ad

1921 5129 2236 5214 passionis
2275 5147 2405 5192 suae
2433 5127 2805 5190 thesaurum
2841 5145 2916 5189 ac
2955 5129 3256 5194 meritum
3295 5133 3421 5196 dis-

1923 5229 2345 5313 pensandum,
2387 5233 2693 5311 tanquam
2735 5225 3108 5290 custodibus
3149 5229 3246 5292 sui
3285 5231 3421 5294 the-

1923 5328 2113 5394 sauri.
2150 5327 2228 5390 Et
2264 5343 2382 5412 per
2419 5326 2584 5389 hanc
2625 5323 3099 5389 distinctionem
3139 5327 3301 5392 solvi
3339 5331 3419 5394 de

3101 5463 3166 5516 10
