<?xml version="1.0" encoding="UTF-8"?>
<!DOCTYPE html PUBLIC "-//W3C//DTD XHTML 1.0 Transitional//EN"
    "http://www.w3.org/TR/xhtml1/DTD/xhtml1-transitional.dtd">
<html xmlns="http://www.w3.org/1999/xhtml" xml:lang="en" lang="en">
 <head>
  <title>
</title>
<meta http-equiv="Content-Type" content="text/html;charset=utf-8" />
  <meta name='ocr-system' content='tesseract 3.04.00' />
  <meta name='ocr-capabilities' content='ocr_page ocr_carea ocr_par ocr_line ocrx_word'/>
</head>
<body>
  <div class='ocr_page' id='page_1' title='image "./doctorisecstati04unkngoog_0320.png"; bbox 0 0 4267 6250; ppageno 0'>
   <div class='ocr_carea' id='block_1_1' title="bbox 635 1703 785 1746">
    <p class='ocr_par' dir='ltr' id='par_1_1' title="bbox 635 1703 785 1746">
     <span class='ocr_line' id='line_1_1' title="bbox 635 1703 785 1746; baseline -0.02 0"><span class='ocrx_word' id='word_1_1' title='bbox 635 1705 718 1746; x_wconf 69' lang='lat' dir='ltr'><strong>art.</strong></span> <span class='ocrx_word' id='word_1_2' title='bbox 743 1703 785 1744; x_wconf 83' lang='lat'><strong>2.</strong></span> 
     </span>
    </p>
   </div>
   <div class='ocr_carea' id='block_1_2' title="bbox 867 511 990 576">
    <p class='ocr_par' dir='ltr' id='par_1_2' title="bbox 867 511 990 576">
     <span class='ocr_line' id='line_1_2' title="bbox 867 511 990 576; baseline 0 -1"><span class='ocrx_word' id='word_1_3' title='bbox 867 511 990 576; x_wconf 81' lang='lat'><strong>302</strong></span> 
     </span>
    </p>
   </div>
   <div class='ocr_carea' id='block_1_3' title="bbox 1540 528 3313 595">
    <p class='ocr_par' dir='ltr' id='par_1_3' title="bbox 1540 528 3313 595">
     <span class='ocr_line' id='line_1_3' title="bbox 1540 528 3313 595; baseline -0.001 -18"><span class='ocrx_word' id='word_1_4' title='bbox 1540 530 1605 577; x_wconf 77' lang='lat' dir='ltr'><strong>IN</strong></span> <span class='ocrx_word' id='word_1_5' title='bbox 1645 529 1868 577; x_wconf 72' lang='lat' dir='ltr'><strong>unum!</strong></span> <span class='ocrx_word' id='word_1_6' title='bbox 1909 530 1972 576; x_wconf 77' lang='lat' dir='ltr'><strong>lv</strong></span> <span class='ocrx_word' id='word_1_7' title='bbox 2014 528 2497 576; x_wconf 55' lang='lat' dir='ltr'><strong>summanum</strong></span> <span class='ocrx_word' id='word_1_8' title='bbox 2540 547 2620 558; x_wconf 82' lang='lat'>—</span> <span class='ocrx_word' id='word_1_9' title='bbox 2660 530 2815 576; x_wconf 86' lang='lat' dir='ltr'><strong>DIST.</strong></span> <span class='ocrx_word' id='word_1_10' title='bbox 2857 531 2963 595; x_wconf 81' lang='lat'><strong>113</strong></span> <span class='ocrx_word' id='word_1_11' title='bbox 3005 531 3230 588; x_wconf 69' lang='lat' dir='ltr'><strong>QUAEST.</strong></span> <span class='ocrx_word' id='word_1_12' title='bbox 3274 532 3313 576; x_wconf 84' lang='lat' dir='ltr'>V</span> 
     </span>
    </p>
   </div>
   <div class='ocr_carea' id='block_1_4' title="bbox 865 699 3998 786">
    <p class='ocr_par' dir='ltr' id='par_1_4' title="bbox 865 699 3998 786">
     <span class='ocr_line' id='line_1_4' title="bbox 865 699 3998 786; baseline -0 -22"><span class='ocrx_word' id='word_1_13' title='bbox 865 701 1072 784; x_wconf 85' lang='lat' dir='ltr'><strong>posito</strong></span> <span class='ocrx_word' id='word_1_14' title='bbox 1113 701 1335 784; x_wconf 89' lang='lat' dir='ltr'><strong>iniquo</strong></span> <span class='ocrx_word' id='word_1_15' title='bbox 1372 701 1724 776; x_wconf 79' lang='lat' dir='ltr'><strong>desisteret,</strong></span> <span class='ocrx_word' id='word_1_16' title='bbox 1760 701 1897 784; x_wconf 90' lang='lat' dir='ltr'><strong>ipse</strong></span> <span class='ocrx_word' id='word_1_17' title='bbox 1935 702 2012 764; x_wconf 89' lang='lat' dir='ltr'><strong>ad</strong></span> <span class='ocrx_word' id='word_1_18' title='bbox 2055 701 2365 783; x_wconf 86' lang='lat' dir='ltr'><strong>majorem</strong></span> <span class='ocrx_word' id='word_1_19' title='bbox 2397 699 2449 764; x_wconf 80' lang='lat' dir='ltr'>A</span> <span class='ocrx_word' id='word_1_20' title='bbox 2480 701 2751 784; x_wconf 86' lang='lat' dir='ltr'><strong>probant</strong></span> <span class='ocrx_word' id='word_1_21' title='bbox 2808 701 3029 778; x_wconf 84' lang='lat' dir='ltr'><strong>Graeci,</strong></span> <span class='ocrx_word' id='word_1_22' title='bbox 3092 704 3262 786; x_wconf 88' lang='lat' dir='ltr'><strong>quod</strong></span> <span class='ocrx_word' id='word_1_23' title='bbox 3319 702 3399 766; x_wconf 88' lang='lat' dir='ltr'><strong>de</strong></span> <span class='ocrx_word' id='word_1_24' title='bbox 3461 702 3845 766; x_wconf 86' lang='lat' dir='ltr'><strong>fermentato</strong></span> <span class='ocrx_word' id='word_1_25' title='bbox 3904 703 3998 765; x_wconf 90' lang='lat' dir='ltr'><strong>sit</strong></span> 
     </span>
    </p>
   </div>
   <div class='ocr_carea' id='block_1_5' title="bbox 865 799 2371 1256">
    <p class='ocr_par' dir='ltr' id='par_1_5' title="bbox 865 799 2371 1256">
     <span class='ocr_line' id='line_1_5' title="bbox 866 799 2371 883; baseline 0 -22"><span class='ocrx_word' id='word_1_26' title='bbox 866 800 1408 883; x_wconf 82' lang='lat' dir='ltr'><strong>exasperationem</strong></span> <span class='ocrx_word' id='word_1_27' title='bbox 1457 819 1530 863; x_wconf 90' lang='lat' dir='ltr'><strong>ac</strong></span> <span class='ocrx_word' id='word_1_28' title='bbox 1589 799 2058 862; x_wconf 87' lang='lat' dir='ltr'><strong>indurationem</strong></span> <span class='ocrx_word' id='word_1_29' title='bbox 2109 817 2371 862; x_wconf 85' lang='lat' dir='ltr'><strong>conver-</strong></span> 
     </span>
     <span class='ocr_line' id='line_1_6' title="bbox 866 897 2367 981; baseline 0 -22"><span class='ocrx_word' id='word_1_30' title='bbox 866 897 960 959; x_wconf 91' lang='lat' dir='ltr'><strong>tit.</strong></span> <span class='ocrx_word' id='word_1_31' title='bbox 1021 898 1097 960; x_wconf 88' lang='lat' dir='ltr'><strong>Et</strong></span> <span class='ocrx_word' id='word_1_32' title='bbox 1151 906 1306 961; x_wconf 99' lang='grc' dir='ltr'><strong>ωηο</strong></span> <span class='ocrx_word' id='word_1_33' title='bbox 1365 898 1505 980; x_wconf 88' lang='lat' dir='ltr'><strong>ejus</strong></span> <span class='ocrx_word' id='word_1_34' title='bbox 1563 905 1898 981; x_wconf 89' lang='lat' dir='ltr'><strong>peccatum</strong></span> <span class='ocrx_word' id='word_1_35' title='bbox 1956 906 2053 961; x_wconf 91' lang='lat' dir='ltr'><strong>est</strong></span> <span class='ocrx_word' id='word_1_36' title='bbox 2107 905 2367 961; x_wconf 86' lang='lat' dir='ltr'><strong>auctum</strong></span> 
     </span>
     <span class='ocr_line' id='line_1_7' title="bbox 865 996 2366 1080; baseline -0.001 -22"><span class='ocrx_word' id='word_1_37' title='bbox 865 996 1056 1060; x_wconf 91' lang='lat' dir='ltr'><strong>etiam</strong></span> <span class='ocrx_word' id='word_1_38' title='bbox 1109 1005 1369 1080; x_wconf 88' lang='lat' dir='ltr'><strong>propter</strong></span> <span class='ocrx_word' id='word_1_39' title='bbox 1419 996 1983 1079; x_wconf 81' lang='lat' dir='ltr'><strong>praesumptionem</strong></span> <span class='ocrx_word' id='word_1_40' title='bbox 2043 1015 2170 1078; x_wconf 87' lang='lat' dir='ltr'><strong>qua</strong></span> <span class='ocrx_word' id='word_1_41' title='bbox 2220 1014 2366 1058; x_wconf 93' lang='lat' dir='ltr'><strong>cum</strong></span> 
     </span>
     <span class='ocr_line' id='line_1_8' title="bbox 867 1094 2371 1178; baseline -0.001 -20"><span class='ocrx_word' id='word_1_42' title='bbox 867 1096 1170 1176; x_wconf 82' lang='lat' dir='ltr'><strong>magistro</strong></span> <span class='ocrx_word' id='word_1_43' title='bbox 1200 1095 1376 1158; x_wconf 87' lang='lat' dir='ltr'><strong>misit</strong></span> <span class='ocrx_word' id='word_1_44' title='bbox 1408 1096 1472 1157; x_wconf 92' lang='lat' dir='ltr'><strong>in</strong></span> <span class='ocrx_word' id='word_1_45' title='bbox 1505 1094 1886 1178; x_wconf 87' lang='lat' dir='ltr'><strong>paropsiden</strong></span> <span class='ocrx_word' id='word_1_46' title='bbox 1920 1113 2371 1176; x_wconf 89' lang='lat' dir='ltr'><strong>manum,qua-</strong></span> 
     </span>
     <span class='ocr_line' id='line_1_9' title="bbox 866 1191 2369 1256; baseline -0.001 -1"><span class='ocrx_word' id='word_1_47' title='bbox 866 1201 1053 1256; x_wconf 89' lang='lat' dir='ltr'><strong>tenus</strong></span> <span class='ocrx_word' id='word_1_48' title='bbox 1098 1193 1361 1256; x_wconf 88' lang='lat' dir='ltr'><strong>audacia</strong></span> <span class='ocrx_word' id='word_1_49' title='bbox 1407 1193 1641 1256; x_wconf 90' lang='lat' dir='ltr'><strong>bonam</strong></span> <span class='ocrx_word' id='word_1_50' title='bbox 1689 1191 2147 1256; x_wconf 88' lang='lat' dir='ltr'><strong>conscientiam</strong></span> <span class='ocrx_word' id='word_1_51' title='bbox 2194 1211 2369 1255; x_wconf 88' lang='lat' dir='ltr'><strong>men-</strong></span> 
     </span>
    </p>
   </div>
   <div class='ocr_carea' id='block_1_6' title="bbox 601 1289 2367 1374">
    <p class='ocr_par' dir='ltr' id='par_1_6' title="bbox 601 1289 2367 1374">
     <span class='ocr_line' id='line_1_10' title="bbox 601 1289 2367 1374; baseline 0 -22"><span class='ocrx_word' id='word_1_52' title='bbox 601 1292 1112 1358; x_wconf 71' lang='lat' dir='ltr'><strong>oann.11·1,tiretur.</strong></span> <span class='ocrx_word' id='word_1_53' title='bbox 1167 1293 1325 1354; x_wconf 82' lang='lat' dir='ltr'><strong>Hinc</strong></span> <span class='ocrx_word' id='word_1_54' title='bbox 1383 1299 1524 1374; x_wconf 93' lang='lat' dir='ltr'><strong>post</strong></span> <span class='ocrx_word' id='word_1_55' title='bbox 1585 1290 1942 1354; x_wconf 77' lang='lat' dir='ltr'><strong>buccellam</strong></span> <span class='ocrx_word' id='word_1_56' title='bbox 1999 1289 2236 1353; x_wconf 89' lang='lat' dir='ltr'><strong>dicitur</strong></span> <span class='ocrx_word' id='word_1_57' title='bbox 2303 1290 2367 1352; x_wconf 90' lang='lat' dir='ltr'><strong>in</strong></span> 
     </span>
    </p>
   </div>
   <div class='ocr_carea' id='block_1_7' title="bbox 865 1389 2370 1866">
    <p class='ocr_par' dir='ltr' id='par_1_7' title="bbox 865 1389 2370 1866">
     <span class='ocr_line' id='line_1_11' title="bbox 867 1389 2370 1472; baseline -0.002 -19"><span class='ocrx_word' id='word_1_58' title='bbox 867 1409 1016 1453; x_wconf 93' lang='lat' dir='ltr'><strong>eum</strong></span> <span class='ocrx_word' id='word_1_59' title='bbox 1058 1390 1352 1453; x_wconf 79' lang='lat' dir='ltr'><strong>introisse</strong></span> <span class='ocrx_word' id='word_1_60' title='bbox 1392 1389 1708 1464; x_wconf 77' lang='lat' dir='ltr'><strong>diaboluS,</strong></span> <span class='ocrx_word' id='word_1_61' title='bbox 1752 1407 1866 1472; x_wconf 89' lang='lat' dir='ltr'><strong>per</strong></span> <span class='ocrx_word' id='word_1_62' title='bbox 1913 1389 2370 1451; x_wconf 85' lang='lat' dir='ltr'><strong>accumulatio-</strong></span> 
     </span>
     <span class='ocr_line' id='line_1_12' title="bbox 867 1487 2365 1571; baseline -0.003 -19"><span class='ocrx_word' id='word_1_63' title='bbox 867 1507 1014 1552; x_wconf 89' lang='lat' dir='ltr'><strong>nem</strong></span> <span class='ocrx_word' id='word_1_64' title='bbox 1044 1489 1312 1571; x_wconf 89' lang='lat' dir='ltr'><strong>peccati.</strong></span> <span class='ocrx_word' id='word_1_65' title='bbox 1346 1489 1488 1551; x_wconf 82' lang='lat' dir='ltr'><strong>Haec</strong></span> <span class='ocrx_word' id='word_1_66' title='bbox 1519 1488 1790 1551; x_wconf 86' lang='lat' dir='ltr'><strong>Thomas</strong></span> <span class='ocrx_word' id='word_1_67' title='bbox 1824 1487 1887 1550; x_wconf 90' lang='lat' dir='ltr'><strong>in</strong></span> <span class='ocrx_word' id='word_1_68' title='bbox 1920 1487 2187 1570; x_wconf 88' lang='lat' dir='ltr'><strong>Script0.</strong></span> <span class='ocrx_word' id='word_1_69' title='bbox 2222 1487 2365 1549; x_wconf 83' lang='lat' dir='ltr'><strong>Haec</strong></span> 
     </span>
     <span class='ocr_line' id='line_1_13' title="bbox 867 1585 2369 1669; baseline -0.003 -17"><span class='ocrx_word' id='word_1_70' title='bbox 867 1590 1086 1652; x_wconf 89' lang='lat' dir='ltr'><strong>eadem</strong></span> <span class='ocrx_word' id='word_1_71' title='bbox 1137 1588 1359 1651; x_wconf 86' lang='lat' dir='ltr'><strong>scribit</strong></span> <span class='ocrx_word' id='word_1_72' title='bbox 1409 1588 1470 1650; x_wconf 93' lang='lat' dir='ltr'><strong>in</strong></span> <span class='ocrx_word' id='word_1_73' title='bbox 1515 1588 1700 1650; x_wconf 85' lang='lat' dir='ltr'><strong>tertia</strong></span> <span class='ocrx_word' id='word_1_74' title='bbox 1739 1593 1939 1669; x_wconf 83' lang='lat' dir='ltr'><strong>parte,</strong></span> <span class='ocrx_word' id='word_1_75' title='bbox 1982 1585 2369 1667; x_wconf 81' lang='lat' dir='ltr'><strong>octogesima</strong></span> 
     </span>
     <span class='ocr_line' id='line_1_14' title="bbox 868 1684 2363 1768; baseline -0.002 -20"><span class='ocrx_word' id='word_1_76' title='bbox 868 1687 1076 1768; x_wconf 90' lang='lat' dir='ltr'><strong>prima</strong></span> <span class='ocrx_word' id='word_1_77' title='bbox 1114 1686 1463 1768; x_wconf 82' lang='lat' dir='ltr'><strong>quaestione</strong></span> <span class='ocrx_word' id='word_1_78' title='bbox 1497 1703 1511 1747; x_wconf 75' lang='grc' dir='ltr'>ε</span> <span class='ocrx_word' id='word_1_79' title='bbox 1548 1684 1657 1747; x_wconf 91' lang='lat' dir='ltr'><strong>ubi</strong></span> <span class='ocrx_word' id='word_1_80' title='bbox 1697 1691 1761 1747; x_wconf 90' lang='lat' dir='ltr'><strong>et</strong></span> <span class='ocrx_word' id='word_1_81' title='bbox 1797 1684 1992 1759; x_wconf 84' lang='lat' dir='ltr'><strong>addit,</strong></span> <span class='ocrx_word' id='word_1_82' title='bbox 2027 1684 2199 1766; x_wconf 93' lang='lat' dir='ltr'><strong>quod</strong></span> <span class='ocrx_word' id='word_1_83' title='bbox 2237 1701 2363 1746; x_wconf 90' lang='lat' dir='ltr'><strong>non</strong></span> 
     </span>
     <span class='ocr_line' id='line_1_15' title="bbox 865 1783 2369 1866; baseline -0.003 -18"><span class='ocrx_word' id='word_1_84' title='bbox 865 1785 1082 1848; x_wconf 85' lang='lat' dir='ltr'><strong>decuit</strong></span> <span class='ocrx_word' id='word_1_85' title='bbox 1113 1785 1548 1866; x_wconf 84' lang='lat' dir='ltr'><strong>magisterium</strong></span> <span class='ocrx_word' id='word_1_86' title='bbox 1581 1783 1836 1858; x_wconf 84' lang='lat' dir='ltr'><strong>Christi,</strong></span> <span class='ocrx_word' id='word_1_87' title='bbox 1871 1790 1940 1845; x_wconf 91' lang='lat' dir='ltr'><strong>ut</strong></span> <span class='ocrx_word' id='word_1_88' title='bbox 1967 1783 2193 1845; x_wconf 85' lang='lat' dir='ltr'><strong>Judam</strong></span> <span class='ocrx_word' id='word_1_89' title='bbox 2225 1801 2369 1864; x_wconf 91' lang='lat' dir='ltr'><strong>pec-</strong></span> 
     </span>
    </p>
   </div>
   <div class='ocr_carea' id='block_1_8' title="bbox 2478 799 3995 1866">
    <p class='ocr_par' dir='ltr' id='par_1_8' title="bbox 2478 799 3995 1866">
     <span class='ocr_line' id='line_1_16' title="bbox 2480 799 3993 884; baseline 0.001 -23"><span class='ocrx_word' id='word_1_90' title='bbox 2480 799 2977 875; x_wconf 81' lang='lat' dir='ltr'><strong>conliciendum,</strong></span> <span class='ocrx_word' id='word_1_91' title='bbox 3029 802 3182 884; x_wconf 92' lang='lat' dir='ltr'><strong>quia</strong></span> <span class='ocrx_word' id='word_1_92' title='bbox 3228 802 3329 882; x_wconf 90' lang='lat' dir='ltr'><strong>(ut</strong></span> <span class='ocrx_word' id='word_1_93' title='bbox 3374 801 3625 882; x_wconf 90' lang='lat' dir='ltr'><strong>dicunt)</strong></span> <span class='ocrx_word' id='word_1_94' title='bbox 3668 801 3993 864; x_wconf 89' lang='lat' dir='ltr'><strong>Dominus</strong></span> 
     </span>
     <span class='ocr_line' id='line_1_17' title="bbox 2478 897 3994 980; baseline 0.003 -21"><span class='ocrx_word' id='word_1_95' title='bbox 2478 897 2633 960; x_wconf 83' lang='lat' dir='ltr'><strong>fecit</strong></span> <span class='ocrx_word' id='word_1_96' title='bbox 2662 899 2896 980; x_wconf 88' lang='lat' dir='ltr'><strong>pascha</strong></span> <span class='ocrx_word' id='word_1_97' title='bbox 2934 899 3084 962; x_wconf 90' lang='lat' dir='ltr'><strong>luna</strong></span> <span class='ocrx_word' id='word_1_98' title='bbox 3120 900 3577 974; x_wconf 85' lang='lat' dir='ltr'><strong>tertiadecima,</strong></span> <span class='ocrx_word' id='word_1_99' title='bbox 3609 901 3765 962; x_wconf 92' lang='lat' dir='ltr'><strong>dum</strong></span> <span class='ocrx_word' id='word_1_100' title='bbox 3804 899 3994 963; x_wconf 87' lang='lat' dir='ltr'><strong>nulla</strong></span> 
     </span>
     <span class='ocr_line' id='line_1_18' title="bbox 2478 996 3995 1078; baseline 0.002 -21"><span class='ocrx_word' id='word_1_101' title='bbox 2478 1015 2699 1078; x_wconf 85' lang='lat' dir='ltr'><strong>azyma</strong></span> <span class='ocrx_word' id='word_1_102' title='bbox 2740 1003 2922 1058; x_wconf 88' lang='lat' dir='ltr'><strong>erant</strong></span> <span class='ocrx_word' id='word_1_103' title='bbox 2962 997 3028 1059; x_wconf 87' lang='lat' dir='ltr'><strong>in</strong></span> <span class='ocrx_word' id='word_1_104' title='bbox 3069 996 3367 1060; x_wconf 88' lang='lat' dir='ltr'><strong>domibus</strong></span> <span class='ocrx_word' id='word_1_105' title='bbox 3411 996 3792 1060; x_wconf 76' lang='lat' dir='ltr'><strong>Judaeorum.</strong></span> <span class='ocrx_word' id='word_1_106' title='bbox 3826 997 3995 1060; x_wconf 79' lang='lat' dir='ltr'><strong>Prae-</strong></span> 
     </span>
     <span class='ocr_line' id='line_1_19' title="bbox 2478 1094 3987 1178; baseline 0.001 -22"><span class='ocrx_word' id='word_1_107' title='bbox 2478 1095 2815 1176; x_wconf 87' lang='lat' dir='ltr'><strong>occupavit</strong></span> <span class='ocrx_word' id='word_1_108' title='bbox 2852 1095 3093 1178; x_wconf 90' lang='lat' dir='ltr'><strong>quippe</strong></span> <span class='ocrx_word' id='word_1_109' title='bbox 3133 1095 3441 1158; x_wconf 90' lang='lat' dir='ltr'><strong>Dominus</strong></span> <span class='ocrx_word' id='word_1_110' title='bbox 3479 1094 3691 1158; x_wconf 76' lang='lat' dir='ltr'><strong>facere</strong></span> <span class='ocrx_word' id='word_1_111' title='bbox 3721 1095 3987 1178; x_wconf 86' lang='lat' dir='ltr'><strong>pascha,</strong></span> 
     </span>
     <span class='ocr_line' id='line_1_20' title="bbox 2482 1191 3993 1274; baseline 0.001 -21"><span class='ocrx_word' id='word_1_112' title='bbox 2482 1199 2551 1253; x_wconf 89' lang='lat' dir='ltr'><strong>ut</strong></span> <span class='ocrx_word' id='word_1_113' title='bbox 2597 1192 2841 1266; x_wconf 88' lang='lat' dir='ltr'><strong>dicunt,</strong></span> <span class='ocrx_word' id='word_1_114' title='bbox 2876 1193 3179 1274; x_wconf 91' lang='lat' dir='ltr'><strong>quoniam</strong></span> <span class='ocrx_word' id='word_1_115' title='bbox 3222 1193 3609 1255; x_wconf 87' lang='lat' dir='ltr'><strong>occidendus</strong></span> <span class='ocrx_word' id='word_1_116' title='bbox 3657 1191 3784 1255; x_wconf 83' lang='lat' dir='ltr'><strong>fuit</strong></span> <span class='ocrx_word' id='word_1_117' title='bbox 3830 1193 3993 1255; x_wconf 83' lang='lat' dir='ltr'><strong>luna</strong></span> 
     </span>
     <span class='ocr_line' id='line_1_21' title="bbox 2479 1289 3994 1373; baseline 0.001 -23"><span class='ocrx_word' id='word_1_118' title='bbox 2479 1289 2973 1371; x_wconf 88' lang='lat' dir='ltr'><strong>quartadecima.</strong></span> <span class='ocrx_word' id='word_1_119' title='bbox 3007 1291 3177 1353; x_wconf 87' lang='lat' dir='ltr'><strong>Istud</strong></span> <span class='ocrx_word' id='word_1_120' title='bbox 3232 1309 3485 1373; x_wconf 87' lang='lat' dir='ltr'><strong>quoque</strong></span> <span class='ocrx_word' id='word_1_121' title='bbox 3535 1290 3994 1373; x_wconf 87' lang='lat' dir='ltr'><strong>multipliciter</strong></span> 
     </span>
     <span class='ocr_line' id='line_1_22' title="bbox 2480 1387 3991 1470; baseline 0.002 -22"><span class='ocrx_word' id='word_1_122' title='bbox 2480 1387 2769 1469; x_wconf 88' lang='lat' dir='ltr'><strong>probant.</strong></span> <span class='ocrx_word' id='word_1_123' title='bbox 2831 1388 3061 1462; x_wconf 87' lang='lat' dir='ltr'><strong>Primo,</strong></span> <span class='ocrx_word' id='word_1_124' title='bbox 3122 1389 3424 1470; x_wconf 85' lang='lat' dir='ltr'><strong>quoniam</strong></span> <span class='ocrx_word' id='word_1_125' title='bbox 3482 1389 3715 1451; x_wconf 82' lang='lat' dir='ltr'><strong>veritas</strong></span> <span class='ocrx_word' id='word_1_126' title='bbox 3774 1407 3991 1453; x_wconf 85' lang='lat' dir='ltr'><strong>corre-</strong></span> 
     </span>
     <span class='ocr_line' id='line_1_23' title="bbox 2478 1485 3994 1570; baseline 0.001 -23"><span class='ocrx_word' id='word_1_127' title='bbox 2478 1486 2785 1568; x_wconf 89' lang='lat' dir='ltr'><strong>spondere</strong></span> <span class='ocrx_word' id='word_1_128' title='bbox 2813 1485 3004 1549; x_wconf 92' lang='lat' dir='ltr'><strong>debet</strong></span> <span class='ocrx_word' id='word_1_129' title='bbox 3033 1486 3251 1567; x_wconf 79' lang='lat' dir='ltr'><strong>figurae</strong></span> <span class='ocrx_word' id='word_1_130' title='bbox 3281 1495 3345 1548; x_wconf 86' lang='lat' dir='ltr'><strong>et</strong></span> <span class='ocrx_word' id='word_1_131' title='bbox 3373 1486 3644 1566; x_wconf 80' lang='lat' dir='ltr'><strong>umbrae3</strong></span> <span class='ocrx_word' id='word_1_132' title='bbox 3666 1488 3776 1550; x_wconf 87' lang='lat' dir='ltr'><strong>sed</strong></span> <span class='ocrx_word' id='word_1_133' title='bbox 3807 1506 3994 1570; x_wconf 86' lang='lat' dir='ltr'><strong>quar-</strong></span> 
     </span>
     <span class='ocr_line' id='line_1_24' title="bbox 2479 1584 3991 1667; baseline 0.002 -22"><span class='ocrx_word' id='word_1_134' title='bbox 2479 1585 2791 1647; x_wconf 87' lang='lat' dir='ltr'><strong>tadecima</strong></span> <span class='ocrx_word' id='word_1_135' title='bbox 2840 1584 2991 1648; x_wconf 89' lang='lat' dir='ltr'><strong>luna</strong></span> <span class='ocrx_word' id='word_1_136' title='bbox 3037 1584 3433 1648; x_wconf 76' lang='lat' dir='ltr'><strong>offerebatur</strong></span> <span class='ocrx_word' id='word_1_137' title='bbox 3480 1586 3545 1648; x_wconf 93' lang='lat' dir='ltr'><strong>in</strong></span> <span class='ocrx_word' id='word_1_138' title='bbox 3594 1585 3733 1667; x_wconf 84' lang='lat' dir='ltr'><strong>lege</strong></span> <span class='ocrx_word' id='word_1_139' title='bbox 3778 1605 3991 1667; x_wconf 82' lang='lat' dir='ltr'><strong>agnus</strong></span> 
     </span>
     <span class='ocr_line' id='line_1_25' title="bbox 2483 1682 3995 1767; baseline 0.001 -23"><span class='ocrx_word' id='word_1_140' title='bbox 2483 1682 2799 1764; x_wconf 88' lang='lat' dir='ltr'><strong>paschalis</strong></span> <span class='ocrx_word' id='word_1_141' title='bbox 2831 1690 2895 1744; x_wconf 86' lang='lat' dir='ltr'><strong>et</strong></span> <span class='ocrx_word' id='word_1_142' title='bbox 2922 1683 3174 1766; x_wconf 89' lang='lat' dir='ltr'><strong>typicus</strong></span> <span class='ocrx_word' id='word_1_143' title='bbox 3212 1685 3290 1748; x_wconf 86' lang='lat' dir='ltr'><strong>ad</strong></span> <span class='ocrx_word' id='word_1_144' title='bbox 3320 1702 3652 1767; x_wconf 85' lang='lat' dir='ltr'><strong>vesperam</strong></span> <span class='ocrx_word' id='word_1_145' title='bbox 3688 1702 3703 1746; x_wconf 74' lang='grc' dir='ltr'><em>τ</em></span> <span class='ocrx_word' id='word_1_146' title='bbox 3736 1702 3891 1766; x_wconf 79' lang='lat' dir='ltr'><strong>ergo</strong></span> <span class='ocrx_word' id='word_1_147' title='bbox 3922 1693 3995 1747; x_wconf 90' lang='lat' dir='ltr'><strong>et</strong></span> 
     </span>
     <span class='ocr_line' id='line_1_26' title="bbox 2479 1781 3991 1866; baseline 0.003 -24"><span class='ocrx_word' id='word_1_148' title='bbox 2479 1789 2631 1844; x_wconf 89' lang='lat' dir='ltr'><strong>tunc</strong></span> <span class='ocrx_word' id='word_1_149' title='bbox 2680 1781 2964 1846; x_wconf 91' lang='lat' dir='ltr'><strong>Christus</strong></span> <span class='ocrx_word' id='word_1_150' title='bbox 3008 1802 3123 1864; x_wconf 89' lang='lat' dir='ltr'><strong>per</strong></span> <span class='ocrx_word' id='word_1_151' title='bbox 3162 1800 3397 1865; x_wconf 79' lang='lat' dir='ltr'><strong>agnum</strong></span> <span class='ocrx_word' id='word_1_152' title='bbox 3448 1783 3632 1846; x_wconf 92' lang='lat' dir='ltr'><strong>illum</strong></span> <span class='ocrx_word' id='word_1_153' title='bbox 3682 1783 3991 1866; x_wconf 64' lang='lat' dir='ltr'><strong>praefigu-</strong></span> 
     </span>
    </p>
   </div>
   <div class='ocr_carea' id='block_1_9' title="bbox 866 1874 3990 1962">
    <p class='ocr_par' dir='ltr' id='par_1_9' title="bbox 866 1874 3990 1962">
     <span class='ocr_line' id='line_1_27' title="bbox 866 1874 3990 1962; baseline -0.001 -16"><span class='ocrx_word' id='word_1_154' title='bbox 866 1890 1143 1946; x_wconf 88' lang='lat' dir='ltr'><strong>catorem</strong></span> <span class='ocrx_word' id='word_1_155' title='bbox 1175 1883 1516 1956; x_wconf 88' lang='lat' dir='ltr'><strong>occultum,</strong></span> <span class='ocrx_word' id='word_1_156' title='bbox 1541 1883 1680 1946; x_wconf 88' lang='lat' dir='ltr'><strong>sine</strong></span> <span class='ocrx_word' id='word_1_157' title='bbox 1709 1881 2112 1944; x_wconf 88' lang='lat' dir='ltr'><strong>accusatione</strong></span> <span class='ocrx_word' id='word_1_158' title='bbox 2142 1888 2207 1943; x_wconf 92' lang='lat' dir='ltr'><strong>et</strong></span> <span class='ocrx_word' id='word_1_159' title='bbox 2236 1879 2367 1942; x_wconf 90' lang='lat' dir='ltr'><strong>evi·</strong></span> <span class='ocrx_word' id='word_1_160' title='bbox 2396 1874 2443 1937; x_wconf 91' lang='lat' dir='ltr'>B</span> <span class='ocrx_word' id='word_1_161' title='bbox 2480 1887 2674 1954; x_wconf 88' lang='lat' dir='ltr'><strong>ratus,</strong></span> <span class='ocrx_word' id='word_1_162' title='bbox 2702 1878 2825 1942; x_wconf 77' lang='lat' dir='ltr'><strong>fuit</strong></span> <span class='ocrx_word' id='word_1_163' title='bbox 2854 1880 3122 1943; x_wconf 89' lang='lat' dir='ltr'><strong>oblatus.</strong></span> <span class='ocrx_word' id='word_1_164' title='bbox 3148 1881 3347 1962; x_wconf 83' lang='lat' dir='ltr'><strong>Igitur</strong></span> <span class='ocrx_word' id='word_1_165' title='bbox 3376 1881 3443 1943; x_wconf 89' lang='lat' dir='ltr'><strong>in</strong></span> <span class='ocrx_word' id='word_1_166' title='bbox 3472 1881 3575 1943; x_wconf 92' lang='lat' dir='ltr'><strong>die</strong></span> <span class='ocrx_word' id='word_1_167' title='bbox 3605 1882 3990 1945; x_wconf 87' lang='lat' dir='ltr'><strong>Parasceves</strong></span> 
     </span>
    </p>
   </div>
   <div class='ocr_carea' id='block_1_10' title="bbox 864 1979 2374 3045">
    <p class='ocr_par' dir='ltr' id='par_1_10' title="bbox 864 1979 2369 2339">
     <span class='ocr_line' id='line_1_28' title="bbox 864 1979 2367 2064; baseline -0.002 -20"><span class='ocrx_word' id='word_1_168' title='bbox 864 1983 1037 2045; x_wconf 90' lang='lat' dir='ltr'><strong>denti</strong></span> <span class='ocrx_word' id='word_1_169' title='bbox 1070 1981 1442 2064; x_wconf 88' lang='lat' dir='ltr'><strong>probatione</strong></span> <span class='ocrx_word' id='word_1_170' title='bbox 1480 1980 1559 2043; x_wconf 91' lang='lat' dir='ltr'><strong>ab</strong></span> <span class='ocrx_word' id='word_1_171' title='bbox 1597 1981 1868 2043; x_wconf 88' lang='lat' dir='ltr'><strong>aliorum</strong></span> <span class='ocrx_word' id='word_1_172' title='bbox 1915 1979 2367 2043; x_wconf 89' lang='lat' dir='ltr'><strong>communione</strong></span> 
     </span>
     <span class='ocr_line' id='line_1_29' title="bbox 864 2078 2367 2162; baseline -0.003 -19"><span class='ocrx_word' id='word_1_173' title='bbox 864 2088 1054 2162; x_wconf 89' lang='lat' dir='ltr'><strong>atque</strong></span> <span class='ocrx_word' id='word_1_174' title='bbox 1093 2081 1411 2143; x_wconf 87' lang='lat' dir='ltr'><strong>consortio</strong></span> <span class='ocrx_word' id='word_1_175' title='bbox 1448 2087 1788 2162; x_wconf 89' lang='lat' dir='ltr'><strong>separaret,</strong></span> <span class='ocrx_word' id='word_1_176' title='bbox 1823 2097 1902 2141; x_wconf 90' lang='lat' dir='ltr'><strong>ne</strong></span> <span class='ocrx_word' id='word_1_177' title='bbox 1943 2097 2058 2161; x_wconf 86' lang='lat' dir='ltr'><strong>per</strong></span> <span class='ocrx_word' id='word_1_178' title='bbox 2095 2078 2217 2140; x_wconf 93' lang='lat' dir='ltr'><strong>hoc</strong></span> <span class='ocrx_word' id='word_1_179' title='bbox 2262 2078 2367 2140; x_wconf 87' lang='lat' dir='ltr'><strong>da-</strong></span> 
     </span>
     <span class='ocr_line' id='line_1_30' title="bbox 866 2175 2369 2261; baseline -0.002 -20"><span class='ocrx_word' id='word_1_180' title='bbox 866 2186 1040 2241; x_wconf 86' lang='lat' dir='ltr'><strong>retur</strong></span> <span class='ocrx_word' id='word_1_181' title='bbox 1078 2179 1354 2261; x_wconf 82' lang='lat' dir='ltr'><strong>praelatis</strong></span> <span class='ocrx_word' id='word_1_182' title='bbox 1385 2178 1684 2242; x_wconf 81' lang='lat' dir='ltr'><strong>Ecclesiae</strong></span> <span class='ocrx_word' id='word_1_183' title='bbox 1723 2177 2091 2260; x_wconf 88' lang='lat' dir='ltr'><strong>exemplum</strong></span> <span class='ocrx_word' id='word_1_184' title='bbox 2132 2175 2369 2238; x_wconf 88' lang='lat' dir='ltr'><strong>facien-</strong></span> 
     </span>
     <span class='ocr_line' id='line_1_31' title="bbox 866 2276 1228 2339; baseline -0.003 0"><span class='ocrx_word' id='word_1_185' title='bbox 866 2276 929 2339; x_wconf 92' lang='lat' dir='ltr'><strong>di</strong></span> <span class='ocrx_word' id='word_1_186' title='bbox 974 2277 1228 2339; x_wconf 85' lang='lat' dir='ltr'><strong>similia.</strong></span> 
     </span>
    </p>

    <p class='ocr_par' dir='ltr' id='par_1_11' title="bbox 864 2373 2374 3045">
     <span class='ocr_line' id='line_1_32' title="bbox 947 2373 2366 2446; baseline -0.002 -9"><span class='ocrx_word' id='word_1_187' title='bbox 947 2375 1070 2437; x_wconf 88' lang='lat' dir='ltr'><strong>Ista</strong></span> <span class='ocrx_word' id='word_1_188' title='bbox 1119 2373 1486 2438; x_wconf 89' lang='lat' dir='ltr'><strong>communia</strong></span> <span class='ocrx_word' id='word_1_189' title='bbox 1531 2381 1703 2446; x_wconf 89' lang='lat' dir='ltr'><strong>sunt,</strong></span> <span class='ocrx_word' id='word_1_190' title='bbox 1754 2381 1817 2436; x_wconf 87' lang='lat' dir='ltr'><strong>et</strong></span> <span class='ocrx_word' id='word_1_191' title='bbox 1866 2373 2251 2436; x_wconf 88' lang='lat' dir='ltr'><strong>concordant</strong></span> <span class='ocrx_word' id='word_1_192' title='bbox 2301 2373 2366 2434; x_wconf 91' lang='lat' dir='ltr'><strong>in</strong></span> 
     </span>
     <span class='ocr_line' id='line_1_33' title="bbox 867 2472 2370 2548; baseline -0.003 -12"><span class='ocrx_word' id='word_1_193' title='bbox 867 2474 960 2536; x_wconf 90' lang='lat' dir='ltr'><strong>eis</strong></span> <span class='ocrx_word' id='word_1_194' title='bbox 998 2473 1312 2548; x_wconf 88' lang='lat' dir='ltr'><strong>doctores,</strong></span> <span class='ocrx_word' id='word_1_195' title='bbox 1344 2472 1664 2547; x_wconf 79' lang='lat' dir='ltr'><strong>AlbertuS,</strong></span> <span class='ocrx_word' id='word_1_196' title='bbox 1697 2472 2138 2535; x_wconf 83' lang='lat' dir='ltr'><strong>Bonaventura</strong></span> <span class='ocrx_word' id='word_1_197' title='bbox 2168 2478 2231 2533; x_wconf 91' lang='lat' dir='ltr'><strong>et</strong></span> <span class='ocrx_word' id='word_1_198' title='bbox 2269 2489 2370 2532; x_wconf 88' lang='lat' dir='ltr'><strong>ce-</strong></span> 
     </span>
     <span class='ocr_line' id='line_1_34' title="bbox 865 2569 2370 2654; baseline -0.003 -20"><span class='ocrx_word' id='word_1_199' title='bbox 865 2572 1009 2647; x_wconf 90' lang='lat' dir='ltr'><strong>teri,</strong></span> <span class='ocrx_word' id='word_1_200' title='bbox 1033 2571 1377 2653; x_wconf 86' lang='lat' dir='ltr'><strong>allegantes</strong></span> <span class='ocrx_word' id='word_1_201' title='bbox 1406 2572 1576 2654; x_wconf 91' lang='lat' dir='ltr'><strong>quod</strong></span> <span class='ocrx_word' id='word_1_202' title='bbox 1608 2589 1802 2654; x_wconf 91' lang='lat' dir='ltr'><strong>super</strong></span> <span class='ocrx_word' id='word_1_203' title='bbox 1829 2569 2185 2632; x_wconf 84' lang='lat' dir='ltr'><strong>Leviticum</strong></span> <span class='ocrx_word' id='word_1_204' title='bbox 2218 2569 2370 2631; x_wconf 90' lang='lat' dir='ltr'><strong>scri-</strong></span> 
     </span>
     <span class='ocr_line' id='line_1_35' title="bbox 866 2667 2370 2754; baseline -0.003 -22"><span class='ocrx_word' id='word_1_205' title='bbox 866 2670 963 2732; x_wconf 90' lang='lat' dir='ltr'><strong>bit</strong></span> <span class='ocrx_word' id='word_1_206' title='bbox 990 2669 1340 2754; x_wconf 86' lang='lat' dir='ltr'><strong>Hesychius</strong></span> <span class='ocrx_word' id='word_1_207' title='bbox 1369 2669 1888 2752; x_wconf 88' lang='lat' dir='ltr'><strong>archiepiscopus</strong></span> <span class='ocrx_word' id='word_1_208' title='bbox 1919 2676 1983 2731; x_wconf 86' lang='lat' dir='ltr'><strong>et</strong></span> <span class='ocrx_word' id='word_1_209' title='bbox 2012 2667 2370 2751; x_wconf 89' lang='lat' dir='ltr'><strong>patriarcha</strong></span> 
     </span>
     <span class='ocr_line' id='line_1_36' title="bbox 864 2766 2368 2851; baseline -0.004 -20"><span class='ocrx_word' id='word_1_210' title='bbox 864 2767 1424 2851; x_wconf 85' lang='lat' dir='ltr'><strong>Jerosolymitanus</strong></span> <span class='ocrx_word' id='word_1_211' title='bbox 1458 2784 1471 2829; x_wconf 92' lang='lat'>:</span> <span class='ocrx_word' id='word_1_212' title='bbox 1507 2767 1793 2831; x_wconf 89' lang='lat' dir='ltr'><strong>Christus</strong></span> <span class='ocrx_word' id='word_1_213' title='bbox 1833 2766 1900 2828; x_wconf 88' lang='lat' dir='ltr'><strong>in</strong></span> <span class='ocrx_word' id='word_1_214' title='bbox 1941 2766 2131 2830; x_wconf 89' lang='lat' dir='ltr'><strong>Coena</strong></span> <span class='ocrx_word' id='word_1_215' title='bbox 2179 2783 2368 2827; x_wconf 88' lang='lat' dir='ltr'><strong>suum</strong></span> 
     </span>
     <span class='ocr_line' id='line_1_37' title="bbox 866 2863 2374 2948; baseline -0.003 -19"><span class='ocrx_word' id='word_1_216' title='bbox 866 2867 1234 2948; x_wconf 83' lang='lat' dir='ltr'><strong>sanguinem</strong></span> <span class='ocrx_word' id='word_1_217' title='bbox 1265 2865 1674 2939; x_wconf 89' lang='lat' dir='ltr'><strong>consecravit,</strong></span> <span class='ocrx_word' id='word_1_218' title='bbox 1689 2873 1753 2927; x_wconf 88' lang='lat' dir='ltr'><strong>et</strong></span> <span class='ocrx_word' id='word_1_219' title='bbox 1782 2870 2219 2927; x_wconf 89' lang='lat' dir='ltr'><strong>consecratum</strong></span> <span class='ocrx_word' id='word_1_220' title='bbox 2249 2863 2374 2946; x_wconf 89' lang='lat' dir='ltr'><strong>pri-</strong></span> 
     </span>
     <span class='ocr_line' id='line_1_38' title="bbox 870 2961 2368 3045; baseline -0.003 -18"><span class='ocrx_word' id='word_1_221' title='bbox 870 2982 975 3027; x_wconf 90' lang='lat' dir='ltr'><strong>mo</strong></span> <span class='ocrx_word' id='word_1_222' title='bbox 1007 2964 1193 3038; x_wconf 90' lang='lat' dir='ltr'><strong>bibit,</strong></span> <span class='ocrx_word' id='word_1_223' title='bbox 1226 2963 1456 3027; x_wconf 92' lang='lat' dir='ltr'><strong>deinde</strong></span> <span class='ocrx_word' id='word_1_224' title='bbox 1495 2963 1830 3045; x_wconf 88' lang='lat' dir='ltr'><strong>discipulis</strong></span> <span class='ocrx_word' id='word_1_225' title='bbox 1870 2963 2060 3024; x_wconf 87' lang='lat' dir='ltr'><strong>dedit.</strong></span> <span class='ocrx_word' id='word_1_226' title='bbox 2097 2961 2175 3023; x_wconf 89' lang='lat' dir='ltr'><strong>Et</strong></span> <span class='ocrx_word' id='word_1_227' title='bbox 2214 2962 2368 3024; x_wconf 90' lang='lat' dir='ltr'><strong>item</strong></span> 
     </span>
    </p>
   </div>
   <div class='ocr_carea' id='block_1_11' title="bbox 2476 1976 4241 3043">
    <p class='ocr_par' dir='ltr' id='par_1_12' title="bbox 2480 1976 3991 2063">
     <span class='ocr_line' id='line_1_39' title="bbox 2480 1976 3991 2063; baseline 0.003 -24"><span class='ocrx_word' id='word_1_228' title='bbox 2480 1976 2602 2040; x_wconf 81' lang='lat' dir='ltr'><strong>fuit</strong></span> <span class='ocrx_word' id='word_1_229' title='bbox 2641 1978 3114 2060; x_wconf 87' lang='lat' dir='ltr'><strong>quartadecima</strong></span> <span class='ocrx_word' id='word_1_230' title='bbox 3154 1979 3325 2054; x_wconf 88' lang='lat' dir='ltr'><strong>luna,</strong></span> <span class='ocrx_word' id='word_1_231' title='bbox 3358 1987 3423 2042; x_wconf 91' lang='lat' dir='ltr'><strong>et</strong></span> <span class='ocrx_word' id='word_1_232' title='bbox 3459 1980 3525 2042; x_wconf 91' lang='lat' dir='ltr'><strong>in</strong></span> <span class='ocrx_word' id='word_1_233' title='bbox 3556 1981 3781 2063; x_wconf 87' lang='lat' dir='ltr'><strong>quinta</strong></span> <span class='ocrx_word' id='word_1_234' title='bbox 3820 1980 3991 2045; x_wconf 80' lang='lat' dir='ltr'><strong>feria</strong></span> 
     </span>
    </p>

    <p class='ocr_par' dir='ltr' id='par_1_13' title="bbox 2480 2076 3991 2161">
     <span class='ocr_line' id='line_1_40' title="bbox 2480 2076 3991 2161; baseline 0.003 -23"><span class='ocrx_word' id='word_1_235' title='bbox 2480 2076 2631 2139; x_wconf 87' lang='lat' dir='ltr'><strong>luna</strong></span> <span class='ocrx_word' id='word_1_236' title='bbox 2666 2077 3119 2140; x_wconf 86' lang='lat' dir='ltr'><strong>tertiadecima.</strong></span> <span class='ocrx_word' id='word_1_237' title='bbox 3156 2078 3468 2152; x_wconf 90' lang='lat' dir='ltr'><strong>Secundo,</strong></span> <span class='ocrx_word' id='word_1_238' title='bbox 3502 2078 3654 2161; x_wconf 88' lang='lat' dir='ltr'><strong>quia</strong></span> <span class='ocrx_word' id='word_1_239' title='bbox 3697 2079 3761 2141; x_wconf 90' lang='lat' dir='ltr'><strong>in</strong></span> <span class='ocrx_word' id='word_1_240' title='bbox 3801 2080 3991 2143; x_wconf 86' lang='lat' dir='ltr'><strong>Joan-</strong></span> 
     </span>
    </p>

    <p class='ocr_par' dir='ltr' id='par_1_14' title="bbox 2476 2175 4240 2448">
     <span class='ocr_line' id='line_1_41' title="bbox 2478 2175 4240 2258; baseline 0.007 -22"><span class='ocrx_word' id='word_1_241' title='bbox 2478 2193 2559 2236; x_wconf 88' lang='lat' dir='ltr'><strong>ne</strong></span> <span class='ocrx_word' id='word_1_242' title='bbox 2608 2175 2917 2258; x_wconf 86' lang='lat' dir='ltr'><strong>scriptum</strong></span> <span class='ocrx_word' id='word_1_243' title='bbox 2969 2183 3066 2238; x_wconf 90' lang='lat' dir='ltr'><strong>est</strong></span> <span class='ocrx_word' id='word_1_244' title='bbox 3108 2176 3321 2238; x_wconf 88' lang='lat' dir='ltr'><strong>:Ante</strong></span> <span class='ocrx_word' id='word_1_245' title='bbox 3370 2176 3542 2238; x_wconf 91' lang='lat' dir='ltr'><strong>diem</strong></span> <span class='ocrx_word' id='word_1_246' title='bbox 3590 2176 3823 2240; x_wconf 82' lang='lat' dir='ltr'><strong>festum</strong></span> <span class='ocrx_word' id='word_1_247' title='bbox 3874 2176 3991 2240; x_wconf 86' lang='lat' dir='ltr'><strong>Pa·</strong></span> <span class='ocrx_word' id='word_1_248' title='bbox 4016 2201 4240 2247; x_wconf 60' lang='lat' dir='ltr'><strong>,tumn</strong></span> 
     </span>
     <span class='ocr_line' id='line_1_42' title="bbox 2477 2269 4065 2356; baseline 0.003 -22"><span class='ocrx_word' id='word_1_249' title='bbox 2477 2273 2667 2348; x_wconf 81' lang='lat' dir='ltr'><strong>schae,</strong></span> <span class='ocrx_word' id='word_1_250' title='bbox 2702 2274 2909 2335; x_wconf 89' lang='lat' dir='ltr'><strong>sciens</strong></span> <span class='ocrx_word' id='word_1_251' title='bbox 2939 2275 3119 2337; x_wconf 87' lang='lat' dir='ltr'><strong>Jesus</strong></span> <span class='ocrx_word' id='word_1_252' title='bbox 3149 2274 3301 2356; x_wconf 86' lang='lat' dir='ltr'><strong>quia</strong></span> <span class='ocrx_word' id='word_1_253' title='bbox 3330 2274 3507 2337; x_wconf 89' lang='lat' dir='ltr'><strong>venit</strong></span> <span class='ocrx_word' id='word_1_254' title='bbox 3534 2275 3689 2338; x_wconf 86' lang='lat' dir='ltr'><strong>hora</strong></span> <span class='ocrx_word' id='word_1_255' title='bbox 3722 2275 3888 2356; x_wconf 78' lang='lat' dir='ltr'><strong>ejuS,</strong></span> <span class='ocrx_word' id='word_1_256' title='bbox 3914 2285 3991 2338; x_wconf 81' lang='lat' dir='ltr'><strong>ut</strong></span> <span class='ocrx_word' id='word_1_257' title='bbox 4024 2269 4065 2309; x_wconf 82' lang='lat'><strong>¹·</strong></span> 
     </span>
     <span class='ocr_line' id='line_1_43' title="bbox 2476 2372 3994 2448; baseline 0.003 -17"><span class='ocrx_word' id='word_1_258' title='bbox 2476 2378 2754 2435; x_wconf 87' lang='lat' dir='ltr'><strong>transeat</strong></span> <span class='ocrx_word' id='word_1_259' title='bbox 2782 2391 2858 2435; x_wconf 88' lang='lat' dir='ltr'><strong>ex</strong></span> <span class='ocrx_word' id='word_1_260' title='bbox 2889 2373 3009 2435; x_wconf 91' lang='lat' dir='ltr'><strong>hoc</strong></span> <span class='ocrx_word' id='word_1_261' title='bbox 3043 2373 3282 2436; x_wconf 89' lang='lat' dir='ltr'><strong>mundo</strong></span> <span class='ocrx_word' id='word_1_262' title='bbox 3309 2372 3386 2435; x_wconf 87' lang='lat' dir='ltr'><strong>ad</strong></span> <span class='ocrx_word' id='word_1_263' title='bbox 3417 2373 3685 2448; x_wconf 89' lang='lat' dir='ltr'><strong>Patrem,</strong></span> <span class='ocrx_word' id='word_1_264' title='bbox 3718 2381 3838 2436; x_wconf 86' lang='lat' dir='ltr'><strong>etc.</strong></span> <span class='ocrx_word' id='word_1_265' title='bbox 3876 2375 3994 2437; x_wconf 83' lang='lat' dir='ltr'><strong>Er-</strong></span> 
     </span>
    </p>

    <p class='ocr_par' dir='ltr' id='par_1_15' title="bbox 2476 2469 3991 2556">
     <span class='ocr_line' id='line_1_44' title="bbox 2476 2469 3991 2556; baseline 0.004 -25"><span class='ocrx_word' id='word_1_266' title='bbox 2476 2487 2555 2550; x_wconf 83' lang='lat' dir='ltr'><strong>go</strong></span> <span class='ocrx_word' id='word_1_267' title='bbox 2593 2477 2739 2532; x_wconf 86' lang='lat' dir='ltr'><strong>ante</strong></span> <span class='ocrx_word' id='word_1_268' title='bbox 2769 2469 2939 2532; x_wconf 89' lang='lat' dir='ltr'><strong>diem</strong></span> <span class='ocrx_word' id='word_1_269' title='bbox 2971 2470 3207 2533; x_wconf 80' lang='lat' dir='ltr'><strong>festum</strong></span> <span class='ocrx_word' id='word_1_270' title='bbox 3238 2471 3515 2534; x_wconf 88' lang='lat' dir='ltr'><strong>comedit</strong></span> <span class='ocrx_word' id='word_1_271' title='bbox 3549 2473 3805 2554; x_wconf 89' lang='lat' dir='ltr'><strong>pascha,</strong></span> <span class='ocrx_word' id='word_1_272' title='bbox 3838 2493 3991 2556; x_wconf 78' lang='lat' dir='ltr'><strong>quae</strong></span> 
     </span>
    </p>

    <p class='ocr_par' dir='ltr' id='par_1_16' title="bbox 2478 2568 3991 2654">
     <span class='ocr_line' id='line_1_45' title="bbox 2478 2568 3991 2654; baseline 0.005 -25"><span class='ocrx_word' id='word_1_273' title='bbox 2478 2568 2615 2631; x_wconf 89' lang='lat' dir='ltr'><strong>dies</strong></span> <span class='ocrx_word' id='word_1_274' title='bbox 2657 2568 2781 2631; x_wconf 86' lang='lat' dir='ltr'><strong>fuit</strong></span> <span class='ocrx_word' id='word_1_275' title='bbox 2825 2568 2977 2632; x_wconf 87' lang='lat' dir='ltr'><strong>luna</strong></span> <span class='ocrx_word' id='word_1_276' title='bbox 3021 2570 3511 2651; x_wconf 86' lang='lat' dir='ltr'><strong>quartadecima.</strong></span> <span class='ocrx_word' id='word_1_277' title='bbox 3548 2571 3785 2634; x_wconf 84' lang='lat' dir='ltr'><strong>Rursus</strong></span> <span class='ocrx_word' id='word_1_278' title='bbox 3831 2591 3991 2654; x_wconf 88' lang='lat' dir='ltr'><strong>quo-</strong></span> 
     </span>
    </p>

    <p class='ocr_par' dir='ltr' id='par_1_17' title="bbox 2478 2667 4241 3043">
     <span class='ocr_line' id='line_1_46' title="bbox 2480 2667 4241 2752; baseline 0.006 -24"><span class='ocrx_word' id='word_1_279' title='bbox 2480 2685 2603 2748; x_wconf 93' lang='lat' dir='ltr'><strong>que</strong></span> <span class='ocrx_word' id='word_1_280' title='bbox 2652 2667 2884 2748; x_wconf 81' lang='lat' dir='ltr'><strong>legitur</strong></span> <span class='ocrx_word' id='word_1_281' title='bbox 2930 2668 3099 2750; x_wconf 89' lang='lat' dir='ltr'><strong>apud</strong></span> <span class='ocrx_word' id='word_1_282' title='bbox 3147 2669 3451 2731; x_wconf 85' lang='lat' dir='ltr'><strong>Joannem</strong></span> <span class='ocrx_word' id='word_1_283' title='bbox 3488 2686 3503 2731; x_wconf 92' lang='lat'><strong>:</strong></span> <span class='ocrx_word' id='word_1_284' title='bbox 3538 2669 3662 2752; x_wconf 89' lang='lat' dir='ltr'><strong>Ipsi</strong></span> <span class='ocrx_word' id='word_1_285' title='bbox 3711 2686 3841 2732; x_wconf 89' lang='lat' dir='ltr'><strong>non</strong></span> <span class='ocrx_word' id='word_1_286' title='bbox 3892 2671 3993 2733; x_wconf 88' lang='lat' dir='ltr'><strong>in·</strong></span> <span class='ocrx_word' id='word_1_287' title='bbox 4038 2696 4241 2740; x_wconf 60' lang='lat' dir='ltr'><strong>mam</strong></span> 
     </span>
     <span class='ocr_line' id='line_1_47' title="bbox 2480 2762 4093 2848; baseline 0.003 -21"><span class='ocrx_word' id='word_1_288' title='bbox 2480 2765 2792 2828; x_wconf 88' lang='lat' dir='ltr'><strong>troierunt</strong></span> <span class='ocrx_word' id='word_1_289' title='bbox 2849 2766 3237 2848; x_wconf 84' lang='lat' dir='ltr'><strong>praetorium,</strong></span> <span class='ocrx_word' id='word_1_290' title='bbox 3292 2773 3361 2829; x_wconf 90' lang='lat' dir='ltr'><strong>ut</strong></span> <span class='ocrx_word' id='word_1_291' title='bbox 3418 2785 3547 2830; x_wconf 90' lang='lat' dir='ltr'><strong>non</strong></span> <span class='ocrx_word' id='word_1_292' title='bbox 3594 2769 3993 2832; x_wconf 84' lang='lat' dir='ltr'><strong>contamina·</strong></span> <span class='ocrx_word' id='word_1_293' title='bbox 4024 2762 4093 2802; x_wconf 73' lang='lat'><strong>²⁸·</strong></span> 
     </span>
     <span class='ocr_line' id='line_1_48' title="bbox 2478 2865 3991 2948; baseline 0.005 -23"><span class='ocrx_word' id='word_1_294' title='bbox 2478 2871 2715 2938; x_wconf 90' lang='lat' dir='ltr'><strong>rentur,</strong></span> <span class='ocrx_word' id='word_1_295' title='bbox 2729 2866 2838 2927; x_wconf 90' lang='lat' dir='ltr'><strong>sed</strong></span> <span class='ocrx_word' id='word_1_296' title='bbox 2871 2865 3325 2928; x_wconf 88' lang='lat' dir='ltr'><strong>manducarent</strong></span> <span class='ocrx_word' id='word_1_297' title='bbox 3355 2867 3603 2948; x_wconf 89' lang='lat' dir='ltr'><strong>pascha.</strong></span> <span class='ocrx_word' id='word_1_298' title='bbox 3618 2866 3757 2929; x_wconf 90' lang='lat' dir='ltr'><strong>Alia</strong></span> <span class='ocrx_word' id='word_1_299' title='bbox 3786 2868 3991 2932; x_wconf 88' lang='lat' dir='ltr'><strong>etiam</strong></span> 
     </span>
     <span class='ocr_line' id='line_1_49' title="bbox 2479 2962 3991 3043; baseline 0.004 -19"><span class='ocrx_word' id='word_1_300' title='bbox 2479 2963 2768 3043; x_wconf 82' lang='lat' dir='ltr'><strong>quaedam</strong></span> <span class='ocrx_word' id='word_1_301' title='bbox 2818 2963 2917 3024; x_wconf 91' lang='lat' dir='ltr'><strong>his</strong></span> <span class='ocrx_word' id='word_1_302' title='bbox 2966 2962 3328 3026; x_wconf 89' lang='lat' dir='ltr'><strong>consimilia</strong></span> <span class='ocrx_word' id='word_1_303' title='bbox 3376 2963 3807 3028; x_wconf 89' lang='lat' dir='ltr'><strong>introducunt.</strong></span> <span class='ocrx_word' id='word_1_304' title='bbox 3856 2967 3991 3030; x_wconf 84' lang='lat' dir='ltr'><strong>Sed</strong></span> 
     </span>
    </p>
   </div>
   <div class='ocr_carea' id='block_1_12' title="bbox 870 3059 3995 3146">
    <p class='ocr_par' dir='ltr' id='par_1_18' title="bbox 870 3059 3995 3146">
     <span class='ocr_line' id='line_1_50' title="bbox 870 3059 3995 3146; baseline -0.004 -19"><span class='ocrx_word' id='word_1_305' title='bbox 870 3064 1041 3146; x_wconf 89' lang='lat' dir='ltr'><strong>quod</strong></span> <span class='ocrx_word' id='word_1_306' title='bbox 1084 3080 1279 3145; x_wconf 88' lang='lat' dir='ltr'><strong>super</strong></span> <span class='ocrx_word' id='word_1_307' title='bbox 1314 3062 1478 3125; x_wconf 89' lang='lat' dir='ltr'><strong>Ruth</strong></span> <span class='ocrx_word' id='word_1_308' title='bbox 1526 3061 1712 3126; x_wconf 87' lang='lat' dir='ltr'><strong>tertio</strong></span> <span class='ocrx_word' id='word_1_309' title='bbox 1755 3060 2036 3143; x_wconf 88' lang='lat' dir='ltr'><strong>capitulo</strong></span> <span class='ocrx_word' id='word_1_310' title='bbox 2088 3059 2371 3143; x_wconf 89' lang='lat' dir='ltr'><strong>loquitur</strong></span> <span class='ocrx_word' id='word_1_311' title='bbox 2400 3064 2443 3129; x_wconf 87' lang='lat' dir='ltr'><strong>C</strong></span> <span class='ocrx_word' id='word_1_312' title='bbox 2480 3069 2697 3125; x_wconf 89' lang='lat' dir='ltr'><strong>contra</strong></span> <span class='ocrx_word' id='word_1_313' title='bbox 2724 3079 2829 3125; x_wconf 92' lang='lat' dir='ltr'><strong>eos</strong></span> <span class='ocrx_word' id='word_1_314' title='bbox 2860 3069 2960 3126; x_wconf 87' lang='lat' dir='ltr'><strong>est</strong></span> <span class='ocrx_word' id='word_1_315' title='bbox 2988 3061 3399 3144; x_wconf 81' lang='lat' dir='ltr'><strong>Evangelium,</strong></span> <span class='ocrx_word' id='word_1_316' title='bbox 3415 3082 3613 3146; x_wconf 90' lang='lat' dir='ltr'><strong>quum</strong></span> <span class='ocrx_word' id='word_1_317' title='bbox 3642 3064 3811 3129; x_wconf 75' lang='lat' dir='ltr'><strong>dieat</strong></span> <span class='ocrx_word' id='word_1_318' title='bbox 3838 3065 3995 3130; x_wconf 67' lang='lat' dir='ltr'><strong>Mat.</strong></span> 
     </span>
    </p>
   </div>
   <div class='ocr_carea' id='block_1_13' title="bbox 869 3158 2375 3737">
    <p class='ocr_par' dir='ltr' id='par_1_19' title="bbox 869 3158 2375 3737">
     <span class='ocr_line' id='line_1_51' title="bbox 869 3158 2367 3232; baseline -0.004 -6"><span class='ocrx_word' id='word_1_319' title='bbox 869 3162 1089 3226; x_wconf 88' lang='lat' dir='ltr'><strong>Glossa</strong></span> <span class='ocrx_word' id='word_1_320' title='bbox 1108 3179 1122 3223; x_wconf 90' lang='lat'>:</span> <span class='ocrx_word' id='word_1_321' title='bbox 1144 3160 1430 3224; x_wconf 86' lang='lat' dir='ltr'><strong>Christus</strong></span> <span class='ocrx_word' id='word_1_322' title='bbox 1463 3160 1528 3221; x_wconf 90' lang='lat' dir='ltr'><strong>in</strong></span> <span class='ocrx_word' id='word_1_323' title='bbox 1559 3159 1751 3222; x_wconf 88' lang='lat' dir='ltr'><strong>Coena</strong></span> <span class='ocrx_word' id='word_1_324' title='bbox 1781 3158 2058 3221; x_wconf 89' lang='lat' dir='ltr'><strong>comedit</strong></span> <span class='ocrx_word' id='word_1_325' title='bbox 2087 3165 2153 3221; x_wconf 88' lang='lat' dir='ltr'><strong>et</strong></span> <span class='ocrx_word' id='word_1_326' title='bbox 2180 3158 2367 3232; x_wconf 89' lang='lat' dir='ltr'><strong>bibit,</strong></span> 
     </span>
     <span class='ocr_line' id='line_1_52' title="bbox 870 3257 2371 3343; baseline -0.002 -21"><span class='ocrx_word' id='word_1_327' title='bbox 870 3267 935 3323; x_wconf 86' lang='lat' dir='ltr'><strong>et</strong></span> <span class='ocrx_word' id='word_1_328' title='bbox 971 3260 1122 3342; x_wconf 87' lang='lat' dir='ltr'><strong>quia</strong></span> <span class='ocrx_word' id='word_1_329' title='bbox 1165 3258 1372 3343; x_wconf 89' lang='lat' dir='ltr'><strong>pueri,</strong></span> <span class='ocrx_word' id='word_1_330' title='bbox 1407 3258 1470 3321; x_wconf 93' lang='lat' dir='ltr'><strong>id</strong></span> <span class='ocrx_word' id='word_1_331' title='bbox 1512 3266 1609 3320; x_wconf 88' lang='lat' dir='ltr'><strong>est</strong></span> <span class='ocrx_word' id='word_1_332' title='bbox 1651 3257 1792 3339; x_wconf 88' lang='lat' dir='ltr'><strong>ejus</strong></span> <span class='ocrx_word' id='word_1_333' title='bbox 1835 3257 2160 3339; x_wconf 90' lang='lat' dir='ltr'><strong>discipuli,</strong></span> <span class='ocrx_word' id='word_1_334' title='bbox 2200 3274 2371 3319; x_wconf 92' lang='lat' dir='ltr'><strong>com-</strong></span> 
     </span>
     <span class='ocr_line' id='line_1_53' title="bbox 871 3355 2375 3437; baseline -0.003 -16"><span class='ocrx_word' id='word_1_335' title='bbox 871 3360 1361 3421; x_wconf 90' lang='lat' dir='ltr'><strong>municaverunt</strong></span> <span class='ocrx_word' id='word_1_336' title='bbox 1389 3356 1561 3419; x_wconf 87' lang='lat' dir='ltr'><strong>carni</strong></span> <span class='ocrx_word' id='word_1_337' title='bbox 1593 3364 1658 3418; x_wconf 90' lang='lat' dir='ltr'><strong>et</strong></span> <span class='ocrx_word' id='word_1_338' title='bbox 1689 3355 2002 3437; x_wconf 84' lang='lat' dir='ltr'><strong>sanguini,</strong></span> <span class='ocrx_word' id='word_1_339' title='bbox 2023 3356 2082 3418; x_wconf 93' lang='lat' dir='ltr'><strong>id</strong></span> <span class='ocrx_word' id='word_1_340' title='bbox 2117 3363 2229 3429; x_wconf 91' lang='lat' dir='ltr'><strong>est,</strong></span> <span class='ocrx_word' id='word_1_341' title='bbox 2246 3372 2375 3418; x_wconf 88' lang='lat' dir='ltr'><strong>cor·</strong></span> 
     </span>
     <span class='ocr_line' id='line_1_54' title="bbox 872 3454 2375 3540; baseline -0.003 -21"><span class='ocrx_word' id='word_1_342' title='bbox 872 3476 992 3540; x_wconf 91' lang='lat' dir='ltr'><strong>pus</strong></span> <span class='ocrx_word' id='word_1_343' title='bbox 1022 3465 1086 3519; x_wconf 91' lang='lat' dir='ltr'><strong>et</strong></span> <span class='ocrx_word' id='word_1_344' title='bbox 1114 3456 1488 3538; x_wconf 83' lang='lat' dir='ltr'><strong>sanguinem</strong></span> <span class='ocrx_word' id='word_1_345' title='bbox 1517 3454 1654 3536; x_wconf 90' lang='lat' dir='ltr'><strong>ejus</strong></span> <span class='ocrx_word' id='word_1_346' title='bbox 1687 3454 1751 3517; x_wconf 91' lang='lat' dir='ltr'><strong>in</strong></span> <span class='ocrx_word' id='word_1_347' title='bbox 1783 3462 2176 3516; x_wconf 85' lang='lat' dir='ltr'><strong>sacramento</strong></span> <span class='ocrx_word' id='word_1_348' title='bbox 2204 3473 2375 3516; x_wconf 90' lang='lat' dir='ltr'><strong>sum-</strong></span> 
     </span>
     <span class='ocr_line' id='line_1_55' title="bbox 872 3552 2369 3638; baseline -0.003 -20"><span class='ocrx_word' id='word_1_349' title='bbox 872 3563 1157 3638; x_wconf 90' lang='lat' dir='ltr'><strong>pserunt,</strong></span> <span class='ocrx_word' id='word_1_350' title='bbox 1191 3562 1256 3618; x_wconf 91' lang='lat' dir='ltr'><strong>et</strong></span> <span class='ocrx_word' id='word_1_351' title='bbox 1293 3555 1429 3637; x_wconf 92' lang='lat' dir='ltr'><strong>ipse</strong></span> <span class='ocrx_word' id='word_1_352' title='bbox 1474 3554 1970 3617; x_wconf 89' lang='lat' dir='ltr'><strong>communicavit</strong></span> <span class='ocrx_word' id='word_1_353' title='bbox 2008 3552 2273 3628; x_wconf 88' lang='lat' dir='ltr'><strong>eisdem,</strong></span> <span class='ocrx_word' id='word_1_354' title='bbox 2309 3552 2369 3615; x_wconf 90' lang='lat' dir='ltr'><strong>id</strong></span> 
     </span>
     <span class='ocr_line' id='line_1_56' title="bbox 873 3650 2365 3737; baseline -0.003 -19"><span class='ocrx_word' id='word_1_355' title='bbox 873 3662 990 3730; x_wconf 91' lang='lat' dir='ltr'><strong>est,</strong></span> <span class='ocrx_word' id='word_1_356' title='bbox 1023 3672 1254 3737; x_wconf 91' lang='lat' dir='ltr'><strong>corpus</strong></span> <span class='ocrx_word' id='word_1_357' title='bbox 1297 3672 1484 3717; x_wconf 91' lang='lat' dir='ltr'><strong>suum</strong></span> <span class='ocrx_word' id='word_1_358' title='bbox 1529 3672 1601 3715; x_wconf 88' lang='lat' dir='ltr'><strong>ac</strong></span> <span class='ocrx_word' id='word_1_359' title='bbox 1645 3652 2021 3735; x_wconf 83' lang='lat' dir='ltr'><strong>sanguinem</strong></span> <span class='ocrx_word' id='word_1_360' title='bbox 2071 3650 2365 3735; x_wconf 80' lang='lat' dir='ltr'><strong>sumpsit.</strong></span> 
     </span>
    </p>
   </div>
   <div class='ocr_carea' id='block_1_14' title="bbox 1323 3970 1926 4048">
    <p class='ocr_par' dir='ltr' id='par_1_20' title="bbox 1323 3970 1926 4048">
     <span class='ocr_line' id='line_1_57' title="bbox 1323 3970 1926 4048; baseline -0.003 -13"><span class='ocrx_word' id='word_1_361' title='bbox 1323 3971 1799 4048; x_wconf 84' lang='lat' dir='ltr'>QUAESTIO</span> <span class='ocrx_word' id='word_1_362' title='bbox 1865 3970 1926 4033; x_wconf 90' lang='lat' dir='ltr'><strong>V</strong></span> 
     </span>
    </p>
   </div>
   <div class='ocr_carea' id='block_1_15' title="bbox 2477 3160 4239 4130">
    <p class='ocr_par' dir='ltr' id='par_1_21' title="bbox 2477 3160 4239 4130">
     <span class='ocr_line' id='line_1_58' title="bbox 2478 3160 4239 3245; baseline 0.006 -23"><span class='ocrx_word' id='word_1_363' title='bbox 2478 3160 2681 3224; x_wconf 83' lang='lat' dir='ltr'><strong>thaeus</strong></span> <span class='ocrx_word' id='word_1_364' title='bbox 2714 3179 2728 3223; x_wconf 91' lang='lat'><strong>:</strong></span> <span class='ocrx_word' id='word_1_365' title='bbox 2766 3161 2973 3224; x_wconf 88' lang='lat' dir='ltr'><strong>Prima</strong></span> <span class='ocrx_word' id='word_1_366' title='bbox 3016 3161 3119 3224; x_wconf 90' lang='lat' dir='ltr'><strong>die</strong></span> <span class='ocrx_word' id='word_1_367' title='bbox 3162 3180 3528 3245; x_wconf 82' lang='lat' dir='ltr'><strong>azymorum</strong></span> <span class='ocrx_word' id='word_1_368' title='bbox 3572 3174 3989 3229; x_wconf 88' lang='lat' dir='ltr'><strong>accesserunt</strong></span> <span class='ocrx_word' id='word_1_369' title='bbox 4072 3188 4239 3232; x_wconf 65' lang='lat' dir='ltr'><strong>natta.</strong></span> 
     </span>
     <span class='ocr_line' id='line_1_59' title="bbox 2478 3242 4215 3347; baseline 0.004 -26"><span class='ocrx_word' id='word_1_370' title='bbox 2478 3258 2782 3342; x_wconf 90' lang='lat' dir='ltr'><strong>discipuli</strong></span> <span class='ocrx_word' id='word_1_371' title='bbox 2820 3260 2897 3321; x_wconf 89' lang='lat' dir='ltr'><strong>ad</strong></span> <span class='ocrx_word' id='word_1_372' title='bbox 2937 3261 3175 3335; x_wconf 86' lang='lat' dir='ltr'><strong>Jesum,</strong></span> <span class='ocrx_word' id='word_1_373' title='bbox 3209 3261 3493 3325; x_wconf 86' lang='lat' dir='ltr'><strong>dicentes</strong></span> <span class='ocrx_word' id='word_1_374' title='bbox 3526 3278 3541 3324; x_wconf 74' lang='grc' dir='ltr'>ε</span> <span class='ocrx_word' id='word_1_375' title='bbox 3574 3242 3705 3325; x_wconf 80' lang='lat' dir='ltr'><strong>Ubi&#39;</strong></span> <span class='ocrx_word' id='word_1_376' title='bbox 3730 3263 3829 3326; x_wconf 87' lang='lat' dir='ltr'><strong>vis</strong></span> <span class='ocrx_word' id='word_1_377' title='bbox 3868 3283 3988 3347; x_wconf 87' lang='lat' dir='ltr'><strong>pa·</strong></span> <span class='ocrx_word' id='word_1_378' title='bbox 4016 3254 4215 3302; x_wconf 57' lang='lat'><strong>¹¹³⁸·¹⁷·</strong></span> 
     </span>
     <span class='ocr_line' id='line_1_60' title="bbox 2480 3357 3993 3441; baseline 0.004 -22"><span class='ocrx_word' id='word_1_379' title='bbox 2480 3376 2695 3420; x_wconf 86' lang='lat' dir='ltr'><strong>remus</strong></span> <span class='ocrx_word' id='word_1_380' title='bbox 2724 3357 2843 3420; x_wconf 92' lang='lat' dir='ltr'><strong>tibi</strong></span> <span class='ocrx_word' id='word_1_381' title='bbox 2876 3359 3148 3441; x_wconf 67' lang='lat' dir='ltr'><strong>pascha?</strong></span> <span class='ocrx_word' id='word_1_382' title='bbox 3179 3359 3256 3421; x_wconf 88' lang='lat' dir='ltr'><strong>Et</strong></span> <span class='ocrx_word' id='word_1_383' title='bbox 3286 3359 3397 3422; x_wconf 90' lang='lat' dir='ltr'><strong>illo</strong></span> <span class='ocrx_word' id='word_1_384' title='bbox 3426 3359 3529 3422; x_wconf 89' lang='lat' dir='ltr'><strong>die</strong></span> <span class='ocrx_word' id='word_1_385' title='bbox 3560 3361 3993 3425; x_wconf 88' lang='lat' dir='ltr'><strong>comedebant</strong></span> 
     </span>
     <span class='ocr_line' id='line_1_61' title="bbox 2477 3455 3987 3539; baseline 0.005 -21"><span class='ocrx_word' id='word_1_386' title='bbox 2477 3455 2674 3519; x_wconf 83' lang='lat' dir='ltr'><strong>Judaei</strong></span> <span class='ocrx_word' id='word_1_387' title='bbox 2737 3474 2975 3539; x_wconf 87' lang='lat' dir='ltr'><strong>azyma,</strong></span> <span class='ocrx_word' id='word_1_388' title='bbox 3036 3475 3155 3519; x_wconf 91' lang='lat' dir='ltr'><strong>nec</strong></span> <span class='ocrx_word' id='word_1_389' title='bbox 3215 3457 3460 3539; x_wconf 89' lang='lat' dir='ltr'><strong>aliquid</strong></span> <span class='ocrx_word' id='word_1_390' title='bbox 3525 3457 3987 3525; x_wconf 82' lang='lat' dir='ltr'><strong>fermentatum</strong></span> 
     </span>
     <span class='ocr_line' id='line_1_62' title="bbox 2480 3554 4236 3629; baseline 0.006 -14"><span class='ocrx_word' id='word_1_391' title='bbox 2480 3562 2635 3616; x_wconf 88' lang='lat' dir='ltr'><strong>tunc</strong></span> <span class='ocrx_word' id='word_1_392' title='bbox 2669 3554 2732 3616; x_wconf 91' lang='lat' dir='ltr'><strong>in</strong></span> <span class='ocrx_word' id='word_1_393' title='bbox 2765 3572 2986 3617; x_wconf 90' lang='lat' dir='ltr'><strong>eorum</strong></span> <span class='ocrx_word' id='word_1_394' title='bbox 3027 3555 3324 3618; x_wconf 90' lang='lat' dir='ltr'><strong>domibus</strong></span> <span class='ocrx_word' id='word_1_395' title='bbox 3364 3555 3505 3619; x_wconf 80' lang='lat' dir='ltr'><strong>fuit.</strong></span> <span class='ocrx_word' id='word_1_396' title='bbox 3541 3557 3712 3620; x_wconf 89' lang='lat' dir='ltr'><strong>ldem</strong></span> <span class='ocrx_word' id='word_1_397' title='bbox 3750 3560 3993 3623; x_wconf 81' lang='lat' dir='ltr'><strong>&#39;asserit</strong></span> <span class='ocrx_word' id='word_1_398' title='bbox 4036 3584 4236 3629; x_wconf 65' lang='grc' dir='ltr'><strong>Μαι-ωε</strong></span> 
     </span>
     <span class='ocr_line' id='line_1_63' title="bbox 2480 3652 4236 3755; baseline 0.006 -41"><span class='ocrx_word' id='word_1_399' title='bbox 2480 3652 2744 3715; x_wconf 90' lang='lat' dir='ltr'><strong>Marcus.</strong></span> <span class='ocrx_word' id='word_1_400' title='bbox 2782 3653 2858 3715; x_wconf 88' lang='lat' dir='ltr'><strong>Et</strong></span> <span class='ocrx_word' id='word_1_401' title='bbox 2902 3652 3102 3716; x_wconf 89' lang='lat' dir='ltr'><strong>Lucas</strong></span> <span class='ocrx_word' id='word_1_402' title='bbox 3147 3654 3234 3716; x_wconf 90' lang='lat' dir='ltr'><strong>ait</strong></span> <span class='ocrx_word' id='word_1_403' title='bbox 3268 3672 3284 3716; x_wconf 80' lang='lat' dir='ltr'><strong>t</strong></span> <span class='ocrx_word' id='word_1_404' title='bbox 3316 3654 3505 3717; x_wconf 88' lang='lat' dir='ltr'><strong>Venit</strong></span> <span class='ocrx_word' id='word_1_405' title='bbox 3550 3656 3685 3719; x_wconf 91' lang='lat' dir='ltr'><strong>dies</strong></span> <span class='ocrx_word' id='word_1_406' title='bbox 3732 3676 3991 3741; x_wconf 87' lang='lat' dir='ltr'><strong>azymo·</strong></span> <span class='ocrx_word' id='word_1_407' title='bbox 4022 3652 4113 3755; x_wconf 57' lang='lat' dir='ltr'><strong>¹1}oe</strong></span> <span class='ocrx_word' id='word_1_408' title='bbox 4140 3712 4236 3752; x_wconf 67' lang='lat' dir='ltr'><strong>m.</strong></span> 
     </span>
     <span class='ocr_line' id='line_1_64' title="bbox 2484 3742 4231 3837; baseline 0.006 -26"><span class='ocrx_word' id='word_1_409' title='bbox 2484 3769 2649 3824; x_wconf 90' lang='lat' dir='ltr'><strong>rum,</strong></span> <span class='ocrx_word' id='word_1_410' title='bbox 2683 3750 2746 3813; x_wconf 89' lang='lat' dir='ltr'><strong>in</strong></span> <span class='ocrx_word' id='word_1_411' title='bbox 2780 3769 2906 3832; x_wconf 90' lang='lat' dir='ltr'><strong>qua</strong></span> <span class='ocrx_word' id='word_1_412' title='bbox 2934 3770 3195 3814; x_wconf 88' lang='lat' dir='ltr'><strong>necesse</strong></span> <span class='ocrx_word' id='word_1_413' title='bbox 3225 3759 3359 3815; x_wconf 91' lang='lat' dir='ltr'><strong>erat</strong></span> <span class='ocrx_word' id='word_1_414' title='bbox 3388 3753 3592 3815; x_wconf 89' lang='lat' dir='ltr'><strong>occidi</strong></span> <span class='ocrx_word' id='word_1_415' title='bbox 3626 3756 3878 3837; x_wconf 88' lang='lat' dir='ltr'><strong>pascha.</strong></span> <span class='ocrx_word' id='word_1_416' title='bbox 3908 3756 3992 3820; x_wconf 89' lang='lat' dir='ltr'><strong>Et</strong></span> <span class='ocrx_word' id='word_1_417' title='bbox 4116 3744 4128 3754; x_wconf 76' lang='grc'><strong>’</strong></span> <span class='ocrx_word' id='word_1_418' title='bbox 4220 3742 4231 3761; x_wconf 74' lang='grc'>’</span> 
     </span>
     <span class='ocr_line' id='line_1_65' title="bbox 2482 3847 3992 3936; baseline 0.006 -27"><span class='ocrx_word' id='word_1_419' title='bbox 2482 3848 2569 3910; x_wconf 80' lang='lat' dir='ltr'><strong>ita</strong></span> <span class='ocrx_word' id='word_1_420' title='bbox 2597 3853 2752 3910; x_wconf 90' lang='lat' dir='ltr'><strong>tunc</strong></span> <span class='ocrx_word' id='word_1_421' title='bbox 2783 3847 2907 3910; x_wconf 86' lang='lat' dir='ltr'><strong>fuit</strong></span> <span class='ocrx_word' id='word_1_422' title='bbox 2936 3847 3087 3910; x_wconf 85' lang='lat' dir='ltr'><strong>luna</strong></span> <span class='ocrx_word' id='word_1_423' title='bbox 3116 3849 3609 3931; x_wconf 87' lang='lat' dir='ltr'><strong>quartadecima.</strong></span> <span class='ocrx_word' id='word_1_424' title='bbox 3624 3850 3801 3914; x_wconf 86' lang='lat' dir='ltr'><strong>Tunc</strong></span> <span class='ocrx_word' id='word_1_425' title='bbox 3830 3870 3992 3936; x_wconf 75' lang='lat' dir='ltr'><strong>ergo</strong></span> 
     </span>
     <span class='ocr_line' id='line_1_66' title="bbox 2481 3945 3992 4033; baseline 0.005 -25"><span class='ocrx_word' id='word_1_426' title='bbox 2481 3946 2793 4009; x_wconf 90' lang='lat' dir='ltr'><strong>Dominus</strong></span> <span class='ocrx_word' id='word_1_427' title='bbox 2841 3945 3137 4023; x_wconf 81' lang='lat' dir='ltr'><strong>confecit,</strong></span> <span class='ocrx_word' id='word_1_428' title='bbox 3180 3954 3244 4009; x_wconf 86' lang='lat' dir='ltr'><strong>et</strong></span> <span class='ocrx_word' id='word_1_429' title='bbox 3287 3948 3411 4010; x_wconf 91' lang='lat' dir='ltr'><strong>hoc</strong></span> <span class='ocrx_word' id='word_1_430' title='bbox 3458 3948 3525 4010; x_wconf 91' lang='lat' dir='ltr'><strong>in</strong></span> <span class='ocrx_word' id='word_1_431' title='bbox 3572 3968 3816 4033; x_wconf 89' lang='lat' dir='ltr'><strong>azymo,</strong></span> <span class='ocrx_word' id='word_1_432' title='bbox 3855 3971 3992 4033; x_wconf 91' lang='lat' dir='ltr'><strong>quo</strong></span> 
     </span>
     <span class='ocr_line' id='line_1_67' title="bbox 2480 4044 3993 4130; baseline 0.006 -24"><span class='ocrx_word' id='word_1_433' title='bbox 2480 4044 2616 4107; x_wconf 92' lang='lat' dir='ltr'><strong>solo</strong></span> <span class='ocrx_word' id='word_1_434' title='bbox 2645 4051 2797 4108; x_wconf 90' lang='lat' dir='ltr'><strong>tunc</strong></span> <span class='ocrx_word' id='word_1_435' title='bbox 2829 4045 3250 4109; x_wconf 86' lang='lat' dir='ltr'><strong>vescebantur</strong></span> <span class='ocrx_word' id='word_1_436' title='bbox 3275 4046 3493 4110; x_wconf 84' lang='lat' dir='ltr'><strong>Judaei.</strong></span> <span class='ocrx_word' id='word_1_437' title='bbox 3518 4048 3828 4130; x_wconf 90' lang='lat' dir='ltr'><strong>Denique,</strong></span> <span class='ocrx_word' id='word_1_438' title='bbox 3862 4050 3993 4115; x_wconf 88' lang='lat' dir='ltr'><strong>hoc</strong></span> 
     </span>
    </p>
   </div>
   <div class='ocr_carea' id='block_1_16' title="bbox 2480 4142 3993 4229">
    <p class='ocr_par' dir='ltr' id='par_1_22' title="bbox 2480 4142 3993 4229">
     <span class='ocr_line' id='line_1_68' title="bbox 2480 4142 3993 4229; baseline 0.005 -24"><span class='ocrx_word' id='word_1_439' title='bbox 2480 4142 2760 4205; x_wconf 87' lang='lat' dir='ltr'><strong>Romana</strong></span> <span class='ocrx_word' id='word_1_440' title='bbox 2800 4148 2975 4205; x_wconf 85' lang='lat' dir='ltr'><strong>tenet</strong></span> <span class='ocrx_word' id='word_1_441' title='bbox 3017 4144 3321 4218; x_wconf 83' lang='lat' dir='ltr'><strong>Ecclesia,</strong></span> <span class='ocrx_word' id='word_1_442' title='bbox 3352 4164 3497 4227; x_wconf 82' lang='lat' dir='ltr'><strong>quae</strong></span> <span class='ocrx_word' id='word_1_443' title='bbox 3536 4144 3617 4207; x_wconf 92' lang='lat' dir='ltr'><strong>ab</strong></span> <span class='ocrx_word' id='word_1_444' title='bbox 3663 4145 3993 4229; x_wconf 87' lang='lat' dir='ltr'><strong>Apostolis</strong></span> 
     </span>
    </p>
   </div>
   <div class='ocr_carea' id='block_1_17' title="bbox 1017 4242 3991 4327">
    <p class='ocr_par' dir='ltr' id='par_1_23' title="bbox 1017 4242 3991 4327">
     <span class='ocr_line' id='line_1_69' title="bbox 1017 4242 3991 4327; baseline 0.001 -20"><span class='ocrx_word' id='word_1_445' title='bbox 1017 4244 1232 4307; x_wconf 84' lang='lat' dir='ltr'><strong>Estant</strong></span> <span class='ocrx_word' id='word_1_446' title='bbox 1262 4244 1366 4307; x_wconf 87' lang='lat' dir='ltr'><strong>hic</strong></span> <span class='ocrx_word' id='word_1_447' title='bbox 1394 4244 1597 4307; x_wconf 89' lang='lat' dir='ltr'><strong>adhuc</strong></span> <span class='ocrx_word' id='word_1_448' title='bbox 1628 4243 1751 4306; x_wconf 88' lang='lat' dir='ltr'><strong>alia</strong></span> <span class='ocrx_word' id='word_1_449' title='bbox 1780 4244 2247 4327; x_wconf 86' lang='lat' dir='ltr'><strong>perscrutanda,</strong></span> <span class='ocrx_word' id='word_1_450' title='bbox 2264 4242 2378 4306; x_wconf 89' lang='lat' dir='ltr'><strong>sci·</strong></span> <span class='ocrx_word' id='word_1_451' title='bbox 2405 4246 2455 4308; x_wconf 94' lang='lat' dir='ltr'><strong>D</strong></span> <span class='ocrx_word' id='word_1_452' title='bbox 2484 4242 2605 4304; x_wconf 91' lang='lat' dir='ltr'><strong>hoc</strong></span> <span class='ocrx_word' id='word_1_453' title='bbox 2633 4242 2899 4325; x_wconf 87' lang='lat' dir='ltr'><strong>accepit,</strong></span> <span class='ocrx_word' id='word_1_454' title='bbox 2934 4258 3205 4324; x_wconf 87' lang='lat' dir='ltr'><strong>quorum</strong></span> <span class='ocrx_word' id='word_1_455' title='bbox 3238 4243 3538 4326; x_wconf 88' lang='lat' dir='ltr'><strong>princeps</strong></span> <span class='ocrx_word' id='word_1_456' title='bbox 3568 4244 3788 4308; x_wconf 89' lang='lat' dir='ltr'><strong>Petrus</strong></span> <span class='ocrx_word' id='word_1_457' title='bbox 3826 4254 3991 4312; x_wconf 90' lang='lat' dir='ltr'><strong>tunc</strong></span> 
     </span>
    </p>
   </div>
   <div class='ocr_carea' id='block_1_18' title="bbox 1035 4340 2378 4412">
    <p class='ocr_par' dir='ltr' id='par_1_24' title="bbox 1035 4340 2378 4412">
     <span class='ocr_line' id='line_1_70' title="bbox 1035 4340 2378 4412; baseline 0.003 -6"><span class='ocrx_word' id='word_1_458' title='bbox 1035 4344 1213 4406; x_wconf 82' lang='lat' dir='ltr'><strong>lieet:</strong></span> <span class='ocrx_word' id='word_1_459' title='bbox 1229 4344 1358 4409; x_wconf 84' lang='lat' dir='ltr'><strong>An</strong></span> <span class='ocrx_word' id='word_1_460' title='bbox 1387 4342 1964 4412; x_wconf 81' lang='lat' dir='ltr'><strong>conficiendum</strong></span> <span class='ocrx_word' id='word_1_461' title='bbox 1990 4344 2102 4409; x_wconf 80' lang='lat' dir='ltr'><strong>sit</strong></span> <span class='ocrx_word' id='word_1_462' title='bbox 2125 4343 2213 4408; x_wconf 80' lang='lat' dir='ltr'><strong>in</strong></span> <span class='ocrx_word' id='word_1_463' title='bbox 2238 4340 2378 4410; x_wconf 82' lang='lat' dir='ltr'><strong>fer·</strong></span> 
     </span>
    </p>
   </div>
   <div class='ocr_carea' id='block_1_19' title="bbox 873 4441 2375 4621">
    <p class='ocr_par' dir='ltr' id='par_1_25' title="bbox 873 4441 2375 4621">
     <span class='ocr_line' id='line_1_71' title="bbox 873 4441 2375 4524; baseline -0.005 -13"><span class='ocrx_word' id='word_1_464' title='bbox 873 4446 1225 4511; x_wconf 77' lang='lat' dir='ltr'><strong>mentato</strong></span> <span class='ocrx_word' id='word_1_465' title='bbox 1267 4442 1402 4508; x_wconf 83' lang='lat' dir='ltr'><strong>vel</strong></span> <span class='ocrx_word' id='word_1_466' title='bbox 1449 4456 1766 4523; x_wconf 73' lang='lat' dir='ltr'><strong>azym03</strong></span> <span class='ocrx_word' id='word_1_467' title='bbox 1797 4449 1861 4503; x_wconf 91' lang='lat' dir='ltr'><strong>et</strong></span> <span class='ocrx_word' id='word_1_468' title='bbox 1905 4441 2093 4523; x_wconf 88' lang='lat' dir='ltr'><strong>quale</strong></span> <span class='ocrx_word' id='word_1_469' title='bbox 2144 4459 2375 4524; x_wconf 89' lang='lat' dir='ltr'><strong>corpus</strong></span> 
     </span>
     <span class='ocr_line' id='line_1_72' title="bbox 877 4538 2373 4621; baseline -0.003 -16"><span class='ocrx_word' id='word_1_470' title='bbox 877 4540 1163 4606; x_wconf 91' lang='lat' dir='ltr'><strong>Christus</strong></span> <span class='ocrx_word' id='word_1_471' title='bbox 1203 4539 1377 4601; x_wconf 92' lang='lat' dir='ltr'><strong>dedit</strong></span> <span class='ocrx_word' id='word_1_472' title='bbox 1415 4538 1770 4621; x_wconf 90' lang='lat' dir='ltr'><strong>discipulis,</strong></span> <span class='ocrx_word' id='word_1_473' title='bbox 1805 4538 1923 4601; x_wconf 93' lang='lat' dir='ltr'><strong>hoc</strong></span> <span class='ocrx_word' id='word_1_474' title='bbox 1962 4546 2059 4601; x_wconf 91' lang='lat' dir='ltr'><strong>est</strong></span> <span class='ocrx_word' id='word_1_475' title='bbox 2095 4558 2178 4601; x_wconf 90' lang='lat' dir='ltr'><strong>an</strong></span> <span class='ocrx_word' id='word_1_476' title='bbox 2212 4555 2373 4601; x_wconf 91' lang='lat' dir='ltr'><strong>mor-</strong></span> 
     </span>
    </p>
   </div>
   <div class='ocr_carea' id='block_1_20' title="bbox 873 4636 2377 5019">
    <p class='ocr_par' dir='ltr' id='par_1_26' title="bbox 873 4636 2377 5019">
     <span class='ocr_line' id='line_1_73' title="bbox 875 4636 2377 4721; baseline -0.003 -19"><span class='ocrx_word' id='word_1_477' title='bbox 875 4640 999 4703; x_wconf 85' lang='lat' dir='ltr'><strong>tale</strong></span> <span class='ocrx_word' id='word_1_478' title='bbox 1040 4657 1152 4701; x_wconf 88' lang='lat' dir='ltr'><strong>seu</strong></span> <span class='ocrx_word' id='word_1_479' title='bbox 1198 4637 1408 4721; x_wconf 90' lang='lat' dir='ltr'><strong>potius</strong></span> <span class='ocrx_word' id='word_1_480' title='bbox 1454 4636 1851 4717; x_wconf 84' lang='lat' dir='ltr'><strong>immortale3</strong></span> <span class='ocrx_word' id='word_1_481' title='bbox 1883 4645 1947 4700; x_wconf 89' lang='lat' dir='ltr'><strong>et</strong></span> <span class='ocrx_word' id='word_1_482' title='bbox 1987 4644 2205 4700; x_wconf 90' lang='lat' dir='ltr'><strong>utrum</strong></span> <span class='ocrx_word' id='word_1_483' title='bbox 2244 4656 2377 4701; x_wconf 91' lang='lat' dir='ltr'><strong>cor-</strong></span> 
     </span>
     <span class='ocr_line' id='line_1_74' title="bbox 876 4735 2377 4822; baseline -0.003 -21"><span class='ocrx_word' id='word_1_484' title='bbox 876 4758 996 4822; x_wconf 92' lang='lat' dir='ltr'><strong>pus</strong></span> <span class='ocrx_word' id='word_1_485' title='bbox 1041 4736 1274 4800; x_wconf 88' lang='lat' dir='ltr'><strong>Christi</strong></span> <span class='ocrx_word' id='word_1_486' title='bbox 1324 4735 1389 4798; x_wconf 91' lang='lat' dir='ltr'><strong>in</strong></span> <span class='ocrx_word' id='word_1_487' title='bbox 1439 4735 1652 4798; x_wconf 88' lang='lat' dir='ltr'><strong>triduo</strong></span> <span class='ocrx_word' id='word_1_488' title='bbox 1699 4735 1764 4797; x_wconf 91' lang='lat' dir='ltr'><strong>in</strong></span> <span class='ocrx_word' id='word_1_489' title='bbox 1815 4735 2046 4819; x_wconf 82' lang='lat' dir='ltr'><strong>pyxide</strong></span> <span class='ocrx_word' id='word_1_490' title='bbox 2095 4753 2377 4798; x_wconf 85' lang='lat' dir='ltr'><strong>reserva-</strong></span> 
     </span>
     <span class='ocr_line' id='line_1_75' title="bbox 873 4834 2375 4913; baseline -0.003 -14"><span class='ocrx_word' id='word_1_491' title='bbox 873 4845 1021 4911; x_wconf 91' lang='lat' dir='ltr'><strong>tum,</strong></span> <span class='ocrx_word' id='word_1_492' title='bbox 1040 4836 1376 4898; x_wconf 88' lang='lat' dir='ltr'><strong>mansisset</strong></span> <span class='ocrx_word' id='word_1_493' title='bbox 1405 4834 1645 4897; x_wconf 90' lang='lat' dir='ltr'><strong>ibidem</strong></span> <span class='ocrx_word' id='word_1_494' title='bbox 1675 4834 1890 4897; x_wconf 87' lang='lat' dir='ltr'><strong>vivum</strong></span> <span class='ocrx_word' id='word_1_495' title='bbox 1909 4852 1924 4913; x_wconf 86' lang='lat'>3</span> <span class='ocrx_word' id='word_1_496' title='bbox 1945 4841 2157 4896; x_wconf 86' lang='lat' dir='ltr'><strong>utrum</strong></span> <span class='ocrx_word' id='word_1_497' title='bbox 2187 4834 2375 4896; x_wconf 83' lang='lat' dir='ltr'><strong>etiam</strong></span> 
     </span>
     <span class='ocr_line' id='line_1_76' title="bbox 876 4932 2372 5019; baseline -0.003 -20"><span class='ocrx_word' id='word_1_498' title='bbox 876 4955 992 5019; x_wconf 91' lang='lat' dir='ltr'><strong>per</strong></span> <span class='ocrx_word' id='word_1_499' title='bbox 1019 4934 1544 5018; x_wconf 87' lang='lat' dir='ltr'><strong>omnipotentiam</strong></span> <span class='ocrx_word' id='word_1_500' title='bbox 1580 4932 1690 4995; x_wconf 91' lang='lat' dir='ltr'><strong>Dei</strong></span> <span class='ocrx_word' id='word_1_501' title='bbox 1723 4933 1844 4996; x_wconf 91' lang='lat' dir='ltr'><strong>hoc</strong></span> <span class='ocrx_word' id='word_1_502' title='bbox 1873 4932 2016 4996; x_wconf 81' lang='lat' dir='ltr'><strong>lieri</strong></span> <span class='ocrx_word' id='word_1_503' title='bbox 2049 4933 2372 5016; x_wconf 89' lang='lat' dir='ltr'><strong>potuisset.</strong></span> 
     </span>
    </p>
   </div>
   <div class='ocr_carea' id='block_1_21' title="bbox 878 5128 2377 5409">
    <p class='ocr_par' dir='ltr' id='par_1_27' title="bbox 878 5128 2377 5409">
     <span class='ocr_line' id='line_1_77' title="bbox 959 5128 2375 5217; baseline -0.004 -20"><span class='ocrx_word' id='word_1_504' title='bbox 959 5134 1044 5197; x_wconf 92' lang='lat' dir='ltr'><strong>De</strong></span> <span class='ocrx_word' id='word_1_505' title='bbox 1075 5133 1284 5217; x_wconf 91' lang='lat' dir='ltr'><strong>primo</strong></span> <span class='ocrx_word' id='word_1_506' title='bbox 1318 5131 1548 5195; x_wconf 91' lang='lat' dir='ltr'><strong>horum</strong></span> <span class='ocrx_word' id='word_1_507' title='bbox 1585 5129 1810 5193; x_wconf 84' lang='lat' dir='ltr'><strong>scribit</strong></span> <span class='ocrx_word' id='word_1_508' title='bbox 1839 5128 2375 5193; x_wconf 87' lang='lat' dir='ltr'><strong>Antisiodorensis</strong></span> 
     </span>
     <span class='ocr_line' id='line_1_78' title="bbox 878 5226 2377 5310; baseline -0.007 -12"><span class='ocrx_word' id='word_1_509' title='bbox 878 5234 945 5298; x_wconf 89' lang='lat' dir='ltr'><strong>in</strong></span> <span class='ocrx_word' id='word_1_510' title='bbox 994 5233 1256 5296; x_wconf 90' lang='lat' dir='ltr'><strong>Summa</strong></span> <span class='ocrx_word' id='word_1_511' title='bbox 1300 5248 1436 5305; x_wconf 90' lang='lat' dir='ltr'><strong>sua,</strong></span> <span class='ocrx_word' id='word_1_512' title='bbox 1470 5228 1634 5290; x_wconf 91' lang='lat' dir='ltr'><strong>libro</strong></span> <span class='ocrx_word' id='word_1_513' title='bbox 1684 5234 1908 5310; x_wconf 90' lang='lat' dir='ltr'><strong>quarto</strong></span> <span class='ocrx_word' id='word_1_514' title='bbox 1953 5246 1966 5290; x_wconf 90' lang='lat'>:</span> <span class='ocrx_word' id='word_1_515' title='bbox 2009 5226 2377 5291; x_wconf 81' lang='lat' dir='ltr'><strong>Conficiunt</strong></span> 
     </span>
     <span class='ocr_line' id='line_1_79' title="bbox 879 5326 2377 5409; baseline -0.006 -11"><span class='ocrx_word' id='word_1_516' title='bbox 879 5330 1077 5399; x_wconf 81' lang='lat' dir='ltr'><strong>Graeei</strong></span> <span class='ocrx_word' id='word_1_517' title='bbox 1114 5329 1194 5392; x_wconf 89' lang='lat' dir='ltr'><strong>de</strong></span> <span class='ocrx_word' id='word_1_518' title='bbox 1234 5328 1633 5403; x_wconf 85' lang='lat' dir='ltr'><strong>fermentato,</strong></span> <span class='ocrx_word' id='word_1_519' title='bbox 1667 5326 1872 5389; x_wconf 86' lang='lat' dir='ltr'><strong>Latini</strong></span> <span class='ocrx_word' id='word_1_520' title='bbox 1911 5326 1990 5389; x_wconf 90' lang='lat' dir='ltr'><strong>de</strong></span> <span class='ocrx_word' id='word_1_521' title='bbox 2023 5342 2263 5409; x_wconf 80' lang='lat' dir='ltr'><strong>azymo.</strong></span> <span class='ocrx_word' id='word_1_522' title='bbox 2300 5326 2377 5389; x_wconf 88' lang='lat' dir='ltr'><strong>Et</strong></span> 
     </span>
    </p>
   </div>
   <div class='ocr_carea' id='block_1_22' title="bbox 2481 4340 3995 5409">
    <p class='ocr_par' dir='ltr' id='par_1_28' title="bbox 2481 4340 3995 5409">
     <span class='ocr_line' id='line_1_80' title="bbox 2484 4340 3995 4424; baseline 0.005 -22"><span class='ocrx_word' id='word_1_523' title='bbox 2484 4340 2705 4403; x_wconf 80' lang='lat' dir='ltr'><strong>adluit.</strong></span> <span class='ocrx_word' id='word_1_524' title='bbox 2742 4342 2809 4402; x_wconf 88' lang='lat' dir='ltr'><strong>ln</strong></span> <span class='ocrx_word' id='word_1_525' title='bbox 2838 4341 3055 4423; x_wconf 91' lang='lat' dir='ltr'><strong>typico</strong></span> <span class='ocrx_word' id='word_1_526' title='bbox 3090 4348 3303 4404; x_wconf 83' lang='lat' dir='ltr'><strong>autem</strong></span> <span class='ocrx_word' id='word_1_527' title='bbox 3338 4343 3569 4424; x_wconf 88' lang='lat' dir='ltr'><strong>pascha</strong></span> <span class='ocrx_word' id='word_1_528' title='bbox 3608 4344 3737 4407; x_wconf 86' lang='lat' dir='ltr'><strong>duo</strong></span> <span class='ocrx_word' id='word_1_529' title='bbox 3766 4354 3995 4409; x_wconf 86' lang='lat' dir='ltr'><strong>notan·</strong></span> 
     </span>
     <span class='ocr_line' id='line_1_81' title="bbox 2482 4439 3991 4524; baseline 0.005 -24"><span class='ocrx_word' id='word_1_530' title='bbox 2482 4446 2608 4514; x_wconf 92' lang='lat' dir='ltr'><strong>tur,</strong></span> <span class='ocrx_word' id='word_1_531' title='bbox 2639 4439 2939 4516; x_wconf 74' lang='lat' dir='ltr'><strong>videlicet</strong></span> <span class='ocrx_word' id='word_1_532' title='bbox 2977 4440 3328 4503; x_wconf 86' lang='lat' dir='ltr'><strong>immolatio</strong></span> <span class='ocrx_word' id='word_1_533' title='bbox 3364 4440 3505 4523; x_wconf 88' lang='lat' dir='ltr'><strong>ejus</strong></span> <span class='ocrx_word' id='word_1_534' title='bbox 3544 4449 3733 4524; x_wconf 88' lang='lat' dir='ltr'><strong>atque</strong></span> <span class='ocrx_word' id='word_1_535' title='bbox 3773 4462 3991 4509; x_wconf 88' lang='lat' dir='ltr'><strong>come·</strong></span> 
     </span>
     <span class='ocr_line' id='line_1_82' title="bbox 2484 4537 3993 4621; baseline 0.005 -21"><span class='ocrx_word' id='word_1_536' title='bbox 2484 4537 2624 4600; x_wconf 91' lang='lat' dir='ltr'><strong>stio.</strong></span> <span class='ocrx_word' id='word_1_537' title='bbox 2658 4538 3015 4601; x_wconf 87' lang='lat' dir='ltr'><strong>Immolatio</strong></span> <span class='ocrx_word' id='word_1_538' title='bbox 3054 4546 3265 4601; x_wconf 86' lang='lat' dir='ltr'><strong>autem</strong></span> <span class='ocrx_word' id='word_1_539' title='bbox 3300 4540 3436 4602; x_wconf 90' lang='lat' dir='ltr'><strong>veri</strong></span> <span class='ocrx_word' id='word_1_540' title='bbox 3464 4540 3649 4621; x_wconf 84' lang='lat' dir='ltr'><strong>Agni,</strong></span> <span class='ocrx_word' id='word_1_541' title='bbox 3681 4541 3993 4607; x_wconf 87' lang='lat' dir='ltr'><strong>videlicet</strong></span> 
     </span>
     <span class='ocr_line' id='line_1_83' title="bbox 2484 4636 3987 4719; baseline 0.004 -21"><span class='ocrx_word' id='word_1_542' title='bbox 2484 4636 2739 4710; x_wconf 91' lang='lat' dir='ltr'><strong>Christi,</strong></span> <span class='ocrx_word' id='word_1_543' title='bbox 2791 4636 3084 4699; x_wconf 88' lang='lat' dir='ltr'><strong>inchoata</strong></span> <span class='ocrx_word' id='word_1_544' title='bbox 3130 4643 3228 4699; x_wconf 88' lang='lat' dir='ltr'><strong>est</strong></span> <span class='ocrx_word' id='word_1_545' title='bbox 3276 4639 3748 4719; x_wconf 87' lang='lat' dir='ltr'><strong>quartadecima</strong></span> <span class='ocrx_word' id='word_1_546' title='bbox 3808 4640 3987 4717; x_wconf 87' lang='lat' dir='ltr'><strong>luna,</strong></span> 
     </span>
     <span class='ocr_line' id='line_1_84' title="bbox 2483 4734 3991 4821; baseline 0.003 -24"><span class='ocrx_word' id='word_1_547' title='bbox 2483 4734 2633 4816; x_wconf 89' lang='lat' dir='ltr'><strong>quia</strong></span> <span class='ocrx_word' id='word_1_548' title='bbox 2663 4742 2818 4798; x_wconf 89' lang='lat' dir='ltr'><strong>tunc</strong></span> <span class='ocrx_word' id='word_1_549' title='bbox 2848 4743 3069 4818; x_wconf 90' lang='lat' dir='ltr'><strong>captus</strong></span> <span class='ocrx_word' id='word_1_550' title='bbox 3100 4743 3195 4798; x_wconf 87' lang='lat' dir='ltr'><strong>est</strong></span> <span class='ocrx_word' id='word_1_551' title='bbox 3225 4735 3534 4812; x_wconf 88' lang='lat' dir='ltr'><strong>Christus,</strong></span> <span class='ocrx_word' id='word_1_552' title='bbox 3558 4744 3621 4799; x_wconf 89' lang='lat' dir='ltr'><strong>et</strong></span> <span class='ocrx_word' id='word_1_553' title='bbox 3650 4738 3779 4821; x_wconf 88' lang='lat' dir='ltr'><strong>pati</strong></span> <span class='ocrx_word' id='word_1_554' title='bbox 3815 4740 3991 4802; x_wconf 89' lang='lat' dir='ltr'><strong>ince-</strong></span> 
     </span>
     <span class='ocr_line' id='line_1_85' title="bbox 2483 4833 3989 4915; baseline 0.005 -21"><span class='ocrx_word' id='word_1_555' title='bbox 2483 4833 2579 4914; x_wconf 90' lang='lat' dir='ltr'><strong>pit</strong></span> <span class='ocrx_word' id='word_1_556' title='bbox 2612 4850 2627 4895; x_wconf 88' lang='lat'>:</span> <span class='ocrx_word' id='word_1_557' title='bbox 2660 4840 2724 4895; x_wconf 86' lang='lat' dir='ltr'><strong>et</strong></span> <span class='ocrx_word' id='word_1_558' title='bbox 2764 4842 3075 4915; x_wconf 88' lang='lat' dir='ltr'><strong>quantum</strong></span> <span class='ocrx_word' id='word_1_559' title='bbox 3117 4833 3195 4896; x_wconf 91' lang='lat' dir='ltr'><strong>ad</strong></span> <span class='ocrx_word' id='word_1_560' title='bbox 3240 4834 3382 4909; x_wconf 92' lang='lat' dir='ltr'><strong>hoc,</strong></span> <span class='ocrx_word' id='word_1_561' title='bbox 3423 4836 3655 4897; x_wconf 88' lang='lat' dir='ltr'><strong>veritas</strong></span> <span class='ocrx_word' id='word_1_562' title='bbox 3704 4854 3989 4901; x_wconf 87' lang='lat' dir='ltr'><strong>consona</strong></span> 
     </span>
     <span class='ocr_line' id='line_1_86' title="bbox 2481 4930 3989 5013; baseline 0.004 -20"><span class='ocrx_word' id='word_1_563' title='bbox 2481 4938 2579 4994; x_wconf 88' lang='lat' dir='ltr'><strong>est</strong></span> <span class='ocrx_word' id='word_1_564' title='bbox 2625 4930 2849 5013; x_wconf 80' lang='lat' dir='ltr'><strong>figurae</strong></span> <span class='ocrx_word' id='word_1_565' title='bbox 2897 4940 2960 4995; x_wconf 92' lang='lat' dir='ltr'><strong>et</strong></span> <span class='ocrx_word' id='word_1_566' title='bbox 3009 4932 3270 4996; x_wconf 82' lang='lat' dir='ltr'><strong>umbrae.</strong></span> <span class='ocrx_word' id='word_1_567' title='bbox 3317 4932 3632 4997; x_wconf 91' lang='lat' dir='ltr'><strong>Comestio</strong></span> <span class='ocrx_word' id='word_1_568' title='bbox 3679 4952 3831 4998; x_wconf 89' lang='lat' dir='ltr'><strong>vero</strong></span> <span class='ocrx_word' id='word_1_569' title='bbox 3879 4955 3989 4999; x_wconf 89' lang='lat' dir='ltr'><strong>co·</strong></span> 
     </span>
     <span class='ocr_line' id='line_1_87' title="bbox 2484 5029 3987 5115; baseline 0.004 -24"><span class='ocrx_word' id='word_1_570' title='bbox 2484 5030 2778 5093; x_wconf 90' lang='lat' dir='ltr'><strong>mestioni</strong></span> <span class='ocrx_word' id='word_1_571' title='bbox 2826 5029 3109 5113; x_wconf 85' lang='lat' dir='ltr'><strong>plenarie</strong></span> <span class='ocrx_word' id='word_1_572' title='bbox 3151 5033 3621 5115; x_wconf 90' lang='lat' dir='ltr'><strong>correspondet.</strong></span> <span class='ocrx_word' id='word_1_573' title='bbox 3654 5068 3735 5078; x_wconf 94' lang='lat'>—</span> <span class='ocrx_word' id='word_1_574' title='bbox 3764 5032 3828 5097; x_wconf 91' lang='lat' dir='ltr'><strong>Si</strong></span> <span class='ocrx_word' id='word_1_575' title='bbox 3873 5035 3987 5097; x_wconf 83' lang='lat' dir='ltr'><strong>de-</strong></span> 
     </span>
     <span class='ocr_line' id='line_1_88' title="bbox 2483 5136 3983 5210; baseline 0.003 -19"><span class='ocrx_word' id='word_1_576' title='bbox 2483 5146 2661 5191; x_wconf 88' lang='lat' dir='ltr'><strong>mum</strong></span> <span class='ocrx_word' id='word_1_577' title='bbox 2720 5136 3059 5210; x_wconf 70' lang='lat' dir='ltr'><strong>quan-atur,</strong></span> <span class='ocrx_word' id='word_1_578' title='bbox 3120 5148 3236 5191; x_wconf 88' lang='lat' dir='ltr'><strong>cur</strong></span> <span class='ocrx_word' id='word_1_579' title='bbox 3292 5146 3407 5193; x_wconf 84' lang='lat' dir='ltr'><strong>nos</strong></span> <span class='ocrx_word' id='word_1_580' title='bbox 3462 5148 3589 5193; x_wconf 88' lang='lat' dir='ltr'><strong>non</strong></span> <span class='ocrx_word' id='word_1_581' title='bbox 3650 5149 3983 5197; x_wconf 85' lang='lat' dir='ltr'><strong>servamus</strong></span> 
     </span>
     <span class='ocr_line' id='line_1_89' title="bbox 2481 5226 3981 5311; baseline 0.003 -21"><span class='ocrx_word' id='word_1_582' title='bbox 2481 5226 2717 5290; x_wconf 86' lang='lat' dir='ltr'><strong>Pascha</strong></span> <span class='ocrx_word' id='word_1_583' title='bbox 2744 5227 3217 5309; x_wconf 86' lang='lat' dir='ltr'><strong>quartadecima</strong></span> <span class='ocrx_word' id='word_1_584' title='bbox 3248 5227 3400 5291; x_wconf 89' lang='lat' dir='ltr'><strong>luna</strong></span> <span class='ocrx_word' id='word_1_585' title='bbox 3426 5228 3593 5291; x_wconf 90' lang='lat' dir='ltr'><strong>sicut</strong></span> <span class='ocrx_word' id='word_1_586' title='bbox 3615 5230 3851 5311; x_wconf 82' lang='lat' dir='ltr'><strong>Judaei3</strong></span> <span class='ocrx_word' id='word_1_587' title='bbox 3884 5232 3981 5295; x_wconf 86' lang='lat' dir='ltr'><strong>di-</strong></span> 
     </span>
     <span class='ocr_line' id='line_1_90' title="bbox 2482 5326 3977 5409; baseline 0.004 -20"><span class='ocrx_word' id='word_1_588' title='bbox 2482 5326 2755 5389; x_wconf 88' lang='lat' dir='ltr'><strong>cendum</strong></span> <span class='ocrx_word' id='word_1_589' title='bbox 2816 5326 3046 5408; x_wconf 87' lang='lat' dir='ltr'><strong>primo,</strong></span> <span class='ocrx_word' id='word_1_590' title='bbox 3108 5346 3189 5389; x_wconf 86' lang='lat' dir='ltr'><strong>ne</strong></span> <span class='ocrx_word' id='word_1_591' title='bbox 3244 5326 3578 5391; x_wconf 87' lang='lat' dir='ltr'><strong>videamur</strong></span> <span class='ocrx_word' id='word_1_592' title='bbox 3628 5328 3977 5409; x_wconf 83' lang='lat' dir='ltr'><strong>judaizare.</strong></span> 
     </span>
    </p>
   </div>
  </div>
 </body>
</html>
