4267 6250
891 508 980 553 An
1020 507 1085 553 m
1124 505 1276 552 rma
1316 505 1576 552 numm
1617 505 1840 552 rnoms
1883 505 2022 552 rins
2065 505 2391 552 mummi
2432 507 2829 555 suum-run
3337 489 3415 554 77

323 681 384 738 et
409 676 724 758 quomodo
759 672 1024 738 fuerunt
1057 675 1364 738 instituta.
1399 676 1759 758 Respondet
1792 693 1806 738 :
1838 675 1891 740 A
1923 693 2003 737 na
2045 693 2173 739 non
2224 683 2470 758 poterat
2510 676 2691 739 alteri
2736 676 2947 740 valere
2993 695 3107 759 per
3152 677 3415 740 modum

325 773 382 836 Si
423 781 816 836 sacramenta
855 773 1151 836 dicantur
1189 772 1518 836 sensibilia
1559 773 1740 855 signa
1775 794 1814 838 a

325 873 445 934 Deo
487 878 778 953 tempore
829 871 988 953 legis
1036 879 1278 934 naturae
1327 871 1638 945 instituta,
1683 890 1812 935 non

322 977 480 1043 ante,
529 969 608 1031 ad
655 969 1155 1050 significandum
1213 988 1348 1032 rem
1407 989 1648 1031 sacram
1700 989 1814 1052 per

323 1067 604 1130 homines
633 1067 1074 1142 ministranda,
1087 1075 1152 1130 et
1177 1067 1260 1130 ab
1287 1067 1382 1130 eis
1409 1067 1438 1128 f
1442 1076 1814 1150 requentan-

321 1165 427 1244 da3
466 1165 560 1228 sic
599 1167 768 1240 dieo,
799 1167 970 1248 quod
1009 1165 1272 1228 fuerunt
1307 1165 1430 1229 tria
1461 1167 1810 1240 dumtaxat,

321 1264 613 1328 videlieet
641 1265 930 1338 deeimae,
945 1265 1286 1338 sacrificia,
1300 1264 1672 1328 oblationes.
1691 1265 1812 1327 Ma-

319 1363 688 1426 trimonium
717 1371 932 1426 autem
965 1361 1090 1426 fuit
1128 1364 1195 1425 in
1234 1370 1398 1426 statu
1433 1363 1813 1427 innocentiae

319 1461 698 1524 institutum.
731 1462 1034 1536 Quamvis
1065 1462 1256 1524 etiam
1299 1462 1364 1523 in
1405 1460 1542 1542 lege
1573 1469 1812 1525 naturae

318 1558 696 1623 fuit·virtus
754 1560 1175 1643 poenitentiae,
1231 1575 1358 1622 non
1417 1566 1630 1622 tamen
1687 1559 1815 1622 fuit

315 1666 466 1720 tunc
503 1659 764 1741 proprie
805 1665 1300 1732 sacramentum,
1333 1666 1406 1720 ut
1445 1657 1610 1720 infra
1649 1659 1812 1721 dice·

317 1763 434 1818 tur.
487 1757 790 1830 Quamvis
839 1757 1034 1820 etiam
1083 1765 1238 1819 tunc
1281 1756 1478 1819 fuerit
1523 1757 1812 1819 sacerdo-

1920 772 2323 846 sacramenti,
2355 773 2674 854 quoniam⁸
2702 773 2983 835 nondum
3024 780 3205 835 erant
3238 773 3417 836 insti-

1919 878 2054 933 tuta
2090 869 2306 952 aliqua
2348 878 2741 934 sacramenta
2774 891 2788 936 :
2822 889 2971 954 ergo
3013 872 3264 936 valebat
3304 890 3420 954 per

1922 969 2185 1031 modum
2238 969 2448 1031 meriti
2502 970 2639 1033 sive
2686 969 3017 1052 suffragii3
3072 971 3241 1052 quod
3290 987 3417 1034 non

1921 1067 2130 1150 potuit
2170 1067 2337 1130 fides
2384 1068 2591 1131 aliena
2636 1075 2707 1130 ut
2750 1086 3058 1151 personae,
3104 1069 3256 1150 quia
3300 1069 3423 1132 fre-

1922 1173 2193 1247 quenter
2233 1165 2356 1228 fuit
2395 1165 2707 1229 informis,
2744 1167 2928 1229 Fides
2972 1175 3187 1229 autem
3230 1165 3423 1229 infor-

1923 1265 2044 1326 mis
2085 1265 2276 1326 unius
2310 1283 2441 1327 non·
2470 1273 2749 1328 meretur
2778 1265 3021 1347 aliquid
3062 1265 3267 1340 alteri,
3302 1283 3421 1328 nec

1921 1362 2000 1424 de
2043 1363 2359 1444 condigno
2408 1382 2614 1445 neque
2662 1363 2741 1426 de
2784 1381 3084 1444 congrue,
3126 1364 3419 1446 quamvis

1924 1479 2036 1544 per
2085 1461 2283 1524 fidem
2344 1460 2685 1524 informem
2743 1463 2978 1544 aliquis
3038 1463 3237 1545 possit
3292 1463 3418 1524 sibi

1923 1559 2044 1642 ipsi
2079 1559 2310 1622 mereri
2342 1560 2585 1642 aliquid
2614 1561 2694 1623 de
2724 1579 3023 1642 congruo.
3046 1561 3207 1642 Ergo
3235 1579 3419 1643 opor-

1921 1658 2044 1721 tuit
2071 1659 2241 1740 quod
2282 1649 2447 1722 fides
2487 1658 2597 1720 illa
2634 1666 2985 1722 mereretur
3022 1659 3287 1741 parvulo
3322 1659 3422 1740 ju-

1922 1756 2399 1832 stificationem,
2451 1758 2805 1819 secundum
2854 1758 3025 1839 quod
3073 1764 3208 1820 erat
3255 1756 3419 1821 fides

316 1854 498 1928 tium,
539 1873 666 1918 non
714 1862 932 1917 tamen
981 1855 1260 1938 proprie,
1304 1861 1376 1917 ut
1421 1861 1517 1916 est
1558 1853 1810 1918 Ordinis
1838 1855 1885 1918 B
1925 1854 2246 1929 Ecclesiae,
2288 1875 2430 1937 quae
2474 1863 2571 1918 est
2614 1873 2868 1938 semper
2914 1854 3203 1919 formata.
3246 1857 3422 1920 Insu-

317 1960 798 2016 sacramentum.
843 1952 1143 2027 Quamvis
1186 1953 1360 2016 enim
1403 1952 1598 2016 fuerit
1637 1961 1812 2036 pote-

321 2057 442 2112 stas
469 2070 508 2112 a
537 2051 664 2114 Deo
691 2051 982 2114 ordinata
1019 2051 1094 2113 ad
1125 2049 1530 2114 offerendum
1567 2051 1811 2133 aliquid

322 2148 384 2209 in
430 2149 970 2230 significationem
1017 2150 1109 2212 rei
1155 2168 1371 2223 sacrae,
1420 2169 1549 2213 non
1595 2157 1810 2212 tamen

325 2255 450 2308 erat
495 2247 797 2311 distincta
843 2267 882 2311 a
930 2247 1216 2312 saeculari
1275 2255 1600 2330 potestate.
1652 2248 1810 2312 Nam

139 2361 300 2414 cam,
325 2345 776 2409 Melchisedech
819 2347 1114 2409 sacerdos
1157 2345 1281 2408 fuit
1323 2365 1431 2409 rex
1476 2346 1706 2420 Salem,
1741 2354 1809 2409 ut

109 2427 152 2466 13.

52 2491 54 2498 .

52 2503 54 2512 .

52 2793 150 2868 {u

52 3049 56 3213 l

54 3266 57 3327 f

54 3458 57 3537 l

54 3540 57 3577 ε

325 2443 384 2504 in
427 2443 654 2507 Genesi
701 2444 956 2526 legitur,
993 2443 1103 2506 ubi
1145 2445 1370 2506 asserit
1411 2445 1630 2508 Glossa
1663 2463 1678 2508 :
1711 2445 1811 2508 Di-

325 2549 468 2603 cunt
503 2541 776 2617 Hebraei,
817 2560 1043 2605 omnes
1091 2543 1548 2626 primogenitos
1594 2563 1631 2605 a
1679 2543 1808 2607 Noe

325 2659 514 2722 usque
561 2641 641 2702 ad
689 2641 898 2703 Aaron
943 2640 1144 2704 fuisse
1193 2640 1552 2723 pontifices
1605 2643 1809 2724 Super

105 2755 300 2806 Mum,
323 2738 471 2801 illud
499 2757 756 2821 quoque
787 2739 1073 2813 Genesis,
1101 2740 1398 2802 Vestibus
1429 2740 1595 2803 Esau
1623 2740 1806 2804 valde

323 2835 518 2912 honis,
559 2837 846 2920 loquitur
891 2837 1112 2901 Glossa
1151 2857 1166 2901 :
1209 2837 1488 2900 Tradunt
1537 2838 1803 2914 Hebraei,

323 2935 768 3016 primogenitos
815 2934 1074 2998 functos
1117 2935 1340 2998 officio
1381 2937 1803 3012 sacerdotum,

1923 1972 2039 2036 per
2076 1953 2241 2028 dice,
2282 1955 2453 2035 quod
2498 1970 2625 2016 non
2669 1953 3038 2016 sufficiebat
3077 1955 3213 2018 haec
3252 1954 3419 2018 fides

1923 2071 2070 2114 cum
2111 2071 2227 2116 suo
2256 2059 2401 2114 actu
2444 2053 2729 2115 interiori
2768 2053 2907 2115 sine
2940 2053 3123 2134 signo
3150 2053 3419 2117 exterio-

1922 2150 1996 2213 ri.
2039 2149 2267 2213 Nullus
2309 2150 2483 2213 enim
2528 2150 2695 2232 gerit
2740 2169 3075 2232 personam
3120 2153 3417 2218 Ecclesiae

1923 2256 1992 2309 ut
2036 2247 2151 2322 sic,
2194 2267 2308 2330 per
2346 2248 2553 2310 solum
2592 2255 2807 2310 actum
2856 2248 3248 2325 interiorem,
3292 2251 3415 2313 nisi

1921 2347 2385 2409 concomitetur
2428 2346 2663 2428 aliquis
2721 2354 2899 2410 actus
2946 2349 3239 2411 exterior.
3289 2349 3419 2412 Nec

1919 2445 2213 2508 sacerdos
2243 2444 2635 2526 quicumque
2669 2452 2852 2508 utens
2893 2446 3101 2509 solum
3130 2447 3416 2510 oratione

1921 2542 2205 2617 mentali,
2232 2542 2395 2623 gerit
2424 2543 2631 2606 vicem
2665 2543 2939 2606 ministri
2972 2545 3288 2608 Ecclesiae.
3323 2546 3418 2608 Ad

1917 2641 2359 2704 auctoritatem
2388 2649 2603 2704 autem
2633 2641 2917 2723 Gregorii
2946 2642 3235 2718 dicentis,
3250 2644 3418 2725 quod

1919 2739 2052 2802 sola
2098 2740 2264 2803 fides
2320 2747 2655 2822 parentum
2715 2739 2995 2814 suffecit,
3044 2740 3412 2816 dicendum,

1918 2838 2088 2920 quod
2129 2838 2256 2901 fuit
2294 2838 2468 2902 illius
2510 2837 2854 2920 opinioniS,
2896 2846 2960 2900 et
3002 2857 3129 2902 non
3168 2846 3418 2921 oportet

1919 2953 2065 2998 eum
2111 2943 2351 3010 tenere,
2384 2943 2503 2998 etc.
2536 2936 2681 2999 Haec
2723 2937 3077 2999 Durandus,

321 3039 378 3094 et
411 3033 712 3096 habuisse
741 3034 1196 3096 vestimentum
1235 3034 1646 3110 sacerdotale,
1677 3054 1807 3118 quo
1845 3037 1887 3101 C
2009 3036 2078 3097 ln
2134 3035 2372 3117 quibus
2430 3035 2742 3098 contineri
2807 3036 3159 3118 probantur
3216 3038 3417 3100 multa

323 3130 538 3207 induti,
571 3132 866 3195 victimas
908 3131 1270 3195 offerebant
1310 3141 1650 3217 antequam
1693 3136 1808 3198 Aa·

322 3248 422 3293 ron
463 3231 810 3311 eligeretur
852 3230 916 3293 in
961 3232 1376 3295 sacerdotem.
1411 3232 1546 3295 Non
1593 3240 1806 3295 tamen

323 3326 654 3403 iuvenitur,
707 3329 877 3410 quod
925 3328 1006 3391 de
1054 3328 1165 3391 Dei
1215 3330 1510 3392 mandato
1558 3331 1636 3393 ad
1685 3331 1804 3394 hoc

323 3434 831 3491 consecrarentur
889 3446 1003 3509 per
1053 3425 1310 3509 aliquod
1369 3429 1674 3491 sensibile
1723 3430 1804 3492 si-

321 3542 522 3603 gnum.
575 3526 886 3608 Denique,
935 3533 1332 3590 sacramenta
1387 3527 1498 3590 illa
1545 3527 1808 3591 fuerunt

322 3642 355 3684 a
381 3624 522 3699 Deo,
555 3624 618 3686 id
651 3633 748 3686 est
775 3624 995 3688 divina
1023 3624 1460 3707 inspiratione,
1495 3626 1800 3707 instituta.

323 3722 484 3787 Unde
531 3724 700 3787 libro
745 3724 824 3787 de
867 3724 1290 3789 Sacramentis
1338 3726 1641 3790 disseruit
1681 3728 1806 3790 Hu-

321 3838 394 3903 go
421 3840 436 3885 ε
465 3822 800 3887 Probabile
829 3830 946 3897 est,
978 3824 1307 3887 hominem
1345 3826 1425 3887 ad
1462 3826 1598 3891 haec
1633 3844 1808 3891 exer-

323 3922 507 3986 cenda
533 3943 570 3986 a
601 3922 923 4007 principio
949 3942 986 3985 a
1016 3924 1144 3987 Deo
1173 3924 1558 3987 instructum
1588 3932 1652 3988 et
1673 3945 1808 3988 eru-

323 4021 513 4084 ditum
561 4021 781 4085 fuisse.
832 4022 924 4085 Ex
974 4022 1211 4104 quibus
1258 4030 1505 4087 constat
1550 4025 1807 4105 quando

321 4116 548 4179 fuerint
575 4120 885 4193 instituta,
907 4120 1060 4201 quia
1089 4138 1234 4183 mox
1266 4130 1408 4203 post
1437 4121 1719 4205 lapsum3
1741 4130 1806 4185 et

1917 3134 2152 3217 inepta.
2187 3135 2495 3209 Primum,
2538 3135 2707 3218 quod
2747 3136 2925 3210 dicit,
2967 3144 3121 3199 tunc
3163 3137 3416 3219 (videli-

1917 3242 2017 3295 cet
2045 3242 2333 3317 tempore
2366 3234 2523 3316 legis
2554 3234 2820 3315 naturae)
2848 3252 2975 3297 non
3006 3234 3205 3298 fuisse
3236 3236 3415 3299 insti·

1915 3339 2049 3394 tuta
2093 3332 2309 3414 aliqua
2356 3339 2765 3395 sacramenta.
2810 3332 3005 3413 Cujus
3048 3335 3413 3416 oppositum

1916 3431 2120 3513 patuit
2150 3431 2339 3494 modo
2366 3449 2444 3493 ex
2473 3430 2661 3494 dictis
2689 3431 2891 3494 sancti
2922 3432 3103 3514 Papae
3131 3433 3416 3516 Gregorii

1913 3537 1978 3593 et
2003 3529 2308 3610 Hugonis,
2341 3529 2571 3591 deinde
2614 3529 2673 3591 S.
2708 3528 2984 3605 Thomae‚
3016 3531 3413 3597 Bonaventu-

1915 3648 2020 3703 rae,
2043 3627 2231 3702 Petri,
2256 3628 2548 3691 Richardi
2580 3634 2643 3689 et
2670 3628 2961 3691 aliorum.
2996 3630 3130 3692 lmo
3158 3630 3226 3692 in
3256 3650 3411 3714 quo·

1918 3727 2072 3789 libet
2101 3732 2268 3789 statu
2307 3734 2371 3788 et
2403 3724 2691 3807 qualibet
2728 3725 2865 3806 lege
2896 3725 3157 3789 fuerunt
3192 3729 3409 3812 aliqua

1914 3832 2330 3899 sacramenta,
2374 3832 2443 3885 ut
2488 3841 2565 3887 ex
2614 3823 2802 3887 dictis
2844 3824 2909 3887 B.
2944 3826 3303 3907 Augustini,
3347 3836 3411 3891 et

1914 3923 2266 3986 rationibus
2306 3921 2626 3985 Guillelmi
2668 3921 3039 3987 Parisiensis
3081 3932 3407 3989 ostensum
3460 3955 3613 4006 quo-t.
3643 3953 3686 3995 ε.

1913 4029 2026 4085 est.
2068 4057 2151 4066 —
2190 4020 2576 4095 Secundum,
2619 4021 2788 4102 quod
2826 4021 2935 4095 ait,
2976 4021 3175 4083 fidem
3218 4022 3408 4086 infor-

1915 4138 2084 4183 mem
2123 4119 2285 4182 nihil
2328 4119 2556 4181 mereri
2594 4118 2776 4181 alteri
2818 4137 2936 4181 nec
2977 4120 3055 4181 de
3092 4122 3409 4202 condigno

323 4215 537 4277 modus
579 4216 1022 4291 institutionis,
1063 4220 1214 4300 quia
1262 4238 1340 4282 ex
1387 4221 1802 4303 inspiratione
1833 4225 1882 4287 D
1913 4236 2120 4299 neque
2160 4217 2239 4279 de
2277 4234 2573 4297 congruo.
2608 4216 2803 4297 Cujus
2838 4218 3225 4281 contrarium
3265 4240 3407 4303 pro-

323 4312 544 4377 divina.
576 4316 912 4396 Propterea
941 4315 1104 4377 dixit
1128 4316 1308 4397 Hugo
1339 4335 1354 4379 ε
1389 4318 1797 4400 conjicimus,
1911 4317 2098 4380 batur
2138 4333 2215 4377 ex
2252 4312 2463 4377 verbis
2503 4314 2733 4379 Christi
2777 4316 2846 4378 in
2884 4316 3227 4398 Evangelio
3264 4338 3409 4401 pro-

323 4412 481 4493 quod
522 4414 686 4476 Deus
729 4412 1060 4475 hominem
1101 4432 1140 4475 a
1183 4414 1502 4497 principio
1539 4417 1618 4479 ad
1667 4416 1802 4481 hoec
1909 4414 2200 4478 testantis
2246 4430 2260 4475 τ
2304 4411 2483 4475 Multi
2532 4412 2747 4476 dicent
2795 4414 2953 4477 mihi
3004 4416 3070 4478 in
3118 4416 3222 4479 die
3272 4418 3403 4495 illo,
3434 4438 3699 4497 mmmm,

322 4512 659 4575 exercenda
685 4509 952 4574 consilio
977 4510 1416 4576 erudivitHaec
1439 4512 1796 4579 Richardus.
1911 4513 2199 4587 Domine,
2252 4512 2540 4588 Domine,
2594 4531 2805 4576 nonne
2863 4512 2929 4575 in
2988 4516 3248 4579 nomine
3297 4525 3408 4581 tuo
3434 4504 3503 4546 ²²·

397 4610 692 4675 Praeterea
738 4610 1076 4673 Durandus
1122 4627 1160 4670 a
1208 4610 1618 4690 praeinductis
1666 4633 1804 4696 par-
1912 4610 2456 4695 prophetavimus,
2502 4618 2565 4673 et
2614 4611 2925 4675 daemonia
2970 4612 3303 4693 ejecimus,
3344 4623 3409 4679 et

323 4708 432 4772 tim
484 4710 798 4783 dissentit,
849 4708 1122 4773 dicendo
1173 4724 1188 4769 :
1240 4706 1378 4770 Non
1436 4709 1805 4775 sufficiebat
1908 4711 2088 4791 signa
2127 4709 2328 4771 multa
2364 4707 2683 4771 fecimus?
2711 4709 2855 4773 Haec
2892 4718 3107 4774 autem
3149 4713 3405 4795 reprobi

325 4824 432 4885 pro
473 4808 735 4891 parvulo
784 4806 951 4870 fides
1005 4806 1293 4881 alteriuS,
1345 4813 1416 4869 ut
1459 4816 1594 4871 erat
1639 4808 1802 4872 fides
1907 4814 2253 4888 operantur
2289 4824 2402 4887 per
2430 4805 2629 4869 fidem
2670 4805 3035 4884 informem,
3070 4829 3184 4893 per
3210 4830 3404 4893 quam

327 4902 484 4967 illius
523 4924 829 4987 personae,
861 4906 973 4969 sed
1015 4912 1084 4968 ut
1114 4912 1251 4969 erat
1283 4905 1448 4968 fides
1479 4906 1798 4983 Ecclesiae‚
1911 4910 2239 4966 merentur
2287 4902 2406 4965 ista
2451 4920 2639 4985 agere
2686 4904 2764 4965 de
2812 4922 3095 4987 congruo
3133 4907 3211 4968 ad
3253 4907 3405 4972 alio·

329 5003 610 5081 quoniam
636 5013 818 5067 actus
852 5004 1044 5067 unius
1084 5023 1212 5067 non
1249 5012 1458 5087 potest
1487 5004 1667 5068 alteri
1698 5025 1800 5069 va·
1909 5023 2053 5066 rum
2102 5002 2467 5077 utilitatem,
2518 5002 2599 5063 ad
2646 5021 2841 5084 quam
2888 5004 3054 5067 dona
3101 5012 3165 5067 et
3212 5023 3406 5088 opera

329 5096 448 5161 lere
485 5102 562 5163 ad
604 5102 1157 5183 justificationem,
1201 5103 1325 5165 nisi
1376 5121 1494 5186 per
1541 5105 1800 5167 modum
1907 5102 2122 5185 gratiae
2151 5102 2345 5184 gratis
2376 5102 2533 5165 datae
2568 5101 2973 5183 potissimum
3006 5103 3401 5181 ordinantur,

329 5197 524 5259 meriti
571 5208 676 5261 aut
723 5198 1042 5280 suffragii,
1092 5200 1262 5281 quod
1313 5199 1484 5263 idem
1530 5209 1648 5277 est,
1699 5203 1800 5266 vel
1908 5202 2160 5266 dicente
2203 5200 2503 5283 Apostolo
2536 5217 2551 5263 ε
2586 5199 2937 5281 Unicuique
2981 5199 3166 5263 datur
3210 5203 3405 5265 mani·
3432 5222 3695 5283 woman.

329 5315 432 5379 per
459 5298 712 5363 modum
749 5297 1150 5361 sacramenti.
1184 5298 1368 5361 Fides
1405 5306 1618 5363 autem
1656 5301 1804 5365 alie·
1911 5300 2164 5363 festatio
2211 5299 2483 5382 Spiritus
2530 5298 2606 5361 ad
2650 5298 3009 5361 utilitatem.
3054 5298 3131 5361 Et
3172 5300 3404 5378 veritas
