4267 6250
879 495 1000 561 336
1532 516 1596 563 m
1637 517 1860 563 mantnt
1901 517 1962 562 lv
2003 513 2488 563 snuraurmnuu.
2528 531 2609 543 —
2649 514 2801 560 msr.
2844 513 2969 577 1¹¹3
3014 513 3239 571 Qnsssr.
3282 513 3344 559 ιν

881 683 1093 748 Primo
1124 685 1514 768 respondens
1545 685 1622 748 ad
1653 685 1846 760 istud,
1872 693 2087 748 utrum
2120 703 2235 768 per
2264 684 2385 748 hoc
2416 684 2466 747 A
2498 683 2587 746 De
2626 685 2747 747 hoc
2774 683 3167 767 Augustinus
3206 682 3362 746 dicit
3395 700 3409 745 :
3442 681 3750 745 Dominus
3778 687 4003 743 noster

882 792 1351 847 sacramentum
1389 784 1591 865 gratia
1619 783 2032 847 conferatur:
2075 782 2383 856 Effectus,
2496 800 2727 865 corpus
2775 789 2839 844 et
2886 781 3261 864 sanguinem
3310 799 3498 844 suum
3549 780 3614 842 in
3662 778 3754 841 eis
3803 777 4003 840 rebus

884 880 1116 963 inquit,
1135 883 1514 945 sacramenti
1546 881 1730 945 istius
1761 882 2199 945 consideratur
2226 881 2389 943 mul·
2497 881 2973 944 commendavit
3013 900 3157 963 quae
3197 881 3275 943 ad
3316 898 3518 942 unum
3556 877 3796 961 aliquid
3840 877 4007 939 redi-

883 978 1202 1060 tipliciter.
1220 980 1429 1044 Primo
1454 987 1519 1042 et
1543 979 1994 1062 principaliter,
2009 997 2087 1043 ex
2114 996 2191 1042 eo
2216 978 2385 1061 quod
2496 988 2734 1061 guntur
2764 999 2841 1041 ex
2874 979 3111 1042 multis.
3147 979 3378 1061 Sicque
3408 976 3805 1060 spiritualem
3844 975 4005 1037 fide-

886 1076 952 1139 in
1003 1085 1398 1141 sacramento
1456 1079 1576 1140 hoc
1626 1079 2010 1152 continetur,
2062 1077 2234 1160 quod
2292 1084 2388 1138 est
2500 1078 2659 1140 lium
2719 1079 3023 1141 unionem
3081 1078 3432 1159 designant.
3488 1077 3663 1140 Unde
3716 1075 4005 1158 loquitur

885 1175 1172 1239 Christus
1207 1194 1221 1238 ε
1259 1177 1368 1258 qui
1409 1177 1575 1240 sicut
1614 1177 1682 1239 in
1724 1177 2035 1240 mundum
2071 1175 2389 1239 sensibili·
2497 1176 2890 1257 Augustinus
2925 1194 2939 1239 :
2972 1174 3021 1238 Ο
3050 1183 3517 1239 sacramentum
3550 1173 3829 1257 pietatis,
3852 1191 3895 1236 o
3924 1172 4005 1234 si-

885 1281 983 1336 ter
1011 1275 1298 1350 venienS,
1333 1275 1600 1338 contulit
1642 1275 1882 1338 mundo
1909 1275 2108 1337 vitam
2144 1274 2383 1357 gratim,
2498 1292 2697 1354 gnum
2726 1273 3056 1348 unitatiS,o
3082 1273 3415 1336 vinculum
3444 1271 3752 1336 caritatis!
3772 1271 4005 1345 Quum-

587 1396 857 1448 Joann.1,¹7.
883 1372 1067 1453 juxta
1109 1372 1267 1435 illud
1313 1374 1593 1449 ioannis,
1627 1374 1838 1437 Gratia
1884 1381 1948 1436 et
1988 1372 2222 1436 veritas
2271 1390 2386 1455 per
2501 1391 2627 1454 que
2658 1371 2941 1435 Christus
2971 1379 3036 1434 et
3074 1371 3285 1454 passio
3315 1371 3457 1452 ejus
3496 1370 3580 1432 sit
3606 1369 3825 1451 gratiae
3858 1387 4005 1431 cau-

882 1469 1098 1534 Jesum
1131 1471 1453 1534 Christum
1486 1470 1651 1535 facta
1679 1480 1810 1552 est3
1843 1472 1930 1534 ita
1958 1472 2025 1534 in
2055 1471 2382 1534 hominem
2500 1488 2569 1531 sa
2617 1477 2680 1532 et
2726 1468 2990 1533 refectio
3038 1468 3412 1552 spiritualiS,
3460 1475 3525 1530 et
3582 1468 3810 1530 caritas
3860 1467 4003 1529 sine

886 1569 1430 1633 sacramentaliter
1458 1571 1742 1646 veniens,
1762 1571 1961 1634 vitam
1990 1571 2208 1653 gratioe
2235 1587 2384 1652 ope·
2498 1569 2698 1648 gratia
2746 1587 2885 1631 esse
2934 1585 3062 1631 non
3110 1568 3365 1647 valeat3
3414 1586 3494 1630 ex
3541 1566 3843 1630 omnibus
3900 1565 4001 1628 his

649 807 733 847 art.
762 805 798 846 ί.

591 1691 711 1738 Ιῠὶά.
722 1694 852 1744 νι,58.

541 2946 551 2951 “
623 2970 743 3016 leid.
772 2983 859 3024 ιιι,

597 3037 662 3080 34.

886 1675 1080 1743 ratur,
1113 1669 1468 1731 secundum
1510 1669 1691 1743 illud,
1725 1669 1842 1743 Qui
1877 1669 2218 1732 manducat
2256 1685 2381 1742 me,

884 1766 1058 1829 vivet
1088 1775 1346 1849 propter
1388 1786 1508 1830 me.
1543 1767 1719 1830 Unde
1754 1767 2026 1851 Cyrillus
2065 1773 2333 1830 testatur
2366 1782 2381 1827 :

883 1865 1352 1928 Vivificativum
1385 1866 1496 1930 Dei
1521 1865 1798 1930 Verbum
1830 1867 2048 1930 uniens
2077 1885 2145 1929 se
2178 1866 2383 1949 ipsum
2420 1866 2468 1930 B
2577 1865 2881 1928 Praeterea
2926 1864 2980 1926 si
3030 1871 3367 1946 quaeratur,
3400 1883 3482 1926 an
3530 1863 3803 1926 effectus
3850 1863 3996 1944 ejus
4074 1887 4199 1927 um.

883 1964 1156 2047 propriae
1189 1965 1550 2040 carni,fecit
1579 1974 1644 2028 et
1670 1964 1875 2049 ipsam
1907 1965 2381 2028 vivificativam.

883 2062 1158 2125 Decebat
1197 2083 1474 2146 namque
1513 2083 1660 2126 eum
1701 2064 1932 2127 nostris
1976 2065 2388 2146 quodammo-

886 2161 967 2224 do
1008 2161 1178 2224 uniri
1219 2162 1592 2245 corporibus
1631 2181 1746 2245 per
1785 2181 2026 2225 sacram
2067 2163 2209 2244 ejus
2253 2181 2385 2225 car-

887 2278 1037 2322 nem
1067 2260 1548 2343 pretiosumque
1577 2262 1975 2342 sanguinem,
2009 2281 2152 2344 quae
2182 2263 2249 2324 in
2278 2261 2385 2324 be-

887 2358 1318 2421 nedictionem
1381 2359 1841 2422 vivificativam
1903 2361 2257 2443 accipimus
2320 2360 2425 2423 in-

888 2475 1052 2539 pane
1093 2464 1157 2519 et
1199 2457 1367 2521 vino.
1403 2457 1694 2521 Secundo
1732 2459 2169 2522 consideratur
2205 2479 2282 2522 ex
2312 2476 2387 2522 eo

887 2556 1052 2638 quod
1083 2574 1200 2638 per
1226 2556 1346 2619 hoc
1376 2565 1845 2620 sacramentum
1881 2565 2385 2640 repraesentatur,

887 2654 1056 2735 quod
1098 2661 1195 2717 est
1239 2655 1447 2736 passio
1488 2655 1718 2719 Christi
1755 2673 1768 2717 :
1805 2655 2042 2719 idcirco
2079 2655 2386 2719 effectum

890 2771 1082 2834 quem
1116 2754 1328 2835 passio
1358 2753 1590 2817 Christi
1624 2753 1777 2817 fecit
1806 2755 1872 2816 in
1903 2755 2165 2830 mundo,
2189 2775 2389 2818 sacra-

888 2858 1180 2914 mentum
1209 2852 1331 2915 hoc
1369 2851 1526 2914 facit
1563 2853 1629 2914 in
1668 2853 1947 2916 homine.
1983 2854 2159 2917 Unde
2196 2873 2391 2936 super

888 2947 1048 3010 illud
1094 2948 1374 3024 Joannis,
1413 2951 1726 3014 Continuo
1774 2951 1972 3014 exivit
2019 2952 2277 3033 sanguis
2326 2959 2389 3015 et

2498 1666 2905 1729 manifestum
2960 1674 3077 1742 est,
3131 1666 3299 1748 quod
3356 1670 3827 1728 sacramentum
3877 1664 3999 1726 hoc

2498 1764 2744 1828 confert
2782 1766 3069 1847 gratiam.

2497 1963 2579 2026 sit
2606 1961 2859 2045 adeptio
2887 1963 3133 2044 gloriae3
3166 1962 3703 2045 respondendum,
3722 1962 3896 2045 quod
3930 1961 3995 2023 in

2497 2060 2615 2123 hoc
2666 2067 3062 2123 sacramento
3112 2061 3594 2123 considerantur
3641 2066 3772 2122 tam
3820 2058 3999 2123 Chri-

2496 2166 2632 2222 stus
2664 2159 2729 2221 in
2758 2177 2835 2221 eo
2864 2165 3429 2241 contentuS,quam
3461 2177 3613 2220 usus
3642 2175 4001 2220 sacramen-

2498 2258 2566 2319 ti.
2620 2257 2695 2320 Et
2750 2276 2828 2320 ex
2890 2264 3157 2340 utroque
3217 2257 3525 2339 competit
3572 2265 3996 2329 sacramento,

2498 2357 2664 2438 quod
2697 2356 2950 2439 adeptio
2978 2355 3195 2437 gloriae
3225 2362 3323 2418 est
3348 2355 3491 2436 ejus
3520 2355 3815 2418 effectus.
3838 2355 3997 2418 Nam

2500 2454 2785 2519 Christus
2816 2474 2931 2518 sua
2969 2455 3262 2538 passione
3294 2454 3482 2517 modo
3520 2454 3772 2536 aperuit
3806 2463 4000 2537 atque

2500 2543 2853 2636 promeruit
2882 2553 3067 2617 nobis
3094 2555 3335 2616 aditum
3362 2554 3541 2634 regni
3572 2553 3872 2618 coelestis.
3891 2553 4001 2616 Re·

2500 2652 2691 2717 fectio
2729 2671 2984 2736 quoque
3018 2672 3145 2734 qua
3182 2660 3650 2715 sacramentum
3682 2652 3853 2714 istud
3885 2669 4001 2714 nos

2499 2751 2710 2816 reficit
2749 2752 2815 2814 in
2848 2752 2952 2815 via
2990 2771 3104 2834 per
3139 2753 3429 2834 gratiam,
3461 2751 3757 2834 perducit
3791 2751 3872 2814 ad
3910 2769 4001 2813 re-

2498 2850 2842 2914 fectionem
2884 2851 3103 2933 patriae
3146 2869 3262 2933 per
3300 2850 3587 2932 gloriam.

2578 2950 2871 3031 Amplius
2902 2949 3099 3032 quaeri
3134 2956 3361 3031 potest,
3394 2957 3609 3012 utrum
3641 2949 3763 3013 hoc
3794 2967 3999 3012 sacra·
4072 2975 4189 3016 mo.

887 3064 1073 3130 aqua,
1107 3047 1263 3110 dicit
1302 3047 1785 3131 Chrysostomus
1821 3067 1835 3110 :
1869 3049 2026 3122 Quia
2062 3050 2215 3112 hinc
2252 3069 2387 3114 sus·
2418 3052 2463 3116 C
2502 3055 2787 3110 mentum
2847 3056 3188 3132 praeservet
3244 3048 3571 3111 hominem
3626 3067 3663 3111 a
3720 3047 4001 3132 peccatis

889 3145 1141 3227 cipiunt
1178 3146 1570 3230 principium
1613 3166 1791 3210 sacra
1829 3149 2153 3231 mysteria,
2186 3170 2388 3233 quum

886 3245 1230 3308 accesseris
1269 3246 1346 3307 ad
1391 3246 1794 3309 tremendum
1836 3247 2122 3322 calicem,
2156 3250 2387 3313 accede

888 3344 1078 3426 quasi·
1101 3343 1181 3406 ab
1212 3345 1350 3427 ipsa
1381 3344 1613 3409 Christi
1646 3353 1819 3408 costa
1849 3346 2189 3411 bibiturus.
2213 3349 2387 3412 Unde

2497 3147 2751 3211 futuris.
2796 3148 3170 3223 Dicendum,
3211 3148 3381 3231 quod
3427 3166 3555 3230 quo
3604 3149 3793 3212 modo
3840 3168 3998 3232 prae-

2498 3253 2786 3331 servatur
2828 3246 3020 3309 homo
3067 3264 3104 3307 a
3151 3253 3352 3309 morte
3402 3244 3736 3327 corporali,
3770 3247 3997 3309 eodem

2499 3345 2687 3408 modo
2736 3350 3156 3426 praeservatur
3197 3343 3389 3406 homo
3429 3363 3467 3406 a
3507 3344 3788 3426 peccatis
3830 3344 4000 3407 futu-

647 3464 824 3508 uatm.
886 3448 951 3504 et
999 3442 1137 3524 ipse
1194 3443 1502 3507 Dominus
1552 3443 1708 3507 dicit
1755 3462 1769 3507 :
1817 3445 1930 3507 Hic
1978 3452 2076 3507 est
2129 3448 2387 3528 sanguis
2497 3442 2603 3505 ris,
2641 3443 3061 3506 Praeservatur
3089 3449 3301 3504 autem
3340 3441 3596 3505 homoa
3625 3450 3833 3505 morte
3864 3460 3999 3505 cor-

590 3530 791 3580 ¹¹V¹’²⁸·
887 3559 1090 3615 meuS,
1125 3541 1235 3623 qui
1278 3559 1393 3624 pro
1431 3541 1614 3605 vobis
1653 3541 2022 3606 effundetur
2061 3544 2128 3605 in
2166 3545 2387 3607 remis·
2498 3541 2699 3624 porali
2744 3539 3105 3623 dupliciter.
3150 3540 3379 3615 Primo,
3422 3540 3487 3603 in
3532 3549 3847 3623 quantum
3892 3560 3995 3604 na-

885 3638 1131 3701 sionem
1190 3648 1617 3722 peccatorum.
1681 3641 1889 3704 Tertio
1950 3641 2390 3706 consideratur
2498 3647 2640 3703 tura
2701 3639 2981 3702 hominis
3049 3639 3317 3703 interius
3384 3640 3718 3704 roboratur
3776 3648 3997 3703 contra

881 3736 1156 3800 effectus
1185 3738 1568 3801 sacramenti
1599 3758 1676 3801 ex
1709 3740 1896 3803 modo
1926 3757 2053 3822 quo
2091 3740 2381 3815 traditur,
2499 3738 2802 3801 interiora
2837 3737 3204 3819 corruptiva
3236 3756 3251 3800 ε
3284 3745 3348 3800 et
3376 3738 3469 3799 sic
3508 3745 3935 3820 praeservatur
3959 3758 3995 3800 a

883 3842 1101 3918 utpote
1149 3855 1265 3919 per
1315 3837 1578 3900 modum
1627 3837 1756 3900 cibi
1809 3857 1882 3900 ac
1930 3846 2117 3920 potus
2172 3857 2188 3901 ε
2243 3838 2383 3902 ideo
2499 3844 2701 3899 morte
2739 3855 2853 3919 per
2883 3835 3102 3898 cibum
3132 3844 3195 3897 et
3237 3836 3640 3899 medicinam.
3676 3837 3993 3911 Secunde,

881 3949 1139 3996 omnem
1170 3933 1477 3998 effectum
1510 3955 1704 4018 quem
1734 3935 1916 3998 cibus
1947 3943 2010 3999 et
2039 3945 2221 4019 potus
2252 3955 2385 4000 cor·
2498 3954 2612 4017 per
2659 3935 2778 3997 hoc
2828 3934 2996 4017 quod
3049 3934 3339 3996 munitur
3386 3942 3604 3997 contra
3649 3936 3994 3998 exteriores

875 4032 1110 4113 poralis
1157 4031 1404 4095 faciunt
1451 4041 1763 4116 quantum
1804 4034 1880 4096 ad
1922 4035 2116 4096 vitam
2163 4052 2383 4117 corpo-
2496 4034 3011 4117 impugnationes
3063 4051 3078 4095 :
3128 4033 3350 4116 sicque
3409 4042 3832 4116 praeservatur
3884 4052 3997 4117 per

877 4130 1099 4206 ralem‚
1133 4150 1326 4213 quam
1362 4138 1740 4207 sustentant,
1771 4142 2027 4213 augent,
2063 4141 2378 4215 reparant,
2492 4152 2672 4197 arma
2703 4133 2939 4216 quibus
2970 4150 3202 4215 corpus
3239 4132 3545 4194 munitur.
3580 4132 3861 4214 Utroque
3890 4133 3997 4195 ita·

881 4227 1182 4291 roborant
1209 4236 1272 4292 et
1311 4230 1650 4304 delectant,
1685 4230 1839 4293 facit
1866 4231 1987 4293 hoc
2027 4250 2382 4295 sacramen·
2414 4232 2463 4295 D
2494 4251 2619 4315 que
2662 4231 2851 4295 modo
2892 4238 3234 4313 praeservat
3275 4230 3397 4294 hoc
3438 4238 3914 4293 sacramentum
3959 4249 3996 4293 a

880 4334 1018 4389 tum
1064 4335 1372 4409 quantum
1415 4326 1493 4389 ad
1537 4328 1733 4391 vitam
1780 4328 2199 4410 spiritualem.
2234 4330 2381 4394 Ideo
2494 4338 2755 4415 peccato
2786 4330 3021 4393 futuro.
3057 4330 3288 4405 Primo,
3322 4348 3437 4413 per
3463 4330 3583 4393 hoc
3615 4330 3787 4411 quod
3820 4329 3994 4393 Chri-

879 4425 970 4487 ait
996 4424 1369 4488 Ambrosius
1403 4443 1417 4487 :
1451 4426 1636 4490 Panis
1667 4435 1765 4490 est
1794 4427 1940 4491 vitae
1969 4436 2243 4504 aeternae,
2269 4430 2379 4513 qui
2494 4438 2629 4493 stus
2670 4428 3080 4511 conjungitur
3118 4427 3302 4492 nobis
3340 4447 3456 4511 per
3486 4429 3779 4510 gratiam,
3813 4428 3994 4491 robo-

847 4515 1068 4583 vfulcit
1093 4522 1326 4587 animae
1355 4530 1586 4587 nostrae
1617 4524 2057 4588 substantiam.
2085 4526 2163 4587 Et
2192 4526 2382 4609 Chry·
2495 4537 2590 4592 rat
2646 4528 3045 4612 spiritualem
3103 4528 3383 4590 hominis
3434 4528 3631 4591 vitam
3685 4535 3991 4610 tanquam

879 4629 1195 4685 sostomus
1225 4623 1382 4686 dicit
1412 4642 1606 4708 super
1630 4625 1936 4689 Joannem
1971 4642 1985 4688 :
2019 4626 2276 4690 Praestat
2312 4646 2379 4689 se
2494 4627 2845 4712 spiritualis
2885 4627 3069 4690 cibus
3113 4627 3560 4710 medicinaque
3601 4628 3853 4691 animae.
3888 4628 3991 4691 Se·

879 4721 1066 4785 nobis
1108 4722 1616 4788 desiderantibus
1656 4734 1718 4789 et
1762 4724 2021 4810 palpare
2065 4732 2130 4788 et
2172 4743 2380 4789 come·
2495 4729 2725 4804 cund0,
2758 4727 2821 4790 in
2868 4734 3178 4810 quantum
3228 4734 3324 4789 est
3372 4728 3627 4808 signum
3676 4728 3990 4809 passionis

880 4822 1030 4885 dere
1078 4829 1145 4885 et
1189 4824 1510 4907 amplecti.
1557 4826 1730 4888 Unde
1776 4834 1840 4889 et
1884 4826 2021 4909 ipse
2070 4826 2381 4889 Dominus
2495 4827 2748 4902 Christi,
2802 4846 2917 4910 per
2965 4846 3157 4910 quam
3208 4826 3360 4891 victi
3413 4834 3564 4889 sunt
3610 4826 3932 4890 daemones
3970 4843 3986 4888 ε

589 4945 850 5053 domna„
880 4921 1037 4984 dicit
1070 4939 1084 4983 ε
1120 4922 1277 4986 Caro
1309 4940 1453 4985 mea
1481 4940 1630 4986 vere
1659 4931 1757 4986 est
1785 4925 1990 5001 cibus,
2024 4933 2089 4989 et
2121 4925 2380 5008 sanguis
2494 4928 2712 5011 sicque
2745 4928 2997 5011 repellit
3024 4946 3282 4992 omnem
3313 4926 3864 5012 impugnationem
3894 4943 3991 4989 eo-

883 5038 1064 5083 meus
1103 5038 1250 5083 vere
1299 5028 1395 5084 est
1435 5030 1642 5104 potus,
1675 5024 1907 5097 Quarto
1943 5024 2382 5088 consideratur

881 5138 958 5181 ex
1004 5120 1340 5203 speciebus
1383 5120 1504 5185 sub
1551 5122 1788 5204 quibus
1834 5123 2126 5198 traditur,
2162 5130 2380 5205 utpote

880 5217 1216 5299 speciebus
1275 5219 1458 5301 panis
1506 5226 1572 5282 et
1617 5220 1775 5295 vini,
1829 5240 1969 5303 quae
2027 5240 2105 5284 ex
2160 5221 2379 5283 multis

881 5324 1170 5383 constant
1211 5326 1276 5382 et
1317 5318 1692 5402 rediguntur
1737 5319 1816 5382 ad
1861 5319 2104 5403 aliquid
2150 5339 2371 5384 unum.

2493 5045 2657 5089 rum.
2692 5027 2867 5090 Unde
2912 5046 3105 5109 super
3143 5027 3447 5090 Joannem
3489 5028 3579 5091 ait
3624 5025 3986 5110 Chrysosto-

2492 5144 2638 5187 mus
2673 5143 2688 5187 τ
2723 5126 2800 5189 Ut
2839 5124 3052 5188 leones
3093 5125 3419 5188 flammam
3450 5126 3787 5207 spiranteS,
3822 5126 3916 5189 sic
3949 5143 3984 5186 a

2493 5242 2713 5286 mensa
2775 5222 2885 5285 illa
2944 5222 3333 5285 discedimus
3392 5222 3711 5287 terribiles
3766 5221 3981 5287 effecti

2491 5321 2761 5385 diabolo.
