4267 6250
590 2066 762 2113 Habae.
785 2083 809 2111 ιι

562 2136 617 2184 4ς
638 2133 769 2177 Rom-
798 2146 826 2183 ι,

566 2199 632 2240 1⁷.

856 482 975 548 126

1517 502 1583 551 m
1622 504 1846 552 Lunum
1886 504 1947 549 1v
1988 502 2473 550 snmnmunmt.
2515 521 2596 531 —
2637 502 2790 549 nlsr.
2831 504 2933 568 1v;
2977 504 3202 561 QUAEST.
3245 505 3289 551 11

858 670 971 733 sio.
1007 670 1461 735 Verumtamen
1491 672 1875 755 quaestiones
1904 672 2017 735 has
2051 689 2180 735 non
2215 688 2358 735 reor
2388 673 2439 737 A
2467 679 2532 735 et
2573 672 2758 736 aliter
2800 672 3182 755 exquisitius
3227 679 3525 756 poterunt
3566 672 3747 746 solvi,
3795 670 3984 734 sicut

858 767 1277 845 inutile8,nisi
1303 771 1472 853 quod
1503 770 1800 833 brevitati
1831 770 2212 833 studendum
2241 778 2354 833 est.

937 965 1155 1049 Itaque
1185 966 1353 1029 circa
1381 967 1516 1031 haec
1546 967 1771 1030 scribit
1798 966 2355 1031 Antisiodorensis:

858 1064 1303 1139 ConcedimuS,
1356 1066 1523 1147 quod
1581 1066 1865 1149 parvulis
1914 1065 1979 1127 in
2035 1066 2360 1149 Baptismo

858 1163 1089 1225 dantur
1136 1164 1424 1226 virtutes,
1478 1164 1721 1227 Asserit
1772 1164 2013 1246 quippe
2061 1164 2357 1245 Augusti-

859 1280 979 1323 nus
1014 1279 1028 1323 :
1064 1262 1246 1324 Fides
1277 1262 1462 1325 datur
1490 1269 1555 1324 et
1583 1262 1865 1325 nutritur
1898 1262 1964 1324 in
1998 1280 2357 1325 sacramen-

858 1366 923 1421 to
952 1359 1257 1441 Baptismi
1297 1378 1311 1422 ε
1344 1360 1531 1422 datur
1557 1368 1869 1443 quantum
1900 1359 1976 1423 ad
2013 1359 2312 1442 parvulos
2337 1378 2354 1441 3

858 1458 1139 1520 nutritur
1198 1466 1507 1541 quantum
1556 1460 1634 1522 ad
1681 1458 1951 1521 adultos
2004 1459 2168 1540 Ergo
2215 1478 2356 1541 par-

858 1556 1027 1618 vulis
1074 1556 1137 1618 in
1180 1557 1505 1639 Baptismo
1550 1557 1912 1620 infunditur
1951 1555 2117 1619 fides
2153 1574 2167 1620 ε
2207 1576 2358 1639 ergo

859 1662 923 1717 et
962 1654 1101 1717 aliae
1140 1655 1427 1718 virtutes.
1467 1655 1753 1739 Insuper,
1787 1655 1854 1718 in
1898 1656 2223 1738 Baptismo
2262 1664 2359 1718 est

856 1752 1209 1835 spiritualis
1251 1754 1569 1828 nativitas,
1611 1771 1761 1835 ergo
1799 1760 1864 1816 et
1896 1753 2172 1834 alicujus
2210 1754 2358 1817 vitae

858 1852 1209 1933 spiritualis
1250 1853 1503 1915 collatio
1546 1870 1560 1914 :
1603 1872 1745 1935 quae
1794 1871 1921 1916 non
1973 1861 2180 1936 potest
2217 1873 2355 1917 esse
2391 1852 2438 1914 B
2469 1855 2656 1928 valet,
2707 1856 3008 1937 quoniam
3063 1854 3306 1935 lignum
3368 1874 3570 1937 quum
3618 1855 3970 1937 praecisum
4005 1874 4256 1919 Eccum

860 1951 980 2013 nisi
1022 1970 1139 2032 per
1177 1950 1397 2023 fidem,
1432 1970 1631 2033 quum
1670 1952 1851 2033 juxta
1888 1953 2261 2035 Apostolum
2293 1962 2357 2016 et

817 2050 1258 2131 ‚Prophetam,
1290 2050 1501 2131 justus
1544 2069 1622 2112 ex
1666 2049 1796 2114 fide
1838 2052 2029 2114 vivat.

940 2148 1061 2210 Sed
1102 2148 1299 2229 objici
1346 2156 1575 2231 potest,
1613 2150 1783 2232 quod
1828 2150 2108 2232 loquitur
2150 2151 2360 2232 Augu-

860 2246 1099 2309 stinus:
1125 2247 1301 2310 Sicut
1332 2248 1675 2310 mundatur
1702 2248 1957 2311 adultus
1987 2268 2103 2331 per
2130 2249 2352 2325 fidem,

860 2345 953 2407 sic
988 2344 1291 2428 parvulus
1330 2363 1445 2428 per
1480 2346 1636 2409 fidei
1672 2355 2159 2410 sacramentum.
2196 2348 2358 2430 Ergo

860 2444 1165 2525 parvulus
1195 2462 1323 2507 non
1356 2446 1697 2507 mundatur
1726 2463 1841 2527 per
1868 2445 2356 2509 fidem—Item

860 2559 987 2606 non
1018 2543 1209 2606 habet
1250 2543 1448 2607 fidem
1486 2544 1551 2606 in
1590 2551 1733 2607 actu
1777 2563 1889 2607 seu
1931 2564 2050 2608 usu
2080 2546 2181 2627 (ut
2209 2564 2357 2609 con-

860 2644 1029 2723 stat),
1058 2660 1267 2724 neque
1299 2643 1363 2704 in
1394 2642 1635 2705 habitu.
1671 2644 1783 2707 llle
1814 2662 2093 2726 namque
2122 2644 2359 2707 dicitur

859 2739 1058 2803 fidem
1090 2739 1323 2804 habere
1355 2740 1421 2802 in
1453 2741 1699 2817 habitu,
1719 2742 1830 2824 qui
1860 2742 2231 2804 habilitatus
2263 2749 2359 2805 est

857 2840 936 2901 ad
986 2840 1375 2902 credendum
1428 2840 1491 2900 in
1542 2848 1709 2915 actu,
1762 2841 1872 2923 qui
1922 2842 2075 2903 dum
2127 2842 2361 2922 cogitat

856 2938 934 3001 de
976 2937 1263 2999 articulis
1306 2937 1484 3012 fidei,
1518 2939 1733 3001 statim
1774 2939 2015 3019 credit;
2048 2940 2160 3002 sed
2202 2940 2358 3003 dum

2467 770 2728 853 patebit.

2558 869 2864 933 Praeterea
2926 870 3198 932 Thomas
3255 869 3694 954 respondendo
3748 869 3830 932 ad
3893 888 3984 931 ea

2464 987 2608 1049 quae
2651 986 2728 1029 ex
2771 966 2910 1048 ejus
2957 968 3204 1050 Scripto
3247 976 3398 1031 sunt
3440 975 3627 1044 tacta,
3670 967 3978 1051 quaesita,

2467 1074 2530 1128 et
2576 1066 2786 1147 primo
2826 1067 2905 1129 ad
2948 1067 3230 1148 primum
3273 1084 3288 1128 τ
3330 1066 3510 1129 Circa
3551 1067 3693 1142 hoc,
3727 1067 3977 1149 inquit,

2468 1164 2803 1246 multiplex
2850 1164 2976 1227 fuit
3023 1165 3260 1248 opinio,
3313 1166 3580 1239 Quidam
3639 1165 3976 1237 dixerunt,

2465 1262 2635 1344 quod
2694 1262 2976 1343 parvulis
3045 1263 3108 1324 in
3176 1263 3500 1346 Baptismo
3555 1280 3979 1345 nequaquam

2466 1360 2698 1422 dentur
2750 1360 3040 1434 virtutes,
3093 1361 3200 1423 sed
3263 1361 3470 1423 solum
3527 1360 3608 1423 ab
3663 1360 3978 1442 originali

2467 1460 2858 1521 mundentur
2901 1467 3200 1542 peccato3
3237 1467 3456 1541 postea
3493 1477 3664 1533 vero,
3704 1460 3978 1542 quando

2467 1558 2804 1631 decedunt,
2847 1558 2951 1620 vel
2997 1558 3074 1621 ad
3119 1558 3404 1621 adultam
3447 1566 3694 1622 aetatem
3737 1576 3975 1640 perve-

2467 1657 2700 1731 nerint,
2747 1656 2840 1719 eis
2884 1657 3293 1721 conferantur
3339 1658 3628 1732 virtuteS,
3673 1657 3727 1720 si
3777 1657 3974 1720 inno-

2466 1757 2742 1818 centiam
2802 1757 3274 1840 servent2Quae
3329 1757 3551 1839 opinio
3607 1765 3772 1819 stare
3828 1775 3974 1819 non

2469 1953 2684 2027 fuerit,
2738 1953 2848 2015 ubi
2897 1953 3221 2027 ceciderit,
3262 1952 3351 2015 ibi
3403 1954 3544 2015 erit.
3597 1953 3858 2025 Idcirco,
3905 1954 3973 2016 si

2468 2052 2684 2134 pueris
2726 2059 2872 2114 ante
2918 2060 3188 2114 mortem
3232 2070 3359 2115 non
3403 2051 3680 2115 fuissent
3721 2052 3977 2116 collatoe

2467 2150 2736 2212 virtutes
2765 2157 2829 2212 et
2852 2150 3058 2230 gratia
3083 2166 3355 2231 operans
3384 2157 3570 2232 atque
3601 2167 3973 2233 cooperans,

2467 2267 2586 2312 nee
2621 2249 2687 2311 in
2735 2256 2936 2311 morte
2973 2248 3068 2311 eis
3113 2246 3574 2323 conferrentur,
3607 2256 3672 2311 et
3707 2250 3795 2312 ita
3835 2267 3976 2312 non

2467 2347 2863 2410 salvarentur
2897 2364 2910 2409 ε
2945 2348 3114 2430 quod
3145 2346 3378 2410 falsum
3409 2355 3526 2411 est.
3559 2347 3824 2410 Videtur
3855 2348 3976 2410 de·

2470 2466 2648 2508 mum
2691 2446 2910 2528 opinio
2950 2446 3068 2508 ista
3106 2446 3257 2509 hinc
3293 2454 3449 2522 orta,
3482 2447 3653 2529 quod
3694 2446 3976 2510 virtutes

2471 2544 2778 2628 putabant
2801 2562 2965 2625 ,esse
3008 2552 3253 2608 tantum
3299 2553 3498 2609 actus.
3533 2582 3615 2591 —
3649 2546 3810 2608 Hinc
3850 2546 3973 2609 alii

2469 2644 2711 2717 dicunt,
2730 2643 2898 2727 quod
2932 2644 3149 2727 pueris
3180 2645 3246 2707 in
3275 2644 3602 2727 Baptismo
3631 2643 3978 2708 conferun-

2468 2750 2574 2805 tur
2602 2743 2892 2817 virtutes,
2932 2760 3058 2805 non
3091 2744 3155 2805 in
3189 2762 3256 2805 se
3286 2743 3466 2826 ipsiS,
3497 2745 3608 2807 sed
3645 2743 3709 2805 in
3741 2762 3972 2807 earum

2469 2842 2702 2915 radice,
2739 2842 2986 2904 scilicet
3013 2841 3235 2923 gratia,
3259 2861 3401 2924 quae
3430 2849 3528 2903 est
3557 2841 3736 2904 radix
3767 2841 3976 2905 virtu-

2469 2948 2629 3014 tum,
2681 2940 2848 3001 sicut
2903 2940 3116 3003 anima
3171 2959 3431 3002 suarum
3491 2941 3924 3022 potentiarum
3953 2958 3972 3019 ;

857 3036 974 3099 iste
1014 3036 1092 3098 ad
1129 3054 1329 3098 annos
1371 3036 1545 3099 venit
1582 3037 2007 3113 discretioniS,
2041 3038 2096 3100 si
2132 3057 2359 3122 propo·
2394 3036 2438 3100 C
2469 3056 2798 3120 quumque
2828 3044 3048 3120 postea
3077 3036 3378 3119 potent-iae
3408 3046 3570 3120 aptae
3609 3038 3852 3101 fuerint
3885 3039 3976 3101 ad

855 3143 1089 3197 nantur
1132 3135 1189 3198 ei
1233 3135 1509 3209 articuli,
1554 3135 1712 3198 dicit
1762 3155 1829 3198 se
1882 3155 1989 3199 eos
2042 3137 2352 3218 ignorare.

934 3233 1289 3297 Dicendum
1346 3234 1425 3297 ad
1486 3234 1825 3316 Augustini
1882 3236 2351 3311 auctoritatem,

853 3333 1025 3416 quod
1058 3333 1195 3414 ipse
1225 3333 1407 3415 ponit
1436 3331 1610 3395 illam
1643 3332 2122 3396 distinctionem
2155 3335 2233 3396 ad
2267 3334 2359 3396 in-

854 3431 1205 3504 nuendum,
1257 3431 1427 3512 quod
1476 3429 1731 3492 adultus
1787 3430 2147 3495 accedendo
2207 3451 2355 3495 cum

854 3548 970 3592 sua
1000 3528 1373 3592 credulitate
1410 3529 1489 3591 ad
1521 3529 1941 3611 Baptismum,
1975 3530 2193 3612 aliquo
2225 3549 2355 3595 mo-

794 3709 809 3718 ·
854 3629 935 3690 do
983 3634 1361 3710 cooperatur
1414 3627 1492 3690 ad
1542 3645 1722 3689 suam
1783 3629 2352 3709 emundationem3

857 3727 1159 3810 parvulus
1216 3743 1368 3788 vero
1424 3743 1552 3788 non
1611 3734 2011 3808 cooperatur,
2071 3728 2183 3790 sed
2240 3747 2356 3810 per

854 3825 1249 3909 Baptismum
1292 3824 1522 3907 recipit
1550 3823 1772 3899 fidem,
1807 3843 1921 3908 per
1949 3845 2142 3908 quam
2175 3846 2356 3906 mun-

855 3924 1059 3986 datur.
1112 3959 1192 3968 —
1237 3923 1330 3987 Ad
1390 3923 1767 3997 secundum,
1820 3924 1990 4005 quod
2050 3925 2356 4006 parvulus

857 4023 1050 4085 habet
1087 4022 1286 4085 fidem
1318 4022 1381 4084 in
1414 4020 1661 4096 habitu,
1694 4022 1804 4084 sed
1837 4029 1933 4084 est
1960 4022 2222 4104 quidam
2253 4024 2359 4086 ha-

858 4121 1030 4184 bitus
1073 4120 1494 4203 propinquior
1538 4119 1707 4182 actui
1753 4127 1817 4182 et
1854 4121 2115 4202 quidam
2157 4138 2360 4186 remo-

2467 3137 2809 3218 ageudum‚
2861 3135 3145 3199 effluunt
3188 3137 3456 3200 virtutes
3503 3157 3582 3200 ex
3639 3139 3842 3218 gratia
3897 3137 3972 3200 in

2468 3237 2639 3319 ipsas
2673 3236 3005 3318 potentias.
3039 3236 3275 3299 Verum
3307 3255 3426 3300 nec
3455 3236 3577 3299 ista
3604 3235 3826 3319 opinio
3855 3254 3972 3319 po—

2465 3343 2590 3398 test
2619 3342 2805 3408 stare,
2838 3334 2992 3417 quia
3027 3335 3081 3397 si
3116 3354 3277 3418 puer
3303 3342 3451 3398 ante
3481 3353 3671 3398 usum
3701 3335 3974 3399 rationis

2467 3440 2822 3495 verteretur
2881 3433 2946 3494 in
3004 3432 3265 3508 furiam,
3316 3452 3648 3516 nunquam
3705 3433 3976 3496 haberet

2466 3531 2754 3594 virtutes.
2789 3567 2869 3576 —
2897 3531 3058 3593 Hinc
3097 3530 3204 3593 alii
3248 3531 3478 3594 melius
3516 3531 3761 3606 dicunt,
3793 3533 3973 3614 quod

2468 3631 2685 3712 pueris
2717 3630 2780 3692 in
2813 3630 3135 3714 Baptismo
3165 3629 3398 3692 dantur
3432 3630 3631 3711 gratia
3669 3639 3734 3692 et
3771 3631 3975 3693 virtu·

2466 3737 2584 3803 teS,
2619 3748 2760 3811 quae
2789 3746 2916 3792 non
2950 3729 3304 3812 procedunt
3333 3729 3398 3791 in
3429 3736 3608 3792 actus
3647 3728 3775 3791 nisi
3810 3737 3974 3792 tem·

2470 3846 2623 3910 pore
2671 3835 3049 3911 opportuno.
3093 3827 3544 3890 Verumtamen
3593 3827 3830 3910 duplex
3869 3835 3974 3890 est

2469 3934 2646 3989 actus
2694 3927 3026 4001 virtutum,
3069 3926 3369 3989 videlicet
3408 3944 3422 3988 :
3462 3933 3642 3989 actus
3691 3926 3967 4008 primuS‚

2470 4026 2582 4108 qui
2623 4032 2739 4098 est,
2772 4024 3125 4087 formaliter
3164 4023 3478 4106 perficere
3515 4025 3745 4088 animae
3773 4025 3968 4102 vireS‚

2470 4143 2664 4206 quem
2693 4131 2907 4185 actum
2937 4123 3130 4186 etiam
3163 4122 3347 4204 pueri
3377 4109 3653 4202 habent3⁸
3685 4131 3752 4186 et
3785 4131 3971 4187 actus

856 4227 981 4293 ωε,
1032 4225 1097 4281 et
1145 4219 1377 4280 iterum
1436 4225 1533 4280 est
1590 4217 1851 4300 quidam
1906 4219 2248 4300 explicitus
2295 4229 2360 4284 et
2388 4221 2439 4284 D
2471 4223 2810 4294 secundm,
2857 4220 2968 4302 qui
2999 4227 3118 4293 est,
3155 4239 3232 4282 ex
3265 4219 3576 4284 electione
3618 4229 3974 4304 spontanee

857 4318 1119 4400 quidam
1154 4316 1544 4398 implicitus:
1575 4317 2115 4398 quemadmodum
2145 4318 2360 4408 aliqua

861 4416 1075 4479 vetula
1122 4415 1314 4478 habet
1362 4415 1743 4496 implicitam
1789 4415 1868 4478 de
1911 4415 2236 4499 aliquibus
2285 4417 2360 4480 fi-

859 4516 1026 4579 dem.
1058 4514 1365 4578 Similiter
1394 4512 1513 4576 iste
1540 4533 1741 4596 quum
1774 4515 2022 4578 venerit
2049 4517 2127 4579 ad
2157 4535 2358 4581 annos

857 4613 1281 4688 discretionis,
1313 4613 1511 4675 fidem
1556 4611 1818 4675 habebit
1862 4613 1925 4675 in
1969 4614 2190 4677 habitu
2241 4615 2358 4677 im-

860 4713 1103 4796 plicito,
1136 4719 1200 4776 et
1228 4719 1473 4775 remoto
1501 4711 1581 4774 ab
1610 4719 1796 4792 actu3
1838 4712 1947 4775 sed
1986 4713 2202 4795 aliqua
2232 4713 2356 4776 levi

858 4812 1283 4896 explicatione
1326 4811 1545 4874 credet
1582 4810 1649 4873 in
1686 4817 1853 4874 actu.
1887 4847 1968 4858 —-
1995 4813 2140 4876 Haec
2182 4812 2358 4875 Anti-

856 4911 1243 4975 siodorensis
1282 4911 1348 4972 in
1388 4910 1673 4981 Summa,
1708 4908 1873 4973 libro
1902 4918 2146 4993 quarto.
2181 4910 2356 4973 Idem

856 5010 1175 5073 AlbertuS.

938 5108 1028 5170 Ex
1074 5106 1308 5190 quibus
1347 5113 1518 5189 patet
1560 5106 1792 5170 solutio
1830 5114 2354 5188 argumentorum

857 5209 937 5273 de
985 5207 1115 5270 fide
1164 5207 1230 5269 in
1274 5204 1579 5287 parvulis,
1630 5206 1697 5268 in
1750 5205 1883 5268 fine
1936 5207 2356 5288 praecedentis

862 5304 1231 5394 quaestionis
1272 5309 1586 5367 tactorum
1624 5321 1663 5365 a
1701 5302 1925 5384 Scoto;
1956 5323 2101 5386 quae
2135 5312 2353 5367 tamen

2471 4319 2742 4404 operari,
2775 4337 2968 4402 quem
3012 4326 3224 4381 actum
3269 4337 3398 4382 nou
3441 4319 3795 4383 sortiuntur
3837 4320 3972 4384 nisi

2472 4419 2538 4481 in
2580 4417 2795 4480 adulta
2835 4425 3037 4482 aetate.

2552 4517 2642 4579 Ex
2677 4517 2778 4579 his
2814 4523 3007 4599 patet,
3039 4517 3208 4599 quod
3251 4535 3366 4599 per
3400 4516 3796 4599 Baptismum
3839 4519 3970 4581 vir-

2469 4622 2637 4678 tutes
2665 4623 2978 4697 augentur
3008 4615 3071 4677 in
3103 4615 3205 4678 his
3243 4615 3354 4697 qui
3396 4616 3461 4678 in
3498 4616 3700 4698 gratia
3733 4617 3814 4680 ad
3851 4618 3970 4680 Ba·

2469 4715 2778 4797 ptismum
2818 4715 3150 4789 accedunt,
3184 4714 3504 4797 siquidem
3537 4715 3720 4796 juxta
3762 4717 3973 4781 Philo-

2468 4813 2742 4896 sophum
2801 4813 3083 4875 secundo
3139 4813 3530 4888 Ethicorum,
3583 4832 3664 4876 ex
3719 4814 3970 4880 eisdem

2467 4912 2675 4975 causis
2721 4913 2926 4974 virtus
2967 4919 3308 4993 generatur
3349 4921 3414 4976 et
3453 4922 3720 4994 augetur
3761 4931 3776 4977 :
3819 4914 3969 4980 ideo

2467 5011 2635 5073 sicut
2673 5010 3033 5093 Baptismus
3063 5013 3329 5092 gratiam
3369 5019 3434 5075 et
3470 5013 3740 5077 virtutes
3779 5015 3970 5097 largi-

2466 5116 2572 5171 tur
2620 5127 2745 5172 non
2791 5109 3072 5183 habenti,
3115 5129 3234 5172 neo
3283 5109 3436 5174 ficte
3481 5113 3831 5189 accedenti,
3876 5115 3965 5177 ita

2465 5207 2727 5270 habenti
2766 5226 2873 5270 eas
2909 5215 3099 5290 auget
3131 5208 3407 5272 easdem.

2546 5305 2813 5388 Insuper
2850 5306 3214 5388 Baptismus
3259 5314 3357 5370 est
3401 5325 3593 5372 causa
3639 5309 3966 5376 illumina-
