4267 6250
582 4123 645 4167 De
678 4122 793 4168 Eccl-

526 4186 637 4232 hicr.
650 4199 690 4231 c.
706 4200 750 4230 v.

530 4613 709 4658 Manli.
720 4627 794 4666 vn,

808 468 927 537 102

808 678 967 735 esse,
983 666 1229 723 constat
1258 659 1427 742 quod
1454 658 1817 741 Baptismus
1848 657 1931 721 sit
1955 674 2309 720 sacramen·
2333 657 2385 720 A
2413 655 2654 739 gesima
2703 664 2878 719 sexta
2926 676 2942 722 ε
2991 656 3062 719 ln
3110 656 3454 738 Baptismo,
3506 653 3737 736 inquit,
3787 651 3914 714 tria
3997 672 4145 712 ιι-ω.

808 766 945 820 tum
982 777 1097 841 per
1126 758 1296 841 quod
1332 757 1519 821 nobis
1547 758 1816 820 traditur
1845 775 1984 819 esse
2014 755 2307 838 spiritua·

812 856 889 919 le.
925 857 1260 939 Quumque
1300 856 1515 919 nullus
1554 856 1756 939 possit
1784 872 2079 917 exercere
2112 853 2304 917 actio-

810 972 959 1017 nem
1017 955 1291 1035 alicujus
1350 962 1611 1029 naturae,
1662 953 1785 1016 nisi
1841 954 2019 1036 prius
2076 952 2308 1015 habeat

808 1072 951 1116 esse
982 1052 1046 1116 in
1084 1052 1193 1115 illa
1226 1061 1469 1127 natura,
1504 1052 1648 1115 ideo
1678 1050 2102 1125 concluditur,
2133 1051 2306 1133 quod

808 1151 1171 1234 Baptismus
1214 1158 1310 1213 est
1352 1151 1747 1233 principium
1787 1150 2078 1214 omnium
2120 1150 2307 1233 spiri—

808 1250 1080 1313 tualium
1110 1249 1452 1313 actionum.
1488 1250 1719 1331 Sicque
1748 1250 2174 1312 Damasccnus
2205 1249 2308 1312 de-

809 1348 961 1412 finit
1000 1348 1396 1430 Baptismum
1440 1348 1647 1410 adhuc
1696 1366 1812 1430 per
1854 1346 2065 1429 priora
2112 1366 2305 1429 quam

812 1447 871 1511 S.
908 1446 1271 1530 Dionysius,
1305 1446 1369 1507 in
1411 1453 1720 1528 quantum
1760 1446 1995 1527 accipit
2022 1444 2304 1527 primum

809 1544 1117 1629 Baptismi
1162 1543 1491 1619 effectum,
1525 1544 1637 1626 qui
1680 1551 1777 1607 est
1814 1544 2200 1607 constituere
2240 1543 2304 1605 in

810 1643 1128 1726 spirituali
1160 1642 1312 1717 vita,
1345 1661 1422 1705 ex
1454 1661 1580 1725 qua
1616 1642 1809 1705 habet
1835 1642 2005 1724 quod
2046 1660 2304 1723 regene-

810 1742 971 1805 ratio
1001 1742 1254 1804 dicitur.
1279 1740 1521 1804 Idcirco
1551 1740 1780 1803 definit
1807 1742 2203 1823 Baptismum
2235 1748 2307 1802 ut

1484 487 1550 534 m
1591 486 1813 534 Lunum
1852 487 1915 533 lv
1958 485 2441 533 smmrnnuu.
2482 502 2563 513 ·-
2602 485 2757 532 msT.
2799 484 2910 549 1113
2952 482 3198 542 QUAES'I'.⁴
3219 484 3243 531 1

2413 755 2930 819 considerantur:
2953 756 3196 838 aliquid
3227 754 3396 837 quod
3426 762 3523 817 est
3551 770 3909 817 sacramen·

2413 862 2551 917 tum
2593 862 2862 929 tantum,
2897 862 3042 930 etc„
3077 863 3148 917 ut
3186 872 3396 937 supra.
3432 854 3498 916 1d
3540 870 3694 915 vero
3735 850 3908 933 quod
3937 864 4208 921 cfimoocz

2415 960 2512 1016 est
2540 960 3007 1015 sacramentum
3048 960 3319 1027 tantum,
3351 958 3449 1014 est
3485 950 3728 1033 aliquid
3756 948 3910 1011 visi-

2415 1051 2545 1114 bile
2593 1051 2872 1114 exterius
2919 1052 3253 1125 exsistenS,
3302 1050 3473 1132 quod
3523 1048 3770 1111 scilicet
3814 1055 3914 1111 est

2417 1150 2670 1230 signum
2703 1149 3022 1213 interioris
3050 1148 3344 1223 effectuS,
3377 1156 3442 1212 et
3469 1146 3625 1209 illud
3656 1145 3914 1209 visibile

2417 1255 2514 1309 est
2540 1266 2704 1330 aqua
2733 1255 2798 1311 et
2831 1266 2984 1310 usus
3021 1248 3186 1328 ejus,
3217 1247 3328 1330 qui
3365 1254 3464 1310 est
3491 1244 3754 1308 ablutio.
3788 1244 3917 1307 Ali-

2417 1346 2528 1427 qui
2573 1346 2766 1427 igitur
2814 1353 3199 1428 putaverunt
3235 1346 3404 1427 quod
3448 1345 3586 1427 ipsa
3621 1361 3791 1425 aqua
3831 1343 3915 1405 sit

2416 1451 2886 1507 sacramentum
2929 1462 2945 1507 ε
2985 1444 3157 1525 quod
3196 1444 3392 1507 verba
3433 1443 3712 1525 Hugonis
3757 1460 3915 1523 prae-
3947 1452 4214 1509 ορμιοιε.

2416 1549 2582 1604 tacta
2629 1560 2853 1605 sonare
2901 1542 3218 1605 videntur.
3264 1542 3439 1615 Quod
3490 1559 3618 1604 non
3665 1548 3762 1603 est
3811 1559 3916 1602 ve·

2417 1660 2580 1704 rum.
2623 1642 2830 1714 Quum
2873 1641 3048 1705 enim
3094 1648 3487 1703 sacramenta
3535 1658 3712 1703 novae
3755 1638 3915 1720 legis

2417 1739 2989 1802 sanctificationem
3038 1739 3382 1821 quamdam
3423 1746 3788 1820 operentur,
3823 1735 3916 1799 ihi

812 1841 1206 1925 principium
1244 1840 1595 1922 spiritualis
1636 1841 1801 1915 vitae,
1850 1842 1915 1902 in
1964 1840 2085 1903 hoc
2133 1840 2303 1922 quod
2342 1839 2389 1900 B
2418 1838 2754 1920 perficitur
2783 1844 3251 1900 sacramentum
3284 1836 3389 1899 ubi
3420 1835 3749 1919 perficitur
3776 1852 3920 1897 san-

811 1940 987 2015 dicit,
1039 1938 1432 2021 Principium
1482 1939 1629 2002 vitae
1685 1939 1967 2013 alterius,
2019 1957 2162 2020 quae
2209 1946 2306 2001 est

810 2038 955 2115 alia,
1000 2038 1062 2101 id
1113 2046 1211 2101 est
1257 2037 1556 2101 distincta
1601 2056 1638 2099 a
1684 2037 1813 2099 vita
1861 2036 2153 2099 naturali.
2203 2037 2306 2099 Sic

812 2155 1069 2221 quoque
1107 2144 1205 2200 est
1234 2136 1624 2219 principium
1660 2154 1881 2199 eorum
1916 2156 2057 2219 quae
2094 2154 2310 2199 conse-

812 2243 1100 2319 quuntur
1146 2236 1224 2297 ad
1268 2234 1464 2297 vitam
1514 2234 1712 2309 illam,
1757 2235 1821 2296 id
1864 2243 1961 2297 est
2002 2253 2308 2317 superno-

813 2353 957 2397 rum
1018 2334 1491 2396 charismatum.
1552 2333 1729 2396 Unde
1788 2330 2142 2415 subjungit,
2194 2333 2310 2395 Per

812 2434 983 2516 quod
1023 2433 1194 2496 fiunt
1236 2431 1536 2515 primitiae
1587 2432 1861 2514 Spiritus
1904 2432 1998 2513 (id
2042 2440 2139 2494 est
2183 2431 2308 2514 pri-

814 2532 901 2595 mi
934 2538 997 2595 et
1028 2530 1335 2614 praecipui
1365 2528 1637 2592 effectus
1666 2529 1941 2613 Spiritus
1971 2530 2213 2611 Sancti)
2241 2529 2309 2591 in

814 2630 1018 2694 nobis,
1064 2630 1139 2692 Hi
1182 2630 1443 2692 demum
1496 2628 1765 2692 effectus
1810 2629 1910 2692 vel
1953 2636 2312 2711 sequuntur

812 2730 1017 2812 ipsam
1061 2728 1558 2810 generationem,
1591 2727 1890 2790 videlicet
1928 2727 2156 2790 filiatio
2197 2746 2311 2790 seu

811 2826 1027 2909 aliqua
1055 2826 1201 2888 talis
1241 2825 1483 2899 relati0‚
1518 2826 1739 2908 sicque
1769 2844 1882 2908 per
1911 2826 2307 2908 Baptismum

811 2924 1089 2987 dicimur
1132 2924 1489 3005 regenerari
1536 2924 1601 2986 in
1639 2922 1811 2987 filios
1851 2923 1985 2996 Dei,
2017 2930 2081 2985 et
2117 2942 2312 3005 quan-

2419 1936 2743 1999 ctificatio.
2795 1937 2863 1999 In
2911 1956 3076 2018 aqua
3131 1943 3344 1998 autem
3405 1953 3532 1998 non
3581 1933 3921 2017 perficitur

2418 2034 2862 2110 sanctificatio,
2896 2035 3006 2097 sed
3045 2042 3142 2097 est
3179 2034 3268 2097 ibi
3308 2033 3596 2116 quaedam
3636 2031 3921 2095 sanctifi-

2419 2133 2685 2196 cationis
2715 2133 2918 2196 virtus
2950 2132 3476 2207 instrumentaliS‚
3509 2149 3636 2194 non
3671 2149 3922 2213 perma-

2419 2250 2600 2303 nens,
2630 2231 2741 2294 sed
2772 2230 2983 2293 fluens
3015 2231 3078 2293 in
3110 2230 3459 2306 homine-m,
3483 2231 3594 2312 qui
3625 2237 3721 2292 est
3747 2247 3920 2293 verae

2419 2329 2944 2392 sanctificationis
2974 2330 3336 2411 subjectum
3357 2346 3371 2391 τ
3391 2328 3534 2393 ideo
3563 2345 3923 2391 sacramen-

2419 2436 2557 2490 tum
2606 2446 2731 2491 non
2784 2427 3120 2510 perficitur
3163 2428 3230 2490 in
3278 2428 3418 2510 ipsa
3461 2446 3647 2509 aqua,
3689 2428 3800 2490 sed
3850 2426 3920 2489 in

2418 2526 2843 2609 applicatione
2891 2546 3070 2609 aquae
3118 2528 3194 2589 ad
3245 2526 3590 2590 hominem.
3633 2526 3779 2589 Ideo
3821 2544 3924 2589 se·

2421 2625 2704 2688 cundum
2735 2625 3124 2707 Magistrum,
3158 2626 3518 2708 Baptismus
3548 2632 3645 2687 θεῖ
3671 2624 3924 2688 ablutio

2422 2723 2724 2805 corporis,
2752 2724 2895 2787 Haec
2927 2724 2990 2785 in
3024 2724 3305 2788 Summa.
3330 2760 3411 2771 —
3439 2724 3612 2786 ldem
3644 2724 3708 2785 in
3741 2724 3928 2786 Sum-

2424 2840 2526 2884 ma
2569 2828 2788 2884 contra
2827 2821 3119 2902 gentiles,
3153 2822 3317 2885 libro
3358 2829 3603 2903 quarto.

2503 2920 2853 2983 Concordat
2894 2920 3212 2996 Albertus,
3255 2928 3320 2982 et
3358 2920 3554 2994 addit,
3595 2920 3764 3002 quod
3805 2920 3924 2983 Ba-

812 3031 951 3085 tum
989 3022 1068 3085 ad
1106 3022 1228 3085 hoc
1267 3021 1523 3097 dicitur,
1554 3022 1997 3102 Regeneratio;
2031 3022 2133 3083 vel
2165 3039 2312 3084 con·
2348 3022 2391 3085 C
2423 3018 2696 3101 ptismus
2736 3026 2834 3081 est
2870 3019 3097 3082 tinctio
3137 3020 3200 3081 in
3238 3037 3422 3102 aqua,
3455 3035 3583 3082 non
3622 3038 3700 3081 ex
3738 3025 3927 3100 parte

815 3129 1173 3205 sequuntur
1213 3119 1486 3183 formam
1538 3139 1651 3203 per
1698 3121 2172 3202 generationem
2218 3120 2312 3183 in-

813 3221 1071 3282 ductam
1094 3237 1108 3281 :
1128 3225 1191 3282 et
1221 3219 1341 3282 hoc
1370 3219 1727 3301 tripliciter.
1746 3219 1971 3290 Primo,
1992 3219 2059 3281 in
2088 3219 2311 3282 ordine

814 3319 894 3381 ad
943 3325 1376 3400 generantem,
1417 3317 1771 3381 secundum
1816 3317 1986 3400 quod
2035 3335 2150 3400 per
2190 3317 2314 3380 for-

818 3435 987 3479 mam
1048 3415 1302 3498 genitus
1364 3423 1461 3478 θεῖ
1518 3414 1749 3478 similis
1812 3415 2190 3497 generanti3
2251 3422 2314 3477 et

817 3521 1130 3597 quantum
1159 3514 1238 3575 ad
1280 3514 1401 3576 hoc
1442 3513 1618 3587 dicit,
1650 3513 1963 3594 Sigillum.
1999 3514 2309 3588 Secund0‚

818 3618 1127 3695 quantum
1170 3612 1250 3674 ad
1290 3631 1430 3675 esse
1472 3609 1675 3693 ipsius
1717 3612 1939 3693 geniti,
1981 3613 2150 3694 quod
2200 3631 2316 3695 per

817 3711 1091 3774 formam
1130 3718 1573 3790 conservatur3
1613 3718 1679 3773 et
1716 3718 2024 3793 quantum
2070 3711 2148 3772 ad
2193 3711 2314 3773 hoc

819 3809 995 3884 dicit,
1030 3808 1345 3873 Custodia.
1391 3809 1620 3882 Terti0,
1654 3817 1964 3892 quantum
2007 3809 2085 3871 ad
2125 3809 2315 3872 actio—

820 3927 968 3971 nem
1000 3907 1163 3990 ejus,
1196 3907 1382 3989 cujus
1412 3906 1619 3971 forma
1645 3915 1849 3970 exstat
1881 3907 2312 3989 principium3

820 4014 886 4070 et
912 4007 1118 4088 quoad
1152 4006 1273 4068 hoc
1305 4006 1499 4079 addit,
1531 4005 1936 4068 Illuminati0.
1971 4007 2146 4068 Unde
2176 4005 2348 4090 Dio--

822 4105 1043 4188 nysius
1090 4113 1348 4167 sanctus
1390 4104 1522 4167 vim
1572 4105 2062 4167 illuminativam
2105 4104 2316 4185 Bapti-

2422 3117 2748 3198 tingentis,
2781 3118 2890 3180 sed
2921 3117 3128 3192 tincti,
3163 3118 3225 3181 id
3256 3126 3354 3181 est
3380 3117 3606 3181 tinctio
3633 3117 3775 3199 ejus
3805 3117 3927 3199 qui

2423 3215 2800 3298 baptizatur,
2833 3217 3018 3297 cujus
3061 3217 3336 3280 exterior
3376 3216 3620 3280 ablutio
3661 3217 3926 3298 signum

2421 3323 2516 3378 est
2553 3314 2873 3378 interioris
2909 3314 3254 3381 ablutionis
3297 3334 3408 3378 seu
3448 3315 3928 3379 emundationis

2423 3433 2460 3476 a
2497 3413 2704 3495 culpa.
2737 3449 2820 3458 —
2847 3414 3020 3476 Idem
3057 3413 3295 3476 Petrus.

2505 3512 2582 3574 Et
2628 3511 2802 3574 addit
2842 3511 3192 3575 Richardus
3228 3529 3242 3574 ε
3275 3512 3364 3576 1)θ
3407 3511 3766 3593 integritate
3809 3513 3927 3576 Ba-

2426 3609 2645 3692 ptismi
2689 3617 2839 3672 sunt
2880 3610 3000 3672 tria
3043 3628 3057 3672 :
3102 3611 3388 3684 materia,
3429 3619 3493 3673 et
3533 3610 3740 3674 forma
3779 3630 3927 3674 ver-

2425 3709 2744 3783 borum,et
2774 3709 2928 3771 unio
2952 3708 3243 3790 aliqualis
3272 3709 3614 3783 amborum,
3628 3710 3705 3772 ad
3735 3729 3930 3792 quam

2425 3807 2747 3870 concurrit
2793 3806 3060 3870 intentio
3107 3806 3506 3889 baptizantis.
3549 3809 3670 3871 Sed
3719 3811 3929 3891 quaeri

2425 3913 2653 3989 potest,
2688 3913 2901 3967 utrum
2931 3905 3293 3987 Baptismus
3332 3906 3415 3968 sit
3443 3906 3685 3970 ablutio
3711 3909 3929 3971 activa

2425 4003 2526 4067 vel
2559 4003 2828 4086 passiva.
2863 4003 3239 4078 Dicendum,
3273 4005 3442 4086 quod
3471 4003 3716 4067 ablutio
3745 4014 3926 4068 exte-

2426 4103 2575 4176 rior,
2610 4103 2674 4164 in
2707 4109 3014 4184 quantum
3050 4109 3145 4164 est
3174 4102 3240 4165 in
3271 4102 3510 4178 abluto,
3544 4111 3640 4166 est
3671 4105 3924 4186 passi03

822 4221 957 4266 smo
985 4203 1482 4285 attribuit:quod
1507 4203 1809 4285 competit
1828 4201 1886 4264 ei
1920 4202 1983 4263 in
2012 4210 2316 4282 quantum
2345 4206 2396 4268 D
2428 4201 2492 4263 in
2525 4208 2834 4282 quantum
2865 4208 2962 4262 θεῖ
2993 4199 3055 4262 in
3087 4199 3407 4275 abluente,
3427 4209 3523 4264 est
3549 4203 3746 4267 actio:
3765 4204 3932 4287 quia

822 4311 920 4366 θεῖ
965 4303 1121 4366 fidei
1172 4309 1661 4365 sacramentum.
1706 4300 1967 4382 Propter
2004 4302 2173 4384 quod
2210 4301 2315 4364 ba-

823 4401 1096 4483 ptizatus
1126 4399 1484 4462 admittitur
1512 4398 1592 4460 ad
1622 4398 2083 4480 inspectionem
2115 4418 2316 4462 sacra-

822 4504 1206 4572 mentorum,
1228 4505 1529 4578 tanquam
1562 4497 1989 4578 illuminatus3
2023 4517 2141 4560 nec
2170 4507 2317 4562 ante

822 4606 920 4660 est
946 4595 1397 4670 admittenduS‚
1422 4613 1502 4657 ne
1532 4603 1747 4657 sancta
1778 4595 2042 4659 canibus
2072 4597 2318 4660 tradan-

821 4705 947 4772 tur,
978 4695 1159 4776 juxta
1186 4693 1579 4777 Dionysium.
1614 4693 1912 4768 Quamvis
1949 4703 2165 4758 autem
2205 4697 2316 4758 ali-

820 4797 928 4860 cui
965 4795 1183 4859 divina
1212 4794 1593 4857 charismata
1632 4811 1744 4856 seu
1785 4793 2085 4876 primitiae
2123 4795 2318 4876 Spiri-

818 4904 923 4960 tus
960 4896 1194 4959 dentur
1228 4901 1570 4975 antequam
1611 4892 2006 4974 Baptismum
2047 4893 2316 4975 recipiat

818 5003 986 5070 actu,
1030 5011 1157 5057 non
1205 5000 1418 5055 tamen
1465 4999 1806 5073 antequam
1858 4992 2125 5073 recipiat
2173 5011 2313 5074 pro-

818 5093 1027 5178 posito
1081 5111 1195 5154 seu
1257 5089 1515 5154 affectu.
1578 5125 1659 5136 —
1715 5090 1858 5153 Haec
1915 5090 2186 5152 Thomas
2248 5091 2309 5153 in

817 5194 951 5257 Scri
1002 5199 1085 5254 to.

896 5212 1154 5355 Atpvero
1192 5289 1257 5352 in
1296 5287 1482 5352 tertia
1518 5295 1718 5370 parte,
1751 5287 2098 5368 quaestione
2139 5305 2311 5349 sexa-

2425 4299 2776 4362 secundum
2806 4297 3250 4381 Philosophum
3281 4299 3467 4363 tertio
3496 4300 3931 4383 physicorum,

2426 4398 2592 4460 actio
2625 4404 2688 4459 et
2717 4397 2929 4479 passio
2963 4398 3326 4461 radicantur
3363 4398 3427 4462 in
3467 4417 3596 4462 uno
3627 4407 3825 4472 motu,
3859 4410 3936 4464 et

2427 4496 2862 4578 superaddunt
2904 4497 3240 4560 relationes
3282 4499 3586 4572 diversam,
3622 4498 3936 4563 videlicet

2426 4595 2592 4658 actio
2623 4594 2991 4657 relationem
3033 4595 3112 4657 ad
3153 4595 3214 4656 id
3245 4615 3282 4657 a
3311 4614 3439 4678 quo
3468 4604 3584 4671 est,
3615 4604 3680 4660 et
3708 4598 3934 4679 passio

2425 4694 2797 4757 relationem
2829 4694 2906 4755 ad
2948 4693 3010 4755 id
3043 4694 3105 4756 in
3138 4712 3266 4774 quo
3296 4695 3433 4776 ipsa
3462 4702 3576 4757 est.
3611 4696 3932 4760 Similiter

2426 4794 2570 4856 dico
2608 4794 2687 4856 de
2725 4793 3011 4856 interiori
3051 4793 3396 4856 ablutione.
3430 4794 3540 4856 Est
3567 4796 3738 4858 enim
3777 4815 3931 4878 pas-

2425 4892 2542 4964 si0‚
2577 4892 2644 4954 in
2688 4899 2997 4974 quantum
3043 4901 3140 4955 θεῖ
3175 4893 3242 4954 in
3279 4893 3493 4955 anima
3528 4912 3670 4975 quae
3710 4895 3928 4959 ablui-

2423 4999 2560 5070 tur3
2603 4999 2667 5053 et
2695 4991 2882 5064 actio,
2919 4992 2984 5054 in
3015 4999 3324 5073 quantum
3355 4999 3453 5055 θεῖ
3479 4992 3560 5055 ab
3593 4993 3931 5059 inabluen-

2422 5098 2503 5152 te.
2557 5090 2847 5153 Exterior
2893 5107 3146 5172 quoque
3192 5090 3436 5154 ablutio
3489 5092 3553 5154 in
3603 5100 3927 5174 quantum

2421 5196 2518 5252 est
2571 5190 2756 5263 actio,
2820 5187 3186 5251 interiorem
3243 5190 3538 5265 activam,
3599 5199 3788 5274 atque
3853 5195 3926 5257 in

2419 5295 2730 5370 quantum
2789 5296 2886 5349 θεῖ
2936 5287 3167 5369 passio,
3220 5287 3588 5352 interiorem
3647 5291 3930 5356 ablutio—
