4267 6250
1102 503 1298 552 rtrum
1336 502 1451 552 ssu
1487 501 1763 550 acumem
1803 501 1964 550 mm
2003 502 2065 549 ιν
2107 500 2575 550 smum-unua
3309 478 3389 544 27

382 679 574 754 Quod
633 697 771 745 non
835 681 940 744 est
989 679 1382 745 dimittenda
1439 697 1610 745 uxor
1671 696 1789 762 pro
1816 671 1870 738 A
1985 679 2086 744 De
2131 678 2335 742 variis
2380 676 2847 742 traditionibus
2882 672 3239 739 affinitatiS.

303 787 513 869 aliqua
555 788 818 852 macula
865 787 1179 869 corporis,
1985 786 2056 851 Si
2104 785 2489 868 conjugium
2542 784 2631 848 sit
2674 785 2847 848 inter
2900 799 3015 846 eos
3061 780 3201 863 qui,
3239 780 3399 844 nota

381 897 758 960 D1srmcr10
821 893 1107 960 XXXV.
1161 895 1264 960 De
1319 893 1471 976 jure
1535 895 1662 958 viri
1725 897 1791 959 et
1899 893 2488 974 consanguinitate,
2535 891 2943 956 dividuntur.

302 1003 612 1066 mulieris,
1892 1049 1902 1052 -
1987 1001 2245 1076 Quibus
2309 1001 2621 1083 personis
2658 993 3199 1076 ‘testificantibuS,
3264 995 3399 1058 sint

381 1111 572 1186 Quod
601 1110 1024 1175 fornicariam
1053 1110 1284 1191 nequit
1301 1109 1634 1175 dimittere
1661 1111 1786 1191 vir,
1899 1107 2271 1172 dirimenda
2312 1108 2641 1189 conjugia.
3370 1177 3378 1182 ἡ

301 1220 421 1283 nisi
475 1221 616 1300 ipse
675 1236 914 1301 expers
969 1217 1170 1282 fuerit
1214 1217 1689 1298 fornicationis,
1722 1219 1787 1282 et
1991 1215 2168 1289 Quid
2204 1216 2291 1280 sit
2339 1215 2709 1294 fornicatiO,
2750 1215 2814 1279 et
2859 1213 3020 1294 quid
3065 1213 3393 1293 stuprum.

302 1343 668 1392 econverso.
1991 1322 2169 1396 Quid
2204 1323 2628 1403 adulterium,
2660 1323 2726 1387 et
2760 1319 2923 1402 quid
2958 1318 3269 1383 incestus.

379 1435 478 1498 De
521 1433 1055 1499 reconciliatione
1098 1449 1330 1499 eorum
1370 1432 1488 1514 qui
1521 1433 1788 1514 propter
1965 1429 2168 1505 ,Quid
2213 1431 2463 1512 raptus.

303 1541 792 1606 fornicationem
841 1543 1248 1624 separantur.
1991 1537 2367 1602 D1smzcr10
2402 1537 2613 1602 XLII.
2645 1537 2745 1602 De
2782 1533 3111 1618 spirituali
3155 1549 3400 1615 cogna-

377 1650 479 1714 De
539 1649 676 1714 illis
740 1649 858 1731 qui
910 1651 1063 1713 ante
1125 1648 1654 1731 conjunctionem
1718 1663 1788 1712 se
1902 1646 2104 1711 tione.

303 1757 672 1838 polluerunt
715 1774 836 1839 per
881 1756 1304 1821 adulterium.
1991 1753 2121 1828 Qui
2158 1754 2294 1818 sint
2328 1752 2450 1818 filii
2496 1751 2892 1835 spirituales.

381 1865 757 1929 D1smcr10
789 1863 1104 1929 XXXVI.
1145 1865 1246 1929 De
1289 1864 1521 1928 servis.
1825 1857 1875 1920 B
1989 1862 2090 1926 De
2138 1861 2373 1944 copula
2420 1859 2867 1942 spiritualium
2908 1856 3013 1920 vel
3063 1853 3405 1936 adoptivo-

385 1973 622 2037 Utrum
655 1975 925 2055 propter
955 1973 1314 2036 extremam
1348 1971 1792 2036 conditionem
1900 1987 2052 2044 rum
2090 1971 2156 2033 et
2200 1968 2602 2033 naturalium
2648 1966 2962 2030 filiorum.

303 2081 505 2162 possit
541 2080 686 2144 fieri
723 2079 1074 2161 separatio.
1989 2077 2089 2141 De
2118 2076 2353 2159 copula
2374 2075 2667 2140 filiorum
2695 2074 2811 2155 qui
2848 2073 2998 2136 ante
3035 2069 3403 2151 compater-

383 2187 480 2252 De
517 2188 935 2270 copulatione
971 2186 1147 2251 servi
1183 2185 1255 2249 et
1275 2184 1530 2248 ancillae
1569 2184 1790 2249 diver·
1901 2184 2177 2248 nitatem
2223 2184 2329 2248 vel
2372 2184 2525 2264 post
2569 2183 2707 2246 nati
2753 2181 2930 2246 sunt.

305 2312 520 2358 sorum
555 2295 1008 2360 dominorum.
1989 2273 2060 2356 Si
2098 2292 2207 2356 cui
2252 2291 2445 2355 liceat
2488 2291 2653 2354 duas
2694 2289 3087 2354 commatres
3136 2284 3397 2362 ducere,

385 2403 482 2466 De
508 2403 650 2466 viro
680 2402 798 2484 qui
835 2419 908 2465 se
935 2400 1096 2466 facit
1129 2418 1394 2465 servum
1432 2403 1508 2464 ut
1542 2400 1797 2464 divida-
1902 2415 2104 2462 unam
2150 2399 2302 2480 post
2346 2398 2565 2462 aliam.
2850 2473 2882 2483 ..

305 2511 406 2574 tur
447 2510 530 2574 ab
572 2527 805 2574 uxore.
1886 2581 1901 2593 .
1992 2506 2062 2570 Si
2119 2507 2223 2570 vir
2276 2507 2343 2571 et
2387 2521 2559 2584 uxor
2612 2502 2814 2570 simul
2870 2503 3089 2567 tenere
3143 2496 3403 2564 valeant

385 2618 480 2683 De
523 2619 719 2681 aetate
765 2616 1316 2682 contrahentium.
1901 2631 2207 2699 puerum.

385 2725 758 2787 Drs‘rrxcno
807 2722 1159 2786 XXXVII.
1211 2723 1290 2787 In
1340 2723 1582 2805 quibus
1625 2722 1797 2786 ordi·
1992 2724 2092 2787 De
2127 2721 2447 2786 secundis·
2470 2721 2537 2783 et
2576 2717 2789 2782 tertiis
2830 2717 2897 2780 et
2930 2715 3238 2796 deinceps
3276 2730 3403 2776 nu-

307 2830 489 2895 nibus
533 2832 820 2913 nequeat
865 2831 1163 2894 contrahi
1209 2831 1731 2895 matrimonium.
1903 2833 2084 2915 ptiis.

387 2939 482 3002 De
517 2937 1052 3003 interfectoribus
1095 2954 1364 3006 suarum
1412 2937 1792 3020 conjugum.
1889 2984 1900 2992 .
1992 2940 2367 3002 ΒιετιΝΘ-Ήο
2394 2935 2640 3000 XLIII.
2674 2933 2771 2997 De
2808 2928 3303 2995 resurrectionis
3340 2928 3405 2991 et

389 3045 764 3109 Diei-merlo
810 3044 1194 3109 XXXVIII.
1244 3045 1344 3109 De
1388 3045 1563 3108 votis
1609 3044 1674 3109 et
1715 3045 1795 3109 de
1825 3052 1868 3117 C
1898 3047 2136 3129 ,iudicii
2184 3044 2581 3110 conditione.

311 3155 606 3217 votorum
653 3153 1044 3217 differentia.
1895 3198 1899 3203 ,
1993 3156 2092 3221 De
2140 3171 2301 3219 voce
2345 3152 2545 3217 tubae.

387 3262 484 3325 De
523 3261 660 3325 illis
696 3261 815 3343 qui
852 3261 1003 3341 post
1037 3260 1302 3342 longam
1349 3260 1796 3342 captivitatem
1992 3264 2092 3327 De
2136 3264 2328 3327 nocte
2375 3260 2611 3325 media.

313 3368 592 3432 redeunt.
1995 3372 2096 3435 De
2140 3371 2327 3434 libris
2371 3368 2487 3451 qui
2534 3368 2691 3431 tunc
2736 3363 3133 3447 aperientur.

391 3476 763 3540 D1srmtmo
808 3474 1128 3539 XXXIX.
1168 3475 1268 3539 De
1304 3474 1550 3556 dispari
1588 3474 1792 3538 cultu.
1995 3479 2094 3543 De
2146 3477 2467 3542 memoria
2507 3475 2890 3552 electorum,
2920 3471 2979 3534 si
3034 3470 3191 3533 tunc
3236 3485 3405 3549 prae-

391 3582 484 3646 De
512 3584 822 3665 conjugio
857 3582 1072 3647 fidelis
1106 3583 1170 3646 et
1197 3582 1504 3663 infidelis,
1535 3584 1602 3647 et
1636 3582 1801 3646 duo-
1907 3586 2099 3650 terita
2144 3584 2319 3649 mala
2364 3583 2601 3647 teneat.

311 3706 450 3752 rum
494 3690 886 3755 infidelium.
1997 3695 2096 3758 De
2142 3693 2250 3757 his
2295 3692 2411 3773 qui
2457 3691 2594 3753 vivi
2640 3688 3067 3771 reperientur.

393 3797 488 3861 De
577 3797 1011 3861 fornicatione
1101 3796 1452 3879 spirituali,
1532 3798 1800 3878 propter
1997 3800 2345 3874 Quomodo
2410 3796 2799 3878 intelligitur
2845 3794 3146 3857 Christus
3200 3792 3407 3873 judex

313 3921 501 3985 quam
536 3906 785 3970 dimitti
822 3904 1066 3986 conjux
1110 3905 1348 3986 potest.
1907 3910 2211 3973 vivorum
2259 3908 2325 3971 et
2368 3906 2802 3969 mortuorum·

393 4012 518 4075 Pro
555 4011 800 4094 quibus
835 4012 1122 4092 peccatis
1167 4011 1379 4093 possit
1422 4011 1564 4075 fieri
1611 4029 1801 4093 sepa·
1995 4017 2370 4081 Drs'rmc'rro
2412 4011 2651 4079 XLIV.
2686 4011 2783 4075 De
2826 4010 3016 4075 aetate
3056 4008 3122 4072 et
3158 4008 3407 4071 statura

313 4120 490 4201 ratio,
537 4119 643 4184 vel
690 4135 846 4182 non.
1908 4124 2413 4206 resurgentium.

396 4226 665 4300 Quando
714 4225 871 4290 licet
913 4225 1094 4290 fideli
1139 4226 1338 4290 aliam
1387 4226 1649 4309 ducere,
1693 4226 1798 4291 vel
1827 4230 1878 4293 D
1998 4231 2191 4306 Quod
2238 4230 2533 4310 resurget
2576 4225 2898 4309 quidquid
2946 4224 3075 4288 fuit
3118 4224 3199 4286 de
3244 4221 3407 4286 sub-

313 4350 458 4397 non.
1909 4340 2152 4403 stantia
2200 4339 2266 4401 et
2308 4337 2543 4399 natura
2596 4333 2911 4415 corporiS,
2962 4331 3086 4395 etsi
3141 4346 3275 4393 non
3336 4330 3406 4393 in

397 4434 622 4507 Utrum
662 4442 1051 4524 conjugium
1088 4442 1258 4507 inter
1301 4443 1597 4507 infideles
1641 4444 1750 4507 sit.
1910 4447 2140 4511 eadem
2184 4446 2368 4526 parte
2414 4443 2723 4524 corporis.

397 4549 579 4622 Quod
616 4550 1007 4631 conjugium
1035 4550 1125 4613 sit
1159 4550 1555 4632 legitimum.
2001 4552 2193 4627 Quod
2222 4552 2364 4615 sine
2394 4550 2574 4613 omni
2605 4548 3021 4613 deformitate
3042 4547 3405 4627 resurgent.

397 4656 764 4721 D1srmcr10
802 4657 946 4720 XL.
975 4658 1076 4721 De
1104 4658 1491 4740 cognatione
1527 4658 1794 4723 carnali.
2000 4661 2239 4723 Utrum
2288 4656 2718 4739 reproborum
2769 4671 3041 4737 corpora
3096 4671 3249 4718 cum
3295 4653 3409 4717 de-

397 4763 490 4829 De
523 4764 1020 4847 computatione
1057 4765 1382 4848 graduum
1410 4766 1802 4849 consangui-
1909 4766 2358 4832 formitatibus
2420 4765 2764 4845 resurgant
2812 4779 2977 4846 quas
3032 4762 3142 4825 hic
3204 4760 3412 4825 habu-

315 4869 546 4938 nitatis.
1910 4876 2120 4940 erunt.

398 4978 602 5053 Quare
638 4981 896 5063 septem
925 4980 1168 5062 gradus
1203 4982 1688 5063 computantur.
1998 4982 2193 5056 Quod
2228 4998 2362 5045 non
2399 4979 2869 5051 consumentur
2903 4975 3233 5041 malorum
3271 4993 3414 5039 cor-

397 5086 494 5151 De
541 5088 1033 5171 dispensatione
1088 5087 1388 5170 Gregorii
1436 5088 1660 5152 habita
1716 5090 1800 5152 ad
1907 5107 2090 5173 pora,
2133 5107 2283 5171 quae
2328 5089 2485 5153 tunc
2530 5085 2871 5151 ardebunt.

323 5190 641 5275 Anglicos.
1997 5198 2066 5263 Si
2135 5198 2469 5261 daemones
2534 5194 2856 5277 corporali
2928 5193 3079 5276 igne
3153 5209 3408 5256 crema-

399 5300 767 5367 Drs‘rmcno
785 5300 965 5366 XLI.
990 5303 1088 5367 De
1106 5302 1418 5385 gradibus
1439 5301 1794 5369 affinitatis,
1907 5304 2175 5367 buntur.
