4267 6250
818 456 938 524 264

1481 480 1548 526 m
1587 479 1811 527 Lusum!
1851 479 1914 526 lv
1953 477 2441 526 mmmmm.
2478 495 2561 506 —
2599 478 2755 526 msr.
2793 479 2875 542 13
2919 478 3143 535 QUAEST.
3186 479 3249 526 tv

819 647 941 710 sub
971 647 1308 730 speciebus
1337 649 1716 713 sacramenti
1745 668 1886 714 esse
1913 648 2051 713 sine
2080 649 2315 723 anima,
2345 646 2398 711 A
2425 654 2564 712 tum
2592 648 2671 711 ad
2710 667 2847 712 rem
2884 649 3197 731 signatam
3235 655 3297 712 et
3334 654 3717 712 contentam.
3756 646 3929 710 Ecce

819 753 886 810 et
939 764 1067 810 non
1118 747 1339 811 vivum
1399 768 1517 812 nec
1573 749 1952 822 animatum,
2003 749 2092 810 ita
2147 748 2357 829 quod-

821 863 1024 908 unum
1073 854 1137 908 et
1183 847 1352 910 idem
1413 865 1681 911 numero
1729 865 1961 930 corpus
2010 852 2181 910 esset
2224 845 2317 908 vi-

817 962 972 1006 vum
1013 950 1078 1006 et
1114 963 1242 1009 non
1273 946 1517 1021 vivum,
1549 947 1900 1010 animatum
1930 951 1994 1008 et
2030 963 2158 1008 non
2188 945 2318 1007 ani-

820 1044 1426 1118 matum—Quinto
1453 1045 1623 1127 quod
1654 1043 1830 1130 dicit,
1850 1044 2092 1126 Corpus
2121 1043 2314 1105 etiam

818 1141 940 1204 hoc
969 1159 1096 1204 non
1127 1143 1412 1206 continet
1439 1144 1833 1225 sanguinem,
1847 1142 2148 1224 quoniam
2180 1161 2318 1204 san-

817 1240 962 1320 guis
991 1257 1120 1303 non
1149 1248 1247 1303 est
1271 1241 1608 1304 animatus.
1644 1241 1946 1316 Quamvis
1975 1240 2151 1303 enim
2180 1259 2317 1303 san-

818 1338 961 1420 guis
1005 1357 1133 1402 non
1178 1340 1262 1402 sit
1300 1339 1641 1415 animatuS,
1675 1348 1888 1402 tamen
1937 1339 2016 1401 ad
2063 1346 2317 1401 natura-

824 1435 973 1510 lem,
1035 1437 1272 1502 realem
1333 1445 1398 1502 et
1462 1439 1813 1522 perfectam
1877 1437 2317 1501 exsistentiam

821 1535 1106 1617 corporis
1153 1536 1433 1618 organici
1482 1537 1799 1612 animam,
1836 1536 2169 1619 potissime
2210 1536 2319 1600 ho-

822 1634 1037 1709 miniS,
1061 1635 1407 1716 requiritur
1434 1636 1692 1716 sanguis
1727 1653 1740 1697 :
1775 1636 1906 1698 imo
1935 1643 2000 1698 et
2025 1635 2315 1698 acciden-

818 1732 908 1795 tia
952 1733 1172 1807 multa,
1205 1753 1348 1815 quae
1393 1741 1606 1796 tamen
1647 1734 1925 1796 animata
1972 1751 2100 1796 non
2142 1741 2310 1796 sunt.

2424 748 2697 830 qualiter
2724 755 2906 812 sonat
2942 748 3081 812 hoc.
3116 747 3193 811 Et
3230 747 3401 810 circa
3428 747 3549 810 boc
3582 745 3783 829 quaeri
3814 764 3931 828 po-

2424 853 2568 921 test,
2601 847 2755 928 quid
2793 847 3053 910 nomine
3092 846 3504 910 Eucharistiae
3543 845 3699 908 velit
3738 845 3929 907 intel-

2426 944 2559 1026 ligi,
2591 965 2672 1008 an
2722 945 2969 1008 scilicet
3015 945 3493 1009 Sacramentum
3543 943 3757 1007 altaris
3806 963 3925 1006 seu

2425 1043 2697 1106 hostiam
2747 1052 3201 1118 consecratam,
3251 1050 3361 1106 aut
3406 1061 3639 1126 corpus
3688 1041 3927 1106 Christi

2426 1149 2498 1204 ut
2526 1141 2647 1204 sub
2686 1143 3251 1206 sacramentalibus
3290 1141 3630 1225 speciebus
3666 1147 3930 1204 conten-

2424 1242 2583 1302 tum.
2618 1241 2695 1303 Et
2732 1241 2787 1304 si
2826 1240 2941 1316 sic,
2985 1248 3228 1304 certum
3274 1247 3371 1304 est
3409 1240 3579 1323 quod
3621 1239 3930 1302 Euchari-

2426 1339 2547 1402 stia
2596 1339 2805 1402 taliter
2850 1348 3125 1422 sumpta,
3157 1357 3286 1402 non
3334 1338 3543 1422 potuit
3588 1356 3727 1401 esse
3774 1345 3927 1400 ante
4034 1397 4055 1406 -

2424 1437 2616 1500 Verbi
2664 1439 2883 1501 aeterni
2929 1437 3453 1512 incarnationem,
3486 1436 3554 1498 in
3597 1435 3785 1517 cujus
3830 1436 3929 1498 in-

2425 1537 2788 1600 carnatione
2843 1535 3187 1600 formatum
3244 1544 3309 1598 et
3363 1543 3767 1618 assumptum
3830 1542 3932 1598 est

2424 1634 2545 1697 hoc
2594 1652 2826 1717 corpus
2862 1652 2875 1698 :
2910 1635 3034 1697 nisi
3084 1635 3245 1699 forte
3294 1635 3372 1697 ad
3414 1635 3587 1697 hunc
3634 1653 3926 1708 sensum,

2424 1734 2594 1815 quod
2638 1733 2915 1796 Verbum
2962 1741 3293 1808 aeternum,
3327 1732 3613 1797 absolute
3658 1733 3931 1816 loquen-

815 1865 896 1878 —
945 1831 1134 1894 Sexto
1188 1831 1358 1914 quod
1415 1833 1663 1907 asserit,
1714 1833 1850 1895 Non
1901 1839 2000 1894 est
2053 1850 2313 1895 necesse
2346 1823 2397 1888 B
2425 1831 2528 1905 dc,
2570 1831 2777 1914 potuit
2821 1831 3136 1894 incarnari
3176 1831 3288 1894 diu
3334 1839 3676 1914 antequam
3724 1831 3933 1894 incar-

817 1927 1218 2012 simpliciter,
1251 1929 1304 1991 si
1337 1929 1625 1993 Christus
1662 1929 1784 1992 sub
1817 1929 2006 1992 modo
2039 1930 2313 1992 naturali
2424 1936 2645 1992 natum
2702 1938 2815 1992 est.
2878 1930 3071 1993 Multa
3126 1930 3227 1992 his
3284 1929 3644 1993 consimilia
3698 1929 3933 1992 scribit

817 2026 1008 2089 habet
1039 2034 1250 2109 partes
1279 2033 1344 2090 et
1382 2027 1822 2109 proprietateS,
1855 2027 2026 2110 quod
2057 2027 2313 2089 easdem
2425 2028 2669 2091 Scotus.
2702 2029 2791 2091 De
2831 2028 3067 2111 quibus
3104 2048 3304 2111 quum
3334 2029 3670 2092 videantur
3706 2028 3933 2092 absur-

817 2123 1044 2187 habeat
1093 2125 1214 2186 sub
1261 2125 1450 2188 modo
1498 2124 1957 2188 sacramentali.
2003 2125 2097 2188 Ad
2146 2125 2316 2207 quod

817 2222 984 2296 dice,
1017 2222 1188 2285 istud
1227 2223 1585 2286 necessario
1620 2223 1824 2305 sequi,
1857 2229 1922 2286 et
1947 2223 2317 2305 oppositum

817 2319 1013 2401 hujus
1061 2319 1628 2385 contradictionem
1679 2320 2026 2383 includere.
2079 2320 2317 2394 Quum-

817 2436 943 2500 que
991 2417 1084 2480 sic
1130 2417 1359 2500 arguit,
1410 2417 1552 2481 Post
1607 2417 2139 2481 resurrectionem
2188 2436 2317 2481 non

817 2515 941 2579 erit
967 2516 1386 2591 Eucharistia,
1409 2522 1527 2580 etc.
1552 2534 1569 2597 ;
1600 2517 1766 2591 dico,
1789 2517 1958 2600 quod
1990 2535 2319 2598 argumen-

816 2621 956 2678 tum
986 2615 1108 2678 hoc
1148 2613 1570 2698 impertinens
1601 2622 1698 2678 est
1732 2622 1924 2697 atque
1955 2614 2311 2677 infirmum.

815 2712 953 2776 Non
982 2713 1156 2776 enim
1187 2712 1539 2795 dico,quod
1571 2731 1649 2775 ex
1680 2713 1799 2775 hoc
1829 2712 2000 2795 quod
2031 2712 2317 2776 Christus

815 2811 1005 2875 estin
1037 2811 1200 2874 coelo
1239 2810 1523 2874 localiter
1560 2818 1624 2873 et
1664 2811 1851 2874 modo
1889 2810 2163 2873 naturali
2204 2829 2319 2892 per

815 2909 1142 2992 propriam
1186 2910 1604 2991 quantitatem
1649 2908 2201 2991 circumscriptive
2251 2909 2317 2970 in

2426 2128 2527 2202 da,
2574 2127 3000 2211 prolixitatem
3047 2127 3336 2190 devitans
3378 2134 3771 2210 pertranseo.

2864 2442 3342 2517 QUAESTIO
3390 2443 3495 2508 lv

2569 2713 2747 2776 Dhuc
2794 2714 2965 2777 circa
3020 2714 3154 2778 haec
3210 2715 3518 2797 quaeritur
3562 2715 3936 2798 specialiter

2584 2815 2696 2879 De
2724 2812 3203 2881 vis1b111tate
3236 2816 3591 2897 corporis
3620 2815 3933 2883 Clu-isti

2427 2904 2512 2967 1n
2542 2903 3058 2972 sacramento
3087 2904 3390 2979 altaris,
3424 2903 3763 2968 videlieet:
3794 2905 3933 2972 An

817 3007 978 3081 locu,
1021 3015 1325 3089 sequatur
1364 3025 1441 3069 ex
1485 3006 1690 3070 forma
1732 3008 2111 3089 argumenti,
2146 3009 2316 3090 quod
2352 3001 2397 3068 C
2428 3002 2705 3069 oculus
2731 3002 3230 3080 glorificatus
3267 3005 3533 3085 posset
3568 3005 3779 3071 illud
3812 3007 3933 3071 vi-

817 3105 902 3169 sit
950 3104 1014 3168 in
1064 3104 1508 3185 Eucharistia3
1559 3105 1668 3168 sed
1719 3105 2050 3188 supposito
2096 3126 2320 3170 secun-

820 3204 975 3266 dum
1003 3202 1203 3266 fidem
1234 3204 1404 3286 quod
1433 3203 1516 3267 sit
1554 3203 1622 3265 in
1662 3203 2078 3279 Eucharistia,
2111 3206 2318 3288 sequi-

818 3309 924 3363 tur
963 3302 1131 3383 quod
1176 3301 1230 3363 si
1275 3302 1340 3364 in
1381 3300 1542 3365 coelo
1585 3300 1814 3365 habeat
1853 3310 2062 3386 partes
2101 3320 2319 3386 corpo-

818 3399 982 3463 rales
1017 3408 1081 3463 et
1119 3399 1406 3463 membra
1437 3418 1512 3463 ac
1551 3401 1970 3483 proprietates
1999 3403 2318 3465 naturales

817 3498 1219 3573 intrinsecaS,
1251 3498 1421 3581 quod
1465 3497 1658 3561 etiam
1703 3498 1934 3562 habeat
1971 3519 2076 3564 eas
2116 3500 2183 3563 in
2226 3519 2319 3563 sa-

817 3605 1142 3660 cramento
1185 3616 1262 3659 ex
1306 3597 1370 3659 vi
1420 3598 1799 3660 sacramenti
1841 3605 1952 3660 aut
1999 3600 2317 3662 concomi-

816 3702 1041 3758 tanter.
1075 3730 1156 3740 —
1184 3694 1490 3777 Septimo,
1524 3696 1694 3777 quod
1725 3696 1921 3769 addit,
1939 3696 2074 3759 Non
2105 3698 2316 3779 sequi-

812 3801 919 3855 tur
947 3810 1305 3867 econverso,
1329 3800 1472 3867 etc„
1493 3793 1714 3857 eodem
1741 3794 1926 3857 modo
1956 3794 2311 3857 destruitur.

812 3890 1105 3955 Probatio
1134 3909 1390 3974 quoque
1420 3899 1518 3954 est
1547 3890 1913 3964 imbecilliS,
1938 3911 2139 3975 quum
2172 3893 2317 3956 sub-

813 3991 1007 4067 ditur,
1041 3991 1203 4054 Dum
1235 4008 1335 4052 res
1377 3990 1591 4072 aliqua
1622 4009 1700 4053 ex
1730 4010 1844 4053 sua
1873 3999 2097 4055 natura
2125 3991 2317 4054 indil-

815 4088 1028 4153 ferens
1059 4096 1155 4152 est
1183 4089 1262 4151 ad
1292 4089 1450 4152 duos
1483 4089 1704 4153 modos
1734 4089 2008 4164 essendi,
2041 4097 2161 4153 etc.
2186 4090 2315 4154 Hoc

2428 3101 2613 3168 dere
2654 3102 2741 3167 ln
2768 3103 3289 3183 sacramente,
3313 3103 3510 3169 item
3547 3116 3650 3170 an
3689 3117 3927 3183 ang-e·

2428 3200 2580 3281 lua,
2606 3202 2958 3283 nemque
2997 3215 3100 3268 an
3134 3201 3507 3268 Christus
3542 3216 3629 3269 se
3658 3205 3929 3284 1psum

2426 3299 2703 3366 videat
2746 3300 2833 3365 in
2880 3298 3165 3381 altar13
3206 3301 3289 3366 et
3324 3302 3596 3367 utrum
3641 3302 3929 3370 modus

2426 3398 2919 3465 exsistentiae
2962 3398 3266 3466 Christi
3299 3399 3388 3466 in
3426 3399 3670 3467 altari
3709 3401 3927 3468 tran·

2428 3497 2755 3563 scendat
2817 3498 3604 3579 comprehensionem
3664 3500 3927 3568 omnis

2426 3594 2721 3662 mentis
2762 3598 3069 3665 creatae.

2505 3692 2598 3755 Ad
2630 3713 2771 3776 quaa
2802 3693 3080 3757 breviter
3107 3702 3203 3756 est
3232 3696 3545 3777 tangenda
3571 3696 3920 3778 responsio.

2507 3890 2723 3973 Itaque
2770 3890 2847 3953 ad
2898 3890 3178 3972 primum
3226 3891 3455 3955 horum
3505 3893 3775 3956 Thomas
3824 3913 3923 3957 re-

2426 3989 2696 4070 spondet
2747 4006 2761 4051 :
2814 3988 3137 4071 Corporali
3192 3990 3378 4054 oculo
3436 3990 3595 4053 nihil
3642 3990 3921 4066 videtur,

2427 4087 2551 4150 nisi
2596 4106 2711 4169 per
2747 4088 2868 4151 hoc
2912 4089 3081 4169 quod
3122 4090 3347 4156 oculus
3388 4089 3468 4152 ab
3512 4089 3766 4172 obiecto
3805 4090 3923 4154 im-

815 4188 1058 4270 quippe
1087 4205 1310 4249 verum
1343 4194 1440 4249 est
1469 4186 1787 4267 loquendo
1816 4187 1894 4250 de
1925 4188 2131 4250 modis
2160 4188 2317 4251 exsi·
2343 4186 2395 4250 D
2428 4193 2709 4248 mutatur
2764 4204 2879 4268 per
2925 4186 3414 4250 similitudinem
3472 4187 3759 4253 colorum
3806 4210 3923 4254 seu

817 4285 1025 4349 stendi
1075 4284 1472 4359 extrinseciS,
1505 4303 1619 4347 seu
1667 4299 1784 4365 per
1825 4294 2189 4367 respectum
2237 4288 2314 4351 ad

817 4384 1173 4446 extrinseca
1219 4382 1434 4465 aliqua
1474 4400 1488 4445 ε
1532 4389 1596 4445 et
1640 4383 1783 4445 ideo
1830 4400 2062 4466 corpus
2110 4393 2317 4467 potest

815 4499 957 4545 esse
997 4487 1266 4563 utroque
1303 4480 1534 4543 horum
1573 4480 1784 4544 modo.
1819 4481 1940 4544 Sed
1978 4481 2148 4544 istud
2186 4501 2313 4546 non

813 4578 1092 4663 pertinet
1131 4579 1210 4642 ad
1251 4596 1406 4643 rem.
1440 4579 1576 4642 Non
1620 4578 1794 4642 enim
1837 4580 1916 4642 de
1955 4579 2055 4642 his
2105 4582 2313 4645 modis

811 4678 1063 4744 essendi
1093 4686 1188 4741 est
1220 4677 1594 4761 disceptatio
1625 4677 1760 4751 ista,
1775 4678 1885 4741 sed
1916 4679 1994 4741 de
2024 4680 2311 4762 partibus

811 4778 1096 4861 corporis
1127 4776 1354 4841 Christi
1391 4776 1826 4858 integralibuS,
1850 4777 2309 4860 quantitativiS,

808 4874 1145 4959 organiciS,
1171 4874 1792 4959 proprietatibusque
1823 4876 2207 4940 intrinsecis.
2230 4913 2311 4923 —

808 4977 1135 5049 Praeterea,
1177 4993 1256 5037 ex
1303 4972 1519 5036 verbis
1565 4973 1700 5035 suis
1751 4973 1945 5037 infert
1991 4976 2311 5039 corollari-

807 5093 919 5137 um
960 5074 1153 5148 istud,
1185 5072 1347 5134 Ante
1392 5070 1894 5135 incarnationem
1939 5072 2147 5154 potuit
2186 5074 2307 5137 Eu-

809 5172 1108 5238 charistia
1165 5170 1365 5233 fuisse
1425 5176 1547 5232 tam
1596 5188 1746 5233 vera
1805 5178 1875 5233 ut
1932 5190 2124 5247 nunc,
2175 5179 2304 5235 tam

807 5278 1116 5357 quantum
1161 5269 1239 5333 ad
1284 5268 1819 5351 significationem
1869 5288 2059 5351 quam
2109 5290 2308 5353 quan-

2425 4284 2689 4346 luminis
2737 4284 3101 4347 exsistentis
3148 4286 3216 4347 in
3264 4286 3403 4368 ipso
3448 4285 3737 4368 object03
3778 4309 3925 4372 quae

2424 4380 2780 4442 similitudo
2822 4379 2899 4442 fit
2941 4380 3149 4463 primo
3197 4382 3262 4444 in
3312 4384 3543 4457 medio,
3574 4384 3805 4448 deinde
3855 4386 3921 4448 in

2424 4478 2585 4541 visu.
2620 4478 2863 4562 Corpus
2904 4487 3117 4541 autem
3158 4479 3389 4544 Christi
3430 4498 3555 4545 non
3594 4481 3787 4545 habet
3822 4501 3926 4547 or-

2422 4578 2638 4641 dinem
2677 4579 2756 4642 ad
2795 4578 3041 4662 species
3072 4580 3192 4643 sub
3231 4581 3467 4663 quibus
3492 4590 3611 4655 est,
3645 4583 3923 4647 median-

2421 4685 2483 4739 te
2526 4679 2783 4760 propria
2825 4679 3177 4761 quantitate
3210 4698 3225 4742 :
3261 4680 3404 4743 ideo
3449 4682 3739 4762 generari
3788 4700 3919 4745 non

2422 4783 2627 4857 potest
2668 4776 3023 4839 similitudo
3066 4778 3166 4840 sui
3210 4778 3442 4841 coloris
3486 4779 3551 4841 in
3595 4797 3738 4842 aere
3776 4799 3921 4863 spe-

2420 4873 2549 4936 cies
2595 4874 3020 4955 contingente.
3065 4875 3141 4938 Et
3189 4876 3309 4939 hoc
3359 4876 3601 4960 duplici
3650 4879 3916 4944 ratione.

2418 4971 2647 5047 Primo,
2681 4973 2984 5055 quoniam
3017 4974 3182 5037 actio
3215 4974 3425 5038 omnis
3462 4977 3809 5058 corporalis
3840 4977 3922 5041 fit

2418 5090 2533 5154 per
2562 5078 2923 5134 contactum
2959 5090 2973 5135 ε
3008 5072 3115 5155 qui
3159 5074 3572 5156 consequitur
3600 5077 3918 5157 quantita-

2415 5176 2567 5243 tem,
2618 5169 2768 5250 quia
2814 5178 3139 5233 contactus
3189 5172 3279 5234 nil
3338 5172 3511 5234 aliud
3564 5180 3661 5235 est
3719 5193 3917 5255 quam

2414 5267 2783 5349 conjunctio
2827 5268 3242 5333 terminorum
3288 5270 3715 5352 quantitatum
3764 5273 3921 5335 dua-
