<?xml version="1.0" encoding="UTF-8"?>
<!DOCTYPE html PUBLIC "-//W3C//DTD XHTML 1.0 Transitional//EN"
    "http://www.w3.org/TR/xhtml1/DTD/xhtml1-transitional.dtd">
<html xmlns="http://www.w3.org/1999/xhtml" xml:lang="en" lang="en">
 <head>
  <title>
</title>
<meta http-equiv="Content-Type" content="text/html;charset=utf-8" />
  <meta name='ocr-system' content='tesseract 3.04.00' />
  <meta name='ocr-capabilities' content='ocr_page ocr_carea ocr_par ocr_line ocrx_word'/>
</head>
<body>
  <div class='ocr_page' id='page_1' title='image "./doctorisecstati04unkngoog_0629.png"; bbox 0 0 4267 6250; ppageno 0'>
   <div class='ocr_carea' id='block_1_1' title="bbox 802 482 3047 545">
    <p class='ocr_par' dir='ltr' id='par_1_1' title="bbox 802 482 3047 545">
     <span class='ocr_line' id='line_1_1' title="bbox 802 482 3047 545; baseline -0 -14"><span class='ocrx_word' id='word_1_1' title='bbox 802 484 947 543; x_wconf 79' lang='lat' dir='ltr'><strong>Qum</strong></span> <span class='ocrx_word' id='word_1_2' title='bbox 988 483 1055 531; x_wconf 82' lang='lat' dir='ltr'><strong>m</strong></span> <span class='ocrx_word' id='word_1_3' title='bbox 1096 483 1504 531; x_wconf 68' lang='lat' dir='ltr'><strong>mmmm</strong></span> <span class='ocrx_word' id='word_1_4' title='bbox 1544 482 1947 531; x_wconf 66' lang='lat' dir='ltr'><strong>samum</strong></span> <span class='ocrx_word' id='word_1_5' title='bbox 1987 484 2081 531; x_wconf 80' lang='lat'>81&#39;1&#39;</span> <span class='ocrx_word' id='word_1_6' title='bbox 2121 484 2572 532; x_wconf 58' lang='lat' dir='ltr'><strong>sammon</strong></span> <span class='ocrx_word' id='word_1_7' title='bbox 2609 484 2878 545; x_wconf 63' lang='lat' dir='ltr'><strong>Tauron,</strong></span> <span class='ocrx_word' id='word_1_8' title='bbox 2918 484 3047 532; x_wconf 68' lang='grc' dir='ltr'><strong>ΠΕ.</strong></span> 
     </span>
    </p>
   </div>
   <div class='ocr_carea' id='block_1_2' title="bbox 3355 467 3478 533">
    <p class='ocr_par' dir='ltr' id='par_1_2' title="bbox 3355 467 3478 533">
     <span class='ocr_line' id='line_1_2' title="bbox 3355 467 3478 533; baseline 0 0"><span class='ocrx_word' id='word_1_9' title='bbox 3355 467 3478 533; x_wconf 73' lang='grc'><strong>587</strong></span> 
     </span>
    </p>
   </div>
   <div class='ocr_carea' id='block_1_3' title="bbox 384 654 3478 739">
    <p class='ocr_par' dir='ltr' id='par_1_3' title="bbox 384 654 3478 739">
     <span class='ocr_line' id='line_1_3' title="bbox 384 654 3478 739; baseline -0.001 -19"><span class='ocrx_word' id='word_1_10' title='bbox 384 656 477 721; x_wconf 88' lang='grc'><strong>1111</strong></span> <span class='ocrx_word' id='word_1_11' title='bbox 524 665 679 720; x_wconf 89' lang='lat' dir='ltr'><strong>sunt</strong></span> <span class='ocrx_word' id='word_1_12' title='bbox 722 675 909 719; x_wconf 87' lang='lat' dir='ltr'><strong>casus</strong></span> <span class='ocrx_word' id='word_1_13' title='bbox 954 673 1151 739; x_wconf 90' lang='lat' dir='ltr'><strong>super</strong></span> <span class='ocrx_word' id='word_1_14' title='bbox 1194 673 1303 719; x_wconf 89' lang='lat' dir='ltr'><strong>eos</strong></span> <span class='ocrx_word' id='word_1_15' title='bbox 1350 655 1461 738; x_wconf 93' lang='lat' dir='ltr'><strong>qui</strong></span> <span class='ocrx_word' id='word_1_16' title='bbox 1506 662 1657 718; x_wconf 89' lang='lat' dir='ltr'><strong>sunt</strong></span> <span class='ocrx_word' id='word_1_17' title='bbox 1697 654 1791 719; x_wconf 89' lang='lat' dir='ltr'><strong>eis</strong></span> <span class='ocrx_word' id='word_1_18' title='bbox 1842 674 1879 717; x_wconf 91' lang='lat' dir='ltr'><strong>a</strong></span> <span class='ocrx_word' id='word_1_19' title='bbox 1904 654 1959 718; x_wconf 80' lang='lat' dir='ltr'>A</span> <span class='ocrx_word' id='word_1_20' title='bbox 1990 656 2111 719; x_wconf 89' lang='lat' dir='ltr'><strong>ista</strong></span> <span class='ocrx_word' id='word_1_21' title='bbox 2153 656 2536 731; x_wconf 89' lang='lat' dir='ltr'><strong>conditione,</strong></span> <span class='ocrx_word' id='word_1_22' title='bbox 2569 657 2624 719; x_wconf 92' lang='lat' dir='ltr'><strong>si</strong></span> <span class='ocrx_word' id='word_1_23' title='bbox 2667 656 2957 739; x_wconf 77' lang='lat' dir='ltr'><strong>superior</strong></span> <span class='ocrx_word' id='word_1_24' title='bbox 2999 664 3204 719; x_wconf 88' lang='lat' dir='ltr'><strong>ratum</strong></span> <span class='ocrx_word' id='word_1_25' title='bbox 3241 656 3478 719; x_wconf 80' lang='lat' dir='ltr'><strong>habue-</strong></span> 
     </span>
    </p>
   </div>
   <div class='ocr_carea' id='block_1_4' title="bbox 372 754 1881 1820">
    <p class='ocr_par' dir='ltr' id='par_1_4' title="bbox 378 754 875 837">
     <span class='ocr_line' id='line_1_4' title="bbox 378 754 875 837; baseline -0.006 -18"><span class='ocrx_word' id='word_1_26' title='bbox 378 756 523 837; x_wconf 87' lang='lat' dir='ltr'><strong>jure</strong></span> <span class='ocrx_word' id='word_1_27' title='bbox 566 754 875 819; x_wconf 86' lang='lat' dir='ltr'><strong>concessi.</strong></span> 
     </span>
    </p>

    <p class='ocr_par' dir='ltr' id='par_1_5' title="bbox 372 850 1881 1820">
     <span class='ocr_line' id='line_1_5' title="bbox 460 850 1879 935; baseline -0.001 -18"><span class='ocrx_word' id='word_1_28' title='bbox 460 854 779 928; x_wconf 85' lang='lat' dir='ltr'><strong>Ouaeritur</strong></span> <span class='ocrx_word' id='word_1_29' title='bbox 815 870 1093 935; x_wconf 89' lang='lat' dir='ltr'><strong>quoque,</strong></span> <span class='ocrx_word' id='word_1_30' title='bbox 1127 871 1209 915; x_wconf 84' lang='lat' dir='ltr'><strong>an</strong></span> <span class='ocrx_word' id='word_1_31' title='bbox 1248 852 1543 915; x_wconf 77' lang='lat' dir='ltr'><strong>sacerdos</strong></span> <span class='ocrx_word' id='word_1_32' title='bbox 1584 850 1879 915; x_wconf 88' lang='lat' dir='ltr'><strong>subditus</strong></span> 
     </span>
     <span class='ocr_line' id='line_1_6' title="bbox 381 949 1881 1035; baseline -0.004 -18"><span class='ocrx_word' id='word_1_33' title='bbox 381 952 587 1035; x_wconf 84' lang='lat' dir='ltr'><strong>possit</strong></span> <span class='ocrx_word' id='word_1_34' title='bbox 614 950 1019 1015; x_wconf 77' lang='lat' dir='ltr'><strong>confitentem</strong></span> <span class='ocrx_word' id='word_1_35' title='bbox 1048 949 1375 1013; x_wconf 88' lang='lat' dir='ltr'><strong>absolvere</strong></span> <span class='ocrx_word' id='word_1_36' title='bbox 1404 969 1441 1012; x_wconf 90' lang='lat' dir='ltr'><strong>a</strong></span> <span class='ocrx_word' id='word_1_37' title='bbox 1468 949 1716 1013; x_wconf 76' lang='lat' dir='ltr'><strong>casibus</strong></span> <span class='ocrx_word' id='word_1_38' title='bbox 1746 968 1881 1032; x_wconf 84' lang='lat' dir='ltr'><strong>per-</strong></span> 
     </span>
     <span class='ocr_line' id='line_1_7' title="bbox 378 1048 1877 1123; baseline -0.002 -9"><span class='ocrx_word' id='word_1_39' title='bbox 378 1050 737 1114; x_wconf 89' lang='lat' dir='ltr'><strong>tinentibus</strong></span> <span class='ocrx_word' id='word_1_40' title='bbox 775 1050 856 1112; x_wconf 88' lang='lat' dir='ltr'><strong>ad</strong></span> <span class='ocrx_word' id='word_1_41' title='bbox 895 1068 985 1123; x_wconf 89' lang='lat' dir='ltr'><strong>se,</strong></span> <span class='ocrx_word' id='word_1_42' title='bbox 1018 1056 1084 1111; x_wconf 87' lang='lat' dir='ltr'><strong>et</strong></span> <span class='ocrx_word' id='word_1_43' title='bbox 1122 1049 1201 1112; x_wconf 90' lang='lat' dir='ltr'><strong>de</strong></span> <span class='ocrx_word' id='word_1_44' title='bbox 1243 1048 1389 1112; x_wconf 89' lang='lat' dir='ltr'><strong>aliis</strong></span> <span class='ocrx_word' id='word_1_45' title='bbox 1436 1048 1759 1111; x_wconf 80' lang='lat' dir='ltr'><strong>remittere</strong></span> <span class='ocrx_word' id='word_1_46' title='bbox 1798 1048 1877 1111; x_wconf 90' lang='lat' dir='ltr'><strong>ad</strong></span> 
     </span>
     <span class='ocr_line' id='line_1_8' title="bbox 376 1145 1876 1232; baseline -0.004 -19"><span class='ocrx_word' id='word_1_47' title='bbox 376 1148 799 1232; x_wconf 88' lang='lat' dir='ltr'><strong>superiorem.</strong></span> <span class='ocrx_word' id='word_1_48' title='bbox 853 1147 1231 1220; x_wconf 84' lang='lat' dir='ltr'><strong>Dicendum,</strong></span> <span class='ocrx_word' id='word_1_49' title='bbox 1274 1146 1443 1228; x_wconf 91' lang='lat' dir='ltr'><strong>quod</strong></span> <span class='ocrx_word' id='word_1_50' title='bbox 1492 1145 1876 1229; x_wconf 87' lang='lat' dir='ltr'><strong>quibusdam</strong></span> 
     </span>
     <span class='ocr_line' id='line_1_9' title="bbox 374 1244 1879 1329; baseline -0.002 -18"><span class='ocrx_word' id='word_1_51' title='bbox 374 1247 655 1321; x_wconf 82' lang='lat' dir='ltr'><strong>videtur,</strong></span> <span class='ocrx_word' id='word_1_52' title='bbox 704 1247 877 1329; x_wconf 92' lang='lat' dir='ltr'><strong>quod</strong></span> <span class='ocrx_word' id='word_1_53' title='bbox 925 1246 1093 1308; x_wconf 89' lang='lat' dir='ltr'><strong>sicut</strong></span> <span class='ocrx_word' id='word_1_54' title='bbox 1140 1244 1437 1309; x_wconf 85' lang='lat' dir='ltr'><strong>contritio</strong></span> <span class='ocrx_word' id='word_1_55' title='bbox 1485 1244 1729 1325; x_wconf 79' lang='lat' dir='ltr'><strong>integra</strong></span> <span class='ocrx_word' id='word_1_56' title='bbox 1774 1246 1879 1308; x_wconf 89' lang='lat' dir='ltr'><strong>de·</strong></span> 
     </span>
     <span class='ocr_line' id='line_1_10' title="bbox 374 1342 1878 1426; baseline -0.002 -18"><span class='ocrx_word' id='word_1_57' title='bbox 374 1345 484 1409; x_wconf 90' lang='lat' dir='ltr'><strong>bet</strong></span> <span class='ocrx_word' id='word_1_58' title='bbox 514 1364 659 1409; x_wconf 90' lang='lat' dir='ltr'><strong>esse</strong></span> <span class='ocrx_word' id='word_1_59' title='bbox 688 1346 768 1407; x_wconf 89' lang='lat' dir='ltr'><strong>de</strong></span> <span class='ocrx_word' id='word_1_60' title='bbox 800 1344 1105 1408; x_wconf 90' lang='lat' dir='ltr'><strong>omnibus</strong></span> <span class='ocrx_word' id='word_1_61' title='bbox 1147 1344 1447 1426; x_wconf 86' lang='lat' dir='ltr'><strong>peccatis,</strong></span> <span class='ocrx_word' id='word_1_62' title='bbox 1480 1350 1544 1406; x_wconf 91' lang='lat' dir='ltr'><strong>et</strong></span> <span class='ocrx_word' id='word_1_63' title='bbox 1580 1342 1878 1406; x_wconf 89' lang='lat' dir='ltr'><strong>similiter</strong></span> 
     </span>
     <span class='ocr_line' id='line_1_11' title="bbox 374 1441 1871 1523; baseline -0.003 -16"><span class='ocrx_word' id='word_1_64' title='bbox 374 1443 729 1523; x_wconf 89' lang='lat' dir='ltr'><strong>confessio;</strong></span> <span class='ocrx_word' id='word_1_65' title='bbox 779 1443 869 1505; x_wconf 89' lang='lat' dir='ltr'><strong>ita</strong></span> <span class='ocrx_word' id='word_1_66' title='bbox 914 1450 979 1505; x_wconf 87' lang='lat' dir='ltr'><strong>et</strong></span> <span class='ocrx_word' id='word_1_67' title='bbox 1016 1442 1491 1505; x_wconf 88' lang='lat' dir='ltr'><strong>sacramentalis</strong></span> <span class='ocrx_word' id='word_1_68' title='bbox 1536 1441 1871 1505; x_wconf 80' lang='lat' dir='ltr'><strong>absolutio,</strong></span> 
     </span>
     <span class='ocr_line' id='line_1_12' title="bbox 373 1540 1873 1625; baseline -0.002 -19"><span class='ocrx_word' id='word_1_69' title='bbox 373 1543 609 1625; x_wconf 90' lang='lat' dir='ltr'><strong>Sicque</strong></span> <span class='ocrx_word' id='word_1_70' title='bbox 665 1541 1183 1624; x_wconf 89' lang='lat' dir='ltr'><strong>respondendum</strong></span> <span class='ocrx_word' id='word_1_71' title='bbox 1242 1548 1411 1604; x_wconf 92' lang='lat' dir='ltr'><strong>esset</strong></span> <span class='ocrx_word' id='word_1_72' title='bbox 1460 1540 1751 1622; x_wconf 80' lang='lat' dir='ltr'><strong>negative</strong></span> <span class='ocrx_word' id='word_1_73' title='bbox 1794 1540 1873 1603; x_wconf 86' lang='lat' dir='ltr'><strong>ad</strong></span> 
     </span>
     <span class='ocr_line' id='line_1_13' title="bbox 374 1637 1875 1724; baseline -0.001 -21"><span class='ocrx_word' id='word_1_74' title='bbox 374 1641 837 1724; x_wconf 77' lang='lat' dir='ltr'><strong>quaestionem3</strong></span> <span class='ocrx_word' id='word_1_75' title='bbox 874 1646 1067 1721; x_wconf 90' lang='lat' dir='ltr'><strong>atque</strong></span> <span class='ocrx_word' id='word_1_76' title='bbox 1110 1638 1176 1702; x_wconf 92' lang='lat' dir='ltr'><strong>in</strong></span> <span class='ocrx_word' id='word_1_77' title='bbox 1214 1638 1327 1701; x_wconf 86' lang='lat' dir='ltr'><strong>tali</strong></span> <span class='ocrx_word' id='word_1_78' title='bbox 1365 1657 1515 1702; x_wconf 89' lang='lat' dir='ltr'><strong>casu</strong></span> <span class='ocrx_word' id='word_1_79' title='bbox 1558 1637 1875 1701; x_wconf 89' lang='lat' dir='ltr'><strong>confitens</strong></span> 
     </span>
     <span class='ocr_line' id='line_1_14' title="bbox 372 1736 1876 1820; baseline -0.003 -18"><span class='ocrx_word' id='word_1_80' title='bbox 372 1746 701 1802; x_wconf 88' lang='lat' dir='ltr'><strong>teneretur</strong></span> <span class='ocrx_word' id='word_1_81' title='bbox 728 1737 939 1801; x_wconf 87' lang='lat' dir='ltr'><strong>omnia</strong></span> <span class='ocrx_word' id='word_1_82' title='bbox 970 1756 1079 1799; x_wconf 89' lang='lat' dir='ltr'><strong>sua</strong></span> <span class='ocrx_word' id='word_1_83' title='bbox 1108 1744 1366 1820; x_wconf 89' lang='lat' dir='ltr'><strong>peccata</strong></span> <span class='ocrx_word' id='word_1_84' title='bbox 1394 1736 1701 1820; x_wconf 83' lang='lat' dir='ltr'><strong>superiori</strong></span> <span class='ocrx_word' id='word_1_85' title='bbox 1732 1754 1876 1799; x_wconf 89' lang='lat' dir='ltr'><strong>con-</strong></span> 
     </span>
    </p>
   </div>
   <div class='ocr_carea' id='block_1_5' title="bbox 1984 753 3484 1426">
    <p class='ocr_par' dir='ltr' id='par_1_6' title="bbox 1984 753 3484 1426">
     <span class='ocr_line' id='line_1_15' title="bbox 1986 753 3476 837; baseline 0.001 -22"><span class='ocrx_word' id='word_1_86' title='bbox 1986 753 2105 833; x_wconf 83' lang='lat' dir='ltr'><strong>rit3</strong></span> <span class='ocrx_word' id='word_1_87' title='bbox 2139 755 2442 837; x_wconf 85' lang='lat' dir='ltr'><strong>itemque,</strong></span> <span class='ocrx_word' id='word_1_88' title='bbox 2471 773 2553 817; x_wconf 91' lang='lat' dir='ltr'><strong>an</strong></span> <span class='ocrx_word' id='word_1_89' title='bbox 2589 754 2790 837; x_wconf 86' lang='lat' dir='ltr'><strong>possit</strong></span> <span class='ocrx_word' id='word_1_90' title='bbox 2819 754 3004 818; x_wconf 92' lang='lat' dir='ltr'><strong>illum</strong></span> <span class='ocrx_word' id='word_1_91' title='bbox 3039 753 3370 817; x_wconf 88' lang='lat' dir='ltr'><strong>absolvere</strong></span> <span class='ocrx_word' id='word_1_92' title='bbox 3397 754 3476 817; x_wconf 93' lang='lat' dir='ltr'><strong>de</strong></span> 
     </span>
     <span class='ocr_line' id='line_1_16' title="bbox 1985 852 3478 935; baseline 0 -20"><span class='ocrx_word' id='word_1_93' title='bbox 1985 852 2454 934; x_wconf 89' lang='lat' dir='ltr'><strong>pertinentibus</strong></span> <span class='ocrx_word' id='word_1_94' title='bbox 2484 853 2561 915; x_wconf 90' lang='lat' dir='ltr'><strong>ad</strong></span> <span class='ocrx_word' id='word_1_95' title='bbox 2597 870 2688 925; x_wconf 91' lang='lat' dir='ltr'><strong>se,</strong></span> <span class='ocrx_word' id='word_1_96' title='bbox 2720 853 2797 915; x_wconf 90' lang='lat' dir='ltr'><strong>ad</strong></span> <span class='ocrx_word' id='word_1_97' title='bbox 2839 860 3112 935; x_wconf 88' lang='lat' dir='ltr'><strong>tempus,</strong></span> <span class='ocrx_word' id='word_1_98' title='bbox 3144 870 3478 935; x_wconf 86' lang='lat' dir='ltr'><strong>quousque</strong></span> 
     </span>
     <span class='ocr_line' id='line_1_17' title="bbox 1984 950 3478 1033; baseline -0.001 -20"><span class='ocrx_word' id='word_1_99' title='bbox 1984 951 2298 1033; x_wconf 88' lang='lat' dir='ltr'><strong>superiori</strong></span> <span class='ocrx_word' id='word_1_100' title='bbox 2329 950 2728 1015; x_wconf 77' lang='lat' dir='ltr'><strong>confiteatur.</strong></span> <span class='ocrx_word' id='word_1_101' title='bbox 2751 952 2829 1013; x_wconf 90' lang='lat' dir='ltr'><strong>Et</strong></span> <span class='ocrx_word' id='word_1_102' title='bbox 2858 951 3370 1033; x_wconf 89' lang='lat' dir='ltr'><strong>respondendum</strong></span> <span class='ocrx_word' id='word_1_103' title='bbox 3400 950 3478 1013; x_wconf 89' lang='lat' dir='ltr'><strong>ad</strong></span> 
     </span>
     <span class='ocr_line' id='line_1_18' title="bbox 1986 1048 3482 1131; baseline -0.001 -20"><span class='ocrx_word' id='word_1_104' title='bbox 1986 1048 2113 1111; x_wconf 92' lang='lat' dir='ltr'><strong>duo</strong></span> <span class='ocrx_word' id='word_1_105' title='bbox 2157 1050 2314 1123; x_wconf 82' lang='lat' dir='ltr'><strong>haec,</strong></span> <span class='ocrx_word' id='word_1_106' title='bbox 2365 1050 2534 1131; x_wconf 89' lang='lat' dir='ltr'><strong>quod</strong></span> <span class='ocrx_word' id='word_1_107' title='bbox 2594 1048 2860 1113; x_wconf 86' lang='lat' dir='ltr'><strong>inferior</strong></span> <span class='ocrx_word' id='word_1_108' title='bbox 2906 1049 2984 1112; x_wconf 90' lang='lat' dir='ltr'><strong>de</strong></span> <span class='ocrx_word' id='word_1_109' title='bbox 3031 1050 3238 1131; x_wconf 90' lang='lat' dir='ltr'><strong>culpis</strong></span> <span class='ocrx_word' id='word_1_110' title='bbox 3289 1049 3482 1131; x_wconf 90' lang='lat' dir='ltr'><strong>perti-</strong></span> 
     </span>
     <span class='ocr_line' id='line_1_19' title="bbox 1985 1146 3482 1229; baseline 0.001 -22"><span class='ocrx_word' id='word_1_111' title='bbox 1985 1146 2288 1209; x_wconf 87' lang='lat' dir='ltr'><strong>nentibus</strong></span> <span class='ocrx_word' id='word_1_112' title='bbox 2329 1148 2408 1209; x_wconf 90' lang='lat' dir='ltr'><strong>ad</strong></span> <span class='ocrx_word' id='word_1_113' title='bbox 2452 1166 2542 1221; x_wconf 89' lang='lat' dir='ltr'><strong>se,</strong></span> <span class='ocrx_word' id='word_1_114' title='bbox 2576 1147 2788 1210; x_wconf 87' lang='lat' dir='ltr'><strong>statim</strong></span> <span class='ocrx_word' id='word_1_115' title='bbox 2829 1146 3018 1211; x_wconf 89' lang='lat' dir='ltr'><strong>debet</strong></span> <span class='ocrx_word' id='word_1_116' title='bbox 3055 1154 3119 1210; x_wconf 90' lang='lat' dir='ltr'><strong>et</strong></span> <span class='ocrx_word' id='word_1_117' title='bbox 3157 1153 3364 1229; x_wconf 88' lang='lat' dir='ltr'><strong>potest</strong></span> <span class='ocrx_word' id='word_1_118' title='bbox 3407 1146 3482 1208; x_wconf 88' lang='lat' dir='ltr'><strong>il-</strong></span> 
     </span>
     <span class='ocr_line' id='line_1_20' title="bbox 1986 1244 3484 1326; baseline -0.001 -19"><span class='ocrx_word' id='word_1_119' title='bbox 1986 1244 2119 1307; x_wconf 92' lang='lat' dir='ltr'><strong>lum</strong></span> <span class='ocrx_word' id='word_1_120' title='bbox 2179 1245 2507 1309; x_wconf 87' lang='lat' dir='ltr'><strong>absolvere</strong></span> <span class='ocrx_word' id='word_1_121' title='bbox 2554 1245 2864 1319; x_wconf 87' lang='lat' dir='ltr'><strong>absolute,</strong></span> <span class='ocrx_word' id='word_1_122' title='bbox 2915 1265 3044 1309; x_wconf 91' lang='lat' dir='ltr'><strong>non</strong></span> <span class='ocrx_word' id='word_1_123' title='bbox 3099 1245 3236 1312; x_wconf 79' lang='lat' dir='ltr'><strong>sub,</strong></span> <span class='ocrx_word' id='word_1_124' title='bbox 3267 1244 3484 1326; x_wconf 88' lang='lat' dir='ltr'><strong>aliqua</strong></span> 
     </span>
     <span class='ocr_line' id='line_1_21' title="bbox 1984 1341 3482 1426; baseline -0.001 -21"><span class='ocrx_word' id='word_1_125' title='bbox 1984 1342 2370 1418; x_wconf 88' lang='lat' dir='ltr'><strong>conditione,</strong></span> <span class='ocrx_word' id='word_1_126' title='bbox 2416 1344 2474 1407; x_wconf 83' lang='lat' dir='ltr'><strong>si</strong></span> <span class='ocrx_word' id='word_1_127' title='bbox 2526 1344 2606 1407; x_wconf 91' lang='lat' dir='ltr'><strong>de</strong></span> <span class='ocrx_word' id='word_1_128' title='bbox 2655 1344 2784 1406; x_wconf 90' lang='lat' dir='ltr'><strong>illis</strong></span> <span class='ocrx_word' id='word_1_129' title='bbox 2841 1352 3061 1426; x_wconf 87' lang='lat' dir='ltr'><strong>postea</strong></span> <span class='ocrx_word' id='word_1_130' title='bbox 3116 1341 3482 1406; x_wconf 90' lang='lat' dir='ltr'><strong>absolvatur</strong></span> 
     </span>
    </p>
   </div>
   <div class='ocr_carea' id='block_1_6' title="bbox 1982 1442 3483 1720">
    <p class='ocr_par' dir='ltr' id='par_1_7' title="bbox 1982 1442 3483 1720">
     <span class='ocr_line' id='line_1_22' title="bbox 1982 1442 3482 1524; baseline -0.001 -21"><span class='ocrx_word' id='word_1_131' title='bbox 1982 1460 2021 1503; x_wconf 90' lang='lat' dir='ltr'><strong>a</strong></span> <span class='ocrx_word' id='word_1_132' title='bbox 2062 1442 2412 1523; x_wconf 86' lang='lat' dir='ltr'><strong>superiore,</strong></span> <span class='ocrx_word' id='word_1_133' title='bbox 2455 1461 2572 1505; x_wconf 89' lang='lat' dir='ltr'><strong>nec</strong></span> <span class='ocrx_word' id='word_1_134' title='bbox 2620 1443 2697 1505; x_wconf 92' lang='lat' dir='ltr'><strong>ad</strong></span> <span class='ocrx_word' id='word_1_135' title='bbox 2747 1449 3024 1524; x_wconf 90' lang='lat' dir='ltr'><strong>tempus,</strong></span> <span class='ocrx_word' id='word_1_136' title='bbox 3066 1458 3398 1524; x_wconf 90' lang='lat' dir='ltr'><strong>quousque</strong></span> <span class='ocrx_word' id='word_1_137' title='bbox 3443 1459 3482 1502; x_wconf 90' lang='lat' dir='ltr'><strong>a</strong></span> 
     </span>
     <span class='ocr_line' id='line_1_23' title="bbox 1982 1538 3482 1621; baseline -0.001 -19"><span class='ocrx_word' id='word_1_138' title='bbox 1982 1540 2314 1621; x_wconf 84' lang='lat' dir='ltr'><strong>superiore</strong></span> <span class='ocrx_word' id='word_1_139' title='bbox 2367 1540 2753 1603; x_wconf 83' lang='lat' dir='ltr'><strong>absolvatur.</strong></span> <span class='ocrx_word' id='word_1_140' title='bbox 2816 1541 2952 1604; x_wconf 92' lang='lat' dir='ltr'><strong>Non</strong></span> <span class='ocrx_word' id='word_1_141' title='bbox 3009 1540 3180 1602; x_wconf 90' lang='lat' dir='ltr'><strong>enim</strong></span> <span class='ocrx_word' id='word_1_142' title='bbox 3242 1538 3482 1601; x_wconf 87' lang='lat' dir='ltr'><strong>valeret</strong></span> 
     </span>
     <span class='ocr_line' id='line_1_24' title="bbox 1982 1635 3483 1720; baseline -0.001 -20"><span class='ocrx_word' id='word_1_143' title='bbox 1982 1638 2298 1703; x_wconf 82' lang='lat' dir='ltr'><strong>absolutio</strong></span> <span class='ocrx_word' id='word_1_144' title='bbox 2335 1638 2546 1702; x_wconf 87' lang='lat' dir='ltr'><strong>taliter</strong></span> <span class='ocrx_word' id='word_1_145' title='bbox 2586 1638 2774 1711; x_wconf 85' lang='lat' dir='ltr'><strong>facta,</strong></span> <span class='ocrx_word' id='word_1_146' title='bbox 2807 1638 3111 1720; x_wconf 90' lang='lat' dir='ltr'><strong>quoniam</strong></span> <span class='ocrx_word' id='word_1_147' title='bbox 3151 1635 3346 1700; x_wconf 89' lang='lat' dir='ltr'><strong>verba</strong></span> <span class='ocrx_word' id='word_1_148' title='bbox 3387 1656 3483 1699; x_wconf 90' lang='lat' dir='ltr'><strong>sa·</strong></span> 
     </span>
    </p>
   </div>
   <div class='ocr_carea' id='block_1_7' title="bbox 1983 1735 3480 1799">
    <p class='ocr_par' dir='ltr' id='par_1_8' title="bbox 1983 1735 3480 1799">
     <span class='ocr_line' id='line_1_25' title="bbox 1983 1735 3480 1799; baseline 0 -2"><span class='ocrx_word' id='word_1_149' title='bbox 1983 1736 2395 1798; x_wconf 87' lang='lat' dir='ltr'><strong>eramentalia</strong></span> <span class='ocrx_word' id='word_1_150' title='bbox 2435 1736 2688 1799; x_wconf 90' lang='lat' dir='ltr'><strong>nullum</strong></span> <span class='ocrx_word' id='word_1_151' title='bbox 2732 1736 2969 1799; x_wconf 88' lang='lat' dir='ltr'><strong>habent</strong></span> <span class='ocrx_word' id='word_1_152' title='bbox 3006 1736 3312 1799; x_wconf 90' lang='lat' dir='ltr'><strong>effectum</strong></span> <span class='ocrx_word' id='word_1_153' title='bbox 3354 1735 3480 1798; x_wconf 92' lang='lat' dir='ltr'><strong>nisi</strong></span> 
     </span>
    </p>
   </div>
   <div class='ocr_carea' id='block_1_8' title="bbox 372 1832 3481 1910">
    <p class='ocr_par' dir='ltr' id='par_1_9' title="bbox 372 1832 3481 1910">
     <span class='ocr_line' id='line_1_26' title="bbox 372 1832 3481 1910; baseline -0.001 -11"><span class='ocrx_word' id='word_1_154' title='bbox 372 1837 570 1910; x_wconf 88' lang='lat' dir='ltr'><strong>fiteri,</strong></span> <span class='ocrx_word' id='word_1_155' title='bbox 624 1844 687 1900; x_wconf 89' lang='lat' dir='ltr'><strong>et</strong></span> <span class='ocrx_word' id='word_1_156' title='bbox 732 1836 813 1900; x_wconf 89' lang='lat' dir='ltr'><strong>ab</strong></span> <span class='ocrx_word' id='word_1_157' title='bbox 860 1835 1162 1899; x_wconf 91' lang='lat' dir='ltr'><strong>omnibus</strong></span> <span class='ocrx_word' id='word_1_158' title='bbox 1221 1836 1414 1899; x_wconf 88' lang='lat' dir='ltr'><strong>simul</strong></span> <span class='ocrx_word' id='word_1_159' title='bbox 1473 1835 1740 1909; x_wconf 88' lang='lat' dir='ltr'><strong>absolvi,</strong></span> <span class='ocrx_word' id='word_1_160' title='bbox 1792 1855 1873 1899; x_wconf 90' lang='lat' dir='ltr'><strong>ne</strong></span> <span class='ocrx_word' id='word_1_161' title='bbox 1908 1832 1956 1895; x_wconf 87' lang='lat' dir='ltr'>B</span> <span class='ocrx_word' id='word_1_162' title='bbox 1984 1834 2105 1895; x_wconf 91' lang='lat' dir='ltr'><strong>sub</strong></span> <span class='ocrx_word' id='word_1_163' title='bbox 2135 1834 2246 1897; x_wconf 90' lang='lat' dir='ltr'><strong>illa</strong></span> <span class='ocrx_word' id='word_1_164' title='bbox 2271 1835 2616 1897; x_wconf 82' lang='lat' dir='ltr'><strong>assertione</strong></span> <span class='ocrx_word' id='word_1_165' title='bbox 2646 1854 2718 1897; x_wconf 90' lang='lat' dir='ltr'><strong>ac</strong></span> <span class='ocrx_word' id='word_1_166' title='bbox 2749 1835 2956 1897; x_wconf 88' lang='lat' dir='ltr'><strong>forma</strong></span> <span class='ocrx_word' id='word_1_167' title='bbox 2984 1833 3327 1898; x_wconf 88' lang='lat' dir='ltr'><strong>verborum</strong></span> <span class='ocrx_word' id='word_1_168' title='bbox 3358 1833 3481 1897; x_wconf 90' lang='lat' dir='ltr'><strong>sub</strong></span> 
     </span>
    </p>
   </div>
   <div class='ocr_carea' id='block_1_9' title="bbox 372 1933 1879 2998">
    <p class='ocr_par' dir='ltr' id='par_1_10' title="bbox 372 1933 1879 2998">
     <span class='ocr_line' id='line_1_27' title="bbox 372 1933 1873 2015; baseline -0.002 -16"><span class='ocrx_word' id='word_1_169' title='bbox 372 1935 693 1999; x_wconf 83' lang='lat' dir='ltr'><strong>consessio</strong></span> <span class='ocrx_word' id='word_1_170' title='bbox 724 1934 1058 1997; x_wconf 89' lang='lat' dir='ltr'><strong>medietur.</strong></span> <span class='ocrx_word' id='word_1_171' title='bbox 1094 1933 1214 1996; x_wconf 88' lang='lat' dir='ltr'><strong>Sed</strong></span> <span class='ocrx_word' id='word_1_172' title='bbox 1254 1933 1449 2015; x_wconf 85' lang='lat' dir='ltr'><strong>hujus</strong></span> <span class='ocrx_word' id='word_1_173' title='bbox 1483 1933 1873 1997; x_wconf 88' lang='lat' dir='ltr'><strong>contrarium</strong></span> 
     </span>
     <span class='ocr_line' id='line_1_28' title="bbox 373 2032 1877 2098; baseline -0.001 0"><span class='ocrx_word' id='word_1_174' title='bbox 373 2035 669 2098; x_wconf 89' lang='lat' dir='ltr'><strong>videmus</strong></span> <span class='ocrx_word' id='word_1_175' title='bbox 698 2032 1126 2097; x_wconf 85' lang='lat' dir='ltr'><strong>communiter</strong></span> <span class='ocrx_word' id='word_1_176' title='bbox 1153 2032 1477 2096; x_wconf 88' lang='lat' dir='ltr'><strong>observari</strong></span> <span class='ocrx_word' id='word_1_177' title='bbox 1517 2033 1583 2096; x_wconf 92' lang='lat' dir='ltr'><strong>in</strong></span> <span class='ocrx_word' id='word_1_178' title='bbox 1626 2034 1877 2096; x_wconf 89' lang='lat' dir='ltr'><strong>univer-</strong></span> 
     </span>
     <span class='ocr_line' id='line_1_29' title="bbox 372 2130 1877 2205; baseline -0.002 -9"><span class='ocrx_word' id='word_1_179' title='bbox 372 2132 489 2197; x_wconf 84' lang='lat' dir='ltr'><strong>sali</strong></span> <span class='ocrx_word' id='word_1_180' title='bbox 535 2130 843 2205; x_wconf 89' lang='lat' dir='ltr'><strong>Ecclesia,</strong></span> <span class='ocrx_word' id='word_1_181' title='bbox 876 2139 1007 2193; x_wconf 88' lang='lat' dir='ltr'><strong>tam</strong></span> <span class='ocrx_word' id='word_1_182' title='bbox 1052 2131 1117 2194; x_wconf 93' lang='lat' dir='ltr'><strong>in</strong></span> <span class='ocrx_word' id='word_1_183' title='bbox 1162 2131 1342 2193; x_wconf 90' lang='lat' dir='ltr'><strong>curia</strong></span> <span class='ocrx_word' id='word_1_184' title='bbox 1386 2130 1627 2194; x_wconf 90' lang='lat' dir='ltr'><strong>summi</strong></span> <span class='ocrx_word' id='word_1_185' title='bbox 1669 2132 1877 2194; x_wconf 88' lang='lat' dir='ltr'><strong>Ponti-</strong></span> 
     </span>
     <span class='ocr_line' id='line_1_30' title="bbox 374 2228 1871 2312; baseline -0.001 -19"><span class='ocrx_word' id='word_1_186' title='bbox 374 2229 543 2303; x_wconf 88' lang='lat' dir='ltr'><strong>ficis,</strong></span> <span class='ocrx_word' id='word_1_187' title='bbox 597 2248 791 2312; x_wconf 89' lang='lat' dir='ltr'><strong>quam</strong></span> <span class='ocrx_word' id='word_1_188' title='bbox 841 2229 1113 2292; x_wconf 89' lang='lat' dir='ltr'><strong>aliorum</strong></span> <span class='ocrx_word' id='word_1_189' title='bbox 1163 2228 1567 2311; x_wconf 79' lang='lat' dir='ltr'><strong>pontificum.</strong></span> <span class='ocrx_word' id='word_1_190' title='bbox 1620 2230 1871 2292; x_wconf 90' lang='lat' dir='ltr'><strong>Etenim</strong></span> 
     </span>
     <span class='ocr_line' id='line_1_31' title="bbox 374 2327 1873 2409; baseline -0.001 -18"><span class='ocrx_word' id='word_1_191' title='bbox 374 2327 667 2391; x_wconf 84' lang='lat' dir='ltr'><strong>Pontifex</strong></span> <span class='ocrx_word' id='word_1_192' title='bbox 719 2346 1012 2390; x_wconf 90' lang='lat' dir='ltr'><strong>summus</strong></span> <span class='ocrx_word' id='word_1_193' title='bbox 1066 2327 1293 2390; x_wconf 87' lang='lat' dir='ltr'><strong>missos</strong></span> <span class='ocrx_word' id='word_1_194' title='bbox 1352 2328 1430 2390; x_wconf 91' lang='lat' dir='ltr'><strong>ad</strong></span> <span class='ocrx_word' id='word_1_195' title='bbox 1483 2346 1551 2390; x_wconf 90' lang='lat' dir='ltr'><strong>se</strong></span> <span class='ocrx_word' id='word_1_196' title='bbox 1601 2345 1716 2409; x_wconf 92' lang='lat' dir='ltr'><strong>pro</strong></span> <span class='ocrx_word' id='word_1_197' title='bbox 1767 2327 1873 2391; x_wconf 89' lang='lat' dir='ltr'><strong>ab-</strong></span> 
     </span>
     <span class='ocr_line' id='line_1_32' title="bbox 376 2425 1875 2508; baseline -0.001 -19"><span class='ocrx_word' id='word_1_198' title='bbox 376 2426 695 2489; x_wconf 88' lang='lat' dir='ltr'><strong>solutione</strong></span> <span class='ocrx_word' id='word_1_199' title='bbox 754 2427 819 2487; x_wconf 90' lang='lat' dir='ltr'><strong>in</strong></span> <span class='ocrx_word' id='word_1_200' title='bbox 878 2425 1135 2488; x_wconf 85' lang='lat' dir='ltr'><strong>casibus</strong></span> <span class='ocrx_word' id='word_1_201' title='bbox 1191 2425 1272 2489; x_wconf 87' lang='lat' dir='ltr'><strong>ad</strong></span> <span class='ocrx_word' id='word_1_202' title='bbox 1326 2426 1537 2508; x_wconf 88' lang='lat' dir='ltr'><strong>ipsum</strong></span> <span class='ocrx_word' id='word_1_203' title='bbox 1586 2425 1875 2507; x_wconf 88' lang='lat' dir='ltr'><strong>speciali·</strong></span> 
     </span>
     <span class='ocr_line' id='line_1_33' title="bbox 374 2522 1875 2607; baseline -0.001 -19"><span class='ocrx_word' id='word_1_204' title='bbox 374 2533 473 2588; x_wconf 88' lang='lat' dir='ltr'><strong>ter</strong></span> <span class='ocrx_word' id='word_1_205' title='bbox 516 2523 1009 2607; x_wconf 85' lang='lat' dir='ltr'><strong>pertinentibus,</strong></span> <span class='ocrx_word' id='word_1_206' title='bbox 1052 2522 1345 2599; x_wconf 85' lang='lat' dir='ltr'><strong>absolvit,</strong></span> <span class='ocrx_word' id='word_1_207' title='bbox 1388 2531 1452 2587; x_wconf 91' lang='lat' dir='ltr'><strong>et</strong></span> <span class='ocrx_word' id='word_1_208' title='bbox 1500 2524 1875 2587; x_wconf 89' lang='lat' dir='ltr'><strong>dioecesanis</strong></span> 
     </span>
     <span class='ocr_line' id='line_1_34' title="bbox 376 2621 1879 2705; baseline -0.001 -20"><span class='ocrx_word' id='word_1_209' title='bbox 376 2621 677 2686; x_wconf 87' lang='lat' dir='ltr'><strong>rescribit</strong></span> <span class='ocrx_word' id='word_1_210' title='bbox 702 2621 1024 2704; x_wconf 87' lang='lat' dir='ltr'><strong>episcopis</strong></span> <span class='ocrx_word' id='word_1_211' title='bbox 1056 2642 1071 2687; x_wconf 77' lang='lat' dir='ltr'><em>z</em></span> <span class='ocrx_word' id='word_1_212' title='bbox 1105 2622 1261 2697; x_wconf 88' lang='lat' dir='ltr'><strong>Tali,</strong></span> <span class='ocrx_word' id='word_1_213' title='bbox 1287 2641 1478 2705; x_wconf 89' lang='lat' dir='ltr'><strong>quem</strong></span> <span class='ocrx_word' id='word_1_214' title='bbox 1512 2622 1591 2685; x_wconf 88' lang='lat' dir='ltr'><strong>de</strong></span> <span class='ocrx_word' id='word_1_215' title='bbox 1620 2622 1731 2685; x_wconf 87' lang='lat' dir='ltr'><strong>tali</strong></span> <span class='ocrx_word' id='word_1_216' title='bbox 1762 2623 1879 2686; x_wconf 90' lang='lat' dir='ltr'><strong>cri-</strong></span> 
     </span>
     <span class='ocr_line' id='line_1_35' title="bbox 376 2720 1877 2803; baseline -0.001 -19"><span class='ocrx_word' id='word_1_217' title='bbox 376 2722 553 2784; x_wconf 90' lang='lat' dir='ltr'><strong>mine</strong></span> <span class='ocrx_word' id='word_1_218' title='bbox 596 2720 673 2783; x_wconf 91' lang='lat' dir='ltr'><strong>ad</strong></span> <span class='ocrx_word' id='word_1_219' title='bbox 717 2727 779 2782; x_wconf 90' lang='lat' dir='ltr'><strong>te</strong></span> <span class='ocrx_word' id='word_1_220' title='bbox 818 2720 1209 2783; x_wconf 89' lang='lat' dir='ltr'><strong>remittimus</strong></span> <span class='ocrx_word' id='word_1_221' title='bbox 1255 2720 1643 2795; x_wconf 90' lang='lat' dir='ltr'><strong>absolutum,</strong></span> <span class='ocrx_word' id='word_1_222' title='bbox 1678 2722 1877 2803; x_wconf 85' lang='lat' dir='ltr'><strong>poeni-</strong></span> 
     </span>
     <span class='ocr_line' id='line_1_36' title="bbox 373 2817 1877 2900; baseline -0.001 -18"><span class='ocrx_word' id='word_1_223' title='bbox 373 2818 643 2882; x_wconf 88' lang='lat' dir='ltr'><strong>tentiam</strong></span> <span class='ocrx_word' id='word_1_224' title='bbox 685 2817 1025 2880; x_wconf 87' lang='lat' dir='ltr'><strong>salutarem</strong></span> <span class='ocrx_word' id='word_1_225' title='bbox 1068 2818 1382 2900; x_wconf 85' lang='lat' dir='ltr'><strong>injungas.</strong></span> <span class='ocrx_word' id='word_1_226' title='bbox 1418 2819 1545 2882; x_wconf 92' lang='lat' dir='ltr'><strong>Nec</strong></span> <span class='ocrx_word' id='word_1_227' title='bbox 1581 2818 1659 2881; x_wconf 84' lang='lat' dir='ltr'><strong>fit</strong></span> <span class='ocrx_word' id='word_1_228' title='bbox 1697 2837 1877 2881; x_wconf 90' lang='lat' dir='ltr'><strong>men-</strong></span> 
     </span>
     <span class='ocr_line' id='line_1_37' title="bbox 375 2916 1878 2998; baseline -0.001 -17"><span class='ocrx_word' id='word_1_229' title='bbox 375 2919 466 2981; x_wconf 92' lang='lat' dir='ltr'><strong>tio</strong></span> <span class='ocrx_word' id='word_1_230' title='bbox 526 2916 621 2979; x_wconf 91' lang='lat' dir='ltr'><strong>ibi</strong></span> <span class='ocrx_word' id='word_1_231' title='bbox 680 2916 760 2979; x_wconf 90' lang='lat' dir='ltr'><strong>de</strong></span> <span class='ocrx_word' id='word_1_232' title='bbox 816 2916 961 2979; x_wconf 85' lang='lat' dir='ltr'><strong>aliis</strong></span> <span class='ocrx_word' id='word_1_233' title='bbox 1018 2916 1151 2979; x_wconf 91' lang='lat' dir='ltr'><strong>suis</strong></span> <span class='ocrx_word' id='word_1_234' title='bbox 1210 2916 1509 2998; x_wconf 80' lang='lat' dir='ltr'><strong>peccatis.</strong></span> <span class='ocrx_word' id='word_1_235' title='bbox 1571 2917 1878 2980; x_wconf 89' lang='lat' dir='ltr'><strong>Similiter</strong></span> 
     </span>
    </p>
   </div>
   <div class='ocr_carea' id='block_1_10' title="bbox 1982 1931 3480 2409">
    <p class='ocr_par' dir='ltr' id='par_1_11' title="bbox 1982 1931 3480 2309">
     <span class='ocr_line' id='line_1_38' title="bbox 1984 1931 3478 2015; baseline 0.001 -22"><span class='ocrx_word' id='word_1_236' title='bbox 1984 1951 2109 2013; x_wconf 90' lang='lat' dir='ltr'><strong>qua</strong></span> <span class='ocrx_word' id='word_1_237' title='bbox 2147 1940 2296 1995; x_wconf 90' lang='lat' dir='ltr'><strong>sunt</strong></span> <span class='ocrx_word' id='word_1_238' title='bbox 2331 1931 2642 1995; x_wconf 88' lang='lat' dir='ltr'><strong>divinitus</strong></span> <span class='ocrx_word' id='word_1_239' title='bbox 2681 1933 2970 1996; x_wconf 89' lang='lat' dir='ltr'><strong>instituta</strong></span> <span class='ocrx_word' id='word_1_240' title='bbox 3003 1950 3017 1995; x_wconf 92' lang='lat'>:</span> <span class='ocrx_word' id='word_1_241' title='bbox 3051 1952 3194 2015; x_wconf 77' lang='lat' dir='ltr'><strong>quoe</strong></span> <span class='ocrx_word' id='word_1_242' title='bbox 3232 1939 3478 1995; x_wconf 88' lang='lat' dir='ltr'><strong>certum</strong></span> 
     </span>
     <span class='ocr_line' id='line_1_39' title="bbox 1982 2029 3478 2105; baseline 0 -13"><span class='ocrx_word' id='word_1_243' title='bbox 1982 2037 2079 2093; x_wconf 92' lang='lat' dir='ltr'><strong>est</strong></span> <span class='ocrx_word' id='word_1_244' title='bbox 2119 2030 2408 2093; x_wconf 87' lang='lat' dir='ltr'><strong>instituta</strong></span> <span class='ocrx_word' id='word_1_245' title='bbox 2445 2049 2584 2093; x_wconf 88' lang='lat' dir='ltr'><strong>esse</strong></span> <span class='ocrx_word' id='word_1_246' title='bbox 2622 2030 2742 2093; x_wconf 92' lang='lat' dir='ltr'><strong>sub</strong></span> <span class='ocrx_word' id='word_1_247' title='bbox 2780 2031 3127 2095; x_wconf 86' lang='lat' dir='ltr'><strong>assertione</strong></span> <span class='ocrx_word' id='word_1_248' title='bbox 3165 2029 3478 2105; x_wconf 89' lang='lat' dir='ltr'><strong>absoluta,</strong></span> 
     </span>
     <span class='ocr_line' id='line_1_40' title="bbox 1982 2128 3480 2211; baseline 0 -20"><span class='ocrx_word' id='word_1_249' title='bbox 1982 2130 2150 2191; x_wconf 87' lang='lat' dir='ltr'><strong>sicut</strong></span> <span class='ocrx_word' id='word_1_250' title='bbox 2178 2148 2377 2211; x_wconf 89' lang='lat' dir='ltr'><strong>quum</strong></span> <span class='ocrx_word' id='word_1_251' title='bbox 2407 2128 2664 2204; x_wconf 88' lang='lat' dir='ltr'><strong>dicitur,</strong></span> <span class='ocrx_word' id='word_1_252' title='bbox 2683 2129 2814 2211; x_wconf 81' lang='lat' dir='ltr'><strong>Ego</strong></span> <span class='ocrx_word' id='word_1_253' title='bbox 2841 2128 3102 2193; x_wconf 89' lang='lat' dir='ltr'><strong>absolvo</strong></span> <span class='ocrx_word' id='word_1_254' title='bbox 3131 2136 3213 2193; x_wconf 89' lang='lat' dir='ltr'><strong>te.</strong></span> <span class='ocrx_word' id='word_1_255' title='bbox 3233 2165 3316 2175; x_wconf 91' lang='lat'>—</span> <span class='ocrx_word' id='word_1_256' title='bbox 3335 2129 3480 2193; x_wconf 83' lang='lat' dir='ltr'><strong>Haec</strong></span> 
     </span>
     <span class='ocr_line' id='line_1_41' title="bbox 1983 2226 2982 2309; baseline 0 -19"><span class='ocrx_word' id='word_1_257' title='bbox 1983 2228 2293 2291; x_wconf 87' lang='lat' dir='ltr'><strong>Henricus</strong></span> <span class='ocrx_word' id='word_1_258' title='bbox 2336 2227 2546 2309; x_wconf 92' lang='lat' dir='ltr'><strong>primo</strong></span> <span class='ocrx_word' id='word_1_259' title='bbox 2587 2226 2982 2301; x_wconf 90' lang='lat' dir='ltr'><strong>Quodlibeto.</strong></span> 
     </span>
    </p>

    <p class='ocr_par' dir='ltr' id='par_1_12' title="bbox 2051 2325 3480 2409">
     <span class='ocr_line' id='line_1_42' title="bbox 2051 2325 3480 2409; baseline 0.001 -22"><span class='ocrx_word' id='word_1_260' title='bbox 2051 2325 2336 2409; x_wconf 91' lang='lat' dir='ltr'><strong>Denique</strong></span> <span class='ocrx_word' id='word_1_261' title='bbox 2367 2327 2445 2389; x_wconf 92' lang='lat' dir='ltr'><strong>de</strong></span> <span class='ocrx_word' id='word_1_262' title='bbox 2474 2326 2682 2389; x_wconf 89' lang='lat' dir='ltr'><strong>forma</strong></span> <span class='ocrx_word' id='word_1_263' title='bbox 2711 2328 3087 2390; x_wconf 83' lang='lat' dir='ltr'><strong>sacramenti</strong></span> <span class='ocrx_word' id='word_1_264' title='bbox 3120 2327 3304 2391; x_wconf 91' lang='lat' dir='ltr'><strong>istius</strong></span> <span class='ocrx_word' id='word_1_265' title='bbox 3333 2327 3480 2389; x_wconf 89' lang='lat' dir='ltr'><strong>scri-</strong></span> 
     </span>
    </p>
   </div>
   <div class='ocr_carea' id='block_1_11' title="bbox 1984 2423 3771 2606">
    <p class='ocr_par' dir='ltr' id='par_1_13' title="bbox 1984 2423 3771 2606">
     <span class='ocr_line' id='line_1_43' title="bbox 1984 2423 3771 2506; baseline -0.006 -20"><span class='ocrx_word' id='word_1_266' title='bbox 1984 2423 2080 2485; x_wconf 88' lang='lat' dir='ltr'><strong>bit</strong></span> <span class='ocrx_word' id='word_1_267' title='bbox 2107 2423 2378 2487; x_wconf 88' lang='lat' dir='ltr'><strong>Thomas</strong></span> <span class='ocrx_word' id='word_1_268' title='bbox 2416 2426 2480 2486; x_wconf 89' lang='lat' dir='ltr'><strong>in</strong></span> <span class='ocrx_word' id='word_1_269' title='bbox 2515 2423 2698 2487; x_wconf 84' lang='lat' dir='ltr'><strong>tertia</strong></span> <span class='ocrx_word' id='word_1_270' title='bbox 2736 2432 2914 2505; x_wconf 88' lang='lat' dir='ltr'><strong>parte</strong></span> <span class='ocrx_word' id='word_1_271' title='bbox 2945 2444 2960 2489; x_wconf 91' lang='lat'><strong>:</strong></span> <span class='ocrx_word' id='word_1_272' title='bbox 2994 2426 3065 2487; x_wconf 89' lang='lat' dir='ltr'><strong>In</strong></span> <span class='ocrx_word' id='word_1_273' title='bbox 3094 2425 3379 2506; x_wconf 90' lang='lat' dir='ltr'><strong>qualibet</strong></span> <span class='ocrx_word' id='word_1_274' title='bbox 3409 2443 3476 2487; x_wconf 89' lang='lat' dir='ltr'><strong>re</strong></span> <span class='ocrx_word' id='word_1_275' title='bbox 3529 2460 3574 2502; x_wconf 68' lang='lat' dir='ltr'><strong>q,</strong></span> <span class='ocrx_word' id='word_1_276' title='bbox 3603 2457 3771 2493; x_wconf 68' lang='lat' dir='ltr'><strong>mxu.</strong></span> 
     </span>
     <span class='ocr_line' id='line_1_44' title="bbox 1984 2522 3607 2606; baseline -0.004 -19"><span class='ocrx_word' id='word_1_277' title='bbox 1984 2522 2296 2605; x_wconf 84' lang='lat' dir='ltr'><strong>perfectio</strong></span> <span class='ocrx_word' id='word_1_278' title='bbox 2331 2522 2702 2585; x_wconf 87' lang='lat' dir='ltr'><strong>attribuitur</strong></span> <span class='ocrx_word' id='word_1_279' title='bbox 2735 2522 2975 2587; x_wconf 83' lang='lat' dir='ltr'><strong>formae.</strong></span> <span class='ocrx_word' id='word_1_280' title='bbox 3009 2524 3342 2606; x_wconf 85' lang='lat' dir='ltr'><strong>Quumque</strong></span> <span class='ocrx_word' id='word_1_281' title='bbox 3381 2543 3476 2586; x_wconf 90' lang='lat' dir='ltr'><strong>sa-</strong></span> <span class='ocrx_word' id='word_1_282' title='bbox 3504 2523 3546 2552; x_wconf 85' lang='lat'><strong>⁸·</strong></span> <span class='ocrx_word' id='word_1_283' title='bbox 3595 2540 3607 2552; x_wconf 95' lang='lat'><strong>·</strong></span> 
     </span>
    </p>
   </div>
   <div class='ocr_carea' id='block_1_12' title="bbox 1984 2619 3482 2998">
    <p class='ocr_par' dir='ltr' id='par_1_14' title="bbox 1984 2619 3482 2998">
     <span class='ocr_line' id='line_1_45' title="bbox 1985 2619 3478 2704; baseline 0.001 -21"><span class='ocrx_word' id='word_1_284' title='bbox 1985 2629 2382 2683; x_wconf 76' lang='lat' dir='ltr'><strong>crementum</strong></span> <span class='ocrx_word' id='word_1_285' title='bbox 2420 2620 2810 2684; x_wconf 83' lang='lat' dir='ltr'><strong>Poenitentiae</strong></span> <span class='ocrx_word' id='word_1_286' title='bbox 2849 2619 3221 2704; x_wconf 86' lang='lat' dir='ltr'><strong>perficiatur</strong></span> <span class='ocrx_word' id='word_1_287' title='bbox 3260 2640 3374 2703; x_wconf 92' lang='lat' dir='ltr'><strong>per</strong></span> <span class='ocrx_word' id='word_1_288' title='bbox 3403 2640 3478 2684; x_wconf 89' lang='lat' dir='ltr'><strong>ea</strong></span> 
     </span>
     <span class='ocr_line' id='line_1_46' title="bbox 1986 2720 3478 2801; baseline 0.001 -21"><span class='ocrx_word' id='word_1_289' title='bbox 1986 2738 2125 2801; x_wconf 85' lang='lat' dir='ltr'><strong>quae</strong></span> <span class='ocrx_word' id='word_1_290' title='bbox 2157 2726 2306 2780; x_wconf 90' lang='lat' dir='ltr'><strong>sunt</strong></span> <span class='ocrx_word' id='word_1_291' title='bbox 2334 2737 2410 2781; x_wconf 89' lang='lat' dir='ltr'><strong>ex</strong></span> <span class='ocrx_word' id='word_1_292' title='bbox 2442 2726 2618 2801; x_wconf 91' lang='lat' dir='ltr'><strong>parte</strong></span> <span class='ocrx_word' id='word_1_293' title='bbox 2648 2720 3013 2794; x_wconf 81' lang='lat' dir='ltr'><strong>sacerdotiS,</strong></span> <span class='ocrx_word' id='word_1_294' title='bbox 3035 2727 3282 2801; x_wconf 87' lang='lat' dir='ltr'><strong>oportet</strong></span> <span class='ocrx_word' id='word_1_295' title='bbox 3307 2720 3478 2801; x_wconf 88' lang='lat' dir='ltr'><strong>quod</strong></span> 
     </span>
     <span class='ocr_line' id='line_1_47' title="bbox 1984 2818 3480 2900; baseline 0 -21"><span class='ocrx_word' id='word_1_296' title='bbox 1984 2835 2057 2879; x_wconf 89' lang='lat' dir='ltr'><strong>ea</strong></span> <span class='ocrx_word' id='word_1_297' title='bbox 2088 2835 2229 2898; x_wconf 81' lang='lat' dir='ltr'><strong>quae</strong></span> <span class='ocrx_word' id='word_1_298' title='bbox 2260 2823 2409 2879; x_wconf 89' lang='lat' dir='ltr'><strong>sunt</strong></span> <span class='ocrx_word' id='word_1_299' title='bbox 2437 2836 2515 2879; x_wconf 85' lang='lat' dir='ltr'><strong>ex</strong></span> <span class='ocrx_word' id='word_1_300' title='bbox 2553 2825 2732 2899; x_wconf 88' lang='lat' dir='ltr'><strong>parte</strong></span> <span class='ocrx_word' id='word_1_301' title='bbox 2761 2818 3154 2900; x_wconf 81' lang='lat' dir='ltr'><strong>poenitentiS‚</strong></span> <span class='ocrx_word' id='word_1_302' title='bbox 3185 2818 3322 2880; x_wconf 88' lang='lat' dir='ltr'><strong>sive</strong></span> <span class='ocrx_word' id='word_1_303' title='bbox 3351 2818 3480 2879; x_wconf 88' lang='lat' dir='ltr'><strong>sint</strong></span> 
     </span>
     <span class='ocr_line' id='line_1_48' title="bbox 1984 2914 3482 2998; baseline 0.001 -20"><span class='ocrx_word' id='word_1_304' title='bbox 1984 2914 2204 2989; x_wconf 88' lang='lat' dir='ltr'><strong>verba,</strong></span> <span class='ocrx_word' id='word_1_305' title='bbox 2255 2916 2390 2978; x_wconf 86' lang='lat' dir='ltr'><strong>sive</strong></span> <span class='ocrx_word' id='word_1_306' title='bbox 2448 2914 2633 2990; x_wconf 87' lang='lat' dir='ltr'><strong>facta,</strong></span> <span class='ocrx_word' id='word_1_307' title='bbox 2686 2916 2814 2978; x_wconf 90' lang='lat' dir='ltr'><strong>sint</strong></span> <span class='ocrx_word' id='word_1_308' title='bbox 2869 2918 3157 2998; x_wconf 77' lang='lat' dir='ltr'><strong>quaedam</strong></span> <span class='ocrx_word' id='word_1_309' title='bbox 3219 2916 3482 2979; x_wconf 87' lang='lat' dir='ltr'><strong>materia</strong></span> 
     </span>
    </p>
   </div>
   <div class='ocr_carea' id='block_1_13' title="bbox 374 3013 3484 3097">
    <p class='ocr_par' dir='ltr' id='par_1_15' title="bbox 374 3013 3484 3097">
     <span class='ocr_line' id='line_1_49' title="bbox 374 3013 3484 3097; baseline 0 -20"><span class='ocrx_word' id='word_1_310' title='bbox 374 3023 572 3097; x_wconf 80' lang='lat' dir='ltr'><strong>agunt</strong></span> <span class='ocrx_word' id='word_1_311' title='bbox 610 3014 899 3097; x_wconf 88' lang='lat' dir='ltr'><strong>episcopi</strong></span> <span class='ocrx_word' id='word_1_312' title='bbox 940 3013 1110 3075; x_wconf 86' lang='lat' dir='ltr'><strong>circa</strong></span> <span class='ocrx_word' id='word_1_313' title='bbox 1149 3014 1379 3077; x_wconf 89' lang='lat' dir='ltr'><strong>missos</strong></span> <span class='ocrx_word' id='word_1_314' title='bbox 1418 3016 1497 3077; x_wconf 86' lang='lat' dir='ltr'><strong>ad</strong></span> <span class='ocrx_word' id='word_1_315' title='bbox 1536 3034 1604 3078; x_wconf 88' lang='lat' dir='ltr'><strong>se</strong></span> <span class='ocrx_word' id='word_1_316' title='bbox 1633 3036 1669 3078; x_wconf 92' lang='lat' dir='ltr'><strong>a</strong></span> <span class='ocrx_word' id='word_1_317' title='bbox 1700 3034 1877 3078; x_wconf 90' lang='lat' dir='ltr'><strong>cura·</strong></span> <span class='ocrx_word' id='word_1_318' title='bbox 1906 3014 1951 3079; x_wconf 88' lang='lat' dir='ltr'>C</span> <span class='ocrx_word' id='word_1_319' title='bbox 1985 3013 2180 3095; x_wconf 86' lang='lat' dir='ltr'><strong>hujus</strong></span> <span class='ocrx_word' id='word_1_320' title='bbox 2229 3014 2630 3089; x_wconf 90' lang='lat' dir='ltr'><strong>sacramenti,</strong></span> <span class='ocrx_word' id='word_1_321' title='bbox 2681 3020 2746 3077; x_wconf 89' lang='lat' dir='ltr'><strong>et</strong></span> <span class='ocrx_word' id='word_1_322' title='bbox 2791 3033 2934 3096; x_wconf 78' lang='lat' dir='ltr'><strong>quae</strong></span> <span class='ocrx_word' id='word_1_323' title='bbox 2979 3034 3058 3078; x_wconf 84' lang='lat' dir='ltr'><strong>ex</strong></span> <span class='ocrx_word' id='word_1_324' title='bbox 3107 3023 3284 3097; x_wconf 90' lang='lat' dir='ltr'><strong>parte</strong></span> <span class='ocrx_word' id='word_1_325' title='bbox 3333 3022 3484 3078; x_wconf 89' lang='lat' dir='ltr'><strong>sunt</strong></span> 
     </span>
    </p>
   </div>
   <div class='ocr_carea' id='block_1_14' title="bbox 374 3111 1879 4174">
    <p class='ocr_par' dir='ltr' id='par_1_16' title="bbox 374 3111 1879 4174">
     <span class='ocr_line' id='line_1_50' title="bbox 374 3111 1876 3194; baseline 0 -18"><span class='ocrx_word' id='word_1_326' title='bbox 374 3114 475 3176; x_wconf 87' lang='lat' dir='ltr'><strong>tis.</strong></span> <span class='ocrx_word' id='word_1_327' title='bbox 516 3112 651 3176; x_wconf 89' lang='lat' dir='ltr'><strong>Nec</strong></span> <span class='ocrx_word' id='word_1_328' title='bbox 696 3111 908 3175; x_wconf 89' lang='lat' dir='ltr'><strong>dicere</strong></span> <span class='ocrx_word' id='word_1_329' title='bbox 958 3111 1052 3175; x_wconf 87' lang='lat' dir='ltr'><strong>fas</strong></span> <span class='ocrx_word' id='word_1_330' title='bbox 1096 3119 1213 3185; x_wconf 85' lang='lat' dir='ltr'><strong>est,</strong></span> <span class='ocrx_word' id='word_1_331' title='bbox 1259 3112 1428 3194; x_wconf 91' lang='lat' dir='ltr'><strong>quod</strong></span> <span class='ocrx_word' id='word_1_332' title='bbox 1478 3112 1761 3176; x_wconf 85' lang='lat' dir='ltr'><strong>Ecclesia</strong></span> <span class='ocrx_word' id='word_1_333' title='bbox 1810 3114 1876 3176; x_wconf 92' lang='lat' dir='ltr'><strong>in</strong></span> 
     </span>
     <span class='ocr_line' id='line_1_51' title="bbox 374 3211 1877 3294; baseline 0 -20"><span class='ocrx_word' id='word_1_334' title='bbox 374 3212 475 3274; x_wconf 85' lang='lat' dir='ltr'><strong>his</strong></span> <span class='ocrx_word' id='word_1_335' title='bbox 518 3219 709 3275; x_wconf 86' lang='lat' dir='ltr'><strong>errat.</strong></span> <span class='ocrx_word' id='word_1_336' title='bbox 744 3211 988 3274; x_wconf 90' lang='lat' dir='ltr'><strong>Idcirco</strong></span> <span class='ocrx_word' id='word_1_337' title='bbox 1030 3211 1109 3273; x_wconf 93' lang='lat' dir='ltr'><strong>ad</strong></span> <span class='ocrx_word' id='word_1_338' title='bbox 1150 3211 1566 3293; x_wconf 81' lang='lat' dir='ltr'><strong>quaestionem</strong></span> <span class='ocrx_word' id='word_1_339' title='bbox 1620 3230 1877 3294; x_wconf 90' lang='lat' dir='ltr'><strong>respon-</strong></span> 
     </span>
     <span class='ocr_line' id='line_1_52' title="bbox 375 3309 1875 3374; baseline 0 -1"><span class='ocrx_word' id='word_1_340' title='bbox 375 3310 660 3374; x_wconf 91' lang='lat' dir='ltr'><strong>dendum</strong></span> <span class='ocrx_word' id='word_1_341' title='bbox 708 3317 804 3372; x_wconf 92' lang='lat' dir='ltr'><strong>est</strong></span> <span class='ocrx_word' id='word_1_342' title='bbox 852 3309 1259 3372; x_wconf 84' lang='lat' dir='ltr'><strong>affirmative.</strong></span> <span class='ocrx_word' id='word_1_343' title='bbox 1314 3309 1376 3372; x_wconf 92' lang='lat' dir='ltr'><strong>Si</strong></span> <span class='ocrx_word' id='word_1_344' title='bbox 1436 3317 1649 3372; x_wconf 90' lang='lat' dir='ltr'><strong>autem</strong></span> <span class='ocrx_word' id='word_1_345' title='bbox 1698 3311 1875 3373; x_wconf 87' lang='lat' dir='ltr'><strong>omni</strong></span> 
     </span>
     <span class='ocr_line' id='line_1_53' title="bbox 376 3406 1876 3491; baseline 0.001 -20"><span class='ocrx_word' id='word_1_346' title='bbox 376 3408 567 3471; x_wconf 90' lang='lat' dir='ltr'><strong>modo</strong></span> <span class='ocrx_word' id='word_1_347' title='bbox 625 3407 783 3471; x_wconf 89' lang='lat' dir='ltr'><strong>velit</strong></span> <span class='ocrx_word' id='word_1_348' title='bbox 836 3406 983 3491; x_wconf 90' lang='lat' dir='ltr'><strong>quis</strong></span> <span class='ocrx_word' id='word_1_349' title='bbox 1040 3407 1275 3482; x_wconf 88' lang='lat' dir='ltr'><strong>dicere,</strong></span> <span class='ocrx_word' id='word_1_350' title='bbox 1337 3408 1504 3490; x_wconf 92' lang='lat' dir='ltr'><strong>quod</strong></span> <span class='ocrx_word' id='word_1_351' title='bbox 1561 3407 1876 3472; x_wconf 86' lang='lat' dir='ltr'><strong>absolutio</strong></span> 
     </span>
     <span class='ocr_line' id='line_1_54' title="bbox 374 3506 1877 3590; baseline 0.001 -20"><span class='ocrx_word' id='word_1_352' title='bbox 374 3506 570 3570; x_wconf 90' lang='lat' dir='ltr'><strong>debet</strong></span> <span class='ocrx_word' id='word_1_353' title='bbox 618 3507 811 3569; x_wconf 88' lang='lat' dir='ltr'><strong>unica</strong></span> <span class='ocrx_word' id='word_1_354' title='bbox 857 3525 1029 3585; x_wconf 86' lang='lat' dir='ltr'><strong>esse3</strong></span> <span class='ocrx_word' id='word_1_355' title='bbox 1079 3507 1389 3580; x_wconf 89' lang='lat' dir='ltr'><strong>dicamus,</strong></span> <span class='ocrx_word' id='word_1_356' title='bbox 1442 3507 1611 3590; x_wconf 91' lang='lat' dir='ltr'><strong>quod</strong></span> <span class='ocrx_word' id='word_1_357' title='bbox 1670 3507 1877 3590; x_wconf 90' lang='lat' dir='ltr'><strong>prima</strong></span> 
     </span>
     <span class='ocr_line' id='line_1_55' title="bbox 376 3603 1877 3668; baseline 0 0"><span class='ocrx_word' id='word_1_358' title='bbox 376 3603 697 3668; x_wconf 89' lang='lat' dir='ltr'><strong>absolutio</strong></span> <span class='ocrx_word' id='word_1_359' title='bbox 729 3604 805 3668; x_wconf 87' lang='lat' dir='ltr'><strong>fit</strong></span> <span class='ocrx_word' id='word_1_360' title='bbox 832 3605 954 3668; x_wconf 89' lang='lat' dir='ltr'><strong>sub</strong></span> <span class='ocrx_word' id='word_1_361' title='bbox 992 3604 1444 3668; x_wconf 87' lang='lat' dir='ltr'><strong>ratihabitione</strong></span> <span class='ocrx_word' id='word_1_362' title='bbox 1481 3606 1560 3667; x_wconf 93' lang='lat' dir='ltr'><strong>de</strong></span> <span class='ocrx_word' id='word_1_363' title='bbox 1598 3606 1877 3668; x_wconf 85' lang='lat' dir='ltr'><strong>secunda</strong></span> 
     </span>
     <span class='ocr_line' id='line_1_56' title="bbox 378 3701 1877 3785; baseline 0 -20"><span class='ocrx_word' id='word_1_364' title='bbox 378 3710 709 3785; x_wconf 86' lang='lat' dir='ltr'><strong>sequente,</strong></span> <span class='ocrx_word' id='word_1_365' title='bbox 754 3702 841 3764; x_wconf 90' lang='lat' dir='ltr'><strong>ita</strong></span> <span class='ocrx_word' id='word_1_366' title='bbox 884 3701 1055 3785; x_wconf 90' lang='lat' dir='ltr'><strong>quod</strong></span> <span class='ocrx_word' id='word_1_367' title='bbox 1102 3702 1343 3765; x_wconf 87' lang='lat' dir='ltr'><strong>factum</strong></span> <span class='ocrx_word' id='word_1_368' title='bbox 1390 3703 1453 3765; x_wconf 90' lang='lat' dir='ltr'><strong>in</strong></span> <span class='ocrx_word' id='word_1_369' title='bbox 1501 3703 1709 3784; x_wconf 88' lang='lat' dir='ltr'><strong>prima</strong></span> <span class='ocrx_word' id='word_1_370' title='bbox 1744 3723 1877 3765; x_wconf 90' lang='lat' dir='ltr'><strong>sus-</strong></span> 
     </span>
     <span class='ocr_line' id='line_1_57' title="bbox 380 3797 1876 3883; baseline 0.001 -20"><span class='ocrx_word' id='word_1_371' title='bbox 380 3800 834 3883; x_wconf 89' lang='lat' dir='ltr'><strong>penditur,nec</strong></span> <span class='ocrx_word' id='word_1_372' title='bbox 864 3797 1059 3863; x_wconf 82' lang='lat' dir='ltr'><strong>habet</strong></span> <span class='ocrx_word' id='word_1_373' title='bbox 1084 3800 1392 3863; x_wconf 90' lang='lat' dir='ltr'><strong>effectum</strong></span> <span class='ocrx_word' id='word_1_374' title='bbox 1424 3801 1549 3863; x_wconf 91' lang='lat' dir='ltr'><strong>nisi</strong></span> <span class='ocrx_word' id='word_1_375' title='bbox 1580 3802 1876 3864; x_wconf 88' lang='lat' dir='ltr'><strong>veniente</strong></span> 
     </span>
     <span class='ocr_line' id='line_1_58' title="bbox 378 3897 1877 3980; baseline 0.001 -20"><span class='ocrx_word' id='word_1_376' title='bbox 378 3897 689 3976; x_wconf 86' lang='lat' dir='ltr'><strong>secunda3</strong></span> <span class='ocrx_word' id='word_1_377' title='bbox 722 3905 787 3960; x_wconf 91' lang='lat' dir='ltr'><strong>et</strong></span> <span class='ocrx_word' id='word_1_378' title='bbox 822 3906 975 3960; x_wconf 88' lang='lat' dir='ltr'><strong>tunc</strong></span> <span class='ocrx_word' id='word_1_379' title='bbox 1015 3900 1295 3961; x_wconf 90' lang='lat' dir='ltr'><strong>secunda</strong></span> <span class='ocrx_word' id='word_1_380' title='bbox 1333 3897 1647 3961; x_wconf 89' lang='lat' dir='ltr'><strong>absolutio</strong></span> <span class='ocrx_word' id='word_1_381' title='bbox 1684 3917 1877 3980; x_wconf 81' lang='lat' dir='ltr'><strong>agens</strong></span> 
     </span>
     <span class='ocr_line' id='line_1_59' title="bbox 380 3995 1879 4078; baseline 0 -20"><span class='ocrx_word' id='word_1_382' title='bbox 380 3996 443 4058; x_wconf 89' lang='lat' dir='ltr'><strong>in</strong></span> <span class='ocrx_word' id='word_1_383' title='bbox 497 3996 733 4057; x_wconf 88' lang='lat' dir='ltr'><strong>virtute</strong></span> <span class='ocrx_word' id='word_1_384' title='bbox 779 3995 1037 4078; x_wconf 88' lang='lat' dir='ltr'><strong>propria</strong></span> <span class='ocrx_word' id='word_1_385' title='bbox 1082 4014 1157 4058; x_wconf 90' lang='lat' dir='ltr'><strong>ac</strong></span> <span class='ocrx_word' id='word_1_386' title='bbox 1207 3997 1621 4078; x_wconf 80' lang='lat' dir='ltr'><strong>praecedentis</strong></span> <span class='ocrx_word' id='word_1_387' title='bbox 1671 3997 1879 4060; x_wconf 85' lang='lat' dir='ltr'><strong>efficit</strong></span> 
     </span>
     <span class='ocr_line' id='line_1_60' title="bbox 378 4093 1879 4174; baseline 0.003 -21"><span class='ocrx_word' id='word_1_388' title='bbox 378 4097 607 4166; x_wconf 90' lang='lat' dir='ltr'><strong>totum,</strong></span> <span class='ocrx_word' id='word_1_389' title='bbox 656 4100 721 4155; x_wconf 90' lang='lat' dir='ltr'><strong>et</strong></span> <span class='ocrx_word' id='word_1_390' title='bbox 770 4093 1043 4174; x_wconf 90' lang='lat' dir='ltr'><strong>primam</strong></span> <span class='ocrx_word' id='word_1_391' title='bbox 1100 4093 1379 4155; x_wconf 87' lang='lat' dir='ltr'><strong>ratificat</strong></span> <span class='ocrx_word' id='word_1_392' title='bbox 1429 4115 1443 4157; x_wconf 91' lang='lat'>:</span> <span class='ocrx_word' id='word_1_393' title='bbox 1498 4094 1627 4156; x_wconf 89' lang='lat' dir='ltr'><strong>imo</strong></span> <span class='ocrx_word' id='word_1_394' title='bbox 1673 4093 1879 4158; x_wconf 83' lang='lat' dir='ltr'><strong>ambae</strong></span> 
     </span>
    </p>
   </div>
   <div class='ocr_carea' id='block_1_15' title="bbox 1985 3112 3484 4180">
    <p class='ocr_par' dir='ltr' id='par_1_17' title="bbox 1985 3112 3484 4180">
     <span class='ocr_line' id='line_1_61' title="bbox 1986 3112 3476 3197; baseline 0.002 -23"><span class='ocrx_word' id='word_1_395' title='bbox 1986 3113 2355 3188; x_wconf 81' lang='lat' dir='ltr'><strong>sacerdotiS,</strong></span> <span class='ocrx_word' id='word_1_396' title='bbox 2389 3113 2518 3176; x_wconf 89' lang='lat' dir='ltr'><strong>sint</strong></span> <span class='ocrx_word' id='word_1_397' title='bbox 2557 3114 2738 3196; x_wconf 91' lang='lat' dir='ltr'><strong>quasi</strong></span> <span class='ocrx_word' id='word_1_398' title='bbox 2786 3112 3012 3177; x_wconf 86' lang='lat' dir='ltr'><strong>forma.</strong></span> <span class='ocrx_word' id='word_1_399' title='bbox 3057 3114 3134 3176; x_wconf 92' lang='lat' dir='ltr'><strong>Et</strong></span> <span class='ocrx_word' id='word_1_400' title='bbox 3175 3113 3476 3197; x_wconf 89' lang='lat' dir='ltr'><strong>quoniam</strong></span> 
     </span>
     <span class='ocr_line' id='line_1_62' title="bbox 1987 3212 3482 3294; baseline 0.001 -19"><span class='ocrx_word' id='word_1_401' title='bbox 1987 3219 2380 3275; x_wconf 87' lang='lat' dir='ltr'><strong>sacramenta</strong></span> <span class='ocrx_word' id='word_1_402' title='bbox 2421 3231 2600 3276; x_wconf 84' lang='lat' dir='ltr'><strong>novae</strong></span> <span class='ocrx_word' id='word_1_403' title='bbox 2640 3212 2797 3294; x_wconf 85' lang='lat' dir='ltr'><strong>legis</strong></span> <span class='ocrx_word' id='word_1_404' title='bbox 2839 3212 3139 3275; x_wconf 84' lang='lat' dir='ltr'><strong>efficiunt</strong></span> <span class='ocrx_word' id='word_1_405' title='bbox 3167 3214 3338 3294; x_wconf 92' lang='lat' dir='ltr'><strong>quod</strong></span> <span class='ocrx_word' id='word_1_406' title='bbox 3377 3214 3482 3277; x_wconf 91' lang='lat' dir='ltr'><strong>de-</strong></span> 
     </span>
     <span class='ocr_line' id='line_1_63' title="bbox 1986 3310 3483 3391; baseline 0.002 -20"><span class='ocrx_word' id='word_1_407' title='bbox 1986 3310 2260 3390; x_wconf 80' lang='lat' dir='ltr'><strong>signant,</strong></span> <span class='ocrx_word' id='word_1_408' title='bbox 2309 3319 2557 3391; x_wconf 84' lang='lat' dir='ltr'><strong>oportet</strong></span> <span class='ocrx_word' id='word_1_409' title='bbox 2602 3318 2672 3373; x_wconf 91' lang='lat' dir='ltr'><strong>ut</strong></span> <span class='ocrx_word' id='word_1_410' title='bbox 2719 3311 2925 3372; x_wconf 89' lang='lat' dir='ltr'><strong>forma</strong></span> <span class='ocrx_word' id='word_1_411' title='bbox 2975 3313 3352 3374; x_wconf 87' lang='lat' dir='ltr'><strong>sacramenti</strong></span> <span class='ocrx_word' id='word_1_412' title='bbox 3401 3313 3483 3374; x_wconf 90' lang='lat' dir='ltr'><strong>si-</strong></span> 
     </span>
     <span class='ocr_line' id='line_1_64' title="bbox 1985 3407 3484 3491; baseline 0.002 -22"><span class='ocrx_word' id='word_1_413' title='bbox 1985 3407 2249 3489; x_wconf 80' lang='lat' dir='ltr'><strong>gnificet</strong></span> <span class='ocrx_word' id='word_1_414' title='bbox 2281 3408 2346 3470; x_wconf 91' lang='lat' dir='ltr'><strong>id</strong></span> <span class='ocrx_word' id='word_1_415' title='bbox 2377 3409 2545 3489; x_wconf 89' lang='lat' dir='ltr'><strong>quod</strong></span> <span class='ocrx_word' id='word_1_416' title='bbox 2573 3408 2784 3488; x_wconf 84' lang='lat' dir='ltr'><strong>agitur</strong></span> <span class='ocrx_word' id='word_1_417' title='bbox 2813 3408 2876 3470; x_wconf 92' lang='lat' dir='ltr'><strong>in</strong></span> <span class='ocrx_word' id='word_1_418' title='bbox 2909 3417 3324 3484; x_wconf 89' lang='lat' dir='ltr'><strong>sacramento,</strong></span> <span class='ocrx_word' id='word_1_419' title='bbox 3343 3427 3484 3491; x_wconf 92' lang='lat' dir='ltr'><strong>pro-</strong></span> 
     </span>
     <span class='ocr_line' id='line_1_65' title="bbox 1986 3505 3481 3587; baseline 0.001 -20"><span class='ocrx_word' id='word_1_420' title='bbox 1986 3505 2494 3587; x_wconf 87' lang='lat' dir='ltr'><strong>portionabiliter</strong></span> <span class='ocrx_word' id='word_1_421' title='bbox 2556 3506 2836 3569; x_wconf 81' lang='lat' dir='ltr'><strong>materiae</strong></span> <span class='ocrx_word' id='word_1_422' title='bbox 2890 3507 3290 3569; x_wconf 90' lang='lat' dir='ltr'><strong>sacramenti.</strong></span> <span class='ocrx_word' id='word_1_423' title='bbox 3353 3507 3481 3570; x_wconf 84' lang='lat' dir='ltr'><strong>Hoc</strong></span> 
     </span>
     <span class='ocr_line' id='line_1_66' title="bbox 1986 3605 3480 3668; baseline 0.001 -2"><span class='ocrx_word' id='word_1_424' title='bbox 1986 3612 2199 3666; x_wconf 84' lang='lat' dir='ltr'><strong>autem</strong></span> <span class='ocrx_word' id='word_1_425' title='bbox 2239 3611 2706 3666; x_wconf 88' lang='lat' dir='ltr'><strong>sacramentum</strong></span> <span class='ocrx_word' id='word_1_426' title='bbox 2747 3605 3039 3667; x_wconf 89' lang='lat' dir='ltr'><strong>consistit</strong></span> <span class='ocrx_word' id='word_1_427' title='bbox 3078 3605 3142 3668; x_wconf 90' lang='lat' dir='ltr'><strong>in</strong></span> <span class='ocrx_word' id='word_1_428' title='bbox 3185 3605 3480 3668; x_wconf 88' lang='lat' dir='ltr'><strong>remotio-</strong></span> 
     </span>
     <span class='ocr_line' id='line_1_67' title="bbox 1986 3702 3483 3785; baseline 0.001 -21"><span class='ocrx_word' id='word_1_429' title='bbox 1986 3722 2069 3766; x_wconf 89' lang='lat' dir='ltr'><strong>ne</strong></span> <span class='ocrx_word' id='word_1_430' title='bbox 2108 3702 2715 3784; x_wconf 88' lang='lat' dir='ltr'><strong>impedimentorum</strong></span> <span class='ocrx_word' id='word_1_431' title='bbox 2753 3705 2970 3785; x_wconf 80' lang='lat' dir='ltr'><strong>gratiae</strong></span> <span class='ocrx_word' id='word_1_432' title='bbox 3002 3723 3076 3766; x_wconf 91' lang='lat' dir='ltr'><strong>ac</strong></span> <span class='ocrx_word' id='word_1_433' title='bbox 3115 3704 3362 3778; x_wconf 90' lang='lat' dir='ltr'><strong>salutis,</strong></span> <span class='ocrx_word' id='word_1_434' title='bbox 3394 3703 3483 3766; x_wconf 86' lang='lat' dir='ltr'><strong>vi-</strong></span> 
     </span>
     <span class='ocr_line' id='line_1_68' title="bbox 1987 3801 3484 3886; baseline 0.002 -23"><span class='ocrx_word' id='word_1_435' title='bbox 1987 3801 2220 3863; x_wconf 88' lang='lat' dir='ltr'><strong>delicet</strong></span> <span class='ocrx_word' id='word_1_436' title='bbox 2249 3810 2670 3883; x_wconf 88' lang='lat' dir='ltr'><strong>peccatorum,</strong></span> <span class='ocrx_word' id='word_1_437' title='bbox 2684 3803 3038 3865; x_wconf 89' lang='lat' dir='ltr'><strong>secundum</strong></span> <span class='ocrx_word' id='word_1_438' title='bbox 3068 3802 3236 3884; x_wconf 92' lang='lat' dir='ltr'><strong>quod</strong></span> <span class='ocrx_word' id='word_1_439' title='bbox 3269 3821 3484 3886; x_wconf 91' lang='lat' dir='ltr'><strong>pecca-</strong></span> 
     </span>
     <span class='ocr_line' id='line_1_69' title="bbox 1987 3899 3482 3981; baseline 0.002 -20"><span class='ocrx_word' id='word_1_440' title='bbox 1987 3907 2049 3961; x_wconf 86' lang='lat' dir='ltr'><strong>ta</strong></span> <span class='ocrx_word' id='word_1_441' title='bbox 2088 3899 2390 3962; x_wconf 87' lang='lat' dir='ltr'><strong>dicuntur</strong></span> <span class='ocrx_word' id='word_1_442' title='bbox 2427 3900 2690 3962; x_wconf 88' lang='lat' dir='ltr'><strong>materia</strong></span> <span class='ocrx_word' id='word_1_443' title='bbox 2725 3900 2900 3981; x_wconf 82' lang='lat' dir='ltr'><strong>ejus3</strong></span> <span class='ocrx_word' id='word_1_444' title='bbox 2931 3906 2996 3962; x_wconf 92' lang='lat' dir='ltr'><strong>et</strong></span> <span class='ocrx_word' id='word_1_445' title='bbox 3028 3900 3174 3963; x_wconf 87' lang='lat' dir='ltr'><strong>talis</strong></span> <span class='ocrx_word' id='word_1_446' title='bbox 3213 3902 3482 3965; x_wconf 88' lang='lat' dir='ltr'><strong>remotio</strong></span> 
     </span>
     <span class='ocr_line' id='line_1_70' title="bbox 1986 3997 3484 4081; baseline 0.001 -21"><span class='ocrx_word' id='word_1_447' title='bbox 1986 3997 2387 4079; x_wconf 82' lang='lat' dir='ltr'><strong>significatur</strong></span> <span class='ocrx_word' id='word_1_448' title='bbox 2414 4017 2452 4059; x_wconf 90' lang='lat' dir='ltr'><strong>a</strong></span> <span class='ocrx_word' id='word_1_449' title='bbox 2480 3999 2826 4072; x_wconf 89' lang='lat' dir='ltr'><strong>sacerdote,</strong></span> <span class='ocrx_word' id='word_1_450' title='bbox 2845 4017 3046 4080; x_wconf 91' lang='lat' dir='ltr'><strong>quum</strong></span> <span class='ocrx_word' id='word_1_451' title='bbox 3076 3999 3329 4074; x_wconf 87' lang='lat' dir='ltr'><strong>dicitur,</strong></span> <span class='ocrx_word' id='word_1_452' title='bbox 3354 4000 3484 4081; x_wconf 84' lang='lat' dir='ltr'><strong>Ego</strong></span> 
     </span>
     <span class='ocr_line' id='line_1_71' title="bbox 1988 4095 3482 4180; baseline 0.002 -23"><span class='ocrx_word' id='word_1_453' title='bbox 1988 4103 2049 4157; x_wconf 85' lang='lat' dir='ltr'><strong>te</strong></span> <span class='ocrx_word' id='word_1_454' title='bbox 2077 4095 2356 4158; x_wconf 89' lang='lat' dir='ltr'><strong>absolvo.</strong></span> <span class='ocrx_word' id='word_1_455' title='bbox 2392 4096 2567 4159; x_wconf 87' lang='lat' dir='ltr'><strong>Unde</strong></span> <span class='ocrx_word' id='word_1_456' title='bbox 2606 4104 2778 4178; x_wconf 83' lang='lat' dir='ltr'><strong>patet</strong></span> <span class='ocrx_word' id='word_1_457' title='bbox 2806 4096 2975 4178; x_wconf 91' lang='lat' dir='ltr'><strong>quod</strong></span> <span class='ocrx_word' id='word_1_458' title='bbox 3017 4097 3135 4160; x_wconf 90' lang='lat' dir='ltr'><strong>ista</strong></span> <span class='ocrx_word' id='word_1_459' title='bbox 3175 4098 3258 4160; x_wconf 87' lang='lat' dir='ltr'><strong>sit</strong></span> <span class='ocrx_word' id='word_1_460' title='bbox 3286 4098 3482 4180; x_wconf 83' lang='lat' dir='ltr'><strong>hujus</strong></span> 
     </span>
    </p>
   </div>
   <div class='ocr_carea' id='block_1_16' title="bbox 378 4190 3482 4278">
    <p class='ocr_par' dir='ltr' id='par_1_18' title="bbox 378 4190 3482 4278">
     <span class='ocr_line' id='line_1_72' title="bbox 378 4190 3482 4278; baseline 0.001 -24"><span class='ocrx_word' id='word_1_461' title='bbox 378 4190 572 4254; x_wconf 92' lang='lat' dir='ltr'><strong>simul</strong></span> <span class='ocrx_word' id='word_1_462' title='bbox 611 4199 761 4254; x_wconf 87' lang='lat' dir='ltr'><strong>sunt</strong></span> <span class='ocrx_word' id='word_1_463' title='bbox 796 4193 978 4274; x_wconf 89' lang='lat' dir='ltr'><strong>quasi</strong></span> <span class='ocrx_word' id='word_1_464' title='bbox 1017 4192 1331 4255; x_wconf 90' lang='lat' dir='ltr'><strong>absolutio</strong></span> <span class='ocrx_word' id='word_1_465' title='bbox 1372 4212 1496 4255; x_wconf 89' lang='lat' dir='ltr'><strong>una</strong></span> <span class='ocrx_word' id='word_1_466' title='bbox 1540 4194 1872 4276; x_wconf 87' lang='lat' dir='ltr'><strong>completa.</strong></span> <span class='ocrx_word' id='word_1_467' title='bbox 1908 4196 1956 4258; x_wconf 94' lang='lat' dir='ltr'>D</span> <span class='ocrx_word' id='word_1_468' title='bbox 1986 4194 2363 4256; x_wconf 87' lang='lat' dir='ltr'><strong>sacramenti</strong></span> <span class='ocrx_word' id='word_1_469' title='bbox 2415 4195 3019 4257; x_wconf 87' lang='lat' dir='ltr'><strong>convenientissima</strong></span> <span class='ocrx_word' id='word_1_470' title='bbox 3075 4195 3301 4271; x_wconf 88' lang='lat' dir='ltr'><strong>forma,</strong></span> <span class='ocrx_word' id='word_1_471' title='bbox 3353 4197 3482 4278; x_wconf 81' lang='lat' dir='ltr'><strong>Ego</strong></span> 
     </span>
    </p>
   </div>
   <div class='ocr_carea' id='block_1_17' title="bbox 370 4289 1878 5356">
    <p class='ocr_par' dir='ltr' id='par_1_19' title="bbox 372 4289 1878 5157">
     <span class='ocr_line' id='line_1_73' title="bbox 376 4289 1878 4372; baseline 0.003 -22"><span class='ocrx_word' id='word_1_472' title='bbox 376 4289 829 4353; x_wconf 87' lang='lat' dir='ltr'><strong>Verumtamen</strong></span> <span class='ocrx_word' id='word_1_473' title='bbox 879 4291 944 4352; x_wconf 91' lang='lat' dir='ltr'><strong>in</strong></span> <span class='ocrx_word' id='word_1_474' title='bbox 994 4292 1200 4372; x_wconf 90' lang='lat' dir='ltr'><strong>prima</strong></span> <span class='ocrx_word' id='word_1_475' title='bbox 1254 4291 1653 4355; x_wconf 87' lang='lat' dir='ltr'><strong>absolutione</strong></span> <span class='ocrx_word' id='word_1_476' title='bbox 1701 4292 1878 4354; x_wconf 89' lang='lat' dir='ltr'><strong>nulla</strong></span> 
     </span>
     <span class='ocr_line' id='line_1_74' title="bbox 377 4387 1877 4470; baseline 0.003 -21"><span class='ocrx_word' id='word_1_477' title='bbox 377 4387 569 4450; x_wconf 90' lang='lat' dir='ltr'><strong>debet</strong></span> <span class='ocrx_word' id='word_1_478' title='bbox 625 4388 862 4470; x_wconf 89' lang='lat' dir='ltr'><strong>apponi</strong></span> <span class='ocrx_word' id='word_1_479' title='bbox 925 4388 1205 4451; x_wconf 88' lang='lat' dir='ltr'><strong>conditio</strong></span> <span class='ocrx_word' id='word_1_480' title='bbox 1262 4390 1341 4452; x_wconf 91' lang='lat' dir='ltr'><strong>de</strong></span> <span class='ocrx_word' id='word_1_481' title='bbox 1398 4392 1698 4465; x_wconf 89' lang='lat' dir='ltr'><strong>secunda,</strong></span> <span class='ocrx_word' id='word_1_482' title='bbox 1758 4409 1877 4453; x_wconf 92' lang='lat' dir='ltr'><strong>nec</strong></span> 
     </span>
     <span class='ocr_line' id='line_1_75' title="bbox 376 4485 1876 4567; baseline 0.001 -19"><span class='ocrx_word' id='word_1_483' title='bbox 376 4492 683 4548; x_wconf 90' lang='lat' dir='ltr'><strong>econtra:</strong></span> <span class='ocrx_word' id='word_1_484' title='bbox 720 4485 870 4567; x_wconf 89' lang='lat' dir='ltr'><strong>quia</strong></span> <span class='ocrx_word' id='word_1_485' title='bbox 912 4485 990 4548; x_wconf 90' lang='lat' dir='ltr'><strong>de</strong></span> <span class='ocrx_word' id='word_1_486' title='bbox 1029 4486 1175 4567; x_wconf 85' lang='lat' dir='ltr'><strong>jure</strong></span> <span class='ocrx_word' id='word_1_487' title='bbox 1218 4486 1362 4550; x_wconf 84' lang='lat' dir='ltr'><strong>talis</strong></span> <span class='ocrx_word' id='word_1_488' title='bbox 1409 4489 1688 4551; x_wconf 90' lang='lat' dir='ltr'><strong>conditio</strong></span> <span class='ocrx_word' id='word_1_489' title='bbox 1730 4487 1876 4550; x_wconf 90' lang='lat' dir='ltr'><strong>sub-</strong></span> 
     </span>
     <span class='ocr_line' id='line_1_76' title="bbox 377 4582 1874 4664; baseline 0.005 -20"><span class='ocrx_word' id='word_1_490' title='bbox 377 4582 757 4664; x_wconf 83' lang='lat' dir='ltr'><strong>intelligitur</strong></span> <span class='ocrx_word' id='word_1_491' title='bbox 784 4583 957 4646; x_wconf 84' lang='lat' dir='ltr'><strong>satis.</strong></span> <span class='ocrx_word' id='word_1_492' title='bbox 982 4585 1129 4647; x_wconf 92' lang='lat' dir='ltr'><strong>Ideo</strong></span> <span class='ocrx_word' id='word_1_493' title='bbox 1159 4584 1425 4649; x_wconf 88' lang='lat' dir='ltr'><strong>inferior</strong></span> <span class='ocrx_word' id='word_1_494' title='bbox 1452 4586 1741 4650; x_wconf 88' lang='lat' dir='ltr'><strong>absolute</strong></span> <span class='ocrx_word' id='word_1_495' title='bbox 1770 4588 1874 4651; x_wconf 89' lang='lat' dir='ltr'><strong>de·</strong></span> 
     </span>
     <span class='ocr_line' id='line_1_77' title="bbox 374 4680 1878 4765; baseline 0.003 -21"><span class='ocrx_word' id='word_1_496' title='bbox 374 4681 485 4744; x_wconf 89' lang='lat' dir='ltr'><strong>bet</strong></span> <span class='ocrx_word' id='word_1_497' title='bbox 532 4680 874 4744; x_wconf 82' lang='lat' dir='ltr'><strong>absolvere</strong></span> <span class='ocrx_word' id='word_1_498' title='bbox 913 4683 992 4745; x_wconf 91' lang='lat' dir='ltr'><strong>de</strong></span> <span class='ocrx_word' id='word_1_499' title='bbox 1041 4684 1512 4765; x_wconf 89' lang='lat' dir='ltr'><strong>pertinentibus</strong></span> <span class='ocrx_word' id='word_1_500' title='bbox 1558 4685 1637 4748; x_wconf 88' lang='lat' dir='ltr'><strong>ad</strong></span> <span class='ocrx_word' id='word_1_501' title='bbox 1680 4704 1770 4759; x_wconf 91' lang='lat' dir='ltr'><strong>se,</strong></span> <span class='ocrx_word' id='word_1_502' title='bbox 1812 4693 1878 4749; x_wconf 92' lang='lat' dir='ltr'><strong>et</strong></span> 
     </span>
     <span class='ocr_line' id='line_1_78' title="bbox 374 4779 1874 4864; baseline 0.003 -24"><span class='ocrx_word' id='word_1_503' title='bbox 374 4779 455 4842; x_wconf 89' lang='grc'><strong>(16</strong></span> <span class='ocrx_word' id='word_1_504' title='bbox 496 4779 641 4841; x_wconf 90' lang='lat' dir='ltr'><strong>aliis</strong></span> <span class='ocrx_word' id='word_1_505' title='bbox 686 4779 767 4841; x_wconf 91' lang='lat' dir='ltr'><strong>ad</strong></span> <span class='ocrx_word' id='word_1_506' title='bbox 810 4779 1208 4862; x_wconf 90' lang='lat' dir='ltr'><strong>superiorem</strong></span> <span class='ocrx_word' id='word_1_507' title='bbox 1257 4781 1578 4844; x_wconf 89' lang='lat' dir='ltr'><strong>remittere</strong></span> <span class='ocrx_word' id='word_1_508' title='bbox 1622 4803 1637 4846; x_wconf 82' lang='lat'>2</span> <span class='ocrx_word' id='word_1_509' title='bbox 1680 4802 1874 4864; x_wconf 89' lang='lat' dir='ltr'><strong>quem</strong></span> 
     </span>
     <span class='ocr_line' id='line_1_79' title="bbox 374 4876 1873 4955; baseline 0.003 -15"><span class='ocrx_word' id='word_1_510' title='bbox 374 4876 429 4940; x_wconf 88' lang='lat' dir='ltr'><strong>si</strong></span> <span class='ocrx_word' id='word_1_511' title='bbox 478 4876 795 4940; x_wconf 88' lang='lat' dir='ltr'><strong>confitens</strong></span> <span class='ocrx_word' id='word_1_512' title='bbox 846 4877 953 4940; x_wconf 91' lang='lat' dir='ltr'><strong>ille</strong></span> <span class='ocrx_word' id='word_1_513' title='bbox 1003 4896 1130 4941; x_wconf 90' lang='lat' dir='ltr'><strong>non</strong></span> <span class='ocrx_word' id='word_1_514' title='bbox 1180 4879 1374 4941; x_wconf 90' lang='lat' dir='ltr'><strong>vellet</strong></span> <span class='ocrx_word' id='word_1_515' title='bbox 1420 4880 1744 4955; x_wconf 88' lang='lat' dir='ltr'><strong>accedere,</strong></span> <span class='ocrx_word' id='word_1_516' title='bbox 1795 4882 1873 4944; x_wconf 93' lang='lat' dir='ltr'><strong>de</strong></span> 
     </span>
     <span class='ocr_line' id='line_1_80' title="bbox 372 4975 1873 5061; baseline 0.003 -24"><span class='ocrx_word' id='word_1_517' title='bbox 372 4975 555 5039; x_wconf 91' lang='lat' dir='ltr'><strong>nullo</strong></span> <span class='ocrx_word' id='word_1_518' title='bbox 612 4983 875 5059; x_wconf 89' lang='lat' dir='ltr'><strong>peccato</strong></span> <span class='ocrx_word' id='word_1_519' title='bbox 932 4986 1101 5040; x_wconf 90' lang='lat' dir='ltr'><strong>esset</strong></span> <span class='ocrx_word' id='word_1_520' title='bbox 1154 4977 1603 5052; x_wconf 75' lang='lat' dir='ltr'><strong>absolvendu8‚</strong></span> <span class='ocrx_word' id='word_1_521' title='bbox 1656 4986 1873 5061; x_wconf 89' lang='lat' dir='ltr'><strong>utpote</strong></span> 
     </span>
     <span class='ocr_line' id='line_1_81' title="bbox 372 5073 1214 5157; baseline 0.004 -23"><span class='ocrx_word' id='word_1_522' title='bbox 372 5073 787 5157; x_wconf 89' lang='lat' dir='ltr'><strong>impoenitens</strong></span> <span class='ocrx_word' id='word_1_523' title='bbox 828 5082 893 5138; x_wconf 91' lang='lat' dir='ltr'><strong>et</strong></span> <span class='ocrx_word' id='word_1_524' title='bbox 934 5075 1214 5139; x_wconf 90' lang='lat' dir='ltr'><strong>rebellis.</strong></span> 
     </span>
    </p>

    <p class='ocr_par' dir='ltr' id='par_1_20' title="bbox 370 5173 1874 5356">
     <span class='ocr_line' id='line_1_82' title="bbox 451 5173 1874 5258; baseline 0.004 -24"><span class='ocrx_word' id='word_1_525' title='bbox 451 5173 690 5235; x_wconf 90' lang='lat' dir='ltr'><strong>Iterum</strong></span> <span class='ocrx_word' id='word_1_526' title='bbox 722 5173 1044 5254; x_wconf 79' lang='lat' dir='ltr'><strong>quaeritur,</strong></span> <span class='ocrx_word' id='word_1_527' title='bbox 1059 5192 1138 5235; x_wconf 89' lang='lat' dir='ltr'><strong>an</strong></span> <span class='ocrx_word' id='word_1_528' title='bbox 1170 5173 1435 5238; x_wconf 87' lang='lat' dir='ltr'><strong>inferior</strong></span> <span class='ocrx_word' id='word_1_529' title='bbox 1464 5176 1665 5258; x_wconf 90' lang='lat' dir='ltr'><strong>possit</strong></span> <span class='ocrx_word' id='word_1_530' title='bbox 1693 5174 1874 5239; x_wconf 89' lang='lat' dir='ltr'><strong>illum</strong></span> 
     </span>
     <span class='ocr_line' id='line_1_83' title="bbox 370 5269 1869 5356; baseline 0.001 -22"><span class='ocrx_word' id='word_1_531' title='bbox 370 5269 699 5336; x_wconf 86' lang='lat' dir='ltr'><strong>absolvere</strong></span> <span class='ocrx_word' id='word_1_532' title='bbox 726 5271 806 5334; x_wconf 92' lang='lat' dir='ltr'><strong>de</strong></span> <span class='ocrx_word' id='word_1_533' title='bbox 834 5271 1195 5355; x_wconf 87' lang='lat' dir='ltr'><strong>pertinente</strong></span> <span class='ocrx_word' id='word_1_534' title='bbox 1220 5273 1299 5336; x_wconf 98' lang='lat' dir='ltr'><strong>ad</strong></span> <span class='ocrx_word' id='word_1_535' title='bbox 1330 5273 1735 5356; x_wconf 84' lang='lat' dir='ltr'><strong>superiorem,</strong></span> <span class='ocrx_word' id='word_1_536' title='bbox 1750 5273 1869 5337; x_wconf 90' lang='lat' dir='ltr'><strong>sub</strong></span> 
     </span>
    </p>
   </div>
   <div class='ocr_carea' id='block_1_18' title="bbox 1989 4291 3482 4375">
    <p class='ocr_par' dir='ltr' id='par_1_21' title="bbox 1989 4291 3482 4375">
     <span class='ocr_line' id='line_1_84' title="bbox 1989 4291 3482 4375; baseline 0.002 -22"><span class='ocrx_word' id='word_1_537' title='bbox 1989 4299 2047 4354; x_wconf 89' lang='lat' dir='ltr'><strong>te</strong></span> <span class='ocrx_word' id='word_1_538' title='bbox 2076 4291 2354 4356; x_wconf 88' lang='lat' dir='ltr'><strong>absolvo.</strong></span> <span class='ocrx_word' id='word_1_539' title='bbox 2370 4293 2630 4355; x_wconf 79' lang='lat' dir='ltr'><strong>Peccata</strong></span> <span class='ocrx_word' id='word_1_540' title='bbox 2659 4311 2933 4375; x_wconf 88' lang='lat' dir='ltr'><strong>namque</strong></span> <span class='ocrx_word' id='word_1_541' title='bbox 2963 4301 3112 4355; x_wconf 90' lang='lat' dir='ltr'><strong>sunt</strong></span> <span class='ocrx_word' id='word_1_542' title='bbox 3139 4294 3320 4375; x_wconf 91' lang='lat' dir='ltr'><strong>quasi</strong></span> <span class='ocrx_word' id='word_1_543' title='bbox 3351 4296 3482 4356; x_wconf 90' lang='lat' dir='ltr'><strong>vin·</strong></span> 
     </span>
    </p>
   </div>
   <div class='ocr_carea' id='block_1_19' title="bbox 1986 4390 3768 4464">
    <p class='ocr_par' dir='ltr' id='par_1_22' title="bbox 1986 4390 3768 4464">
     <span class='ocr_line' id='line_1_85' title="bbox 1986 4390 3768 4464; baseline 0 -12"><span class='ocrx_word' id='word_1_544' title='bbox 1986 4390 2150 4464; x_wconf 89' lang='lat' dir='ltr'><strong>cula,</strong></span> <span class='ocrx_word' id='word_1_545' title='bbox 2185 4391 2538 4453; x_wconf 89' lang='lat' dir='ltr'><strong>secundum</strong></span> <span class='ocrx_word' id='word_1_546' title='bbox 2587 4391 2746 4453; x_wconf 89' lang='lat' dir='ltr'><strong>illud</strong></span> <span class='ocrx_word' id='word_1_547' title='bbox 2793 4391 2858 4453; x_wconf 91' lang='lat' dir='ltr'><strong>in</strong></span> <span class='ocrx_word' id='word_1_548' title='bbox 2902 4391 3260 4454; x_wconf 89' lang='lat' dir='ltr'><strong>Proverbiis</strong></span> <span class='ocrx_word' id='word_1_549' title='bbox 3302 4410 3316 4455; x_wconf 74' lang='grc' dir='ltr'>ε</span> <span class='ocrx_word' id='word_1_550' title='bbox 3359 4393 3480 4454; x_wconf 92' lang='lat' dir='ltr'><strong>Ini-</strong></span> <span class='ocrx_word' id='word_1_551' title='bbox 3505 4407 3768 4458; x_wconf 58' lang='lat' dir='ltr'><strong>promat.</strong></span> 
     </span>
    </p>
   </div>
   <div class='ocr_carea' id='block_1_20' title="bbox 1981 4487 3478 4768">
    <p class='ocr_par' dir='ltr' id='par_1_23' title="bbox 1981 4487 3478 4768">
     <span class='ocr_line' id='line_1_86' title="bbox 1985 4487 3478 4571; baseline 0.002 -22"><span class='ocrx_word' id='word_1_552' title='bbox 1985 4489 2258 4570; x_wconf 87' lang='lat' dir='ltr'><strong>quitates</strong></span> <span class='ocrx_word' id='word_1_553' title='bbox 2302 4507 2431 4551; x_wconf 86' lang='lat' dir='ltr'><strong>suae</strong></span> <span class='ocrx_word' id='word_1_554' title='bbox 2475 4487 2730 4570; x_wconf 88' lang='lat' dir='ltr'><strong>capient</strong></span> <span class='ocrx_word' id='word_1_555' title='bbox 2773 4488 3067 4571; x_wconf 89' lang='lat' dir='ltr'><strong>impium,</strong></span> <span class='ocrx_word' id='word_1_556' title='bbox 3110 4497 3174 4550; x_wconf 92' lang='lat' dir='ltr'><strong>et</strong></span> <span class='ocrx_word' id='word_1_557' title='bbox 3213 4489 3478 4552; x_wconf 90' lang='lat' dir='ltr'><strong>funibus</strong></span> 
     </span>
     <span class='ocr_line' id='line_1_87' title="bbox 1986 4587 3478 4668; baseline 0.001 -19"><span class='ocrx_word' id='word_1_558' title='bbox 1986 4593 2392 4668; x_wconf 88' lang='lat' dir='ltr'><strong>peccatorum</strong></span> <span class='ocrx_word' id='word_1_559' title='bbox 2441 4604 2704 4649; x_wconf 89' lang='lat' dir='ltr'><strong>suorum</strong></span> <span class='ocrx_word' id='word_1_560' title='bbox 2747 4587 3234 4668; x_wconf 90' lang='lat' dir='ltr'><strong>constringetur.</strong></span> <span class='ocrx_word' id='word_1_561' title='bbox 3271 4587 3478 4650; x_wconf 90' lang='lat' dir='ltr'><strong>Sumi-</strong></span> 
     </span>
     <span class='ocr_line' id='line_1_88' title="bbox 1981 4684 3476 4768; baseline 0.002 -22"><span class='ocrx_word' id='word_1_562' title='bbox 1981 4692 2087 4746; x_wconf 88' lang='lat' dir='ltr'><strong>tur</strong></span> <span class='ocrx_word' id='word_1_563' title='bbox 2130 4702 2385 4768; x_wconf 89' lang='lat' dir='ltr'><strong>quoque</strong></span> <span class='ocrx_word' id='word_1_564' title='bbox 2431 4685 2567 4748; x_wconf 79' lang='lat' dir='ltr'><strong>haec</strong></span> <span class='ocrx_word' id='word_1_565' title='bbox 2611 4684 2816 4747; x_wconf 85' lang='lat' dir='ltr'><strong>forma</strong></span> <span class='ocrx_word' id='word_1_566' title='bbox 2865 4705 2942 4748; x_wconf 84' lang='lat' dir='ltr'><strong>ex</strong></span> <span class='ocrx_word' id='word_1_567' title='bbox 2986 4684 3200 4748; x_wconf 89' lang='lat' dir='ltr'><strong>verbis</strong></span> <span class='ocrx_word' id='word_1_568' title='bbox 3244 4685 3476 4750; x_wconf 90' lang='lat' dir='ltr'><strong>Christi</strong></span> 
     </span>
    </p>
   </div>
   <div class='ocr_carea' id='block_1_21' title="bbox 1981 4783 3772 4962">
    <p class='ocr_par' dir='ltr' id='par_1_24' title="bbox 1981 4783 3772 4962">
     <span class='ocr_line' id='line_1_89' title="bbox 1982 4783 3772 4868; baseline 0.002 -23"><span class='ocrx_word' id='word_1_569' title='bbox 1982 4785 2061 4846; x_wconf 89' lang='lat' dir='ltr'><strong>ad</strong></span> <span class='ocrx_word' id='word_1_570' title='bbox 2108 4785 2361 4846; x_wconf 90' lang='lat' dir='ltr'><strong>Petrum</strong></span> <span class='ocrx_word' id='word_1_571' title='bbox 2409 4802 2423 4847; x_wconf 89' lang='lat'><strong>:</strong></span> <span class='ocrx_word' id='word_1_572' title='bbox 2470 4783 2925 4866; x_wconf 90' lang='lat' dir='ltr'><strong>Quodcumque</strong></span> <span class='ocrx_word' id='word_1_573' title='bbox 2971 4783 3236 4848; x_wconf 90' lang='lat' dir='ltr'><strong>solveris</strong></span> <span class='ocrx_word' id='word_1_574' title='bbox 3285 4805 3478 4868; x_wconf 88' lang='lat' dir='ltr'><strong>super</strong></span> <span class='ocrx_word' id='word_1_575' title='bbox 3505 4807 3772 4859; x_wconf 59' lang='lat' dir='ltr'><strong>uaccam,</strong></span> 
     </span>
     <span class='ocr_line' id='line_1_90' title="bbox 1981 4873 3575 4962; baseline 0.003 -20"><span class='ocrx_word' id='word_1_576' title='bbox 1981 4889 2237 4954; x_wconf 91' lang='lat' dir='ltr'><strong>terram,</strong></span> <span class='ocrx_word' id='word_1_577' title='bbox 2290 4887 2407 4942; x_wconf 91' lang='lat' dir='ltr'><strong>etc.</strong></span> <span class='ocrx_word' id='word_1_578' title='bbox 2471 4878 2592 4941; x_wconf 93' lang='lat' dir='ltr'><strong>Sed</strong></span> <span class='ocrx_word' id='word_1_579' title='bbox 2651 4880 2800 4962; x_wconf 90' lang='lat' dir='ltr'><strong>quia</strong></span> <span class='ocrx_word' id='word_1_580' title='bbox 2858 4882 3148 4944; x_wconf 90' lang='lat' dir='ltr'><strong>sacerdos</strong></span> <span class='ocrx_word' id='word_1_581' title='bbox 3206 4883 3480 4946; x_wconf 88' lang='lat' dir='ltr'><strong>absolvit</strong></span> <span class='ocrx_word' id='word_1_582' title='bbox 3509 4873 3575 4914; x_wconf 83' lang='lat'><strong>¹⁹·</strong></span> 
     </span>
    </p>
   </div>
   <div class='ocr_carea' id='block_1_22' title="bbox 1979 4977 3480 5356">
    <p class='ocr_par' dir='ltr' id='par_1_25' title="bbox 1979 4977 3480 5356">
     <span class='ocr_line' id='line_1_91' title="bbox 1982 4977 3474 5061; baseline 0.002 -20"><span class='ocrx_word' id='word_1_583' title='bbox 1982 4979 2148 5041; x_wconf 89' lang='lat' dir='ltr'><strong>sicut</strong></span> <span class='ocrx_word' id='word_1_584' title='bbox 2189 4977 2480 5040; x_wconf 88' lang='lat' dir='ltr'><strong>minister</strong></span> <span class='ocrx_word' id='word_1_585' title='bbox 2517 4977 2650 5050; x_wconf 92' lang='lat' dir='ltr'><strong>Dei,</strong></span> <span class='ocrx_word' id='word_1_586' title='bbox 2683 4977 2937 5039; x_wconf 89' lang='lat' dir='ltr'><strong>additur</strong></span> <span class='ocrx_word' id='word_1_587' title='bbox 2973 4979 3216 5061; x_wconf 91' lang='lat' dir='ltr'><strong>aliquid</strong></span> <span class='ocrx_word' id='word_1_588' title='bbox 3255 4982 3333 5044; x_wconf 90' lang='lat' dir='ltr'><strong>ad</strong></span> <span class='ocrx_word' id='word_1_589' title='bbox 3364 4983 3474 5046; x_wconf 82' lang='lat' dir='ltr'><strong>Dei</strong></span> 
     </span>
     <span class='ocr_line' id='line_1_92' title="bbox 1979 5075 3480 5159; baseline 0.002 -20"><span class='ocrx_word' id='word_1_590' title='bbox 1979 5077 2306 5159; x_wconf 87' lang='lat' dir='ltr'><strong>pertinens</strong></span> <span class='ocrx_word' id='word_1_591' title='bbox 2345 5081 2744 5158; x_wconf 85' lang='lat' dir='ltr'><strong>potestatem,</strong></span> <span class='ocrx_word' id='word_1_592' title='bbox 2779 5083 2843 5137; x_wconf 90' lang='lat' dir='ltr'><strong>et</strong></span> <span class='ocrx_word' id='word_1_593' title='bbox 2881 5075 3155 5158; x_wconf 90' lang='lat' dir='ltr'><strong>primam</strong></span> <span class='ocrx_word' id='word_1_594' title='bbox 3195 5096 3268 5140; x_wconf 89' lang='lat' dir='ltr'><strong>ac</strong></span> <span class='ocrx_word' id='word_1_595' title='bbox 3307 5099 3480 5142; x_wconf 89' lang='lat' dir='ltr'><strong>sum-</strong></span> 
     </span>
     <span class='ocr_line' id='line_1_93' title="bbox 1982 5173 3474 5249; baseline 0.002 -11"><span class='ocrx_word' id='word_1_596' title='bbox 1982 5194 2150 5238; x_wconf 89' lang='lat' dir='ltr'><strong>mam</strong></span> <span class='ocrx_word' id='word_1_597' title='bbox 2196 5173 2658 5247; x_wconf 86' lang='lat' dir='ltr'><strong>auctoritatem,</strong></span> <span class='ocrx_word' id='word_1_598' title='bbox 2691 5173 2847 5236; x_wconf 91' lang='lat' dir='ltr'><strong>dum</strong></span> <span class='ocrx_word' id='word_1_599' title='bbox 2892 5173 3208 5249; x_wconf 88' lang='lat' dir='ltr'><strong>subditur,</strong></span> <span class='ocrx_word' id='word_1_600' title='bbox 3251 5177 3319 5239; x_wconf 93' lang='lat' dir='ltr'><strong>ln</strong></span> <span class='ocrx_word' id='word_1_601' title='bbox 3364 5196 3474 5242; x_wconf 88' lang='lat' dir='ltr'><strong>no-</strong></span> 
     </span>
     <span class='ocr_line' id='line_1_94' title="bbox 1981 5271 3475 5356; baseline 0.003 -20"><span class='ocrx_word' id='word_1_602' title='bbox 1981 5275 2156 5336; x_wconf 90' lang='lat' dir='ltr'><strong>mine</strong></span> <span class='ocrx_word' id='word_1_603' title='bbox 2185 5272 2381 5334; x_wconf 87' lang='lat' dir='ltr'><strong>Patris</strong></span> <span class='ocrx_word' id='word_1_604' title='bbox 2411 5279 2476 5334; x_wconf 89' lang='lat' dir='ltr'><strong>et</strong></span> <span class='ocrx_word' id='word_1_605' title='bbox 2505 5271 2644 5334; x_wconf 90' lang='lat' dir='ltr'><strong>Filii</strong></span> <span class='ocrx_word' id='word_1_606' title='bbox 2675 5280 2739 5335; x_wconf 91' lang='lat' dir='ltr'><strong>et</strong></span> <span class='ocrx_word' id='word_1_607' title='bbox 2768 5272 3044 5356; x_wconf 89' lang='lat' dir='ltr'><strong>Spiritus</strong></span> <span class='ocrx_word' id='word_1_608' title='bbox 3074 5272 3286 5337; x_wconf 89' lang='lat' dir='ltr'><strong>Sancti</strong></span> <span class='ocrx_word' id='word_1_609' title='bbox 3303 5293 3322 5356; x_wconf 81' lang='lat'>3</span> <span class='ocrx_word' id='word_1_610' title='bbox 3352 5277 3475 5353; x_wconf 88' lang='lat' dir='ltr'><strong>vel,</strong></span> 
     </span>
    </p>
   </div>
  </div>
 </body>
</html>
