4267 6250
25 352 28 529 l

25 574 28 591 l

25 594 28 613 l

25 776 28 837 ἓ

25 852 28 907 !

98 672 263 723 amu.
284 675 348 716 ιο.
376 652 645 734 angelus
674 654 813 729 Dei,
846 656 979 719 imo
1006 665 1069 720 et
1098 674 1169 721 os
1205 657 1371 739 ejuS,
1402 676 1703 741 separans
1742 678 1881 742 pre-
1910 658 1964 722 Α
1990 659 2220 724 Praeter
2245 658 2615 742 opinionem
2643 677 2837 742 quam
2865 657 3159 740 Magister
3187 655 3383 721 refert
3413 655 3479 718 in
3528 682 3599 739 cs,
3614 687 3768 738 mm.

125 2731 187 2787 Cf.
198 2744 239 2787 ιι.
248 2733 351 2777 stu.

150 3434 193 3477 p.
208 3423 307 3471 578.

814 485 903 532 AN
941 485 1243 532 tonsus
1284 485 1549 533 cavum
1590 486 1662 533 SR
1700 486 2023 535 numu·
2062 487 2150 533 An
2187 486 2600 535 mtssloumt
2639 486 2865 545 CULPAE,
2905 484 3034 532 mc.

376 750 619 813 tiosum
662 770 701 814 a
738 753 873 815 vili.
907 754 986 817 Et
1022 755 1089 817 in
1131 763 1443 837 quantum
1482 758 1767 820 ascendit
1802 757 1881 819 ad

376 847 606 923 Deum,
641 850 835 914 habet
878 871 950 915 se
991 871 1108 934 per
1149 854 1411 917 modum
1459 853 1779 918 inferioris
1820 861 1884 917 et

376 946 843 1029 supplicantis3
874 950 941 1013 in
984 960 1297 1033 quantum
1336 971 1489 1016 vero
1530 954 1880 1027 descendit,

374 1044 569 1107 habet
613 1065 683 1109 se
732 1066 849 1129 per
888 1049 1153 1112 modum
1202 1052 1549 1133 superioris
1596 1070 1669 1115 ac
1714 1052 1883 1133 judi-

378 1144 603 1205 cantis.
639 1145 1007 1209 Secundum
1046 1148 1331 1230 primum
1372 1150 1635 1213 modum
1676 1157 1884 1232 potest

376 1239 755 1305 hominibus
794 1245 1065 1326 gratiam
1114 1246 1455 1329 impetrare
1472 1265 1491 1326 3
1528 1248 1881 1311 secundum

376 1338 577 1402 alium
643 1341 907 1405 modum
964 1352 1174 1425 potest
1219 1345 1525 1408 alienatos
1584 1346 1881 1409 Ecclesiae

376 1438 817 1503 reconciliare.
851 1442 922 1502 In
955 1441 1185 1506 horum
1216 1443 1779 1524 significationem,
1814 1444 1881 1505 in

376 1533 585 1598 forma
641 1537 1063 1604 absolutionis
1120 1542 1533 1624 praemittitur
1587 1541 1883 1624 depreca-

378 1633 467 1695 tio
515 1652 633 1716 per
674 1637 936 1699 modum
974 1638 1475 1720 deprecativum,
1508 1648 1573 1702 et
1618 1639 1882 1720 subjun-

374 1732 549 1811 gitur
594 1732 915 1799 absolutio
951 1753 1066 1818 per
1116 1737 1379 1800 modum
1419 1737 1877 1816 indicativum3

3353 466 3476 531 509

1990 757 2222 833 littera,
2261 759 2432 841 quod
2480 758 2726 821 scilicet
2772 758 3064 821 sacerdos
3111 775 3228 840 per
3273 757 3482 818 claves

1990 855 2278 920 absolvat
2313 876 2352 919 a
2393 874 2583 940 poena
2627 864 2882 930 aeterna,
2915 862 3064 919 sunt
3107 854 3316 918 adhuc
3356 860 3486 915 tres

1991 954 2348 1036 opiniones.
2369 956 2522 1023 Una,
2539 956 2709 1036 quod
2739 954 3030 1017 sacerdos
3057 952 3332 1016 absolvit
3359 969 3488 1014 non

1992 1072 2031 1113 a
2059 1070 2270 1135 poena‚
2301 1053 2413 1116 sed
2451 1071 2488 1115 a
2524 1052 2786 1115 vinculo
2823 1052 3263 1125 confessionis,
3295 1050 3492 1131 ligan-

1992 1150 2073 1214 do
2120 1151 2198 1213 ad
2248 1169 2502 1234 poenam
2561 1150 3028 1212 satisfactionis.
3081 1149 3228 1222 Quae
3273 1148 3492 1230 opinio

1992 1248 2158 1311 trahi
2202 1249 2454 1312 videtur
2495 1266 2572 1309 ex
2621 1246 2834 1310 verbis
2877 1247 3160 1329 Hugonis
3211 1247 3276 1308 in
3327 1245 3492 1307 libro

1992 1347 2071 1409 de
2120 1348 2429 1410 Potestate
2477 1345 2737 1427 ligandi,
2781 1344 2892 1407 ubi
2939 1352 3186 1427 septem
3234 1342 3494 1406 vincula

1991 1444 2475 1526 distinguuntur
2507 1462 2522 1506 :
2557 1444 2840 1526 primum
2881 1450 2978 1506 est
3015 1441 3346 1505 vinculum
3379 1440 3489 1505 ob-

1990 1542 2382 1619 durationis3
2415 1543 2792 1615 secundum,
2817 1540 3172 1619 servitutis;
3205 1540 3485 1613 tertium,

1992 1640 2409 1721 captivitatis3
2440 1647 2762 1721 quartum,
2784 1647 3034 1702 aeternae
3062 1636 3488 1700 damnationis

1990 1738 2125 1801 sive
2170 1736 2558 1819 punitionis3
2589 1737 2909 1819 quintum,
2943 1744 3268 1819 perpetuae
3314 1734 3484 1797 dete-

376 1838 441 1892 et
486 1831 855 1913 deprecatio
888 1834 1157 1914 gratiam
1206 1835 1526 1917 impetrat,
1565 1836 1881 1899 absolutio
1914 1836 1961 1899 B
1990 1835 2280 1899 stationis
2339 1834 2583 1917 peccati
2617 1852 2634 1914 ;
2683 1841 2957 1908 sextum,
3007 1833 3426 1897 confessionis
3464 1851 3482 1912 ;

376 1947 530 1993 vero
560 1949 703 1993 eam
736 1933 1059 2014 supponit.
1091 1934 1431 2015 Nunquam
1462 1934 1635 1997 enim
1676 1952 1881 1997 sacer-

376 2027 491 2091 dos
521 2028 884 2093 absolveret
911 2030 1193 2113 aliquem
1224 2032 1304 2094 de
1332 2050 1461 2114 quo
1490 2050 1619 2097 non
1648 2052 1883 2116 praesu-

378 2134 585 2189 meret
618 2127 793 2210 quod
836 2136 1007 2191 esset
1043 2128 1371 2192 absolutus
1408 2150 1446 2193 a
1484 2130 1629 2194 Deo.
1663 2132 1881 2213 Itaque

377 2233 658 2308 potestas
716 2226 996 2291 clavium
1045 2246 1113 2290 se
1162 2237 1371 2311 potest
1414 2230 1755 2292 extendere
1800 2229 1881 2291 ad

377 2324 823 2389 dimissionem
861 2326 1068 2409 culpae
1100 2346 1215 2410 per
1246 2329 1509 2391 modum
1538 2329 1883 2410 deprecan-

377 2423 459 2485 tis
484 2442 561 2485 ac
591 2423 1018 2506 impetrantis,
1053 2442 1180 2488 non
1211 2444 1327 2507 per
1354 2427 1617 2489 modum
1648 2427 1884 2508 imper-

376 2521 617 2584 tientis.
652 2557 733 2570 -—
760 2522 905 2585 Haec
948 2523 1407 2587 Bonaventura.

456 2619 657 2702 Cujus
687 2621 1019 2704 responsio
1057 2621 1345 2704 procedit
1369 2623 1552 2703 juxta
1586 2624 1711 2685 alia
1738 2624 1879 2704 ejus

377 2718 569 2793 dicta,
630 2718 867 2801 quibus
922 2718 1207 2783 affirmat
1262 2722 1434 2803 quod
1489 2729 1881 2784 sacramenta

378 2816 763 2898 evangelicae
820 2817 977 2899 legis
1034 2836 1161 2882 non
1224 2819 1553 2882 continent
1610 2820 1877 2900 gratiam

376 2934 587 2998 neque
628 2924 916 2991 causant,
948 2917 1073 2979 nisi
1104 2935 1221 2999 per
1250 2918 1513 2981 modum
1542 2918 1877 2999 cujusdam

1988 1934 2359 2016 septimum,
2408 1934 2680 2018 poenalis
2726 1932 3127 2015 expiationis.
3181 1931 3485 1995 Sacerdos

1988 2040 2204 2095 autem
2239 2031 2431 2095 solvit
2468 2040 2889 2115 peccatorem,
2923 2039 2995 2094 ut
3029 2048 3158 2094 non
3195 2038 3488 2093 teneatur

1992 2130 2225 2193 iterum
2273 2129 2496 2193 eadem
2543 2129 2860 2204 confiteri,
2901 2137 2966 2192 et
3012 2128 3162 2210 ligat
3209 2147 3360 2192 eum
3406 2127 3487 2190 ad

1988 2228 2322 2292 vinculum
2383 2228 2852 2291 satisfactionis.
2917 2228 3039 2291 Sed
3094 2227 3314 2310 opinio
3369 2227 3488 2289 ista

1990 2344 2117 2390 non
2167 2328 2356 2401 valet,
2388 2327 2540 2409 quia
2581 2328 2873 2389 sacerdos
2921 2326 3310 2389 absolvendo
3357 2342 3486 2389 non

1988 2424 2168 2499 dicit,
2198 2425 2476 2488 Absolvo
2505 2433 2568 2487 te
2594 2444 2633 2487 a
2661 2424 3080 2499 confessione,
3105 2424 3238 2499 sed,
3259 2424 3312 2486 A
3342 2442 3488 2506 pec-

1990 2524 2168 2585 catiS.
2201 2522 2298 2587 Ab
2339 2523 2468 2585 illis
2511 2540 2662 2604 ergo
2699 2522 2992 2597 absolvit,
3026 2523 3128 2586 vel
3172 2530 3482 2604 quantum

1988 2622 2066 2683 ad
2116 2640 2395 2703 poenam,
2441 2621 2544 2685 vel
2592 2629 2900 2703 quantum
2951 2622 3031 2683 ad
3079 2621 3356 2703 culpam.
3404 2656 3484 2666 —

1987 2720 2148 2783 Hinc
2195 2720 2476 2783 secunda
2531 2720 2750 2802 opinio
2795 2726 2914 2795 est,
2966 2720 3133 2802 quod
3191 2718 3483 2783 sacerdos

1986 2817 2261 2882 absolvit
2290 2818 2482 2881 etiam
2512 2824 2824 2900 quantum
2850 2818 2930 2880 ad
2970 2835 3223 2900 poenam
3255 2836 3482 2899 purga-

1986 2916 2240 2990 toriam,
2271 2934 2400 2980 non
2447 2916 2528 2979 de
2575 2935 2649 2978 ea
2695 2915 2938 2998 aliquid
2981 2915 3342 2990 relaxando,
3373 2914 3483 2978 sed

374 3016 548 3098 pacti
596 3015 712 3077 Dei
761 3034 909 3078 cum
960 3015 1245 3079 Ecclesia
1290 3016 1605 3079 militante
1652 3024 1717 3080 et
1762 3035 1878 3100 per
1908 3014 1953 3078 C
1988 3014 2198 3077 solum
2237 3016 2724 3094 commutand03
2755 3022 2820 3077 et
2847 3014 2991 3090 hoc,
3023 3014 3144 3077 sub
3177 3014 3484 3077 conditio·

373 3112 816 3177 adsistentiam
844 3114 1187 3196 quamdam
1210 3133 1227 3176 :
1251 3114 1403 3198 quia
1431 3114 1758 3198 perhibuit
1786 3122 1877 3178 at·

374 3230 502 3294 que
558 3213 831 3275 asseruit
886 3230 957 3275 se
1012 3215 1280 3294 gratiam
1340 3214 1719 3277 collaturum
1776 3215 1878 3277 his

372 3311 615 3392 quibus
644 3310 1028 3374 adhibentur
1056 3311 1487 3375 ecclesiastica
1522 3331 1877 3376 sacramen-

372 3418 454 3472 ta.
503 3409 655 3483 Quae
702 3409 943 3492 opini0,
993 3410 1159 3473 sicut
1204 3419 1534 3473 ostensum
1584 3419 1700 3486 est,
1748 3430 1875 3474 non

371 3508 631 3572 videtur
667 3507 1069 3571 sufficienter
1105 3509 1349 3571 salvare
1392 3509 1763 3590 dignitatem
1802 3529 1876 3573 ac

373 3607 791 3670 eminentiam
820 3607 1203 3688 evangelicae
1234 3607 1404 3689 legis.
1419 3607 1729 3690 Denique,
1750 3627 1878 3671 mo-

372 3706 453 3769 do
484 3723 659 3768 nunc
686 3712 855 3776 tacto
882 3706 1077 3768 etiam
1106 3706 1465 3770 sacerdotes
1502 3707 1735 3768 veteris
1766 3706 1875 3769 Te-

372 3804 675 3867 stamenti
706 3803 1135 3887 impetrabant
1162 3804 1429 3885 gratiam
1461 3804 1658 3887 plebi,
1690 3822 1872 3868 oran-

370 3903 474 3979 do,
508 3901 903 3965 immolando
930 3909 993 3964 et
1022 3903 1437 3984 procurando.
1450 3904 1580 3966 Imo
1608 3910 1673 3965 et
1699 3922 1872 3967 nunc

1988 3132 2091 3189 ne,
2124 3113 2178 3176 si
2228 3113 2492 3198 impleat
2537 3114 3034 3178 satisfactionem
3079 3114 3483 3196 injunctam:

1988 3232 2129 3295 quae
2159 3213 2213 3275 si
2246 3212 2440 3276 fuerit
2468 3213 2804 3276 sufficiens
2835 3222 2896 3276 et
2927 3213 3260 3295 condigna,
3283 3213 3489 3276 absol·

1988 3311 2081 3373 vit
2108 3331 2146 3373 a
2175 3318 2334 3390 tota3
2367 3320 2430 3374 et
2459 3311 2511 3374 si
2552 3329 2704 3384 non,
2738 3311 3010 3375 absolvit
3039 3331 3076 3375 a
3113 3319 3306 3374 tanta.
3341 3312 3488 3375 Ideo

1988 3409 2043 3472 si
2106 3417 2400 3492 peccator
2457 3409 2768 3474 moriatur
2829 3417 2976 3472 ante
3037 3410 3488 3473 satisfactionis

1988 3509 2482 3590 completionem
2530 3508 2880 3589 condignae,
2924 3516 3172 3590 oportet
3217 3527 3366 3570 eum
3417 3508 3486 3571 in

1986 3608 2352 3689 purgatorio
2390 3606 2717 3670 residuum
2761 3606 3024 3670 solvere.
3060 3607 3179 3670 Sed
3216 3625 3334 3668 nec
3367 3607 3486 3669 ista

1984 3705 2156 3768 valet
2191 3705 2432 3786 opinio,
2463 3705 2615 3787 quia
2653 3712 2949 3787 peccator
2975 3706 3092 3768 iste
3132 3713 3275 3786 post
3301 3704 3484 3768 abso-

1984 3803 2297 3866 lutionem
2343 3803 2624 3865 divinam
2674 3820 2802 3866 non
2851 3803 3050 3885 magis
3103 3810 3354 3866 tenetur
3398 3805 3477 3866 ad

1984 3901 2412 3985 purgatoriam
2440 3919 2696 3984 poenam
2721 3919 2908 3983 quam
2931 3901 3008 3964 ad
3032 3901 3239 3964 aliam.
3258 3901 3335 3964 Et
3355 3903 3476 3965 hoc

371 4001 437 4063 in
466 4000 839 4082 evangelica
868 4000 1005 4081 lege
1033 4019 1149 4084 per
1178 4001 1441 4065 modum
1472 4001 1870 4084 deprecantis
1983 4006 2178 4082 patet,
2212 3999 2366 4082 quia
2393 3999 2458 4062 in
2488 4006 2736 4061 tantum
2765 3999 3005 4062 conteri
3038 4007 3270 4082 posset,
3304 4002 3475 4082 quod

369 4106 434 4162 et
472 4098 899 4181 impetrantis,
931 4098 1223 4162 homines
1260 4099 1529 4163 virtuosi
1567 4118 1641 4162 ac
1680 4099 1873 4163 fervi·
1981 4099 2150 4160 Deus
2197 4104 2396 4160 totam
2444 4116 2698 4180 poenam
2750 4095 3100 4161 dimitteret
3144 4097 3223 4160 ei.
3257 4133 3337 4144 —
3367 4099 3478 4161 Est

368 4198 457 4272 di,
490 4197 848 4280 praesertim
886 4197 1155 4280 perfecti
1194 4205 1257 4260 et
1284 4198 1509 4273 sancti,
1542 4205 1693 4260 sunt
1728 4217 1871 4280 pec·
1899 4198 1949 4259 D
1980 4215 2129 4278 ergo
2160 4196 2345 4260 tertia
2373 4195 2607 4278 positio
2636 4197 2836 4277 magis
2866 4213 3138 4260 consona
3166 4196 3319 4259 fidei
3349 4197 3477 4280 pie·

370 4296 695 4360 catoribus
756 4314 961 4360 causae
1021 4295 1410 4378 dispositivae
1467 4297 1545 4360 ad
1602 4297 1869 4378 gratiam
1980 4297 2117 4370 tati,
2155 4296 2326 4378 quod
2377 4295 2624 4358 scilicet
2670 4295 2962 4358 sacerdos
3008 4295 3290 4377 aliquam
3338 4315 3476 4379 par·

370 4395 842 4479 impetrandam
869 4413 943 4458 ac
973 4413 1229 4477 poenam
1263 4396 1765 4470 diminuendam,
1801 4405 1873 4458 ut
1978 4402 2108 4457 tem
2146 4413 2351 4477 poenae
2389 4393 2658 4457 dimittit
2698 4393 2763 4457 vi
2812 4394 3113 4470 clavium,
3147 4396 3476 4459 absolven-

370 4495 563 4558 etiam
604 4494 671 4557 in
709 4492 920 4556 littera
953 4493 1246 4574 Magister
1284 4512 1361 4556 ex
1390 4495 1742 4575 Augustino
1780 4495 1868 4557 al·
1980 4493 2077 4556 do.
2112 4493 2320 4567 Quum
2351 4492 2526 4556 enim
2565 4493 2879 4557 universae
2910 4493 3030 4558 viae
3063 4493 3314 4557 Domini
3347 4495 3476 4556 sint
3500 4518 3767 4572 ramniu.

369 4594 554 4674 legat.
592 4592 668 4654 Et
710 4593 799 4654 ita
839 4591 1131 4654 sacerdos
1180 4610 1258 4655 ex
1306 4591 1370 4655 vi
1418 4591 1695 4655 clavium
1738 4611 1865 4657 non
1980 4591 2417 4654 misericordia
2458 4598 2523 4654 et
2562 4591 2816 4665 veritaS,
2850 4590 3087 4655 idcirco
3128 4593 3196 4654 in
3240 4593 3478 4674 justifi-

370 4691 513 4774 plus
575 4697 791 4773 posset
834 4709 1028 4772 quam
1083 4688 1241 4752 tales
1300 4708 1428 4753 non
1485 4693 1859 4754 sacerdotes,
1977 4690 2247 4763 catione,
2279 4709 2420 4771 quae
2450 4706 2612 4771 opus
2641 4697 2737 4752 est
2767 4689 3238 4766 misericordiae,
3263 4692 3348 4754 ita
3379 4711 3474 4756 re·

367 4791 741 4854 Tenendum
770 4807 941 4870 erg0,
974 4789 1145 4871 quod
1174 4789 1555 4872 evangelica}
1586 4790 1742 4871 legis
1772 4809 1865 4853 sa·
1976 4787 2176 4850 mittit
2221 4787 2499 4869 culpam,
2532 4794 2603 4848 ut
2649 4803 2778 4848 non
2826 4785 3104 4849 totaliter
3144 4796 3473 4869 praetereat

367 4896 693 4953 eramenta
750 4887 1080 4951 continent
1134 4887 1425 4968 gratiam,
1476 4895 1667 4970 atque
1720 4888 1862 4950 effi·
1970 4885 2238 4968 justitiae
2285 4885 2568 4965 regulam
2621 4903 2636 4946 ε
2687 4885 2831 4948 ideo
2887 4884 3251 4948 confessum
3299 4896 3476 4952 tenet

366 4989 549 5051 ciunt
589 4987 760 5070 quod
803 4985 1155 5066 designant.
1974 4984 2183 5048 adhuc
2231 4982 2584 5064 obligatum
2625 4983 2704 5045 ad
2746 5001 3024 5065 poenam,
3057 5003 3199 5066 quae
3247 5003 3472 5050 secun-

446 5087 925 5168 Consequenter
951 5084 1393 5147 Bonaventura
1424 5085 1865 5167 respondendo
1974 5084 2128 5146 dum
2160 5081 2436 5163 rigorem
2472 5081 2736 5162 justitiae
2773 5081 3340 5164 improportionata
3375 5095 3474 5150 est

366 5185 443 5248 ad
474 5183 669 5258 istud,
692 5190 911 5245 utrum
943 5189 1219 5265 potestas
1248 5182 1526 5245 clavium
1556 5201 1623 5246 se
1652 5190 1866 5246 exten-
1976 5181 2225 5246 viribus
2255 5181 2510 5256 nostris,
2541 5199 2617 5243 ac
2653 5188 2884 5244 nostrae
2923 5180 3269 5262 cognitioni
3300 5185 3474 5265 igno-

368 5284 475 5348 dat
530 5283 610 5346 ad
667 5299 876 5364 poenae
930 5280 1444 5357 diminutionem,
1502 5281 1787 5345 affirmat
1844 5300 1860 5346 :
1974 5289 2074 5363 ta;
2106 5287 2172 5344 et
2214 5298 2330 5364 pro
2370 5279 2478 5342 illa
2520 5287 2768 5363 oportet
2807 5278 3023 5364 aliquo
3064 5282 3254 5346 modo
3292 5285 3472 5350 satis-

104 4508 169 4566 ΕΙ.
176 4515 286 4567 5⁴⁹³
296 4513 343 4560 B.
