4267 6250
497 508 722 564 QUAEST.
765 511 829 557 vt
871 510 886 554 :
927 511 1014 556 AN
1055 509 1461 556 sAmAnuNTA
1503 510 1754 555 vss'rssms
1793 508 2176 556 TESTAMENTI
2218 509 2494 556 rmum·
2534 509 2774 555 GRAUAE
2814 507 3193 556 coN'rEN'rlvA
3321 491 3402 555 63

309 678 590 752 sentiam,
639 679 752 740 sed
799 676 1002 758 gratia
1047 678 1410 759 praecedens
1455 683 1722 757 augetur
1775 691 1788 736 ε
1821 674 1874 738 Α
1905 682 2157 755 gratum
2187 675 2527 738 facientem
2560 683 2624 739 et
2660 677 2952 740 habitum
2984 677 3400 752 substratum,

311 777 464 837 unde
490 784 556 838 et
585 776 652 838 in
683 793 926 838 novum
956 774 1244 858 procedit
1272 773 1598 837 effectum.
1633 773 1793 836 Hinc

310 891 547 955 quoque
578 872 966 936 differentias
997 872 1122 936 illae
1161 891 1287 935 non
1325 873 1544 934 insunt
1578 871 1794 953 gratiae

308 972 646 1035 secundum
691 991 783 1046 se,
817 972 930 1034 sed
973 990 1088 1054 per
1129 970 1667 1053 comparationem
1715 969 1792 1031 ad

309 1069 563 1132 effectus
595 1070 922 1132 diversos:
950 1069 1186 1132 idcirco
1219 1087 1344 1131 non
1377 1069 1625 1130 variant
1653 1067 1792 1148 ejus

309 1169 658 1242 essentiam,
711 1168 1251 1250 quemadmodum
1301 1165 1686 1249 liquefacere
1732 1172 1796 1226 et

309 1265 730 1348 constringere
759 1284 889 1328 non
920 1265 1168 1328 variant
1197 1265 1403 1327 lucem
1439 1263 1796 1327 solis.Unde

309 1372 364 1426 et
402 1364 462 1426 in
502 1371 673 1427 statu
719 1364 1098 1428 innocentiae
1135 1363 1334 1445 gratia
1373 1369 1795 1425 sacramento-

311 1481 438 1523 rum
485 1461 722 1525 fuisset
765 1463 1120 1525 secundum
1167 1462 1233 1523 id
1282 1462 1450 1544 quod
1499 1467 1617 1536 est,
1669 1478 1792 1522 non

307 1567 504 1623 autem
537 1561 886 1623 secundum
916 1560 1218 1623 rationem
1249 1578 1374 1642 qua
1403 1559 1640 1622 dicitur
1665 1577 1800 1640 gra-

307 1659 386 1721 tia
409 1660 908 1722 sacramentalis
925 1657 1348 1722 conformiter
1377 1666 1642 1740 utraque
1671 1675 1800 1738 gra-

309 1758 387 1818 tia
425 1757 545 1819 ista
588 1757 944 1820 secundum
994 1757 1056 1818 id
1105 1756 1273 1838 quod
1317 1763 1435 1830 est,
1468 1755 1662 1817 simul
1707 1755 1800 1816 in-

1905 780 2059 855 puta
2087 775 2389 837 virtutem
2420 795 2561 856 quae
2591 774 2811 838 differt
2838 795 2875 838 a
2910 776 3127 856 gratia.
3164 776 3241 837 Et
3270 795 3404 858 gra-

1905 871 1993 933 tia
2035 880 2283 953 gratum
2330 871 2571 935 faciens
2615 892 2742 935 una
2788 881 2919 953 est;
2950 874 3205 937 habitus
3250 893 3403 938 vero

1905 970 2263 1033 substratus
2292 979 2387 1034 est
2424 971 2589 1033 alius
2628 979 2693 1034 et
2728 973 2914 1047 aliuS,
2946 972 3097 1055 quia
3136 974 3403 1036 virtutes

1905 1077 2056 1130 sunt
2097 1069 2329 1132 multae.
2366 1069 2693 1144 Similiter,
2726 1090 2925 1152 quum
2957 1071 3100 1133 dico
3136 1071 3404 1153 gratiam

1906 1169 2453 1242 sacramentalem,
2486 1187 2614 1231 non
2655 1176 2901 1231 tantum
2943 1169 3086 1231 dico
3112 1169 3403 1250 gratiam,

1907 1265 2018 1327 sed
2059 1273 2123 1328 et
2163 1265 2508 1328 curationis
2546 1265 2873 1329 effectum.
2911 1267 2987 1328 Et
3023 1267 3226 1348 gratia
3268 1266 3407 1348 qui-

1909 1364 2053 1425 dem
2094 1382 2222 1426 una
2266 1371 2381 1438 est,
2416 1365 2525 1426 sed
2564 1363 2835 1427 effectus
2875 1365 3221 1428 curationis
3261 1372 3412 1428 sunt

1910 1461 2146 1543 plures.
2181 1461 2604 1542 Distinguitur
2652 1480 2801 1544 ergo
2846 1462 3045 1544 gratia
3094 1462 3160 1524 in
3210 1481 3411 1526 sacra-

1913 1559 2167 1633 mentis,
2202 1567 2266 1622 et
2304 1560 2487 1622 donis
2520 1567 2710 1642 atque
2749 1559 3119 1634 virtutibuS,
3153 1578 3409 1624 concer-

1910 1658 2115 1720 nendo
2144 1656 2415 1720 effectus
2445 1658 2825 1740 habitusque
2858 1659 3217 1721 substratos.
3234 1660 3409 1722 Unde

1911 1757 2389 1819 sacramentalis
2428 1757 2631 1838 gratia
2668 1776 2863 1839 supra
2904 1758 3168 1838 gratiam
3211 1758 3409 1821 virtu-

309 1855 610 1930 funditur,
643 1856 755 1918 sed
795 1856 1150 1919 secundum
1191 1853 1732 1936 comparationem
1762 1872 1799 1915 a
1835 1855 1882 1918 B
1913 1861 2073 1927 tum,
2125 1860 2385 1935 propter
2434 1860 2791 1935 peccatum,
2842 1854 3185 1934 quemdam
3234 1855 3411 1917 addit

309 1973 426 2034 qua
453 1954 546 2015 sic
577 1961 688 2017 aut
725 1955 818 2017 sic
855 1955 1242 2029 nominatur,
1275 1958 1373 2014 est
1408 1951 1797 2025 differentia,

311 2053 604 2132 quoniam
633 2053 834 2134 gratia
862 2070 991 2115 non
1020 2059 1118 2114 est
1145 2051 1284 2114 sine
1312 2049 1552 2113 effectu
1582 2049 1804 2112 habili-

317 2151 558 2214 tat-ionis
601 2150 892 2214 omnium
935 2151 1362 2233 potentiarum
1401 2149 1478 2211 ad
1519 2148 1799 2226 bonum3

313 2256 513 2330 potest
551 2257 767 2312 tamen
811 2268 952 2312 esse
997 2249 1134 2311 sine
1173 2247 1410 2310 effectu
1455 2247 1801 2310 sanationis

314 2349 594 2410 omnium
635 2348 1067 2431 potentiarum
1109 2366 1146 2408 a
1185 2347 1353 2409 malo
1386 2363 1400 2408 z
1435 2346 1579 2409 ideo
1608 2347 1804 2407 virtu-

315 2455 398 2507 tes
445 2445 683 2508 habent
730 2444 1195 2509 connexionem
1241 2463 1387 2507 cum
1438 2445 1660 2526 gratia,
1692 2443 1803 2506 sed

313 2561 430 2606 non
473 2551 886 2607 sacramenta.
935 2544 1078 2606 Haec
1122 2545 1358 2606 Petrus.

385 2643 734 2705 Concordat
759 2641 1110 2704 Richardus
1145 2659 1160 2702 :
1195 2640 1340 2704 Sive
1367 2639 1643 2721 (dicens)
1672 2657 1806 2720 gra-

313 2740 394 2803 tia
419 2741 504 2802 sit
531 2740 786 2803 realiter
816 2741 984 2802 idem
1018 2740 1187 2820 quod
1219 2739 1467 2812 caritas,
1489 2739 1623 2800 sive
1654 2755 1801 2812 non,

316 2838 452 2900 dico
477 2839 644 2921 quod
686 2839 910 2901 eadem
955 2855 1070 2919 per
1097 2837 1439 2900 essentiam
1481 2844 1576 2899 est
1604 2836 1806 2917 gratia

315 2943 850 3000 sacramentorum
897 2943 1088 3017 atque
1130 2936 1464 3008 virtutum,
1497 2934 1804 2997 differens

1912 1951 2217 2014 effectum
2254 1968 2267 2011 ε
2304 1959 2374 2012 ut
2404 1950 2470 2011 in
2502 1969 2578 2013 eo
2606 1951 2713 2033 qui
2748 1950 3125 2033 baptizatur,
3157 1953 3412 2015 additur

1912 2049 2228 2113 absolutio
2267 2067 2393 2112 non
2434 2050 2641 2112 solum
2680 2069 2718 2111 a
2756 2050 2967 2132 culpa,
3002 2051 3112 2113 sed
3150 2052 3343 2114 etiam
3375 2070 3413 2113 a

1914 2167 2119 2231 poena.
2154 2184 2234 2194 —
2262 2147 2407 2211 Haec
2447 2149 2903 2212 Bonaventura.
2940 2149 3137 2230 Cujus
3182 2150 3412 2232 positio

1913 2265 2042 2311 non
2092 2247 2344 2309 videtur
2389 2267 2426 2309 a
2475 2247 2793 2330 praedictis
2842 2246 3128 2324 differre,
3170 2248 3297 2310 nisi
3344 2248 3411 2311 in

1914 2345 2153 2418 verbiS,
2183 2354 2246 2408 et
2273 2345 2375 2408 vel
2408 2364 2555 2408 cum
2588 2347 2796 2428 prima
2824 2346 2927 2409 vel
2958 2365 3107 2409 cum
3137 2346 3415 2409 secunda

1915 2443 2236 2506 coincidit.
2271 2443 2397 2505 Aut
2424 2444 2596 2505 enirn
2629 2445 2768 2506 vult
2806 2445 3040 2520 dicere,
3075 2445 3242 2526 quod
3279 2463 3415 2525 gra-

1914 2542 2004 2604 tia
2045 2543 2357 2604 virtutum
2396 2549 2459 2604 et
2496 2542 2698 2623 gratia
2736 2550 3277 2606 sacramentorum
3321 2561 3414 2606 re-

1916 2641 2102 2702 aliter
2152 2640 2319 2703 idem
2374 2659 2500 2703 non
2548 2649 2719 2716 sunt,
2758 2648 2822 2704 et
2870 2643 2957 2704 ita
3006 2661 3151 2705 cum
3204 2642 3415 2725 prima

1917 2740 2219 2823 opinione
2250 2740 2627 2819 concordat3
2660 2748 2770 2803 aut
2796 2743 2965 2823 quod
2994 2742 3416 2805 essentialiter

1919 2839 2088 2900 idem
2127 2845 2297 2912 sunt,
2333 2845 2396 2900 et
2439 2856 2634 2921 penes
2676 2839 2955 2902 diversas
3000 2840 3415 2921 comparatio-

1918 2956 2030 2999 nes
2079 2937 2414 3018 variosque
2472 2936 2743 2999 effectus
2802 2936 3303 3018 distinguuntur,
3355 2945 3420 3000 et

316 3036 650 3097 secundum
679 3035 988 3098 rationem
1020 3042 1279 3117 propter
1307 3033 1617 3096 diversam
1644 3050 1810 3095 com·
1845 3033 1888 3096 G
1919 3036 2006 3097 ita
2052 3035 2341 3116 opinioni
2392 3036 2707 3097 consentit
2754 3035 3065 3097 secundae.
3114 3035 3248 3097 Imo
3296 3034 3417 3097 hoc

317 3134 700 3215 parationem
732 3135 810 3197 ad
847 3134 1135 3197 diversos
1173 3132 1467 3207 effectus,
1502 3132 1804 3216 quoniam

315 3234 503 3313 gratia
542 3234 612 3295 in
651 3240 966 3315 quantum
1007 3251 1124 3315 per
1151 3239 1620 3295 sacramentum
1660 3248 1806 3293 con-

317 3330 527 3405 fertur,
561 3330 806 3393 directe
848 3338 914 3392 et
958 3330 1324 3393 immediate
1362 3329 1691 3392 ordinatur
1728 3328 1806 3390 ad

319 3430 662 3492 sanandum
711 3428 992 3491 animam
1043 3448 1080 3491 a
1128 3428 1352 3493 morbo
1399 3428 1664 3510 peccati,
1705 3426 1806 3489 vel

319 3529 384 3589 ad
411 3529 754 3591 sanitatem
781 3527 1174 3608 augendam3
1204 3526 1408 3608 gratia
1438 3534 1652 3589 autem
1682 3526 1808 3589 vir-

321 3633 538 3701 tutum,
575 3627 641 3689 id
681 3634 798 3701 est,
834 3626 898 3688 in
929 3632 1242 3707 quantum
1281 3624 1363 3687 ab
1403 3644 1479 3687 ea
1509 3632 1659 3687 sunt
1689 3624 1811 3686 vir-

319 3731 473 3788 tutes
511 3745 628 3789 seu
659 3726 728 3787 in
758 3732 1068 3807 quantum
1098 3724 1238 3806 ipsa
1266 3730 1362 3785 est
1390 3722 1596 3787 forma
1622 3722 1813 3785 virtu·

323 3830 468 3899 tum,
523 3825 770 3887 directe
819 3832 884 3885 et
939 3823 1310 3885 immediate
1358 3822 1687 3885 ordinatur
1733 3821 1810 3883 ad

321 3921 472 3985 bene
527 3922 868 4004 agendum.
922 3922 1258 4003 Quumque
1315 3920 1598 4003 potentia
1621 3918 1812 3981 ‘bene

323 4029 586 4103 nequeat
643 4020 892 4103 operari
952 4020 1074 4082 nisi
1132 4018 1330 4083 fuerit
1386 4037 1538 4081 sana
1587 4036 1601 4080 :
1662 4017 1812 4079 hinc

323 4120 510 4198 gratia
549 4119 860 4183 virtutum
904 4118 1096 4182 etiam
1141 4136 1217 4181 ex
1257 4116 1671 4200 consequenti
1717 4134 1812 4178 re-

1918 3134 2271 3197 secundum
2303 3135 2558 3197 videtur
2595 3154 2734 3198 esse
2765 3135 2841 3197 de
2882 3134 3233 3197 intentione
3265 3134 3416 3217 ipsi-

1920 3253 2016 3308 us,
2050 3240 2120 3294 ut
2150 3241 2364 3315 patere
2396 3234 2627 3315 poterit
2655 3233 2995 3315 diligenter
3024 3232 3410 3315 inspicienti.

2353 3548 2827 3621 QUAESTIO
2894 3548 3001 3612 VI

2046 3821 2204 3884 Exto
2242 3821 2567 3904 quaeritur,
2598 3822 2729 3888 An
2765 3824 3259 3889 sacramenta
3286 3837 3419 3889 ve-

2072 3922 2274 3986 teris
2324 3921 2811 3986 Testamenti
2862 3917 3188 3986 fuerunt
3239 3935 3418 3998 gra-

1920 4019 2056 4085 tiae
2117 4020 2625 4100 contentiva3
2676 4021 2759 4083 et
2808 4020 3082 4084 utrum
3142 4033 3419 4085 eorum

1923 4116 2374 4185 observatio
2416 4116 2575 4183 fuit
2622 4118 3061 4198 meritoria,
3094 4118 3329 4199 atque
3372 4134 3423 4185 a.

325 4219 504 4299 spicit
543 4218 776 4281 animae
821 4217 1238 4291 sanationem,
1271 4216 1324 4278 si
1373 4215 1699 4299 praecessit
1744 4216 1811 4277 in
1843 4216 1895 4278 D
1921 4214 2187 4282 earnis
2228 4216 2770 4282 immunditiis
2809 4214 3258 4297 purgativa.

327 4334 392 4378 ea
429 4316 772 4379 infirmitas
820 4316 1050 4397 aliqua.
1092 4316 1169 4377 Et
1207 4315 1362 4398 quia
1402 4315 1645 4378 sanatio
1682 4313 1812 4377 ani-

329 4434 437 4479 mae
491 4414 778 4497 disponit
833 4414 1148 4495 potentias
1203 4415 1280 4476 ad
1339 4414 1504 4476 bene
1551 4432 1814 4496 operan-

331 4512 518 4593 dum;
569 4514 715 4575 ideo
763 4513 966 4593 gratia
1023 4530 1165 4593 quae
1217 4511 1542 4574 confertur
1595 4511 1662 4573 in
1717 4530 1812 4573 sa-

331 4612 679 4686 cramentis,
733 4630 810 4673 ex
873 4610 1290 4692 consequenti
1350 4609 1681 4672 ordinatur
1733 4609 1810 4671 ad

335 4708 548 4771 bonam
590 4708 1048 4790 operationem.
1095 4706 1238 4769 Haec
1277 4706 1647 4770 Richardus.

403 4807 698 4870 Praeterea
737 4803 1181 4867 Bonaventura
1218 4804 1376 4867 duas
1415 4824 1588 4867 nunc
1616 4813 1812 4868 tactas

335 4913 528 4968 narrat
567 4904 928 4988 opiniones,
963 4911 1026 4966 et
1070 4903 1247 4965 addit
1279 4922 1293 4965 :
1328 4903 1536 4966 Tertia
1583 4904 1814 4986 positio

336 5003 707 5084 probabilior
735 5002 1039 5084 est,quod
1065 5002 1266 5082 gratia
1291 5010 1542 5082 gratum
1573 5002 1813 5065 faciens

339 5120 452 5164 una
475 5112 602 5181 est;
633 5102 824 5183 cujus
854 5101 974 5163 hoc
1003 5100 1281 5180 signum,
1314 5099 1483 5182 quod
1517 5118 1646 5163 uno
1675 5118 1816 5182 pec·

343 5208 462 5265 cato
501 5202 744 5267 tollitur
791 5208 938 5263 tota.
974 5198 1093 5262 Sed
1137 5198 1616 5273 attendendum,
1645 5199 1814 5280 quod

343 5317 518 5381 quum
545 5301 690 5363 dico
717 5298 990 5381 gratiam
1016 5296 1352 5373 virtutum,
1375 5296 1519 5359 dico
1545 5296 1811 5377 gratiam

2003 4313 2268 4375 Videtur
2296 4313 2466 4395 quod
2505 4312 2768 4375 fuerunt
2803 4314 3019 4393 gratiae
3060 4315 3422 4378 contentiva

1924 4420 1987 4475 et
2016 4411 2331 4485 collativa,
2364 4410 2513 4493 quia
2544 4410 2851 4473 divinitus
2880 4410 3024 4473 data
3052 4410 3315 4475 fuerunt
3342 4412 3421 4475 ad

1923 4508 2446 4591 consequendum
2496 4508 2788 4583 salutem,
2834 4516 2901 4570 et
2946 4510 3014 4571 in
3064 4509 3419 4572 remedium

1923 4606 2225 4669 vitiorum
2266 4613 2447 4668 erant
2489 4605 2745 4688 provisa
2786 4624 2859 4668 ac
2905 4607 3210 4670 instituta.
3245 4608 3420 4671 Unde

1925 4705 1989 4767 in
2021 4704 2302 4767 Levitico
2340 4703 2692 4786 saepissime
2731 4703 3183 4768 describuntur
3220 4705 3419 4769 fuisse

1923 4803 2134 4867 odoris
2174 4803 2536 4865 suavissimi
2578 4820 2790 4866 coram
2823 4804 2973 4877 Deo,
3006 4811 3070 4866 et
3108 4805 3419 4886 placativa

1923 4901 2277 4983 majestatis
2325 4901 2578 4975 divinae,
2626 4901 2945 4983 expiativa
2988 4920 3243 4984 quoque
3290 4904 3420 4965 cul-

1925 5021 2174 5084 parum,
2214 5000 2531 5082 loquendo
2560 5000 2639 5061 de
2668 4999 3081 5062 sacramentis
3116 5009 3305 5082 prout
3332 5022 3423 5064 sa-

1924 5099 2173 5162 crificia
2214 5098 2779 5180 comprehendunt.
2812 5133 2893 5143 —
2924 5098 3013 5160 Ex
3051 5098 3287 5181 quibus
3324 5101 3420 5163 ul-

1923 5207 2021 5260 tra
2069 5196 2393 5280 probatur,
2426 5197 2595 5278 quod
2642 5195 2999 5259 observatio
3046 5199 3419 5261 eorumdem

1925 5296 2119 5359 fuerit
2158 5296 2483 5359 meritoria
2512 5295 2679 5359 vitae‘
2694 5301 2965 5371 aeternae,
2995 5294 3148 5379 quia
3183 5296 3419 5361 divinis

3452 4831 3551 4877 Leo.
3564 4834 3713 4886 ι,9,13,

3452 4898 3524 4948 17;
3542 4909 3602 4948 ιιι,
3619 4898 3659 4940 5.
