4267 6250
84 1248 200 1286 emt.

1400 498 1997 558 ousssmmcummt
2038 501 2288 549 sommo

3287 483 3413 556 165

302 692 453 735 num
511 672 867 749 oraculum,
918 682 983 737 et
1038 674 1093 737 si
1149 673 1458 737 Dominus
1516 692 1643 736 non
1702 692 1797 735 re·
1828 671 1881 737 A
1909 672 2035 736 ctio
2082 673 2466 755 baptizandi.
2518 674 2765 738 Debent
2809 674 2984 737 enim
3042 674 3404 757 baptizandi

304 770 485 843 velat,
538 771 1031 855 rebaptizandus
1088 780 1185 835 est
1231 771 1351 835 sub
1410 772 1793 835 conditione.

302 869 439 933 Haec
476 870 937 933 Bonaventura.
972 906 1051 917 -
1080 872 1149 934 ln
1190 870 1291 933 his
1327 870 1617 933 doctores
1656 888 1801 932 con-

307 967 583 1030 coi-dant.

385 1164 568 1227 Nunc
609 1166 689 1228 de
726 1173 953 1248 quarto
1000 1166 1317 1246 agendum
1365 1172 1483 1240 est,
1524 1172 1678 1247 puta
1720 1165 1799 1227 de

310 1262 681 1337 exorcismo,
704 1262 1113 1339 catechismO,
1136 1270 1201 1326 et
1228 1264 1455 1327 ceteris
1484 1283 1627 1346 quae
1656 1282 1801 1326 con-

310 1369 575 1423 cernunt
600 1360 1019 1444 Baptismum.
1053 1362 1143 1424 De
1170 1360 1407 1444 quibus
1439 1361 1505 1423 in
1537 1360 1799 1424 Summa

308 1478 435 1533 sua,
461 1458 627 1521 libro
653 1466 903 1541 quarto,
921 1458 1459 1537 Antisiodorensis
1492 1466 1791 1521 testatur:

308 1556 755 1620 Antecedentia
812 1557 1210 1640 Baptismum
1271 1564 1421 1621 sunt
1482 1556 1799 1620 orationes

308 1674 455 1737 quas
495 1654 651 1718 facit
693 1656 1010 1731 sacerdOS,
1052 1663 1115 1719 et
1156 1656 1548 1721 exorcismus
1590 1674 1665 1718 ac
1703 1674 1801 1717 ca-

306 1752 665 1816 techismus.
680 1753 793 1816 Est
818 1762 1033 1817 autem
1064 1754 1457 1817 exorcismus
1485 1752 1801 1833 adjuratio

1910 772 2140 835 instrui
2169 772 2248 835 de
2277 772 2562 835 articulis
2592 772 2768 835 fidei.
2803 772 2924 836 Sed
2959 792 3160 855 quum
3203 772 3406 836 infan-

1909 869 2027 931 tuli
2058 886 2186 933 non
2221 870 2350 931 sint
2379 870 2727 953 susceptivi
2757 870 2902 932 talis
2933 869 3257 943 doctrinoe,
3290 888 3410 932 cur

1910 967 2366 1029 instruuntur?
2413 969 2672 1043 Iterum,
2722 968 2878 1031 dum
2926 968 3156 1051 quaerit
3199 986 3406 1031 sacer-

1910 1066 2045 1141 dOS,
2070 1066 2286 1129 Credis
2319 1067 2384 1129 in
2415 1067 2662 1129 Deum?
2693 1074 2776 1141 et,
2793 1067 2902 1129 Vis
2931 1066 3282 1149 baptizari?
3312 1085 3406 1129 re-

1910 1165 2181 1246 spondet
2216 1165 2526 1247 patrinuS,
2568 1165 2788 1239 Cred0,
2831 1164 2994 1228 volo.
3039 1164 3116 1227 Et
3151 1164 3406 1227 videtur

1909 1262 2192 1337 mentiri,
2225 1262 2376 1345 quia
2413 1282 2531 1327 nec
2572 1263 2710 1345 ipse
2747 1263 2885 1327 vult
2923 1262 3251 1346 baptizari,
3285 1282 3404 1325 nec

1909 1379 2087 1443 puer,
2135 1362 2248 1443 qui
2295 1362 2581 1425 nondum
2630 1362 2833 1424 utitur
2877 1362 3138 1425 ratione.
3188 1361 3406 1425 Dicen-

1908 1459 2086 1533 dum,
2119 1460 2289 1542 quod
2331 1460 2396 1521 in
2440 1460 2768 1542 primitiva
2805 1460 3090 1523 Ecclesia
3129 1459 3404 1541 baptiza-

1909 1558 2142 1620 bantur
2188 1558 2409 1633 adulti,
2455 1566 2520 1621 et
2565 1566 2710 1622 ante
2757 1559 2878 1622 hoc
2927 1558 3406 1622 instruebantur

1910 1656 1975 1717 in
2020 1655 2174 1731 fide,
2208 1656 2431 1738 sicque
2475 1656 2766 1719 instructi
2810 1656 3294 1738 baptizabantur
3336 1656 3404 1718 in

1908 1754 2174 1817 sabbato
2231 1754 2503 1829 Paschae,
2564 1755 2642 1817 ad
2709 1755 3174 1836 designandum
3231 1754 3401 1836 quod

310 1870 423 1933 qua
466 1852 821 1917 daemonem
870 1852 1163 1915 sacerdos
1210 1852 1481 1932 adjurat,
1524 1852 1742 1915 dicens
1778 1868 1792 1913 ε
1829 1850 1877 1913 Β
1909 1870 2026 1934 per
2052 1852 2449 1934 Baptismum
2491 1852 2905 1933 resurgebant
2941 1871 2978 1915 a
3017 1859 3218 1915 morte
3255 1870 3402 1934 pec-

312 1948 415 2011 Exi
442 1949 523 2012 ab
553 1968 653 2025 eo,
684 1950 949 2032 spiritus
980 1951 1349 2025 immunde;
1381 1951 1462 2012 da
1488 1950 1797 2013 honorem

312 2048 429 2109 Deo
474 2047 624 2111 vivo
670 2056 735 2111 et
780 2067 952 2111 vero.
1004 2048 1317 2122 Quaeritur
1364 2066 1534 2131 ergo,
1580 2054 1797 2110 utrum

313 2164 419 2228 per
462 2146 621 2209 tales
666 2146 1099 2226 adjurationes
1148 2147 1395 2210 daemon
1443 2146 1799 2228 expellatur

311 2264 345 2306 a
379 2262 595 2327 puero.
628 2244 893 2308 Videtur
921 2246 1093 2327 quod
1132 2245 1285 2319 imo,
1319 2245 1470 2327 quia
1508 2264 1585 2307 ex
1623 2262 1799 2308 exor-

312 2342 496 2406 cismo
524 2342 881 2407 Salomonis
907 2342 1286 2425 fugabantur
1314 2342 1638 2406 daemonia.
1653 2343 1801 2406 Rur-

313 2460 432 2515 sus,
472 2442 553 2505 ad
600 2440 720 2503 hoc
768 2441 1041 2504 ordinati
1090 2449 1240 2503 sunt
1277 2440 1635 2504 exorcismi.
1679 2440 1799 2504 Ob-

310 2538 519 2619 jicitur
562 2547 797 2614 autem,
838 2540 1145 2621 quoniam
1188 2539 1399 2602 infans
1438 2556 1565 2601 non
1606 2538 1800 2602 habet

315 2636 589 2711 mortale,
629 2636 741 2699 sed
787 2637 996 2700 solum
1046 2636 1354 2719 originale
1401 2643 1735 2719 peccatum
1779 2652 1793 2698 ε

316 2753 453 2817 ergo
480 2734 773 2798 diabolus
812 2734 879 2797 in
908 2752 985 2798 eo
1015 2753 1143 2797 non
1180 2734 1373 2798 habet
1402 2735 1797 2797 mansionem

314 2840 373 2896 et
410 2842 802 2916 potestatem.
844 2834 941 2896 Ad
988 2834 1109 2897 hoc
1153 2833 1337 2896 multi
1389 2834 1795 2916 respondent,

314 2934 473 3015 quod
543 2950 657 3015 per
732 2931 1161 2995 exorcismum
1234 2931 1595 3014 expellitur,
1674 2950 1801 2994 non

1907 1949 2067 2029 cati3
2108 1950 2210 2013 vel
2255 1950 2321 2013 in
2364 1950 2584 2033 vigilia
2625 1952 3046 2025 PentecosteS,
3088 1950 3167 2013 ad
3209 1950 3403 2030 signi-

1907 2048 2236 2113 ficandum
2292 2049 2464 2132 quod
2522 2068 2637 2132 per
2692 2050 3090 2132 Baptismum
3147 2050 3404 2112 daretur

1907 2147 2182 2231 Spiritus
2230 2147 2516 2211 Sanctus.
2573 2148 2746 2211 Unde
2793 2148 2882 2211 ait
2927 2149 2994 2211 B.
3041 2148 3400 2231 Dionysius,

1847 2310 1863 2317 ,
1908 2246 2077 2329 quod
2107 2245 2462 2328 baptizatus
2492 2246 2844 2310 ducebatur
2871 2247 2950 2309 ad
2979 2246 3400 2323 hierarcham,
3431 2266 3546 2373 bip:
3565 2266 3698 2375 caizel.

1908 2345 1973 2407 id
2012 2352 2109 2407 est
2136 2344 2536 2427 episcopum,
2568 2344 2648 2407 ab
2687 2344 3033 2419 anadocho,
3066 2345 3130 2407 id
3171 2352 3268 2407 est
3297 2364 3404 2428 pa·

1907 2443 2099 2517 trin0,
2131 2442 2213 2505 ab
2253 2462 2408 2513 ana,
2438 2443 2609 2525 quod
2650 2450 2747 2505 est
2794 2462 3072 2517 sursum,
3115 2449 3179 2505 et
3215 2447 3402 2515 duco,

1910 2539 2062 2622 quia
2108 2538 2397 2622 patrinus
2446 2539 2898 2621 baptizandum
2947 2540 3136 2621 erigit
3175 2541 3251 2603 ad
3302 2560 3406 2604 su-

1911 2656 2127 2720 perna.
2171 2638 2387 2719 ltaque
2424 2638 2502 2701 ad
2542 2638 2938 2701 innuendum
2985 2638 3156 2719 quod
3197 2638 3406 2703 adhuc

1912 2736 1996 2798 sit
2024 2735 2196 2799 idem
2227 2736 2590 2818 Baptismus
2628 2735 2740 2818 qui
2776 2736 2955 2811 olim,
2987 2736 3408 2800 observantur

1911 2853 2053 2916 quae
2093 2841 2250 2896 tunc
2295 2832 2558 2907 fiebant,
2591 2841 2656 2895 et
2696 2834 2986 2915 patrinus
3028 2833 3094 2895 in
3137 2852 3409 2915 persona

1912 2933 2253 3015 respondet
2296 2931 2578 2995 infantis.
2610 2932 2854 2996 Idcirco
2893 2931 3212 3015 obligatur
3248 2941 3408 2996 sata-

318 3038 613 3113 quantum
664 3032 743 3094 ad
790 3038 1149 3113 peccatum,
1200 3032 1311 3094 sed
1362 3038 1671 3113 quantum
1723 3031 1801 3094 ad
1834 3033 1878 3097 C
1909 3049 2057 3114 gere
2110 3038 2183 3093 ut
2239 3038 2526 3112 tempore
2578 3038 2938 3113 opportuno
2986 3030 3290 3113 parvulus
3341 3031 3406 3093 in

316 3131 426 3194 hoc
463 3132 630 3214 quod
676 3148 803 3194 non
848 3130 1079 3194 habeat
1116 3138 1491 3213 potestatem
1530 3130 1800 3193 nocendi

316 3229 717 3310 corporaliter
764 3246 982 3311 puero.
1026 3228 1149 3290 Alii
1198 3229 1441 3303 dicunt,
1482 3228 1651 3310 quod
1695 3246 1800 3290 ex-

318 3326 565 3408 pellitur
594 3334 904 3409 quantum
943 3326 1023 3389 ad
1056 3325 1549 3388 diminutionem
1581 3343 1800 3408 pecca-

315 3424 377 3485 ti.
410 3425 581 3488 Unde
610 3425 775 3487 dixit
800 3424 1270 3507 Praepositivus‚
1302 3425 1473 3506 quod
1501 3425 1555 3486 si
1584 3423 1799 3486 statim

317 3521 640 3586 decederet
676 3522 983 3604 parvulus
1022 3530 1167 3605 post
1194 3522 1647 3595 exorcismum,
1684 3521 1800 3584 mi-

318 3639 493 3684 nores
522 3621 819 3685 tenebras
850 3621 1215 3696 sustineret,
1249 3639 1441 3704 quam
1473 3622 1524 3683 si
1558 3639 1685 3683 non
1714 3639 1804 3683 es-

318 3727 407 3782 set
448 3721 860 3794 exorcizatuS,
909 3727 976 3783 et
1022 3719 1221 3801 magis
1270 3719 1677 3801 participaret
1724 3719 1801 3782 de

320 3818 647 3882 dulcedine
676 3818 1123 3901 spiritualium.
1141 3817 1492 3881 Exorcismi
1522 3837 1675 3881 vero
1704 3817 1805 3881 Sa-

320 3915 579 3980 lomonis
616 3924 799 3979 erant
826 3916 1033 3980 solum
1072 3916 1151 3979 ad
1181 3916 1533 3997 fugandum
1573 3917 1803 3980 daemo-

320 4033 425 4076 nes
452 4033 489 4077 a
516 4013 891 4096 corporibus
921 4013 1345 4077 obsessorum.
1366 4013 1561 4076 Nobis
1588 4022 1802 4078 autem

318 4113 580 4187 videtur,
615 4112 785 4194 quod
816 4111 1232 4186 exorcismuS,
1268 4111 1692 4174 catechismus
1730 4131 1803 4175 ac

1910 3131 2042 3194 fide
2090 3138 2155 3194 et
2202 3130 2269 3193 in
2315 3129 2692 3193 necessariis
2735 3130 2814 3193 ad
2865 3131 3136 3193 salutem
3178 3130 3410 3192 instru-

1910 3237 2071 3294 atur.
2114 3229 2274 3291 Hinc
2327 3229 2680 3290 secundum
2727 3228 3160 3301 Ambrosium,
3207 3228 3408 3310 magis

1911 3328 2178 3410 diligere
2237 3326 2546 3390 debemus
2597 3325 2960 3409 spirituales
3019 3326 3192 3389 filios
3248 3344 3408 3409 quos

1912 3427 1991 3489 de
2034 3442 2214 3488 sacro
2255 3425 2431 3488 fonte
2476 3425 2782 3500 levamus,
2826 3444 3018 3508 quam
3070 3444 3230 3508 quos
3274 3444 3408 3487 car-

1910 3524 2141 3588 naliter
2180 3542 2579 3605 generamuS,
2621 3522 2922 3586 videlicet
2963 3523 3267 3605 quoniam
3313 3523 3407 3586 illi

1910 3623 1977 3685 in
2023 3629 2336 3705 quantum
2393 3627 2543 3683 sunt
2587 3619 2712 3682 filii
2772 3620 3154 3702 spiritualeS‚
3206 3620 3408 3702 magis

1912 3728 2061 3784 sunt
2093 3720 2421 3802 diligendi,
2454 3737 2647 3801 quam
2689 3718 2792 3781 isti
2833 3720 2898 3781 in
2934 3727 3246 3801 quantum
3280 3719 3422 3783 filii·

1912 3828 2061 3884 sunt
2113 3818 2416 3882 carnales
2466 3816 2752 3899 Denique
2805 3817 3228 3880 catechismus
3276 3835 3404 3881 non

1912 3927 2009 3981 est
2048 3917 2304 4001 proprie
2353 3922 2845 3990 sacramentum,
2889 3933 3006 3978 nec
3049 3933 3406 3979 sacramen-

1912 4017 2058 4090 tale,
2101 4016 2269 4078 sicut
2311 4034 2430 4078 nec
2478 4012 2890 4076 exorcismus.
2944 4013 3065 4077 Sed
3108 4012 3410 4076 exsuffla-

1913 4115 2002 4178 tio
2052 4132 2244 4197 quam
2295 4112 2448 4175 facit
2495 4112 2801 4186 sacerdos,
2848 4118 2945 4174 est
2991 4119 3408 4174 sacramenta-

320 4210 461 4274 salis
502 4210 733 4284 linitio,
766 4209 935 4272 fiunt
970 4217 1231 4291 propter
1266 4209 1571 4273 honorem
1611 4218 1675 4273 et
1712 4228 1805 4274 so-
1834 4211 1883 4273 D
1915 4213 1993 4275 lis
2028 4231 2043 4275 :
2076 4211 2402 4292 significat
2443 4229 2741 4293 namque,
2775 4210 2944 4292 quod
2975 4229 3091 4292 per
3132 4210 3406 4292 Spiritus

322 4309 681 4372 lennitatem
710 4308 1051 4390 Baptismi3
1074 4308 1375 4382 secund0,
1396 4317 1653 4391 propter
1682 4309 1808 4390 spi-

324 4408 605 4472 ritualem
662 4424 887 4471 eorum
943 4427 1087 4489 quae
1143 4406 1233 4470 ibi
1291 4415 1567 4489 aguntur
1622 4408 1806 4471 intel-

324 4507 659 4589 ligentiam,
705 4505 857 4589 quia
902 4505 1053 4568 salis
1101 4505 1309 4568 linitio
1356 4506 1802 4568 discretionem

324 4605 619 4686 designat,
653 4623 797 4687 quae
826 4602 1129 4666 tribuitur
1168 4603 1233 4666 in
1267 4603 1612 4685 Baptismo.
1644 4605 1804 4666 Hinc

324 4703 468 4766 dum
510 4704 773 4787 ponitur
814 4702 1035 4764 lumen
1078 4701 1145 4763 in
1192 4720 1385 4763 manu
1427 4703 1633 4784 pueri,
1677 4721 1805 4767 non

326 4810 572 4884 propter
616 4801 737 4864 hoc
781 4817 929 4862 mox
972 4798 1372 4862 illuminatur
1414 4800 1628 4862 anima
1666 4799 1807 4881 ejus

324 4908 482 4976 actu,
522 4900 633 4964 sed
676 4897 1081 4981 significatur
1121 4898 1451 4960 actualiter
1496 4899 1810 4962 illustran-

326 4997 417 5059 da.
449 4997 625 5060 Pium
664 5015 921 5079 quoque
958 5003 1057 5058 est
1084 4996 1363 5070 credere,
1396 4996 1565 5077 quod
1608 4997 1810 5079 major

324 5096 511 5174 gratia
568 5095 751 5157 detur
810 5109 1011 5175 puero
1066 5092 1131 5153 in
1178 5092 1502 5174 Baptismo
1558 5095 1811 5176 quando

328 5193 707 5255 exorcismus
750 5189 1075 5274 praecedit,
1117 5208 1309 5272 quam
1350 5190 1527 5253 alias.

397 5289 823 5352 Catechismus
853 5289 1113 5351 demum
1144 5295 1242 5352 est
1268 5289 1557 5370 quaedam
1590 5290 1815 5352 instru-

1914 4309 2127 4372 Sancti
2181 4308 2475 4371 inflatum
2525 4306 2906 4370 exsufflatur
2955 4314 3228 4389 potestas
3274 4308 3406 4370 dia-

1915 4407 2065 4470 boli.
2112 4407 2323 4470 Saliva
2369 4423 2624 4488 quoque
2673 4404 3148 4468 sacramentalis
3195 4413 3312 4481 est,
3344 4415 3409 4470 et

1916 4505 2200 4568 divinam
2251 4503 2628 4586 sapientiam
2677 4511 2848 4566 recte
2891 4503 3214 4585 significat
3246 4523 3260 4569 ε
3294 4523 3410 4587 per

1915 4606 2101 4686 cujus
2143 4603 2606 4667 immissionem
2650 4603 2716 4665 in
2757 4621 2826 4667 os
2869 4611 2934 4666 et
2975 4623 3160 4667 aures
3198 4605 3406 4686 pueri,

1916 4703 2283 4785 designatur
2323 4702 2490 4784 quod
2532 4701 2596 4764 in
2645 4701 2968 4783 Baptismo
3010 4702 3294 4784 aperitur
3338 4719 3410 4766 os

1916 4800 2247 4884 spirituale
2288 4799 2368 4862 ad
2414 4798 2525 4862 Dei
2577 4799 2852 4872 laudem,
2894 4805 2958 4861 et
2999 4818 3182 4862 aures
3228 4800 3412 4881 spiri-

1916 4899 2118 4962 tuales
2149 4899 2226 4962 ad
2254 4897 2640 4961 audiendum
2676 4895 2944 4959 verbum
2977 4895 3198 4978 ipsius.
3222 4899 3410 4961 Inun-

1916 4997 2087 5080 gitur
2114 4997 2310 5060 etiam
2341 4995 2483 5058 oleo
2511 5011 2671 5077 puer
2710 4994 2776 5055 in
2810 5000 3086 5074 pectore,
3118 4994 3198 5055 ad
3231 4994 3412 5057 innu-

1918 5095 2158 5158 endum
2207 5093 2375 5176 quod
2425 5092 2614 5154 corde
2663 5091 2911 5170 credat3
2953 5099 3018 5154 et
3066 5092 3232 5154 inter
3273 5111 3411 5156 sca—

1917 5192 2123 5275 pulaS,
2163 5192 2241 5254 ad
2289 5189 2785 5271 significandum
2833 5185 3024 5271 quod'
3043 5206 3206 5252 onus
3253 5189 3410 5271 legis

1919 5290 2152 5354 divinae
2194 5290 2499 5371 deportet.
2550 5287 2883 5367 Inungitur
2923 5287 3078 5350 item
3129 5287 3208 5350 ad
3248 5288 3412 5350 desi-
