4267 6250
1237 499 1412 548 mm
1453 500 1516 546 w
1556 497 2039 546 sturm-runnu.
2080 514 2164 527 -
2203 497 2358 545 mer.
2397 499 2550 546 xvm
3327 481 3447 545 495

355 674 423 736 et
453 672 617 737 alius
642 672 885 738 modus
911 672 1159 756 ligandi
1198 674 1265 737 et
1290 673 1610 752 solvendi,
1644 672 1762 755 qui
1786 689 1905 754 per
1933 672 2681 738 excommunicationem
2710 672 2997 754 geritur:
3022 671 3183 735 dum
3211 670 3451 753 aliquis

352 789 713 853 secundum
744 790 1129 853 canonicam
1164 788 1581 871 disciplinam
1610 790 1804 853 tertio
1842 791 2114 854 vocatus
2150 789 2234 853 ad
2269 789 2794 854 emendationem
2829 788 3167 853 manifesti
3201 787 3446 866 delicti,

353 906 421 968 et
474 904 847 969 satisfacere
902 906 1338 987 vilipendenS,
1380 906 1704 971 sententia
1748 905 2061 971 Ecclesiae
2118 923 2159 969 a
2211 906 2357 970 loco
2413 905 2729 969 orationis
2783 906 2850 969 et
2894 904 3450 969 sacramentorum

352 1022 818 1087 communione
866 1024 933 1087 et
980 1019 1277 1087 fidelium
1323 1024 1652 1087 consortio
1702 1022 2184 1105 praescinditur,
2234 1024 2309 1085 ut
2361 1021 2720 1101 erubescat,
2777 1023 2844 1085 et
2884 1022 3134 1104 pudore
3189 1021 3455 1085 sceleris

350 1154 711 1206 conversus
746 1140 1082 1221 poeniteat,
1126 1141 1201 1203 ut
1237 1140 1335 1203 sic
1379 1140 1653 1221 spiritus
1690 1139 1835 1219 eJus
1880 1138 2107 1202 salvus
2153 1138 2262 1201 sit.
2305 1138 2497 1212 Quod
2544 1138 2602 1199 si
2650 1137 3104 1218 poenitentiam
3139 1132 3455 1219 profitens

348 1255 723 1337 resipuerit,
779 1258 1033 1337 negatae
1081 1256 1532 1320 communioni
1576 1256 1971 1334 admittitur,
2013 1256 2079 1319 et
2132 1253 2444 1318 Ecclesiae
2501 1253 2979 1317 reconciliatur.
3025 1254 3185 1319 Haec
3233 1254 3453 1316 autem

348 1371 664 1436 Ecclesiae
714 1372 1287 1436 anathematizatio
1336 1371 1504 1435 hanc
1560 1388 1821 1453 poenam
1869 1370 2005 1435 illis
2050 1371 2167 1453 qui
2215 1371 2412 1451 digne
2455 1368 2899 1451 percelluntur
2949 1368 3188 1452 infligit
3237 1389 3250 1431 :
3299 1370 3456 1450 quia

346 1488 559 1569 gratia
594 1488 721 1551 Dei
752 1489 819 1553 et
853 1488 1170 1569 protectio
1201 1487 1338 1551 illis
1365 1486 1653 1569 amplius
1680 1486 2111 1566 subtrahitur,
2145 1503 2220 1550 ac
2249 1484 2377 1550 sibi
2407 1485 2570 1566 ipsis
2611 1484 3094 1567 relinquuntur,
3125 1487 3201 1549 ut
3235 1486 3324 1549 sit
3359 1486 3456 1549 eis

346 1602 635 1668 liberum
680 1620 870 1668 ruere
924 1604 993 1667 in
1045 1604 1383 1669 interitum
1434 1603 1706 1685 peccati,
1744 1602 1815 1665 in
1860 1619 2031 1683 quos
2084 1600 2286 1665 etiam
2342 1600 2555 1681 major
2603 1598 2864 1663 diabolo
2912 1600 3226 1665 saeviendi
3263 1600 3457 1664 datur

342 1719 662 1799 potestas.
716 1718 1061 1782 Orationes
1097 1733 1361 1799 quoque
1404 1716 1715 1780 Ecclesiae
1763 1717 1828 1779 et
1876 1716 2407 1781 benedictionum
2446 1732 2521 1779 ac
2568 1716 2954 1779 meritorum
3003 1715 3324 1795 suffragia
3360 1716 3456 1779 eis

342 1850 771 1915 nequaquam
808 1834 1151 1915 suffragari
1195 1834 1531 1915 putantur.

404 2073 492 2135 H.
535 2076 903 2142 Quomocw
950 2079 1350 2139 secundum
1392 2077 1523 2137 hos
1566 2078 1823 2139 modos
1868 2076 2424 2152 intelliaendum
2458 2076 2557 2139 sit
2593 2079 2779 2140 illud
2816 2097 2842 2137 .·
2886 2078 3391 2153 Quodcumque

1224 2194 1537 2253 solveris
1577 2205 1804 2267 super
1848 2193 2168 2267 terram,
2219 2193 2392 2268 erit,
2441 2194 2574 2255 etc.

477 2402 863 2467 Secundum
914 2403 1037 2466 hos
1084 2401 1333 2483 ligandi
1388 2404 1453 2466 et
1498 2402 1797 2467 solvendi
1844 2404 2103 2484 modoS,
2145 2405 2478 2485 quomodo
2520 2423 2750 2487 verum
2805 2408 2907 2471 est
2951 2407 3130 2488 quod
3183 2408 3446 2487 dicitur,

339 2520 831 2600 Quodcumque
866 2517 1143 2582 solveris
1179 2536 1379 2600 super
1412 2519 1678 2599 terram,
1712 2520 1837 2583 erit
1878 2520 2172 2584 solutum
2211 2522 2276 2584 et
2319 2520 2389 2583 in
2427 2521 2644 2603 coelis3
2685 2523 2750 2585 et
2787 2522 3248 2604 quodcumque
3285 2522 3450 2605 liga·
3477 2546 3744 2599 uacant,

339 2638 523 2701 veris
550 2654 753 2718 super
787 2638 1053 2715 terram,
1095 2635 1219 2700 erit
1254 2636 1533 2717 ligatum
1571 2636 1637 2698 et
1677 2636 1746 2698 in
1773 2635 1956 2701 coelis
1976 2634 2007 2697 ‘2
2036 2635 2408 2718 Aliquando
2446 2638 2624 2701 enim
2664 2637 3018 2702 ostendunt
3051 2637 3307 2701 solutos
3345 2639 3449 2703 vel
3479 2612 3545 2653 '⁹'

339 2753 589 2834 ligatos
616 2754 735 2835 qui
770 2769 903 2815 non
934 2752 1089 2815 sunt
1116 2752 1317 2815 soluti
1349 2752 1453 2816 vel
1490 2751 1678 2833 ligati
1714 2751 1888 2833 apud
1925 2752 2166 2832 Deum,
2199 2754 2264 2817 et
2299 2770 2493 2834 poena
2529 2752 2998 2820 satisfactionis
3033 2753 3138 2818 vel
3180 2771 3448 2817 excom-

340 2868 821 2933 municationis
862 2868 1195 2932 interdum
1241 2868 1549 2949 indignos
1584 2867 1791 2949 ligant
1828 2868 1933 2933 vel
1968 2868 2258 2949 solvunt,
2301 2871 2365 2933 et
2400 2869 2708 2951 indignos
2745 2870 3170 2935 sacramentis
3207 2871 3449 2934 admit-

340 2985 521 3063 tunt,
559 2985 626 3048 et
664 2984 903 3065 dignos
951 2982 1213 3046 admitti
1262 2984 1502 3047 arcent.
1545 2983 1674 3048 Sed
1719 2984 2218 3065 intelligendum
2259 2986 2361 3050 est
2403 2985 2529 3049 hoc
2578 2986 2646 3049 in
2696 2986 2830 3049 illis
2878 3003 3163 3067 quorum
3218 2987 3453 3050 merita
3585 3020 3590 3025 ·

340 3100 521 3166 solvi
575 3100 680 3165 vel
736 3100 928 3183 ligari
982 3099 1341 3183 postulant.
1392 3098 1576 3165 Tunc
1620 3101 1798 3164 enim
1830 3101 2181 3166 sententia
2237 3101 2594 3166 sacerdotis
2633 3100 2886 3183 Judicio
2935 3102 3062 3167 Dei
3116 3102 3183 3167 et
3245 3102 3454 3166 totius

341 3217 635 3282 coelestis
682 3217 883 3281 curiae
940 3215 1339 3298 approbatur
1383 3217 1450 3280 et
1503 3217 1950 3297 confirmatur,
2003 3236 2213 3299 quum
2269 3220 2361 3282 ita
2419 3238 2502 3285 ex
2559 3220 2952 3284 discretione
3005 3219 3320 3300 procedit,
3378 3219 3454 3282 ut

340 3351 614 3399 reorum
662 3334 898 3397 merita
944 3348 1077 3396 non
1123 3333 1589 3396 contradicant.
1632 3333 2099 3415 Quoscumque
2152 3351 2306 3416 ergo
2348 3335 2615 3398 solvunt
2660 3335 2766 3399 vel
2813 3336 3020 3416 ligant
3069 3335 3454 3398 adhibentes

340 3449 602 3514 elavem
648 3447 1065 3513 discretionis
1110 3465 1375 3512 reorum
1432 3448 1709 3529 meritis,
1758 3448 2108 3513 solvuntur
2155 3450 2261 3514 vel
2307 3450 2592 3532 ligantur
2641 3451 2711 3513 in
2769 3450 2973 3530 coeIiS,
3015 3449 3084 3513 id
3131 3452 3231 3514 est
3279 3450 3455 3532 apud

341 3565 569 3630 Deum
612 3584 626 3630 :
670 3565 828 3646 quia
864 3564 1089 3627 divino
1125 3564 1380 3644 judicio
1419 3563 1777 3630 sacerdotis
1815 3567 2141 3629 sententia
2169 3567 2265 3631 sic
2300 3583 2644 3649 progressa
2683 3565 3084 3648 approbatur
3121 3568 3186 3630 et
3221 3561 3455 3629 conflr-

344 3681 589 3744 matur.
632 3681 816 3755 Quos
864 3696 1016 3762 ergo
1068 3680 1433 3744 secundum
1470 3681 1704 3745 merita
1732 3682 2055 3745 sententia
2090 3682 2402 3747 Ecclesiae
2439 3681 2756 3764 percellit,
2796 3681 3016 3764 laedit3
3049 3683 3116 3746 et
3156 3681 3253 3745 illi
3292 3681 3454 3745 foris

346 3798 509 3860 sunt
544 3798 719 3880 apud
748 3798 993 3862 Deum.
1036 3797 1167 3871 Qui
1204 3798 1425 3861 autem
1464 3814 1597 3860 non
1639 3798 1904 3879 meruit,
1943 3798 2268 3862 sententia
2294 3796 2603 3862 Ecclesiae
2641 3814 2776 3861 non
2804 3797 3089 3878 laeditur,
3118 3798 3250 3862 nisi
3293 3814 3452 3860 con-

346 3917 623 3978 temnat.
664 3914 857 3978 Unde
911 3914 1226 3995 Origenes
1268 3914 1473 3977 :Exit
1526 3914 1676 3994 quis
1726 3931 1766 3977 a
1807 3915 2101 3994 veritate,
2143 3931 2182 3976 a
2235 3914 2385 3993 fide,
2421 3931 2460 3976 a
2498 3914 2789 3995 caritate,
2825 3932 2941 3996 per
2998 3915 3125 3977 hoc
3180 3913 3316 3977 exit
3371 3911 3452 3977 de
3505 3936 3678 3994 οι-ιμι.
3703 3939 3750 3983 tn

348 4031 585 4094 castris
621 4030 957 4110 Ecclesiae,
992 4031 1191 4094 etiam
1237 4030 1295 4093 si
1342 4029 1635 4111 episcopi
1672 4047 1831 4094 voce
1872 4048 2005 4094 non
2052 4031 2400 4112 abjiciatur
2439 4050 2455 4092 ε
2497 4030 2669 4094 sicut
2719 4031 2980 4094 econtra
3029 4029 3270 4112 aliquis
3318 4045 3453 4092 non
3479 3999 3744 4114 ξ’ἷἾῘΗξω

346 4149 529 4211 recto
549 4146 805 4226 judicio
844 4146 1021 4210 foras
1047 4146 1365 4228 mittitur3
1404 4145 1521 4209 sed
1566 4145 1623 4208 si
1652 4163 1784 4209 non
1823 4147 1957 4228 egit
1992 4147 2068 4209 ut
2106 4148 2466 4210 mereretur
2503 4145 2705 4226 exire,
2735 4145 2903 4209 nihil
2932 4145 3212 4210 laeditur.
3246 4145 3455 4208 Inter-

348 4263 513 4327 dum
557 4262 736 4326 enim
778 4262 895 4344 qui
934 4261 1109 4326 foras
1146 4262 1454 4342 mittitur,
1494 4261 1675 4325 intus
1712 4263 1845 4344 est3
1886 4262 1951 4324 et
1996 4261 2111 4342 qui
2155 4259 2317 4324 foris
2360 4261 2480 4340 est,
2516 4261 2696 4324 intus
2736 4259 2995 4323 videtur
3033 4259 3321 4324 retineri.
3363 4295 3454 4306 —-

345 4383 519 4445 Ecce
554 4379 773 4460 qualis
811 4381 875 4443 et
912 4381 1198 4461 quantus
1227 4378 1327 4442 est
1352 4397 1515 4442 usus
1550 4378 2058 4460 apostolicarum
2097 4377 2407 4442 clavium.
2447 4378 2598 4442 Jam
2627 4378 2964 4442 ostensum
2995 4377 3094 4441 est
3133 4394 3216 4440 ex
3243 4378 3451 4458 parte,

348 4497 635 4580 qualiter
683 4496 1054 4560 sacerdotes
1114 4495 1459 4558 dimittunt
1512 4496 1779 4576 peccata
1832 4492 1937 4557 vel
1991 4494 2315 4576 retinent3
2369 4495 2434 4558 et
2491 4495 2713 4558 tamen
2769 4493 3041 4557 retinuit
3085 4492 3212 4556 sibi
3273 4493 3455 4557 Deus

350 4614 711 4697 quamdam
762 4612 1161 4695 singularem
1208 4611 1600 4694 potestatem
1639 4610 2012 4674 dimittendi
2052 4610 2158 4673 vel
2207 4610 2554 4690 retinendi,
2597 4611 2755 4692 quia
2796 4609 2938 4691 ipse
2985 4609 3168 4673 solus
3215 4627 3334 4691 per
3381 4627 3452 4673 se

351 4729 650 4794 debitum
697 4729 957 4794 aeternae
1005 4728 1240 4792 mortis
1285 4726 1485 4790 solvit
1531 4727 1597 4789 et
1641 4726 1931 4789 animam
1978 4726 2256 4790 interius
2300 4726 2558 4807 purgat.

829 4959 884 5023 I.
942 4963 1108 5028 Quoe
1150 4962 1302 5024 sint
1348 4961 1747 5024 interiores
1790 4958 2109 5023 tenebroe
2157 4957 2228 5019 et
2273 4958 2594 5022 interior
2635 4961 2964 5021 macula.

354 5249 367 5258 ,
484 5175 613 5242 Hic
643 5175 985 5259 quaeritur,
1018 5192 1167 5258 quae
1211 5175 1299 5239 sit
1332 5174 1449 5238 illa
1474 5174 1757 5256 macula,
1790 5175 1856 5239 et
1890 5191 2039 5256 quae
2076 5172 2212 5236 sint
2246 5171 2378 5236 illae
2417 5169 2700 5236 tenebrae
2738 5170 3102 5254 interioreS,
3142 5189 3181 5236 a
3208 5171 3452 5255 quibus

346 5299 535 5364 Deus
569 5295 855 5372 interius
898 5294 1191 5358 animam
1222 5294 1495 5382 purgat,
1536 5309 1745 5374 quum
1791 5308 2015 5358 veram
2051 5289 2504 5374 poenitentiam
2552 5289 2874 5354 immittit.
2915 5291 3016 5354 De
3063 5289 3350 5372 tenebris
3386 5293 3453 5359 et
