4267 6250
876 458 993 526 186
1468 481 1534 529 m
1573 481 1796 528 uanum
1837 481 1900 528 tv
1942 479 2427 528 summi-ianuar.
2466 497 2549 510 —
2587 481 2741 529 nis-r.
2783 483 2910 546 v113
2954 482 3178 540 oufflsr.
3220 485 3267 532 n

868 653 1075 718 tiones
1122 654 1385 718 efficere
1433 653 1634 738 possit
1677 671 1690 716 :
1735 653 1884 716 hinc
1933 661 2077 736 post
2123 660 2366 717 motum
2400 651 2453 716 A
2485 653 2838 718 formaliter
2899 655 2965 718 in
3027 656 3149 720 isto
3210 664 3307 721 est
3366 664 3781 733 sacramento,
3841 656 3993 720 fun-

869 754 1294 834 generationis
1325 761 1419 816 est
1452 761 1658 816 motus
1687 753 2031 834 augmenti.
2054 752 2159 815 Sic
2188 752 2372 834 spiri·
2482 752 2852 816 damentum
2900 755 3091 818 totale
3138 755 3221 818 sit
3266 756 3485 820 unctio
3542 757 3989 830 determinata,

871 851 1126 914 tualiter
1156 859 1300 934 post
1329 858 1798 914 sacramentum
1837 850 2169 932 Baptismi,
2199 850 2371 933 quod
2484 852 3060 916 concomitantibus
3095 853 3315 917 multis
3351 854 3495 917 aliis
3529 855 3875 936 requisitis.
3912 854 3992 916 Et

869 957 968 1013 est
997 952 1389 1032 regeneratio
1427 950 1798 1034 spiritualis,
1831 957 1930 1013 est
1957 947 2373 1013 Confirmatio
2483 956 2692 1030 potest
2732 950 3039 1031 assignari
3092 952 3251 1015 ratio
3291 953 3457 1015 talis.
3501 953 3988 1016 Sacramentum

870 1057 1173 1131 tanquam
1223 1049 1555 1132 spirituale
1601 1055 2017 1129 augmentum
2075 1055 2142 1110 et
2189 1045 2373 1129 spiri-

869 1146 1060 1210 tualis
1099 1148 1244 1211 vitae
1289 1147 1737 1211 corroboratio.
1773 1146 2032 1228 Propter
2070 1146 2240 1227 quod
2282 1145 2373 1207 ait

869 1244 1250 1308 Melchiades
1280 1246 1444 1328 Papa
1475 1263 1490 1307 ε
1525 1244 1799 1327 Spiritus
1830 1245 2097 1306 Sanctus
2127 1243 2239 1325 qui
2270 1261 2371 1306 su-

871 1362 986 1426 per
1033 1363 1229 1427 aquas
1271 1343 1581 1426 Baptismi
1623 1343 1952 1406 salutifero
1992 1342 2226 1423 illapsu
2263 1341 2369 1405 de-

869 1442 1137 1517 scendit,
1172 1442 1239 1504 in
1281 1442 1458 1506 fonte
1499 1441 1965 1524 plenitudinem
2012 1438 2245 1501 tribuit
2290 1439 2368 1501 ad

870 1540 1400 1614 innocentiam,in
1434 1539 1928 1604 confirmatione
1958 1543 2369 1619 augmentum

869 1645 1124 1720 praestat
1169 1639 1245 1700 ad
1292 1637 1596 1720 gratiam3
1628 1636 1695 1698 in
1737 1637 2063 1718 Baptismo
2112 1653 2369 1715 regene-

868 1754 1085 1798 ramur
1132 1737 1209 1798 ad
1253 1735 1472 1809 vitam,
1504 1742 1651 1817 post
1689 1733 2087 1817 Baptismum
2139 1733 2370 1798 confir-

2483 1046 3001 1112 Confirmationis
3034 1056 3132 1112 est
3160 1051 3378 1114 unctio
3410 1050 3691 1114 hominis
3720 1051 3989 1115 viatoris

2480 1144 2842 1227 aliqualiter
2884 1146 3363 1222 consentientiS,
3404 1149 3506 1212 vel
3555 1149 3841 1212 nondum
3894 1169 3991 1213 ra-

2480 1241 2654 1304 tione
2712 1244 2971 1318 utentis,
3032 1241 3196 1307 facta
3256 1245 3324 1307 in
3380 1245 3589 1309 fronte
3648 1245 3713 1308 in
3772 1246 3989 1327 figura

2481 1339 2712 1415 crucis,
2756 1359 2905 1404 cum
2948 1343 3291 1406 chrismate
3330 1343 3749 1419 sanctificato,
3782 1363 3821 1407 a
3863 1345 3986 1407 mi-

2479 1438 2683 1502 nistro
2712 1439 2941 1504 idoneo
2979 1459 3128 1504 cum
3169 1442 3522 1506 intentione
3550 1441 3765 1505 debita
3794 1443 3986 1506 inun-

2479 1543 2667 1617 gente
2692 1545 2982 1621 certaque
3004 1539 3200 1602 verba
3224 1540 3598 1623 proferente,
3610 1540 3987 1623 significans

2480 1634 2835 1698 efficaciter
2880 1655 2958 1700 ex
3014 1638 3411 1702 institutione
3459 1638 3678 1701 divina
3734 1639 3985 1702 unctio-

2480 1751 2630 1796 nem
2662 1753 2775 1816 per
2802 1734 3071 1815 gratiam
3110 1735 3514 1800 roborantem
3554 1737 3633 1799 ad
3672 1735 3987 1800 confiten-

871 1853 1121 1897 mamur
1167 1835 1245 1896 ad
1297 1851 1615 1917 pugnam3
1665 1833 1731 1895 in
1783 1832 2107 1915 Baptismo
2163 1832 2365 1895 ablui·
2404 1829 2451 1891 B
2480 1831 2633 1892 dum
2666 1849 2813 1894 cum
2843 1831 3083 1897 fiducia
3113 1832 3309 1897 fidem
3342 1835 3596 1899 Christi.
3618 1835 3709 1898 Ex
3738 1835 3981 1917 quibus

869 1952 1034 2007 mur,
1066 1940 1211 2016 post
1249 1933 1646 2015 Baptismum
1690 1930 2081 1995 roboramur.
2115 1931 2259 1994 Haec
2299 1930 2367 1993 in

865 2032 1144 2095 Summa.

947 2129 1298 2192 Concordat
1327 2128 1644 2202 PetruS,et
1673 2127 1826 2190 item
1857 2126 2362 2199 Richardus.Qui

866 2228 1062 2302 addit,
1094 2227 1264 2310 quod
1306 2233 1775 2290 sacramentum
1804 2224 2110 2307 Baptismi
2152 2223 2235 2286 sit
2270 2224 2362 2287 di-

865 2327 1054 2407 gnius
1085 2324 1603 2399 confirmatione,
1637 2323 1940 2406 quoniam
1971 2323 2130 2386 illud
2162 2341 2365 2384 sacra·

867 2431 1156 2489 mentum
1187 2430 1283 2486 est
1310 2422 1786 2505 digniuS,cujus
1815 2421 2012 2503 major
2041 2427 2139 2484 est
2166 2421 2363 2484 virtus

865 2523 1390 2606 praestantiorque
1431 2521 1723 2586 effectus,
1767 2520 1962 2602 Major
2010 2527 2224 2582 autem
2267 2527 2365 2582 est

864 2623 1065 2685 virtus
1095 2619 1424 2704 Baptismi,
1457 2629 1520 2684 et
1555 2619 1822 2701 gratiam
1864 2619 2128 2700 largitur
2168 2618 2364 2700 majo-

864 2740 1019 2783 rem.
1063 2720 1178 2783 Per
1219 2718 1689 2800 susceptionem
1735 2735 2012 2798 namque
2051 2715 2360 2799 Baptismi

862 2817 1150 2881 efficitur
1187 2818 1379 2879 homo
1417 2814 1780 2878 membrum
1812 2813 2067 2887 Christi,
2099 2820 2165 2876 et
2201 2813 2360 2876 civis

864 2915 1042 2997 regni
1073 2915 1236 2996 ejus,
1272 2921 1490 2996 utpote
1527 2912 1859 2974 militantis
1891 2910 2210 2974 Ecclesiae.
2246 2911 2359 2974 Re-

862 3032 972 3095 ges
1029 3020 1243 3077 autem
1300 3012 1676 3094 ampliorem
1733 3010 2000 3090 gratiam
2057 3008 2363 3072 exhibent
2398 3007 2443 3072 C

863 3113 956 3177 eis
997 3132 1192 3196 super
1218 3131 1378 3194 quos
1409 3112 1486 3174 de
1520 3127 1685 3173 novo
1719 3127 1982 3190 regnare
2017 3107 2354 3191 incipiunt.

863 3212 1224 3294 Baptismus
1265 3227 1519 3292 quoque
1548 3208 1911 3290 expressius
1953 3214 2360 3288 repraesentat

864 3317 1133 3373 mortem
1179 3308 1433 3382 Christi,
1475 3326 1553 3369 ex
1599 3325 1724 3388 qua
1772 3311 2165 3368 sacramenta
2212 3323 2357 3366 suas

862 3408 1188 3474 efficacias
1226 3406 1597 3470 sortiuntur.
1632 3404 1992 3487 Baptismus
2023 3403 2216 3465 etiam
2254 3422 2361 3464 au-

863 3508 988 3571 fert
1015 3513 1213 3570 totam
1245 3504 1500 3588 culpam
1532 3512 1596 3567 et
1625 3520 1900 3585 poenam.
1935 3502 2229 3564 Attamen
2267 3520 2359 3563 sa-

860 3613 1253 3671 cramentum
1279 3601 1807 3675 Confirmationi8‚
1833 3600 2180 3663 secundum
2204 3599 2359 3681 quid

859 3705 1114 3786 dignius
1145 3712 1241 3767 est
1267 3700 1780 3785 Baptismo,quia
1805 3718 1844 3761 a
1871 3698 2144 3780 digniori
2175 3700 2363 3761 datur

861 3804 1174 3876 ministro,
1206 3808 1360 3884 puta
1389 3800 1712 3883 episcopo,
1747 3806 1810 3860 et
1838 3796 2219 3860 nobiliorem
2250 3796 2359 3857 ha-

860 3903 969 3966 bet
1012 3900 1363 3974 materiam,
1404 3897 1704 3962 videlicet
1747 3896 2026 3958 chrisma
2059 3912 2072 3956 :
2107 3902 2171 3956 et
2213 3895 2356 3969 hoc,

860 4000 1161 4083 quoniam
1205 4016 1334 4061 non
1377 4004 1474 4059 est
1516 4002 1704 4058 tantae
1749 3992 2146 4057 necessitatis
2194 3991 2360 4054 sicut

859 4099 1239 4182 Baptismus.
1275 4096 1418 4159 Haec
1460 4093 1830 4158 Richardus.

937 4198 1007 4259 ln
1038 4193 1450 4278 praeinductis
1479 4199 1691 4254 autem
1723 4188 2046 4272 responsis
2075 4188 2353 4261 Thomae,
2391 4188 2440 4250 D

859 4293 1321 4359 sententialiter
1364 4290 1770 4353 continentur
1811 4288 2047 4370 scripta
2088 4287 2353 4361 Alberti,

857 4388 1737 4466 Bonaventurae‚Durandi‚ac
1767 4386 2049 4470 plurium
2083 4384 2354 4448 aliorum

857 4493 936 4555 de
979 4489 1100 4552 his.

938 4589 1260 4652 Postremo
1323 4586 1402 4647 ad
1466 4584 1798 4647 clariorem
1867 4582 2355 4664 intelligentiam

857 4686 1304 4769 praedictorum
1349 4683 1563 4746 valent
1605 4702 1746 4764 quae
1787 4682 2010 4745 Scotus
2051 4680 2159 4743 hic
2202 4682 2355 4743 scri-

855 4786 952 4848 bit
993 4804 1008 4849 :
1051 4785 1232 4849 Circa
1278 4783 1442 4844 hanc
1482 4780 1839 4862 (inquiens)
1879 4779 2355 4843 distinctionem

858 4884 1060 4947 multa
1119 4880 1318 4965 quaeri
1382 4886 1642 4962 possent
1701 4876 2351 4961 proportionabiliter,

855 5001 998 5067 quae
1042 4979 1306 5069 quaasita
1351 4986 1500 5041 sunt
1537 4978 1616 5039 de
1654 4976 2011 5058 Baptism03
2045 4976 2154 5039 sed
2198 4994 2355 5058 prae·

858 5082 1041 5145 mitto
1088 5077 1429 5163 quamdam
1488 5074 1682 5156 hujus
1737 5074 2117 5137 sacramenti
2167 5072 2353 5135 ratio-

857 5198 1028 5253 nem,
1061 5197 1140 5241 ex
1169 5196 1297 5260 qua
1337 5182 1510 5258 patet
1539 5174 1886 5236 multarum
1925 5172 2159 5235 solutio
2188 5191 2356 5253 quae—

859 5276 1161 5350 stionum,
1199 5281 1264 5337 et
1301 5290 1592 5356 suppono
1640 5272 1808 5354 quod
1846 5270 2173 5334 relationis
2212 5287 2354 5351 quae

2480 1935 2652 2011 patet
2698 1948 2840 2012 quae
2888 1930 2969 1993 sit
3016 1932 3395 1995 sacramenti
3443 1932 3639 2014 hujus
3690 1933 3979 2004 materia,

2477 2027 2555 2088 de
2586 2045 2713 2108 qua
2740 2035 2953 2091 tamen
2989 2036 3198 2112 potest
3223 2030 3553 2111 distingui,
3586 2031 3754 2094 sicut
3782 2050 3983 2114 supra
4036 2050 4237 2104 disum&

2476 2126 2554 2187 de
2595 2127 2859 2189 materia
2894 2128 3202 2210 Baptismi
3243 2146 3258 2192 :
3300 2129 3453 2212 quia
3490 2129 3782 2212 proxima
3818 2129 3983 2192 Con-
4014 2117 4153 2156 ¹⁸²³·

2475 2221 2861 2288 firmationis
2927 2226 3191 2289 materia
3248 2234 3345 2289 est
3402 2228 3621 2291 unctio
3678 2227 3846 2290 facta
3910 2228 3979 2290 in

2474 2320 2861 2403 fronte,etc.;
2882 2323 3146 2387 materia
3172 2332 3385 2388 autem
3418 2334 3661 2388 remota
3688 2333 3785 2389 est
3812 2325 3984 2387 chri·

2474 2437 2613 2482 sma
2656 2421 3085 2504 compositum
3127 2441 3206 2485 ex
3246 2423 3389 2486 oleo
3433 2423 3617 2488 olivae
3657 2441 3731 2485 ac
3774 2423 3982 2486 balsa-

2478 2535 2603 2592 mo,
2630 2518 3097 2582 sanctificatum
3128 2539 3165 2582 a
3195 2520 3467 2602 praesule
3503 2527 3615 2583 aut
3648 2519 3729 2583 ab
3758 2537 3835 2584 eo
3866 2521 3979 2583 cui

2476 2622 2683 2697 potest
2712 2616 3136 2681 sanctificatio
3165 2618 3276 2680 illa
3303 2618 3636 2682 committi.
3672 2618 3763 2681 Ex
3794 2627 3979 2700 parte

2474 2713 2734 2775 demum
2776 2714 3053 2778 ministri
3096 2715 3445 2799 requiritur
3474 2715 3741 2779 facultas
3782 2716 3845 2778 in
3885 2715 3979 2779 fa-

2474 2810 2701 2874 ciendo
2737 2820 2949 2874 actum
2991 2820 3357 2896 utrumque,
3388 2813 3688 2878 videlicet
3726 2815 3978 2878 unctio-

2472 2910 2573 2972 nis
2606 2917 2671 2972 et
2700 2911 3094 2993 prolationiS,
3126 2911 3343 2975 debita
3370 2930 3627 2995 quoque
3658 2912 3973 2976 intentio:

2471 3025 2614 3089 quae
2655 3008 2871 3070 omnia
2920 3009 3331 3090 intelligenda
3376 3017 3527 3072 sunt
3570 3009 3734 3072 sicut
3778 3029 3979 3092 supra
4006 3023 4237 3078 dianas.

2469 3106 2831 3190 expositum
2871 3114 2968 3170 est
3005 3107 3085 3171 de
3124 3107 3417 3172 ministro
3457 3107 3523 3172 in
3566 3108 3972 3192 baptizando.

2471 3206 2759 3269 Exterior
2812 3225 2963 3271 vero
3022 3208 3239 3272 unctio
3295 3207 3545 3281 frontiS‚
3598 3208 3974 3272 interiorem

2472 3305 2839 3368 unctionem
2884 3305 3207 3386 significat
3248 3308 3501 3370 mentis.
3534 3342 3616 3353 —
3642 3307 3787 3371 Haec
3826 3307 3976 3371 Sco-

2471 3408 2595 3475 tuS,
2632 3402 2741 3485 qui
2770 3403 2849 3465 de
2878 3402 2978 3465 his
3012 3402 3198 3485 plura
3236 3404 3459 3467 scribit
3488 3404 3971 3487 compendiose,

2474 3518 2615 3582 quae
2658 3500 2828 3562 infra
2866 3508 3222 3582 tangentur.

2904 3816 3377 3891 QUAESTIO
3446 3819 3524 3882 II

2594 4089 2855 4152 Ecundo
2901 4090 3230 4172 quaeritur,
3274 4088 3569 4157 'Utrum
3614 4091 3974 4161 chrisma

2620 4187 3207 4255 sanctificatum
3256 4190 3367 4254 sit
3413 4188 3972 4258 Confirmatio-

2466 4289 2595 4353 n1s
2635 4288 2997 4353 materia.
3406 4326 3411 4331 -

2533 4387 2603 4449 In
2636 4387 2755 4448 hac
2784 4386 3133 4468 quaestione
3162 4404 3359 4448 unum
3388 4387 3785 4470 supponitur,
3797 4390 3971 4470 quod

2466 4484 2716 4546 scilicet
2742 4491 3207 4547 sacramentum
3236 4482 3747 4548 Confirmationis
3774 4486 3973 4551 habet

2469 4582 2816 4646 materiam.
2863 4582 2941 4644 Et
2978 4581 3336 4649 virtualiter
3374 4582 3500 4645 duo
3539 4592 3917 4666 quaeruntur
3952 4603 3967 4647 ε

2466 4679 2772 4762 primum,
2813 4697 2893 4741 an
2934 4679 3197 4742 materia
3230 4678 3372 4760 ejus
3406 4680 3489 4741 sit
3518 4680 3835 4762 chrisma3
3868 4703 3970 4747 se-

2465 4779 2773 4852 cundum,
2817 4795 2898 4840 an
2946 4785 3234 4860 oporteat
3282 4777 3442 4840 illud
3490 4797 3631 4842 esse
3682 4781 3970 4844 sanctifi-

2464 4884 2699 4939 catum.

2530 4974 2797 5037 Videtur
2824 4974 2989 5057 quod
3021 4991 3148 5036 non
3178 4974 3409 5037 habeat
3436 4976 3773 5039 materiam.
3789 4976 3969 5040 Chri·

2463 5080 2598 5135 stus
2630 5091 2905 5154 namque
2935 5071 3338 5135 confirmavit
3360 5074 3709 5155 ApostoloS,
3722 5077 3969 5157 quando

2464 5178 2607 5253 post
2654 5169 3183 5234 resurrectionem
3234 5170 3591 5234 insufflavit
3633 5172 3700 5234 in
3748 5190 3855 5237 eos
3899 5182 3967 5237 et
4008 5230 4040 5273 J

2466 5268 2647 5342 dixit,
2707 5268 2995 5351 Accipite
3054 5268 3362 5351 Spiritum
3423 5268 3782 5351 Sanctum3
3842 5290 3963 5336 nec
3992 5242 4165 5337 ἐξω·

4176 5122 4223 5275 Δ
