4267 6250
104 1980 150 2023 12.
159 1994 254 2033 mn,
265 1984 330 2026 25.

115 2863 198 2907 Aet.
211 2878 274 2918 xv,
289 2868 328 2911 9.

779 511 924 568 Qum
965 511 1142 559 rmus
1183 511 1298 567 sl'r,
1340 509 1594 557 Damno
1635 508 1746 556 sm]
1786 508 2072 557 umnsslo
2115 509 2339 569 GULPAE,
2380 512 2501 559 Am·
2543 513 2782 561 Inruslo
2822 514 3061 562 GRATIAE

3350 498 3467 563 451

357 686 563 762 putat,
579 696 706 745 non
739 688 946 745 tamen
977 700 1054 745 ex
1085 682 1202 745 boc
1230 680 1366 744 vult
1393 680 1626 744 babere
1659 680 1868 763 ipsum
1896 680 1949 744 A
1977 680 2437 745 dimissionem.
2478 683 2713 747 Verum
2764 692 2833 747 ut
2874 686 3117 750 dictum
3166 693 3283 761 est,
3326 704 3473 749 con·
3502 704 3765 761 enas-:snt

355 778 666 841 amicum.
699 780 804 843 Sic
835 788 900 843 et
929 780 1108 863 prius
1139 789 1237 842 est
1265 797 1392 843 non
1429 778 1638 853 irasci,
1672 798 1862 861 quam

357 876 751 940 benevolum
799 898 913 941 seu
971 876 1337 941 beneficum
1387 896 1544 941 esse.
1600 877 1664 939 Si
1714 894 1866 939 vero

357 983 650 1037 sumatur
689 976 986 1040 remissio
1015 974 1222 1058 culpae
1255 993 1372 1058 pro
1401 974 1542 1055 ejus
1579 974 1866 1038 abolitio—

357 1090 466 1145 ne,
500 1092 645 1154 quae
687 1092 804 1156 per
843 1074 1110 1155 gratiam
1155 1072 1298 1135 fieri
1339 1071 1736 1155 perhibetur,
1769 1072 1861 1135 in-

355 1169 535 1234 fusio
571 1172 791 1252 gratiae
826 1171 1194 1235 causalitate
1229 1171 1405 1253 prior
1433 1188 1572 1232 esse
1607 1170 1866 1232 convin-

358 1268 554 1342 citur,
587 1269 756 1331 sicut
785 1268 1006 1332 lixivia
1033 1268 1359 1332 ablutione
1389 1275 1488 1331 est
1516 1268 1862 1350 prior.Haec

357 1366 766 1428 GuillelmuS.

443 1463 532 1525 De
585 1464 707 1527 hoc
752 1464 1194 1527 Bonaventura
1250 1463 1504 1546 plenius
1551 1462 1858 1537 scribcnS,

357 1560 575 1642 primo
607 1562 970 1643 interrogat,
997 1569 1212 1624 utrum
1245 1559 1484 1625 infusio
1513 1562 1729 1642 gratiae
1759 1580 1864 1623 nc-

359 1660 640 1722 cessario
672 1662 986 1743 praecedat
1011 1660 1455 1741 expulsionem
1489 1660 1712 1741 culpae.
1746 1659 1861 1722 Re-

357 1758 636 1839 spondet
667 1778 681 1821 :
715 1758 984 1832 Quidam
1023 1757 1340 1833 dixerunt,
1375 1759 1545 1840 quod
1584 1758 1750 1820 Deus
1793 1774 1861 1819 se

1973 779 2149 841 tritio
2187 782 2545 844 necessaria
2584 790 2678 845 est
2718 783 2783 845 in
2827 784 3030 866 ipsius
3059 786 3276 866 gratiae
3308 785 3471 847 infu-

1973 878 2153 940 sione
2188 896 2201 941 :
2237 888 2495 961 propter
2533 881 2701 964 quod
2740 884 3043 964 praecedit
3086 884 3326 966 peccati
3368 903 3471 947 ex-

1975 975 2337 1057 pulsionem
2367 979 2591 1042 ordine
2622 987 2882 1055 naturae,
2915 982 3219 1064 quoniam
3258 982 3471 1045 anima

1977 1091 2090 1154 per
2132 1074 2615 1139 detestationem
2666 1079 2907 1160 peccati
2958 1099 3027 1143 se
3068 1080 3351 1162 disponit
3392 1081 3469 1142 ad

1972 1171 2263 1250 gratiam,
2298 1173 2714 1256 dispositione
2743 1185 2980 1258 quanta
3009 1185 3235 1259 potest.
3262 1178 3471 1241 Gratia

1973 1286 2124 1331 vero
2166 1271 2515 1335 adveniens
2560 1273 2625 1335 in
2671 1274 2976 1350 animam,
3020 1276 3320 1358 quoniam
3365 1276 3472 1339 de-

1973 1368 2223 1430 testatio
2269 1368 2376 1431 illa
2420 1367 2541 1431 fuit
2580 1370 2914 1453 dispositio
2960 1374 3169 1436 media
3213 1374 3290 1435 ad
3334 1393 3471 1455 gra-

1972 1464 2125 1525 tiam
2161 1465 2609 1541 inducendam,
2642 1470 3016 1533 naturaliter
3055 1471 3233 1553 prius
3271 1472 3470 1554 respi-

1972 1560 2061 1622 cit
2089 1561 2262 1624 illam
2292 1563 2789 1640 detestationem,
2803 1586 2877 1629 ac
2910 1587 3023 1650 per
3052 1587 3191 1631 eam
3224 1569 3471 1652 culpam

1972 1658 2327 1723 delendam.
2364 1661 2595 1744 Sicque
2626 1682 2703 1725 ex
2736 1667 3209 1747 comparatione
3240 1666 3340 1729 vel
3374 1686 3469 1729 re-

1971 1765 2194 1839 spectu
2231 1760 2449 1840 gratiae
2487 1761 2567 1822 ad
2606 1761 2779 1824 illam
2824 1764 3331 1839 detestationem,
3363 1784 3469 1827 ex·

359 1856 505 1937 ipso
552 1856 808 1939 culpam
859 1855 1145 1939 expellit,
1186 1856 1298 1938 qui
1345 1856 1434 1918 ait
1480 1875 1594 1937 per
1635 1855 1857 1918 Isaiam
1896 1853 1943 1915 B
1973 1862 2094 1917 stat
2133 1857 2464 1937 contriti03
2505 1866 2569 1920 et
2611 1879 2689 1923 ex
2732 1869 3025 1943 respectu
3068 1863 3147 1924 ad
3186 1863 3465 1945 culpam,

361 1954 742 2036 prophetam
787 1970 802 2016 :
845 1954 976 2035 Ego
1013 1973 1156 2016 sum
1195 1953 1306 2036 qui
1346 1952 1529 2016 deleo
1569 1953 1862 2035 iniquita-

359 2060 458 2115 tes
487 2060 626 2115 tuas
657 2062 919 2136 propter
947 2072 1063 2117 me.
1079 2054 1222 2115 Ideo
1247 2053 1484 2127 dicunt,
1497 2052 1665 2135 quod
1698 2052 1860 2115 Deus

358 2151 644 2214 animam
693 2153 874 2235 prius
932 2152 1218 2226 mundat,
1269 2152 1674 2233 postmodum
1721 2169 1860 2232 gra-

359 2250 515 2311 tiam
577 2250 804 2314 tribuit
849 2259 913 2313 et
961 2250 1258 2313 infundit.
1311 2250 1606 2313 Attamen
1665 2249 1857 2312 simul

359 2356 652 2431 tempore
691 2348 770 2411 fit
809 2358 1174 2431 utrumque,
1207 2349 1319 2411 sed
1363 2348 1602 2412 infusio
1641 2348 1858 2430 gratiae

359 2448 678 2530 posterior
705 2456 804 2511 est
831 2456 1074 2511 natura.
1098 2447 1218 2510 Sed
1251 2447 1402 2529 quia
1431 2446 1860 2510 communiter

359 2547 620 2621 dicitur,
643 2554 708 2609 et
736 2565 962 2609 verum
993 2546 1056 2607 id
1081 2546 1293 2621 credo,
1327 2546 1494 2628 quod
1527 2546 1694 2609 Deus
1726 2545 1858 2606 cul—

359 2663 506 2725 pam
559 2644 827 2727 expellit
873 2663 988 2727 per
1033 2643 1324 2725 gratiam,
1375 2644 1543 2707 sicut
1591 2644 1683 2707 sol
1744 2662 1859 2725 per

356 2744 567 2807 radios
598 2743 913 2817 tenebras,
945 2751 1136 2825 prout
1162 2744 1354 2806 etiam
1386 2743 1452 2805 in
1481 2742 1745 2805 Actibus
1776 2743 1860 2805 le·

355 2842 548 2922 gitur,
584 2842 736 2905 Fide
766 2841 1118 2924 purificans
1153 2843 1344 2904 corda
1379 2858 1640 2919 eorum3
1673 2841 1858 2903 idcir-

357 2956 454 3013 ce,
490 2959 698 3022 quum
738 2958 927 3002 causa
963 2940 1048 3003 sit
1087 2940 1264 3022 prior
1311 2940 1572 3014 effectu,
1618 2938 1858 3001 infusio

1971 1954 2277 2018 remissio.
2296 1956 2539 2020 Idcirco
2570 1958 2867 2021 contritio
2897 1960 3268 2024 naturaliter
3298 1961 3471 2043 prior

1969 2060 2066 2114 est
2107 2055 2485 2118 remissione
2530 2057 2793 2137 peccati.

2050 2151 2261 2214 Tertio
2298 2153 2679 2229 sciscitatur,
2716 2163 2929 2218 utrum
2973 2156 3271 2221 contritio
3314 2177 3469 2239 prae-

1971 2250 2141 2311 cedit
2193 2250 2373 2332 impii
2432 2250 2983 2331 justificationem.
3039 2254 3401 2337 Respondet
3452 2276 3465 2321 :

1970 2346 2136 2409 Deus
2177 2349 2440 2430 speciali
2489 2350 2828 2432 privilegio
2878 2360 3083 2434 potest
3111 2352 3469 2432 justificare

1968 2444 2107 2507 sine
2135 2447 2312 2508 omni
2348 2448 2819 2529 praeparatione.
2846 2450 3082 2513 Tamen
3114 2454 3466 2515 secundum

1968 2560 2377 2607 communem
2423 2543 2647 2625 legem,
2681 2564 2809 2609 non
2844 2547 3160 2627 justificat
3196 2550 3319 2613 nisi
3360 2568 3467 2614 eos

1969 2641 2077 2723 qui
2123 2660 2192 2704 se
2232 2650 2609 2725 praeparant,
2643 2645 3180 2726 quemadmodum
3222 2648 3311 2710 ait
3350 2666 3467 2730 per

1968 2740 2328 2803 Zachariam
2376 2760 2391 2805 ι
2434 2741 2893 2806 convertimini
2936 2745 3014 2807 ad
3059 2764 3181 2819 me,
3214 2754 3278 2809 et
3317 2765 3463 2810 con-

1967 2846 2181 2901 vertar
2206 2840 2284 2901 ad
2316 2858 2447 2904 vos.
2470 2841 2805 2924 Quumque
2835 2844 3210 2925 praeparatio
3238 2844 3467 2909 debeat

1967 2956 2106 2999 esse
2152 2940 2505 3001 secundum
2548 2940 3062 3004 convenientiam
3108 2943 3187 3005 ad
3231 2942 3468 3024 justifi-

353 3039 574 3119 gratiae
605 3038 781 3122 prior
809 3046 905 3101 est
933 3039 1180 3121 peccati
1210 3038 1606 3121 expulsione,
1640 3057 1857 3121 quem·
1891 3034 1934 3098 C
1967 3035 2307 3111 cationem,
2342 3036 2407 3099 in
2448 3057 2575 3120 qua
2611 3047 2707 3102 est
2744 3048 2953 3102 motus
2995 3040 3178 3103 liberi
3218 3040 3467 3105 arbitrii

355 3137 702 3201 admodum
742 3137 934 3201 etiam
971 3136 1210 3200 infusio
1243 3138 1586 3212 radiorum,
1619 3137 1859 3219 effuga-

357 3237 529 3300 tione
560 3234 990 3298 tenebrarum.
1026 3235 1400 3316 Subiectum
1443 3237 1682 3319 quippe
1720 3255 1858 3319 pra-

357 3352 434 3395 va
477 3333 783 3416 qualitate
820 3333 1035 3415 aliqua
1075 3331 1509 3407 informatum,
1550 3341 1660 3395 aut
1701 3333 1857 3396 vitio

357 3430 808 3504 deformatum,
841 3450 968 3495 non
1009 3439 1218 3513 potest
1245 3431 1514 3512 intelligi
1555 3430 1857 3494 informa—

357 3537 492 3591 tum
525 3529 744 3611 aliqua
774 3529 937 3592 bona
968 3529 1271 3611 qualitate
1300 3536 1411 3592 aut
1439 3529 1852 3611 perfectione,

359 3629 478 3690 nisi
525 3627 706 3710 prius
751 3626 1142 3708 intelligatur
1189 3627 1482 3710 expulsio
1530 3628 1850 3691 contrarii.

359 3724 762 3807 Impossibile
804 3743 1062 3807 quoque
1099 3733 1218 3798 est,
1251 3725 1422 3806 quod
1470 3725 1715 3807 aliquid
1758 3727 1852 3788 in-

357 3822 680 3904 telligatur
708 3823 1048 3905 expulsum
1087 3823 1168 3885 ab
1207 3822 1460 3905 aliquo‚·
1479 3823 1601 3884 nisi
1642 3825 1853 3905 expel-

359 3922 494 3985 lens
538 3922 716 4004 prius
761 3921 1153 4003 intelligatur
1191 3921 1405 4004 egredi
1447 3941 1483 3985 a
1521 3939 1638 3984 suo
1682 3923 1854 4003 prin-

357 4020 546 4103 cipio.
585 4020 924 4103 Quumque
968 4019 1205 4083 infusio
1253 4021 1469 4102 gratiae
1517 4037 1644 4082 non
1686 4021 1856 4084 dicat

355 4119 632 4201 subjecti
681 4118 1138 4202 perfectionem
1196 4118 1320 4182 nisi
1373 4137 1486 4202 per
1535 4120 1854 4182 concomi-

1964 3140 2157 3217 atque
2196 3137 2511 3212 contritio,
2546 3157 2807 3202 necesse
2846 3147 2943 3202 est
2970 3140 3138 3222 quod
3179 3140 3371 3204 homo
3400 3159 3470 3204 se

1969 3242 2285 3316 praeparet
2329 3242 2505 3298 motu
2548 3235 2705 3298 fidei
2752 3255 2827 3299 ac
2870 3237 3129 3312 doloriS,
3174 3238 3258 3300 ita
3298 3239 3469 3321 quod

1966 3332 2168 3412 gratia
2203 3332 2487 3395 inveniat
2517 3332 2793 3396 liberum
2832 3334 3171 3397 arbitrium
3204 3335 3269 3397 in
3302 3344 3470 3399 utro-

1968 3447 2092 3510 que
2132 3436 2392 3490 actuum
2435 3429 2687 3504 horum,
2729 3439 2840 3492 aut
2882 3450 3131 3494 summe
3175 3440 3467 3514 paratum

1966 3527 2043 3588 ad
2091 3534 2457 3609 utrumque,
2492 3527 2578 3589 ita
2614 3528 2785 3610 quod
2836 3529 2901 3590 in
2942 3530 3165 3592 eodem
3207 3530 3468 3594 instanti

1966 3631 2259 3706 paratum
2290 3625 2373 3686 sit
2407 3625 2649 3688 moveri
2692 3625 2758 3687 in
2790 3643 2918 3709 quo
2946 3627 3147 3708 gratia
3181 3628 3461 3692 advenit.

2044 3723 2234 3785 Porro
2276 3723 2330 3785 si
2376 3731 2715 3805 quaeratur,
2758 3743 2838 3786 an
2882 3725 3123 3788 attritio
3166 3725 3283 3788 fiat
3324 3744 3471 3789 con·

1967 3821 2161 3894 tritio,
2206 3821 2565 3903 respondet,
2608 3823 2774 3904 quod
2821 3823 3087 3905 quaestio
3130 3824 3469 3907 tripliciter

1966 3926 2175 4001 potest
2217 3918 2506 3999 intelligi.
2550 3920 2782 3995 Primo,
2826 3922 2994 4003 quod
3039 3921 3294 3984 habitus
3337 3941 3467 4005 quo

1964 4017 2110 4099 quis
2139 4017 2452 4091 atteritur,
2476 4015 2807 4094 formetur,
2830 4026 2895 4082 et
2925 4019 3036 4082 illo
3066 4020 3297 4083 deinde
3327 4038 3469 4084 con-

1963 4122 2226 4190 teratur,
2280 4116 2447 4178 sicut
2493 4115 2656 4178 fides
2704 4116 2999 4180 informis
3049 4118 3127 4181 fit
3174 4118 3461 4183 formata.

356 4218 644 4292 tantiam,
687 4217 798 4280 sed
847 4217 1062 4299 potius
1111 4217 1312 4300 ipsius
1357 4217 1575 4298 gratiae
1623 4218 1855 4299 produ·
1883 4219 1935 4283 D
1965 4213 2143 4287 Quod
2192 4213 2381 4276 credo
2424 4232 2672 4290 verum,
2720 4222 2937 4297 utpote
2986 4217 3155 4298 quod
3207 4216 3465 4281 habitus

359 4317 636 4380 ctionem
685 4316 769 4379 ab
816 4325 1064 4397 agente,
1112 4323 1284 4399 patet
1332 4316 1502 4398 quod
1551 4316 1728 4398 prior
1773 4317 1856 4379 sit

363 4416 468 4479 illa
509 4433 704 4498 quam
751 4415 1066 4498 expulsio,
1099 4416 1266 4478 sicut
1304 4433 1494 4478 causa
1535 4423 1809 4478 causato.

437 4516 732 4580 Secundo
775 4515 1024 4597 quaerit,
1061 4521 1274 4576 utrum
1314 4514 1608 4596 expulsio
1649 4514 1855 4596 culpae

363 4616 676 4698 praecedat
721 4605 1188 4677 contritionem.
1232 4612 1592 4695 Respondet
1636 4632 1650 4676 ε
1699 4613 1856 4686 Quo·

361 4714 654 4777 rumdam
693 4712 916 4794 opinio
945 4711 1088 4786 fuit,
1123 4711 1291 4794 quod
1327 4711 1620 4774 remissio
1651 4711 1856 4793 culpae

362 4812 673 4894 praecedat
703 4810 1540 4886 contritionem,secundum
1569 4809 1739 4890 quod
1771 4827 1859 4872 re·

363 4911 582 4974 missio
617 4909 824 4992 culpae
862 4908 1097 4972 dicitur
1126 4917 1434 4993 quantum
1473 4909 1550 4972 ad
1593 4908 1858 4973 maculae

361 5008 746 5072 ablationem
761 5024 778 5086 ;
816 5008 926 5070 sed
971 5015 1280 5089 quantum
1329 5007 1408 5069 ad
1457 5025 1712 5089 poenam
1758 5005 1860 5070 vel

361 5107 710 5190 sequelam,
753 5108 1060 5189 sequitur.
1103 5106 1345 5188 Nempe
1394 5105 1686 5170 remissio
1728 5105 1861 5168 cul-

362 5224 460 5289 pae
515 5205 754 5269 dicitur
809 5213 874 5269 et
930 5212 1240 5288 quantum
1295 5204 1374 5266 ad
1433 5204 1638 5286 culpae
1690 5204 1861 5267 abla-

363 5306 630 5380 tionem,
662 5311 728 5367 et
765 5311 1073 5387 quantum
1114 5303 1192 5367 ad
1234 5321 1436 5386 poenae
1473 5320 1549 5365 ac
1588 5304 1864 5386 sequelae

1966 4310 2358 4394 poenitentiae
2390 4311 2705 4389 informiS,
2731 4333 2844 4396 per
2872 4315 3089 4396 gratias
3118 4315 3463 4379 adventum

1965 4409 2299 4484 formatur,
2332 4411 2501 4474 sicut
2528 4411 2691 4476 fides
2735 4412 3029 4476 informis
3063 4414 3142 4477 fit
3170 4413 3462 4477 formata.

1966 4509 2093 4572 Nec
2139 4517 2236 4572 est
2284 4509 2495 4573 simile
2542 4511 2621 4574 de
2662 4511 2890 4576 timore
2940 4513 3182 4586 servili,
3228 4513 3293 4575 in
3339 4532 3468 4596 quo

1965 4608 2126 4670 vivit
2155 4609 2448 4671 voluntas
2479 4610 2804 4691 peccandi.
2824 4611 3463 4693 Secund0,quantum

1966 4706 2044 4769 ad
2073 4713 2287 4768 actum
2318 4706 2729 4769 substratum.
2765 4708 2939 4781 Quod
2971 4709 3125 4772 item
3158 4711 3459 4784 concede,

1968 4804 2136 4888 quod
2167 4804 2414 4868 scilicet
2440 4813 2619 4868 actus
2650 4806 2759 4888 qui
2794 4806 2859 4868 in
2890 4808 3209 4890 principio
3239 4809 3338 4870 sui
3368 4817 3466 4872 est

1967 4904 2227 4978 attritio,
2261 4911 2601 4986 antequam
2642 4905 3141 4986 interrumpatur
3170 4906 3288 4969 fiat
3317 4925 3466 4970 con-

1969 5003 2165 5078 tritio,
2200 5010 2270 5064 ut
2299 5010 2473 5084 patet
2500 5003 2577 5065 de
2620 5010 2794 5066 motu
2837 5019 2965 5084 quo
3003 5003 3149 5085 quis
3178 5005 3352 5067 vadit
3386 5005 3464 5068 ad

1971 5103 2332 5178 ecclesiam,
2376 5103 2431 5165 si
2473 5101 2530 5165 ei
2574 5102 2642 5164 in
2683 5101 2787 5163 via
2827 5100 3029 5183 gratia
3071 5100 3462 5165 infundatur.

1972 5202 2183 5264 Tertio
2225 5207 2433 5283 potest
2470 5199 2740 5281 intelligi
2782 5207 3093 5282 quantum
3136 5200 3214 5263 ad
3255 5201 3470 5263 condi-

1971 5302 2215 5365 tionem
2256 5298 2752 5382 superadditam,
2787 5305 2858 5361 ut
2894 5298 3064 5380 quod
3104 5314 3265 5382 opus
3303 5315 3469 5361 mor-

3510 2765 3658 2812 Zach.
3676 2782 3704 2819 ι,
3722 2772 3763 2813 3.
