<?xml version="1.0" encoding="UTF-8"?>
<!DOCTYPE html PUBLIC "-//W3C//DTD XHTML 1.0 Transitional//EN"
    "http://www.w3.org/TR/xhtml1/DTD/xhtml1-transitional.dtd">
<html xmlns="http://www.w3.org/1999/xhtml" xml:lang="en" lang="en">
 <head>
  <title>
</title>
<meta http-equiv="Content-Type" content="text/html;charset=utf-8" />
  <meta name='ocr-system' content='tesseract 3.04.00' />
  <meta name='ocr-capabilities' content='ocr_page ocr_carea ocr_par ocr_line ocrx_word'/>
</head>
<body>
  <div class='ocr_page' id='page_1' title='image "./doctorisecstati04unkngoog_0635.png"; bbox 0 0 4267 6250; ppageno 0'>
   <div class='ocr_carea' id='block_1_1' title="bbox 438 498 3474 579">
    <p class='ocr_par' dir='ltr' id='par_1_1' title="bbox 438 498 3474 579">
     <span class='ocr_line' id='line_1_1' title="bbox 438 498 3474 579; baseline 0.001 -14"><span class='ocrx_word' id='word_1_1' title='bbox 438 518 643 565; x_wconf 70' lang='lat' dir='ltr'><strong>mun</strong></span> <span class='ocrx_word' id='word_1_2' title='bbox 682 517 971 567; x_wconf 77' lang='lat' dir='ltr'><strong>mam</strong></span> <span class='ocrx_word' id='word_1_3' title='bbox 1010 516 1229 567; x_wconf 67' lang='lat' dir='ltr'><strong>uacuo</strong></span> <span class='ocrx_word' id='word_1_4' title='bbox 1269 519 1363 565; x_wconf 86' lang='lat' dir='ltr'><strong>srr</strong></span> <span class='ocrx_word' id='word_1_5' title='bbox 1402 516 1853 565; x_wconf 63' lang='lat' dir='ltr'><strong>samum-ma</strong></span> <span class='ocrx_word' id='word_1_6' title='bbox 1892 516 2288 565; x_wconf 62' lang='lat' dir='ltr'><strong>manemus</strong></span> <span class='ocrx_word' id='word_1_7' title='bbox 2327 518 2522 579; x_wconf 73' lang='lat' dir='ltr'><strong>mis,</strong></span> <span class='ocrx_word' id='word_1_8' title='bbox 2563 519 2920 568; x_wconf 60' lang='lat' dir='ltr'><strong>ursum-run</strong></span> <span class='ocrx_word' id='word_1_9' title='bbox 2959 520 3004 566; x_wconf 74' lang='lat' dir='ltr'>A</span> <span class='ocrx_word' id='word_1_10' title='bbox 3043 518 3298 567; x_wconf 77' lang='lat' dir='ltr'><strong>mmo</strong></span> <span class='ocrx_word' id='word_1_11' title='bbox 3353 498 3474 567; x_wconf 74' lang='lat'><strong>593</strong></span> 
     </span>
    </p>
   </div>
   <div class='ocr_carea' id='block_1_2' title="bbox 369 686 3478 773">
    <p class='ocr_par' dir='ltr' id='par_1_2' title="bbox 369 686 3478 773">
     <span class='ocr_line' id='line_1_2' title="bbox 369 686 3478 773; baseline 0.001 -22"><span class='ocrx_word' id='word_1_12' title='bbox 369 689 496 753; x_wconf 89' lang='lat' dir='ltr'><strong>ctio</strong></span> <span class='ocrx_word' id='word_1_13' title='bbox 539 688 858 764; x_wconf 85' lang='lat' dir='ltr'><strong>Extrema,</strong></span> <span class='ocrx_word' id='word_1_14' title='bbox 900 708 1102 772; x_wconf 91' lang='lat' dir='ltr'><strong>quum</strong></span> <span class='ocrx_word' id='word_1_15' title='bbox 1146 689 1231 751; x_wconf 90' lang='lat' dir='ltr'><strong>sit</strong></span> <span class='ocrx_word' id='word_1_16' title='bbox 1271 688 1525 771; x_wconf 87' lang='lat' dir='ltr'><strong>signum</strong></span> <span class='ocrx_word' id='word_1_17' title='bbox 1568 696 1633 751; x_wconf 90' lang='lat' dir='ltr'><strong>et</strong></span> <span class='ocrx_word' id='word_1_18' title='bbox 1674 706 1867 750; x_wconf 89' lang='lat' dir='ltr'><strong>causa</strong></span> <span class='ocrx_word' id='word_1_19' title='bbox 1895 686 1947 751; x_wconf 79' lang='lat' dir='ltr'>A</span> <span class='ocrx_word' id='word_1_20' title='bbox 1982 706 2095 751; x_wconf 90' lang='lat' dir='ltr'><strong>seu</strong></span> <span class='ocrx_word' id='word_1_21' title='bbox 2126 688 2418 772; x_wconf 88' lang='lat' dir='ltr'><strong>sequelas</strong></span> <span class='ocrx_word' id='word_1_22' title='bbox 2449 690 2716 773; x_wconf 89' lang='lat' dir='ltr'><strong>peccati,</strong></span> <span class='ocrx_word' id='word_1_23' title='bbox 2747 710 2890 773; x_wconf 76' lang='lat' dir='ltr'><strong>quae</strong></span> <span class='ocrx_word' id='word_1_24' title='bbox 2925 694 3210 772; x_wconf 87' lang='lat' dir='ltr'><strong>gravant,</strong></span> <span class='ocrx_word' id='word_1_25' title='bbox 3241 698 3306 753; x_wconf 91' lang='lat' dir='ltr'><strong>et</strong></span> <span class='ocrx_word' id='word_1_26' title='bbox 3333 687 3478 753; x_wconf 90' lang='lat' dir='ltr'><strong>reli-</strong></span> 
     </span>
    </p>
   </div>
   <div class='ocr_carea' id='block_1_3' title="bbox 362 787 1867 1850">
    <p class='ocr_par' dir='ltr' id='par_1_3' title="bbox 364 787 1867 1049">
     <span class='ocr_line' id='line_1_3' title="bbox 366 787 1863 871; baseline -0.001 -20"><span class='ocrx_word' id='word_1_27' title='bbox 366 807 481 870; x_wconf 85' lang='lat' dir='ltr'><strong>per</strong></span> <span class='ocrx_word' id='word_1_28' title='bbox 522 808 591 851; x_wconf 92' lang='lat' dir='ltr'><strong>se</strong></span> <span class='ocrx_word' id='word_1_29' title='bbox 629 788 983 871; x_wconf 87' lang='lat' dir='ltr'><strong>spiritualis</strong></span> <span class='ocrx_word' id='word_1_30' title='bbox 1032 788 1355 852; x_wconf 89' lang='lat' dir='ltr'><strong>unctionis</strong></span> <span class='ocrx_word' id='word_1_31' title='bbox 1394 806 1511 871; x_wconf 90' lang='lat' dir='ltr'><strong>per</strong></span> <span class='ocrx_word' id='word_1_32' title='bbox 1542 787 1811 869; x_wconf 89' lang='lat' dir='ltr'><strong>gratiam</strong></span> <span class='ocrx_word' id='word_1_33' title='bbox 1846 804 1863 849; x_wconf 89' lang='lat'>:</span> 
     </span>
     <span class='ocr_line' id='line_1_4' title="bbox 365 886 1867 967; baseline -0.001 -19"><span class='ocrx_word' id='word_1_34' title='bbox 365 905 509 967; x_wconf 79' lang='lat' dir='ltr'><strong>quae</strong></span> <span class='ocrx_word' id='word_1_35' title='bbox 556 886 780 950; x_wconf 87' lang='lat' dir='ltr'><strong>unctio</strong></span> <span class='ocrx_word' id='word_1_36' title='bbox 826 887 1113 962; x_wconf 86' lang='lat' dir='ltr'><strong>interior,</strong></span> <span class='ocrx_word' id='word_1_37' title='bbox 1156 894 1254 949; x_wconf 90' lang='lat' dir='ltr'><strong>est</strong></span> <span class='ocrx_word' id='word_1_38' title='bbox 1288 906 1389 949; x_wconf 87' lang='lat' dir='ltr'><strong>res</strong></span> <span class='ocrx_word' id='word_1_39' title='bbox 1438 904 1618 948; x_wconf 89' lang='lat' dir='ltr'><strong>sacra</strong></span> <span class='ocrx_word' id='word_1_40' title='bbox 1666 892 1731 947; x_wconf 92' lang='lat' dir='ltr'><strong>et</strong></span> <span class='ocrx_word' id='word_1_41' title='bbox 1770 904 1867 948; x_wconf 87' lang='lat' dir='ltr'><strong>sa-</strong></span> 
     </span>
     <span class='ocr_line' id='line_1_5' title="bbox 364 984 1171 1049; baseline 0.001 -3"><span class='ocrx_word' id='word_1_42' title='bbox 364 1002 568 1047; x_wconf 86' lang='lat' dir='ltr'><strong>crans.</strong></span> <span class='ocrx_word' id='word_1_43' title='bbox 612 984 757 1049; x_wconf 81' lang='lat' dir='ltr'><strong>Haec</strong></span> <span class='ocrx_word' id='word_1_44' title='bbox 798 985 1171 1049; x_wconf 85' lang='lat' dir='ltr'><strong>Richardus.</strong></span> 
     </span>
    </p>

    <p class='ocr_par' dir='ltr' id='par_1_4' title="bbox 362 1082 1865 1850">
     <span class='ocr_line' id='line_1_6' title="bbox 440 1082 1865 1165; baseline -0.001 -21"><span class='ocrx_word' id='word_1_45' title='bbox 440 1082 715 1165; x_wconf 80' lang='lat' dir='ltr'>Insuper</span> <span class='ocrx_word' id='word_1_46' title='bbox 752 1082 1053 1145; x_wconf 83' lang='lat' dir='ltr'><strong>Albertus</strong></span> <span class='ocrx_word' id='word_1_47' title='bbox 1098 1101 1113 1144; x_wconf 89' lang='lat'>:</span> <span class='ocrx_word' id='word_1_48' title='bbox 1160 1082 1289 1146; x_wconf 85' lang='lat' dir='ltr'><strong>Hoc</strong></span> <span class='ocrx_word' id='word_1_49' title='bbox 1324 1082 1471 1164; x_wconf 90' lang='lat' dir='ltr'><strong>(ait)</strong></span> <span class='ocrx_word' id='word_1_50' title='bbox 1510 1100 1865 1145; x_wconf 85' lang='lat' dir='ltr'><strong>sacramen·</strong></span> 
     </span>
     <span class='ocr_line' id='line_1_7' title="bbox 364 1179 1862 1262; baseline -0.001 -21"><span class='ocrx_word' id='word_1_51' title='bbox 364 1187 503 1241; x_wconf 90' lang='lat' dir='ltr'><strong>tum</strong></span> <span class='ocrx_word' id='word_1_52' title='bbox 533 1180 899 1244; x_wconf 85' lang='lat' dir='ltr'><strong>ordinatum</strong></span> <span class='ocrx_word' id='word_1_53' title='bbox 942 1186 1041 1244; x_wconf 89' lang='lat' dir='ltr'><strong>est</strong></span> <span class='ocrx_word' id='word_1_54' title='bbox 1076 1186 1297 1243; x_wconf 87' lang='lat' dir='ltr'><strong>contra</strong></span> <span class='ocrx_word' id='word_1_55' title='bbox 1322 1179 1665 1262; x_wconf 75' lang='lat' dir='ltr'><strong>specialem</strong></span> <span class='ocrx_word' id='word_1_56' title='bbox 1698 1196 1862 1243; x_wconf 90' lang='lat' dir='ltr'><strong>mor-</strong></span> 
     </span>
     <span class='ocr_line' id='line_1_8' title="bbox 363 1277 1862 1361; baseline 0.001 -22"><span class='ocrx_word' id='word_1_57' title='bbox 363 1277 521 1341; x_wconf 87' lang='lat' dir='ltr'><strong>bum</strong></span> <span class='ocrx_word' id='word_1_58' title='bbox 570 1279 841 1360; x_wconf 89' lang='lat' dir='ltr'><strong>peccati,</strong></span> <span class='ocrx_word' id='word_1_59' title='bbox 886 1286 1105 1343; x_wconf 89' lang='lat' dir='ltr'><strong>contra</strong></span> <span class='ocrx_word' id='word_1_60' title='bbox 1154 1297 1347 1361; x_wconf 90' lang='lat' dir='ltr'><strong>quem</strong></span> <span class='ocrx_word' id='word_1_61' title='bbox 1400 1278 1651 1341; x_wconf 91' lang='lat' dir='ltr'><strong>nullum</strong></span> <span class='ocrx_word' id='word_1_62' title='bbox 1688 1277 1862 1341; x_wconf 91' lang='lat' dir='ltr'><strong>aliud</strong></span> 
     </span>
     <span class='ocr_line' id='line_1_9' title="bbox 363 1376 1861 1458; baseline 0 -21"><span class='ocrx_word' id='word_1_63' title='bbox 363 1383 835 1439; x_wconf 89' lang='lat' dir='ltr'><strong>sacramentum</strong></span> <span class='ocrx_word' id='word_1_64' title='bbox 866 1376 1231 1458; x_wconf 77' lang='lat' dir='ltr'>specialiter</span> <span class='ocrx_word' id='word_1_65' title='bbox 1255 1376 1607 1451; x_wconf 86' lang='lat' dir='ltr'><strong>ordinatur,</strong></span> <span class='ocrx_word' id='word_1_66' title='bbox 1640 1394 1861 1457; x_wconf 91' lang='lat' dir='ltr'><strong>quam-</strong></span> 
     </span>
     <span class='ocr_line' id='line_1_10' title="bbox 364 1474 1863 1558; baseline -0.001 -22"><span class='ocrx_word' id='word_1_67' title='bbox 364 1474 461 1537; x_wconf 82' lang='lat' dir='ltr'><strong>vis</strong></span> <span class='ocrx_word' id='word_1_68' title='bbox 500 1475 883 1537; x_wconf 89' lang='lat' dir='ltr'><strong>secundario</strong></span> <span class='ocrx_word' id='word_1_69' title='bbox 912 1475 1114 1558; x_wconf 85' lang='lat' dir='ltr'><strong>possit</strong></span> <span class='ocrx_word' id='word_1_70' title='bbox 1148 1475 1228 1538; x_wconf 91' lang='lat' dir='ltr'><strong>ad</strong></span> <span class='ocrx_word' id='word_1_71' title='bbox 1267 1474 1331 1538; x_wconf 90' lang='lat' dir='ltr'><strong>id</strong></span> <span class='ocrx_word' id='word_1_72' title='bbox 1370 1475 1716 1556; x_wconf 82' lang='lat' dir='ltr'><strong>cooperari.</strong></span> <span class='ocrx_word' id='word_1_73' title='bbox 1754 1474 1863 1536; x_wconf 89' lang='lat' dir='ltr'><strong>Est</strong></span> 
     </span>
     <span class='ocr_line' id='line_1_11' title="bbox 363 1569 1861 1652; baseline -0.001 -20"><span class='ocrx_word' id='word_1_74' title='bbox 363 1578 577 1633; x_wconf 86' lang='lat' dir='ltr'><strong>autem</strong></span> <span class='ocrx_word' id='word_1_75' title='bbox 632 1572 891 1634; x_wconf 84' lang='lat' dir='ltr'>morbus</span> <span class='ocrx_word' id='word_1_76' title='bbox 952 1571 1059 1633; x_wconf 91' lang='lat' dir='ltr'><strong>ille</strong></span> <span class='ocrx_word' id='word_1_77' title='bbox 1118 1570 1461 1634; x_wconf 85' lang='lat' dir='ltr'><strong>infirmitas</strong></span> <span class='ocrx_word' id='word_1_78' title='bbox 1508 1569 1861 1652; x_wconf 88' lang='lat' dir='ltr'><strong>spiritualis</strong></span> 
     </span>
     <span class='ocr_line' id='line_1_12' title="bbox 363 1668 1859 1750; baseline 0.001 -20"><span class='ocrx_word' id='word_1_79' title='bbox 363 1668 615 1732; x_wconf 90' lang='lat' dir='ltr'><strong>inclusa</strong></span> <span class='ocrx_word' id='word_1_80' title='bbox 662 1670 729 1731; x_wconf 91' lang='lat' dir='ltr'><strong>in</strong></span> <span class='ocrx_word' id='word_1_81' title='bbox 774 1670 1013 1743; x_wconf 88' lang='lat' dir='ltr'><strong>anima,</strong></span> <span class='ocrx_word' id='word_1_82' title='bbox 1054 1688 1133 1732; x_wconf 81' lang='lat' dir='ltr'><strong>ex</strong></span> <span class='ocrx_word' id='word_1_83' title='bbox 1180 1669 1475 1750; x_wconf 78' lang='lat' dir='ltr'><strong>originali</strong></span> <span class='ocrx_word' id='word_1_84' title='bbox 1521 1676 1586 1732; x_wconf 90' lang='lat' dir='ltr'><strong>et</strong></span> <span class='ocrx_word' id='word_1_85' title='bbox 1626 1669 1859 1731; x_wconf 86' lang='lat' dir='ltr'><strong>actuali</strong></span> 
     </span>
     <span class='ocr_line' id='line_1_13' title="bbox 362 1767 1861 1850; baseline 0 -21"><span class='ocrx_word' id='word_1_86' title='bbox 362 1785 703 1830; x_wconf 80' lang='lat' dir='ltr'><strong>remanens</strong></span> <span class='ocrx_word' id='word_1_87' title='bbox 761 1767 971 1850; x_wconf 90' lang='lat' dir='ltr'><strong>culpa.</strong></span> <span class='ocrx_word' id='word_1_88' title='bbox 1028 1768 1102 1830; x_wconf 89' lang='lat' dir='ltr'><strong>Et</strong></span> <span class='ocrx_word' id='word_1_89' title='bbox 1158 1768 1377 1831; x_wconf 87' lang='lat' dir='ltr'><strong>unctio</strong></span> <span class='ocrx_word' id='word_1_90' title='bbox 1432 1768 1551 1829; x_wconf 89' lang='lat' dir='ltr'><strong>ista</strong></span> <span class='ocrx_word' id='word_1_91' title='bbox 1608 1786 1688 1829; x_wconf 77' lang='lat' dir='ltr'><strong>ex</strong></span> <span class='ocrx_word' id='word_1_92' title='bbox 1739 1767 1861 1830; x_wconf 92' lang='lat' dir='ltr'><strong>hoc</strong></span> 
     </span>
    </p>
   </div>
   <div class='ocr_carea' id='block_1_4' title="bbox 1972 788 3480 1559">
    <p class='ocr_par' dir='ltr' id='par_1_5' title="bbox 1972 788 3480 1559">
     <span class='ocr_line' id='line_1_14' title="bbox 1978 788 3472 871; baseline 0.001 -23"><span class='ocrx_word' id='word_1_93' title='bbox 1978 794 2095 849; x_wconf 71' lang='grc' dir='ltr'><strong>σιω</strong></span> <span class='ocrx_word' id='word_1_94' title='bbox 2132 795 2284 849; x_wconf 91' lang='lat' dir='ltr'><strong>sunt</strong></span> <span class='ocrx_word' id='word_1_95' title='bbox 2320 806 2400 850; x_wconf 77' lang='lat' dir='ltr'><strong>ex</strong></span> <span class='ocrx_word' id='word_1_96' title='bbox 2439 788 2732 870; x_wconf 79' lang='lat' dir='ltr'><strong>originali</strong></span> <span class='ocrx_word' id='word_1_97' title='bbox 2773 796 2838 851; x_wconf 90' lang='lat' dir='ltr'><strong>et</strong></span> <span class='ocrx_word' id='word_1_98' title='bbox 2873 788 3107 851; x_wconf 90' lang='lat' dir='ltr'><strong>actuali</strong></span> <span class='ocrx_word' id='word_1_99' title='bbox 3143 788 3424 871; x_wconf 88' lang='lat' dir='ltr'><strong>peccatis</strong></span> <span class='ocrx_word' id='word_1_100' title='bbox 3455 805 3472 850; x_wconf 80' lang='lat' dir='ltr'><strong>t</strong></span> 
     </span>
     <span class='ocr_line' id='line_1_15' title="bbox 1978 886 3480 970; baseline 0.001 -21"><span class='ocrx_word' id='word_1_101' title='bbox 1978 904 2121 967; x_wconf 82' lang='lat' dir='ltr'><strong>quae</strong></span> <span class='ocrx_word' id='word_1_102' title='bbox 2165 886 2452 969; x_wconf 82' lang='lat' dir='ltr'><strong>reliquiae</strong></span> <span class='ocrx_word' id='word_1_103' title='bbox 2495 896 2646 950; x_wconf 88' lang='lat' dir='ltr'><strong>sunt</strong></span> <span class='ocrx_word' id='word_1_104' title='bbox 2688 905 2894 970; x_wconf 79' lang='lat' dir='ltr'><strong>poenae</strong></span> <span class='ocrx_word' id='word_1_105' title='bbox 2937 886 3326 969; x_wconf 72' lang='lat' dir='ltr'><strong>spiritualeS,</strong></span> <span class='ocrx_word' id='word_1_106' title='bbox 3357 886 3480 950; x_wconf 88' lang='lat' dir='ltr'><strong>fre-</strong></span> 
     </span>
     <span class='ocr_line' id='line_1_16' title="bbox 1977 985 3478 1068; baseline 0.002 -22"><span class='ocrx_word' id='word_1_107' title='bbox 1977 992 2248 1066; x_wconf 90' lang='lat' dir='ltr'><strong>quenter</strong></span> <span class='ocrx_word' id='word_1_108' title='bbox 2295 993 2508 1049; x_wconf 87' lang='lat' dir='ltr'><strong>tamen</strong></span> <span class='ocrx_word' id='word_1_109' title='bbox 2557 985 2792 1049; x_wconf 88' lang='lat' dir='ltr'><strong>habent</strong></span> <span class='ocrx_word' id='word_1_110' title='bbox 2841 985 3202 1068; x_wconf 77' lang='lat' dir='ltr'><strong>corporales</strong></span> <span class='ocrx_word' id='word_1_111' title='bbox 3255 1003 3478 1068; x_wconf 84' lang='lat' dir='ltr'><strong>poenas</strong></span> 
     </span>
     <span class='ocr_line' id='line_1_17' title="bbox 1974 1083 3476 1167; baseline 0.001 -22"><span class='ocrx_word' id='word_1_112' title='bbox 1974 1100 2252 1145; x_wconf 86' lang='lat' dir='ltr'><strong>annexas</strong></span> <span class='ocrx_word' id='word_1_113' title='bbox 2279 1084 2378 1159; x_wconf 38' lang='lat' dir='ltr'><strong>‘ad</strong></span> <span class='ocrx_word' id='word_1_114' title='bbox 2427 1084 2528 1147; x_wconf 89' lang='lat' dir='ltr'><strong>sui</strong></span> <span class='ocrx_word' id='word_1_115' title='bbox 2575 1084 3121 1167; x_wconf 73' lang='lat' dir='ltr'><strong>expurgationem.</strong></span> <span class='ocrx_word' id='word_1_116' title='bbox 3161 1083 3307 1147; x_wconf 90' lang='lat' dir='ltr'><strong>ldeo</strong></span> <span class='ocrx_word' id='word_1_117' title='bbox 3353 1084 3476 1147; x_wconf 87' lang='lat' dir='ltr'><strong>boc</strong></span> 
     </span>
     <span class='ocr_line' id='line_1_18' title="bbox 1974 1182 3478 1265; baseline 0.001 -22"><span class='ocrx_word' id='word_1_118' title='bbox 1974 1190 2442 1245; x_wconf 90' lang='lat' dir='ltr'><strong>sacramentum</strong></span> <span class='ocrx_word' id='word_1_119' title='bbox 2481 1182 2923 1265; x_wconf 75' lang='lat' dir='ltr'><strong>principaliter</strong></span> <span class='ocrx_word' id='word_1_120' title='bbox 2959 1189 3058 1245; x_wconf 88' lang='lat' dir='ltr'><strong>est</strong></span> <span class='ocrx_word' id='word_1_121' title='bbox 3095 1190 3314 1245; x_wconf 86' lang='lat' dir='ltr'><strong>contra</strong></span> <span class='ocrx_word' id='word_1_122' title='bbox 3347 1200 3478 1265; x_wconf 85' lang='lat' dir='ltr'><strong>poe-</strong></span> 
     </span>
     <span class='ocr_line' id='line_1_19' title="bbox 1974 1279 3474 1363; baseline 0.001 -22"><span class='ocrx_word' id='word_1_123' title='bbox 1974 1298 2123 1341; x_wconf 88' lang='lat' dir='ltr'><strong>nam</strong></span> <span class='ocrx_word' id='word_1_124' title='bbox 2152 1279 2578 1362; x_wconf 88' lang='lat' dir='ltr'><strong>spiritualem,</strong></span> <span class='ocrx_word' id='word_1_125' title='bbox 2611 1288 2800 1363; x_wconf 81' lang='lat' dir='ltr'><strong>atque</strong></span> <span class='ocrx_word' id='word_1_126' title='bbox 2839 1300 2919 1344; x_wconf 84' lang='lat' dir='ltr'><strong>ex</strong></span> <span class='ocrx_word' id='word_1_127' title='bbox 2947 1280 3364 1363; x_wconf 78' lang='lat' dir='ltr'><strong>consequenti</strong></span> <span class='ocrx_word' id='word_1_128' title='bbox 3393 1280 3474 1343; x_wconf 89' lang='lat' dir='ltr'><strong>ad</strong></span> 
     </span>
     <span class='ocr_line' id='line_1_20' title="bbox 1972 1377 3472 1461; baseline 0.001 -22"><span class='ocrx_word' id='word_1_129' title='bbox 1972 1378 2326 1440; x_wconf 89' lang='lat' dir='ltr'><strong>sanandum</strong></span> <span class='ocrx_word' id='word_1_130' title='bbox 2369 1377 2666 1443; x_wconf 85' lang='lat' dir='ltr'><strong>morbum</strong></span> <span class='ocrx_word' id='word_1_131' title='bbox 2713 1379 3129 1461; x_wconf 78' lang='lat' dir='ltr'><strong>corporalem.</strong></span> <span class='ocrx_word' id='word_1_132' title='bbox 3163 1378 3284 1441; x_wconf 88' lang='lat' dir='ltr'><strong>Sed</strong></span> <span class='ocrx_word' id='word_1_133' title='bbox 3323 1394 3472 1441; x_wconf 89' lang='lat' dir='ltr'><strong>con-</strong></span> 
     </span>
     <span class='ocr_line' id='line_1_21' title="bbox 1972 1476 3470 1559; baseline 0.002 -23"><span class='ocrx_word' id='word_1_134' title='bbox 1972 1481 2069 1537; x_wconf 89' lang='lat' dir='ltr'><strong>tra</strong></span> <span class='ocrx_word' id='word_1_135' title='bbox 2106 1476 2228 1538; x_wconf 92' lang='lat' dir='ltr'><strong>hoc</strong></span> <span class='ocrx_word' id='word_1_136' title='bbox 2267 1484 2366 1540; x_wconf 90' lang='lat' dir='ltr'><strong>est</strong></span> <span class='ocrx_word' id='word_1_137' title='bbox 2399 1476 2569 1559; x_wconf 90' lang='lat' dir='ltr'><strong>quod</strong></span> <span class='ocrx_word' id='word_1_138' title='bbox 2610 1497 2647 1539; x_wconf 86' lang='lat' dir='ltr'><strong>a</strong></span> <span class='ocrx_word' id='word_1_139' title='bbox 2681 1476 2914 1540; x_wconf 86' lang='lat' dir='ltr'><strong>Jacobo</strong></span> <span class='ocrx_word' id='word_1_140' title='bbox 2957 1476 3024 1539; x_wconf 87' lang='lat' dir='ltr'><strong>in</strong></span> <span class='ocrx_word' id='word_1_141' title='bbox 3069 1476 3470 1539; x_wconf 87' lang='lat' dir='ltr'><strong>institutione</strong></span> 
     </span>
    </p>
   </div>
   <div class='ocr_carea' id='block_1_5' title="bbox 1974 1573 3756 1657">
    <p class='ocr_par' dir='ltr' id='par_1_6' title="bbox 1974 1573 3756 1657">
     <span class='ocr_line' id='line_1_22' title="bbox 1974 1573 3756 1657; baseline 0.004 -23"><span class='ocrx_word' id='word_1_142' title='bbox 1974 1573 2170 1654; x_wconf 88' lang='lat' dir='ltr'><strong>hujus</strong></span> <span class='ocrx_word' id='word_1_143' title='bbox 2197 1575 2434 1636; x_wconf 90' lang='lat' dir='ltr'><strong>dicitur</strong></span> <span class='ocrx_word' id='word_1_144' title='bbox 2459 1575 2836 1639; x_wconf 82' lang='lat' dir='ltr'><strong>sacramenti</strong></span> <span class='ocrx_word' id='word_1_145' title='bbox 2863 1575 2980 1637; x_wconf 89' lang='lat' dir='ltr'><strong>:Et</strong></span> <span class='ocrx_word' id='word_1_146' title='bbox 3007 1576 3063 1638; x_wconf 88' lang='lat' dir='ltr'><strong>si</strong></span> <span class='ocrx_word' id='word_1_147' title='bbox 3094 1576 3159 1637; x_wconf 89' lang='lat' dir='ltr'><strong>in</strong></span> <span class='ocrx_word' id='word_1_148' title='bbox 3191 1574 3468 1657; x_wconf 89' lang='lat' dir='ltr'><strong>peccatis</strong></span> <span class='ocrx_word' id='word_1_149' title='bbox 3527 1596 3682 1643; x_wconf 64' lang='lat' dir='ltr'><strong>mos.</strong></span> <span class='ocrx_word' id='word_1_150' title='bbox 3711 1612 3756 1651; x_wconf 71' lang='lat' dir='ltr'><strong>v.</strong></span> 
     </span>
    </p>
   </div>
   <div class='ocr_carea' id='block_1_6' title="bbox 1970 1665 3562 1854">
    <p class='ocr_par' dir='ltr' id='par_1_7' title="bbox 1970 1665 3562 1854">
     <span class='ocr_line' id='line_1_23' title="bbox 1970 1665 3562 1755; baseline -0.001 -21"><span class='ocrx_word' id='word_1_151' title='bbox 1970 1680 2087 1745; x_wconf 88' lang='lat' dir='ltr'><strong>est,</strong></span> <span class='ocrx_word' id='word_1_152' title='bbox 2119 1672 2525 1736; x_wconf 77' lang='lat' dir='ltr'><strong>dimittentur</strong></span> <span class='ocrx_word' id='word_1_153' title='bbox 2549 1674 2630 1736; x_wconf 91' lang='lat' dir='ltr'><strong>ei.</strong></span> <span class='ocrx_word' id='word_1_154' title='bbox 2658 1673 2822 1755; x_wconf 88' lang='lat' dir='ltr'><strong>Ergo</strong></span> <span class='ocrx_word' id='word_1_155' title='bbox 2848 1675 2970 1737; x_wconf 91' lang='lat' dir='ltr'><strong>hoc</strong></span> <span class='ocrx_word' id='word_1_156' title='bbox 2997 1680 3466 1737; x_wconf 88' lang='lat' dir='ltr'><strong>sacramentum</strong></span> <span class='ocrx_word' id='word_1_157' title='bbox 3495 1665 3562 1707; x_wconf 81' lang='lat'><strong>¹⁵·</strong></span> 
     </span>
     <span class='ocr_line' id='line_1_24' title="bbox 1972 1771 3466 1854; baseline -0.002 -22"><span class='ocrx_word' id='word_1_158' title='bbox 1972 1771 2390 1833; x_wconf 88' lang='lat' dir='ltr'><strong>constitutum</strong></span> <span class='ocrx_word' id='word_1_159' title='bbox 2431 1779 2530 1835; x_wconf 88' lang='lat' dir='ltr'><strong>est</strong></span> <span class='ocrx_word' id='word_1_160' title='bbox 2571 1780 2790 1835; x_wconf 89' lang='lat' dir='ltr'><strong>contra</strong></span> <span class='ocrx_word' id='word_1_161' title='bbox 2833 1771 3116 1854; x_wconf 84' lang='lat' dir='ltr'><strong>aliquem</strong></span> <span class='ocrx_word' id='word_1_162' title='bbox 3167 1771 3466 1836; x_wconf 88' lang='lat' dir='ltr'><strong>morbum</strong></span> 
     </span>
    </p>
   </div>
   <div class='ocr_carea' id='block_1_7' title="bbox 364 1866 3460 1950">
    <p class='ocr_par' dir='ltr' id='par_1_8' title="bbox 364 1866 3460 1950">
     <span class='ocr_line' id='line_1_25' title="bbox 364 1866 3460 1950; baseline 0.002 -23"><span class='ocrx_word' id='word_1_163' title='bbox 364 1867 535 1948; x_wconf 88' lang='lat' dir='ltr'><strong>quod</strong></span> <span class='ocrx_word' id='word_1_164' title='bbox 585 1866 752 1929; x_wconf 90' lang='lat' dir='ltr'><strong>tollit</strong></span> <span class='ocrx_word' id='word_1_165' title='bbox 808 1868 1053 1949; x_wconf 86' lang='lat' dir='ltr'><strong>peccati</strong></span> <span class='ocrx_word' id='word_1_166' title='bbox 1102 1866 1428 1949; x_wconf 78' lang='lat' dir='ltr'><strong>reliquiaS,</strong></span> <span class='ocrx_word' id='word_1_167' title='bbox 1478 1866 1727 1930; x_wconf 81' lang='lat' dir='ltr'><strong>confert</strong></span> <span class='ocrx_word' id='word_1_168' title='bbox 1780 1867 1858 1929; x_wconf 92' lang='lat' dir='ltr'><strong>ad</strong></span> <span class='ocrx_word' id='word_1_169' title='bbox 1896 1867 1943 1930; x_wconf 93' lang='lat' dir='ltr'>B</span> <span class='ocrx_word' id='word_1_170' title='bbox 1974 1868 2268 1950; x_wconf 89' lang='lat' dir='ltr'><strong>peccati;</strong></span> <span class='ocrx_word' id='word_1_171' title='bbox 2317 1876 2382 1932; x_wconf 90' lang='lat' dir='ltr'><strong>et</strong></span> <span class='ocrx_word' id='word_1_172' title='bbox 2435 1868 2556 1932; x_wconf 89' lang='lat' dir='ltr'><strong>boc</strong></span> <span class='ocrx_word' id='word_1_173' title='bbox 2610 1869 2894 1950; x_wconf 82' lang='lat' dir='ltr'><strong>tangitur</strong></span> <span class='ocrx_word' id='word_1_174' title='bbox 2947 1868 3038 1930; x_wconf 90' lang='lat' dir='ltr'><strong>ibi</strong></span> <span class='ocrx_word' id='word_1_175' title='bbox 3098 1868 3166 1931; x_wconf 86' lang='lat' dir='ltr'><strong>in</strong></span> <span class='ocrx_word' id='word_1_176' title='bbox 3223 1869 3460 1933; x_wconf 88' lang='lat' dir='ltr'><strong>Glossa.</strong></span> 
     </span>
    </p>
   </div>
   <div class='ocr_carea' id='block_1_8' title="bbox 356 1964 1867 3032">
    <p class='ocr_par' dir='ltr' id='par_1_9' title="bbox 356 1964 1867 3032">
     <span class='ocr_line' id='line_1_26' title="bbox 364 1964 1861 2048; baseline 0.001 -22"><span class='ocrx_word' id='word_1_177' title='bbox 364 1964 791 2028; x_wconf 84' lang='lat' dir='ltr'><strong>evolationem</strong></span> <span class='ocrx_word' id='word_1_178' title='bbox 827 1982 843 2026; x_wconf 74' lang='lat' dir='ltr'>z</span> <span class='ocrx_word' id='word_1_179' title='bbox 878 1974 1139 2048; x_wconf 89' lang='lat' dir='ltr'><strong>propter</strong></span> <span class='ocrx_word' id='word_1_180' title='bbox 1177 1965 1349 2047; x_wconf 90' lang='lat' dir='ltr'><strong>quod</strong></span> <span class='ocrx_word' id='word_1_181' title='bbox 1394 1964 1461 2027; x_wconf 89' lang='lat' dir='ltr'><strong>in</strong></span> <span class='ocrx_word' id='word_1_182' title='bbox 1510 1964 1709 2027; x_wconf 89' lang='lat' dir='ltr'><strong>veteri</strong></span> <span class='ocrx_word' id='word_1_183' title='bbox 1749 1965 1861 2028; x_wconf 85' lang='lat' dir='ltr'><strong>Te-</strong></span> 
     </span>
     <span class='ocr_line' id='line_1_27' title="bbox 365 2063 1863 2147; baseline 0.001 -22"><span class='ocrx_word' id='word_1_184' title='bbox 365 2070 683 2126; x_wconf 87' lang='lat' dir='ltr'><strong>stamento</strong></span> <span class='ocrx_word' id='word_1_185' title='bbox 726 2081 855 2126; x_wconf 93' lang='lat' dir='ltr'><strong>non</strong></span> <span class='ocrx_word' id='word_1_186' title='bbox 898 2063 1120 2126; x_wconf 89' lang='lat' dir='ltr'><strong>habuit</strong></span> <span class='ocrx_word' id='word_1_187' title='bbox 1168 2063 1401 2139; x_wconf 88' lang='lat' dir='ltr'><strong>locum,</strong></span> <span class='ocrx_word' id='word_1_188' title='bbox 1450 2082 1656 2146; x_wconf 90' lang='lat' dir='ltr'><strong>neque</strong></span> <span class='ocrx_word' id='word_1_189' title='bbox 1698 2063 1863 2147; x_wconf 88' lang='lat' dir='ltr'><strong>figu-</strong></span> 
     </span>
     <span class='ocr_line' id='line_1_28' title="bbox 363 2162 1866 2245; baseline 0.002 -21"><span class='ocrx_word' id='word_1_190' title='bbox 363 2181 537 2225; x_wconf 77' lang='lat' dir='ltr'><strong>ram.-</strong></span> <span class='ocrx_word' id='word_1_191' title='bbox 574 2162 751 2236; x_wconf 84' lang='lat' dir='ltr'><strong>Quod</strong></span> <span class='ocrx_word' id='word_1_192' title='bbox 795 2162 1039 2245; x_wconf 88' lang='lat' dir='ltr'><strong>optime</strong></span> <span class='ocrx_word' id='word_1_193' title='bbox 1088 2162 1379 2225; x_wconf 86' lang='lat' dir='ltr'><strong>innuitur</strong></span> <span class='ocrx_word' id='word_1_194' title='bbox 1422 2163 1487 2225; x_wconf 92' lang='lat' dir='ltr'><strong>in</strong></span> <span class='ocrx_word' id='word_1_195' title='bbox 1534 2163 1866 2245; x_wconf 87' lang='lat' dir='ltr'><strong>evangelio</strong></span> 
     </span>
     <span class='ocr_line' id='line_1_29' title="bbox 360 2259 1867 2343; baseline -0.001 -20"><span class='ocrx_word' id='word_1_196' title='bbox 360 2260 717 2335; x_wconf 86' lang='lat' dir='ltr'><strong>Nicodemi,</strong></span> <span class='ocrx_word' id='word_1_197' title='bbox 761 2278 889 2342; x_wconf 91' lang='lat' dir='ltr'><strong>quo</strong></span> <span class='ocrx_word' id='word_1_198' title='bbox 932 2259 1183 2342; x_wconf 86' lang='lat' dir='ltr'><strong>legitur,</strong></span> <span class='ocrx_word' id='word_1_199' title='bbox 1230 2261 1401 2343; x_wconf 91' lang='lat' dir='ltr'><strong>quod</strong></span> <span class='ocrx_word' id='word_1_200' title='bbox 1444 2261 1641 2324; x_wconf 85' lang='lat' dir='ltr'><strong>Adam</strong></span> <span class='ocrx_word' id='word_1_201' title='bbox 1690 2260 1867 2323; x_wconf 85' lang='lat' dir='ltr'><strong>misit</strong></span> 
     </span>
     <span class='ocr_line' id='line_1_30' title="bbox 363 2358 1865 2441; baseline 0.001 -21"><span class='ocrx_word' id='word_1_202' title='bbox 363 2358 579 2422; x_wconf 90' lang='lat' dir='ltr'><strong>filium</strong></span> <span class='ocrx_word' id='word_1_203' title='bbox 620 2378 811 2421; x_wconf 89' lang='lat' dir='ltr'><strong>suum</strong></span> <span class='ocrx_word' id='word_1_204' title='bbox 852 2358 1003 2422; x_wconf 89' lang='lat' dir='ltr'><strong>Seth</strong></span> <span class='ocrx_word' id='word_1_205' title='bbox 1040 2359 1119 2421; x_wconf 87' lang='lat' dir='ltr'><strong>ad</strong></span> <span class='ocrx_word' id='word_1_206' title='bbox 1156 2359 1605 2441; x_wconf 87' lang='lat' dir='ltr'><strong>accipiendum</strong></span> <span class='ocrx_word' id='word_1_207' title='bbox 1644 2358 1727 2421; x_wconf 91' lang='lat' dir='ltr'><strong>ab</strong></span> <span class='ocrx_word' id='word_1_208' title='bbox 1758 2378 1865 2421; x_wconf 89' lang='lat' dir='ltr'><strong>an·</strong></span> 
     </span>
     <span class='ocr_line' id='line_1_31' title="bbox 362 2456 1865 2540; baseline -0.001 -19"><span class='ocrx_word' id='word_1_209' title='bbox 362 2458 507 2539; x_wconf 85' lang='lat' dir='ltr'><strong>gelo</strong></span> <span class='ocrx_word' id='word_1_210' title='bbox 537 2456 815 2539; x_wconf 87' lang='lat' dir='ltr'><strong>paradisi</strong></span> <span class='ocrx_word' id='word_1_211' title='bbox 844 2457 1058 2519; x_wconf 90' lang='lat' dir='ltr'><strong>oleum</strong></span> <span class='ocrx_word' id='word_1_212' title='bbox 1092 2457 1565 2531; x_wconf 62' lang='lat' dir='ltr'><strong>misericordiae,</strong></span> <span class='ocrx_word' id='word_1_213' title='bbox 1596 2475 1723 2540; x_wconf 89' lang='lat' dir='ltr'><strong>quo</strong></span> <span class='ocrx_word' id='word_1_214' title='bbox 1752 2477 1865 2520; x_wconf 90' lang='lat' dir='ltr'><strong>un—</strong></span> 
     </span>
     <span class='ocr_line' id='line_1_32' title="bbox 358 2555 1865 2637; baseline 0.001 -20"><span class='ocrx_word' id='word_1_215' title='bbox 358 2563 619 2637; x_wconf 79' lang='lat' dir='ltr'><strong>geretur</strong></span> <span class='ocrx_word' id='word_1_216' title='bbox 656 2574 889 2637; x_wconf 88' lang='lat' dir='ltr'><strong>corpus</strong></span> <span class='ocrx_word' id='word_1_217' title='bbox 930 2574 1121 2617; x_wconf 88' lang='lat' dir='ltr'><strong>suum</strong></span> <span class='ocrx_word' id='word_1_218' title='bbox 1162 2555 1540 2634; x_wconf 90' lang='lat' dir='ltr'><strong>infirmum;</strong></span> <span class='ocrx_word' id='word_1_219' title='bbox 1580 2562 1645 2617; x_wconf 89' lang='lat' dir='ltr'><strong>et</strong></span> <span class='ocrx_word' id='word_1_220' title='bbox 1682 2574 1865 2637; x_wconf 89' lang='lat' dir='ltr'><strong>nega-</strong></span> 
     </span>
     <span class='ocr_line' id='line_1_33' title="bbox 362 2653 1863 2736; baseline 0.001 -21"><span class='ocrx_word' id='word_1_221' title='bbox 362 2662 503 2715; x_wconf 89' lang='lat' dir='ltr'><strong>tum</strong></span> <span class='ocrx_word' id='word_1_222' title='bbox 536 2661 635 2715; x_wconf 90' lang='lat' dir='ltr'><strong>est</strong></span> <span class='ocrx_word' id='word_1_223' title='bbox 662 2653 721 2715; x_wconf 90' lang='lat' dir='ltr'><strong>ei</strong></span> <span class='ocrx_word' id='word_1_224' title='bbox 765 2672 1099 2735; x_wconf 89' lang='lat' dir='ltr'><strong>quousque</strong></span> <span class='ocrx_word' id='word_1_225' title='bbox 1130 2654 1419 2717; x_wconf 87' lang='lat' dir='ltr'><strong>Christus</strong></span> <span class='ocrx_word' id='word_1_226' title='bbox 1447 2654 1717 2729; x_wconf 88' lang='lat' dir='ltr'><strong>veniret,</strong></span> <span class='ocrx_word' id='word_1_227' title='bbox 1751 2654 1863 2736; x_wconf 91' lang='lat' dir='ltr'><strong>qui</strong></span> 
     </span>
     <span class='ocr_line' id='line_1_34' title="bbox 360 2752 1861 2835; baseline 0.001 -21"><span class='ocrx_word' id='word_1_228' title='bbox 360 2752 669 2815; x_wconf 90' lang='lat' dir='ltr'><strong>unctione</strong></span> <span class='ocrx_word' id='word_1_229' title='bbox 716 2771 853 2827; x_wconf 89' lang='lat' dir='ltr'><strong>sua,</strong></span> <span class='ocrx_word' id='word_1_230' title='bbox 894 2770 1159 2835; x_wconf 91' lang='lat' dir='ltr'><strong>corpora</strong></span> <span class='ocrx_word' id='word_1_231' title='bbox 1208 2753 1583 2835; x_wconf 89' lang='lat' dir='ltr'><strong>animasque</strong></span> <span class='ocrx_word' id='word_1_232' title='bbox 1635 2753 1861 2815; x_wconf 88' lang='lat' dir='ltr'><strong>refice·</strong></span> 
     </span>
     <span class='ocr_line' id='line_1_35' title="bbox 357 2850 1863 2933; baseline 0 -19"><span class='ocrx_word' id='word_1_233' title='bbox 357 2858 455 2914; x_wconf 91' lang='lat' dir='ltr'><strong>ret</strong></span> <span class='ocrx_word' id='word_1_234' title='bbox 489 2868 506 2912; x_wconf 74' lang='grc' dir='ltr'>ε</span> <span class='ocrx_word' id='word_1_235' title='bbox 540 2850 847 2933; x_wconf 89' lang='lat' dir='ltr'><strong>quoniam</strong></span> <span class='ocrx_word' id='word_1_236' title='bbox 888 2850 1105 2913; x_wconf 89' lang='lat' dir='ltr'><strong>unctio</strong></span> <span class='ocrx_word' id='word_1_237' title='bbox 1146 2851 1289 2913; x_wconf 87' lang='lat' dir='ltr'><strong>talis</strong></span> <span class='ocrx_word' id='word_1_238' title='bbox 1334 2851 1545 2915; x_wconf 91' lang='lat' dir='ltr'><strong>locum</strong></span> <span class='ocrx_word' id='word_1_239' title='bbox 1590 2869 1719 2916; x_wconf 89' lang='lat' dir='ltr'><strong>non</strong></span> <span class='ocrx_word' id='word_1_240' title='bbox 1756 2852 1863 2914; x_wconf 89' lang='lat' dir='ltr'><strong>ba-</strong></span> 
     </span>
     <span class='ocr_line' id='line_1_36' title="bbox 356 2948 1863 3032; baseline 0.001 -21"><span class='ocrx_word' id='word_1_241' title='bbox 356 2948 470 3011; x_wconf 91' lang='lat' dir='ltr'><strong>bet</strong></span> <span class='ocrx_word' id='word_1_242' title='bbox 520 2949 647 3011; x_wconf 89' lang='lat' dir='ltr'><strong>nisi</strong></span> <span class='ocrx_word' id='word_1_243' title='bbox 696 2950 761 3011; x_wconf 91' lang='lat' dir='ltr'><strong>in</strong></span> <span class='ocrx_word' id='word_1_244' title='bbox 812 2949 1213 3032; x_wconf 89' lang='lat' dir='ltr'><strong>plenitudine</strong></span> <span class='ocrx_word' id='word_1_245' title='bbox 1268 2950 1486 3031; x_wconf 81' lang='lat' dir='ltr'><strong>gratiae</strong></span> <span class='ocrx_word' id='word_1_246' title='bbox 1531 2949 1699 3013; x_wconf 83' lang='lat' dir='ltr'><strong>facta</strong></span> <span class='ocrx_word' id='word_1_247' title='bbox 1746 2968 1863 3032; x_wconf 91' lang='lat' dir='ltr'><strong>per</strong></span> 
     </span>
    </p>
   </div>
   <div class='ocr_carea' id='block_1_9' title="bbox 1970 1966 3475 3030">
    <p class='ocr_par' dir='ltr' id='par_1_10' title="bbox 1970 1966 3475 3030">
     <span class='ocr_line' id='line_1_37' title="bbox 1971 1966 3466 2051; baseline 0.003 -24"><span class='ocrx_word' id='word_1_248' title='bbox 1971 1966 2307 2048; x_wconf 88' lang='lat' dir='ltr'><strong>Quumque</strong></span> <span class='ocrx_word' id='word_1_249' title='bbox 2351 1984 2478 2029; x_wconf 88' lang='lat' dir='ltr'><strong>nou</strong></span> <span class='ocrx_word' id='word_1_250' title='bbox 2519 1968 2602 2029; x_wconf 90' lang='lat' dir='ltr'><strong>sit</strong></span> <span class='ocrx_word' id='word_1_251' title='bbox 2643 1974 2865 2029; x_wconf 89' lang='lat' dir='ltr'><strong>contra</strong></span> <span class='ocrx_word' id='word_1_252' title='bbox 2904 1966 3212 2048; x_wconf 87' lang='lat' dir='ltr'><strong>originale</strong></span> <span class='ocrx_word' id='word_1_253' title='bbox 3257 1986 3466 2051; x_wconf 88' lang='lat' dir='ltr'><strong>neque</strong></span> 
     </span>
     <span class='ocr_line' id='line_1_38' title="bbox 1975 2064 3468 2147; baseline 0.002 -22"><span class='ocrx_word' id='word_1_254' title='bbox 1975 2064 2262 2137; x_wconf 86' lang='lat' dir='ltr'><strong>mortale,</strong></span> <span class='ocrx_word' id='word_1_255' title='bbox 2307 2064 2693 2147; x_wconf 79' lang='lat' dir='ltr'><strong>relinquitur</strong></span> <span class='ocrx_word' id='word_1_256' title='bbox 2737 2064 2910 2147; x_wconf 94' lang='lat' dir='ltr'><strong>quod</strong></span> <span class='ocrx_word' id='word_1_257' title='bbox 2957 2064 3041 2127; x_wconf 89' lang='lat' dir='ltr'><strong>sit</strong></span> <span class='ocrx_word' id='word_1_258' title='bbox 3097 2073 3318 2128; x_wconf 88' lang='lat' dir='ltr'><strong>contra</strong></span> <span class='ocrx_word' id='word_1_259' title='bbox 3363 2084 3468 2129; x_wconf 88' lang='lat' dir='ltr'><strong>ve-</strong></span> 
     </span>
     <span class='ocr_line' id='line_1_39' title="bbox 1974 2162 3471 2247; baseline 0.001 -23"><span class='ocrx_word' id='word_1_260' title='bbox 1974 2162 2162 2225; x_wconf 89' lang='lat' dir='ltr'><strong>niale.</strong></span> <span class='ocrx_word' id='word_1_261' title='bbox 2197 2162 2274 2225; x_wconf 89' lang='lat' dir='ltr'><strong>Et</strong></span> <span class='ocrx_word' id='word_1_262' title='bbox 2320 2163 2440 2226; x_wconf 88' lang='lat' dir='ltr'><strong>hoc</strong></span> <span class='ocrx_word' id='word_1_263' title='bbox 2485 2163 2850 2226; x_wconf 85' lang='lat' dir='ltr'><strong>communis</strong></span> <span class='ocrx_word' id='word_1_264' title='bbox 2899 2170 3072 2226; x_wconf 86' lang='lat' dir='ltr'><strong>tenet</strong></span> <span class='ocrx_word' id='word_1_265' title='bbox 3117 2164 3356 2247; x_wconf 89' lang='lat' dir='ltr'><strong>opinio.</strong></span> <span class='ocrx_word' id='word_1_266' title='bbox 3387 2200 3471 2211; x_wconf 94' lang='lat'><strong>—</strong></span> 
     </span>
     <span class='ocr_line' id='line_1_40' title="bbox 1974 2260 3469 2345; baseline 0.003 -22"><span class='ocrx_word' id='word_1_267' title='bbox 1974 2260 2095 2323; x_wconf 90' lang='lat' dir='ltr'><strong>Sed</strong></span> <span class='ocrx_word' id='word_1_268' title='bbox 2123 2261 2206 2324; x_wconf 92' lang='lat' dir='ltr'><strong>de</strong></span> <span class='ocrx_word' id='word_1_269' title='bbox 2235 2260 2468 2324; x_wconf 90' lang='lat' dir='ltr'><strong>veniali</strong></span> <span class='ocrx_word' id='word_1_270' title='bbox 2509 2278 2852 2343; x_wconf 89' lang='lat' dir='ltr'><strong>possumus</strong></span> <span class='ocrx_word' id='word_1_271' title='bbox 2889 2261 3064 2344; x_wconf 90' lang='lat' dir='ltr'><strong>loqui</strong></span> <span class='ocrx_word' id='word_1_272' title='bbox 3106 2262 3469 2345; x_wconf 87' lang='lat' dir='ltr'><strong>dupliciter.</strong></span> 
     </span>
     <span class='ocr_line' id='line_1_41' title="bbox 1974 2358 3475 2441; baseline 0.003 -22"><span class='ocrx_word' id='word_1_273' title='bbox 1974 2358 2208 2433; x_wconf 87' lang='lat' dir='ltr'><strong>Primo,</strong></span> <span class='ocrx_word' id='word_1_274' title='bbox 2241 2359 2594 2422; x_wconf 90' lang='lat' dir='ltr'><strong>secundum</strong></span> <span class='ocrx_word' id='word_1_275' title='bbox 2639 2359 2807 2441; x_wconf 90' lang='lat' dir='ltr'><strong>quod</strong></span> <span class='ocrx_word' id='word_1_276' title='bbox 2849 2360 3066 2423; x_wconf 90' lang='lat' dir='ltr'><strong>anima</strong></span> <span class='ocrx_word' id='word_1_277' title='bbox 3109 2369 3208 2423; x_wconf 89' lang='lat' dir='ltr'><strong>est</strong></span> <span class='ocrx_word' id='word_1_278' title='bbox 3254 2361 3322 2423; x_wconf 90' lang='lat' dir='ltr'><strong>in</strong></span> <span class='ocrx_word' id='word_1_279' title='bbox 3367 2360 3475 2423; x_wconf 90' lang='lat' dir='ltr'><strong>via</strong></span> 
     </span>
     <span class='ocr_line' id='line_1_42' title="bbox 1974 2456 3475 2538; baseline 0.003 -21"><span class='ocrx_word' id='word_1_280' title='bbox 1974 2456 2436 2538; x_wconf 88' lang='lat' dir='ltr'><strong>progressionis</strong></span> <span class='ocrx_word' id='word_1_281' title='bbox 2469 2474 2484 2518; x_wconf 73' lang='grc' dir='ltr'><strong><em>ε</em></strong></span> <span class='ocrx_word' id='word_1_282' title='bbox 2516 2465 2581 2520; x_wconf 88' lang='lat' dir='ltr'><strong>et</strong></span> <span class='ocrx_word' id='word_1_283' title='bbox 2619 2457 2706 2519; x_wconf 85' lang='lat' dir='ltr'><strong>ita</strong></span> <span class='ocrx_word' id='word_1_284' title='bbox 2743 2476 2870 2521; x_wconf 89' lang='lat' dir='ltr'><strong>non</strong></span> <span class='ocrx_word' id='word_1_285' title='bbox 2909 2458 3098 2521; x_wconf 90' lang='lat' dir='ltr'><strong>estin</strong></span> <span class='ocrx_word' id='word_1_286' title='bbox 3133 2466 3270 2522; x_wconf 92' lang='lat' dir='ltr'><strong>toto</strong></span> <span class='ocrx_word' id='word_1_287' title='bbox 3297 2478 3475 2521; x_wconf 86' lang='lat' dir='ltr'><strong>cura-</strong></span> 
     </span>
     <span class='ocr_line' id='line_1_43' title="bbox 1974 2554 3474 2639; baseline 0.002 -22"><span class='ocrx_word' id='word_1_288' title='bbox 1974 2554 2127 2629; x_wconf 89' lang='lat' dir='ltr'><strong>bile,</strong></span> <span class='ocrx_word' id='word_1_289' title='bbox 2145 2555 2256 2617; x_wconf 90' lang='lat' dir='ltr'><strong>sed</strong></span> <span class='ocrx_word' id='word_1_290' title='bbox 2283 2556 2562 2619; x_wconf 84' lang='lat' dir='ltr'><strong>adbaeret</strong></span> <span class='ocrx_word' id='word_1_291' title='bbox 2589 2556 2772 2638; x_wconf 84' lang='lat' dir='ltr'><strong>quasi</strong></span> <span class='ocrx_word' id='word_1_292' title='bbox 2803 2556 3314 2639; x_wconf 87' lang='lat' dir='ltr'><strong>inseparabiliter</strong></span> <span class='ocrx_word' id='word_1_293' title='bbox 3340 2557 3474 2620; x_wconf 90' lang='lat' dir='ltr'><strong>ani-</strong></span> 
     </span>
     <span class='ocr_line' id='line_1_44' title="bbox 1973 2654 3472 2738; baseline 0.002 -22"><span class='ocrx_word' id='word_1_294' title='bbox 1973 2670 2129 2731; x_wconf 77' lang='lat' dir='ltr'><strong>mae3</strong></span> <span class='ocrx_word' id='word_1_295' title='bbox 2161 2654 2304 2716; x_wconf 90' lang='lat' dir='ltr'><strong>ideo</strong></span> <span class='ocrx_word' id='word_1_296' title='bbox 2333 2662 2550 2717; x_wconf 85' lang='lat' dir='ltr'><strong>contra</strong></span> <span class='ocrx_word' id='word_1_297' title='bbox 2591 2654 2804 2738; x_wconf 89' lang='lat' dir='ltr'><strong>ipsum</strong></span> <span class='ocrx_word' id='word_1_298' title='bbox 2835 2672 2962 2719; x_wconf 88' lang='lat' dir='ltr'><strong>non</strong></span> <span class='ocrx_word' id='word_1_299' title='bbox 3001 2654 3224 2718; x_wconf 87' lang='lat' dir='ltr'><strong>debuit</strong></span> <span class='ocrx_word' id='word_1_300' title='bbox 3254 2655 3472 2738; x_wconf 90' lang='lat' dir='ltr'><strong>aliqua</strong></span> 
     </span>
     <span class='ocr_line' id='line_1_45' title="bbox 1974 2751 3472 2836; baseline 0.003 -23"><span class='ocrx_word' id='word_1_301' title='bbox 1974 2751 2291 2814; x_wconf 89' lang='lat' dir='ltr'><strong>medicina</strong></span> <span class='ocrx_word' id='word_1_302' title='bbox 2325 2752 2687 2834; x_wconf 88' lang='lat' dir='ltr'><strong>specialiter</strong></span> <span class='ocrx_word' id='word_1_303' title='bbox 2716 2771 2788 2815; x_wconf 91' lang='lat' dir='ltr'><strong>ac</strong></span> <span class='ocrx_word' id='word_1_304' title='bbox 2825 2752 3268 2836; x_wconf 86' lang='lat' dir='ltr'><strong>principaliter</strong></span> <span class='ocrx_word' id='word_1_305' title='bbox 3303 2753 3472 2817; x_wconf 88' lang='lat' dir='ltr'><strong>ordi-</strong></span> 
     </span>
     <span class='ocr_line' id='line_1_46' title="bbox 1972 2849 3468 2934; baseline 0.001 -21"><span class='ocrx_word' id='word_1_306' title='bbox 1972 2850 2107 2913; x_wconf 91' lang='lat' dir='ltr'><strong>nari</strong></span> <span class='ocrx_word' id='word_1_307' title='bbox 2143 2867 2160 2911; x_wconf 74' lang='grc' dir='ltr'>ε</span> <span class='ocrx_word' id='word_1_308' title='bbox 2195 2849 2322 2914; x_wconf 92' lang='lat' dir='ltr'><strong>imo</strong></span> <span class='ocrx_word' id='word_1_309' title='bbox 2364 2851 2582 2914; x_wconf 88' lang='lat' dir='ltr'><strong>omnia</strong></span> <span class='ocrx_word' id='word_1_310' title='bbox 2621 2857 3015 2914; x_wconf 88' lang='lat' dir='ltr'><strong>sacramenta</strong></span> <span class='ocrx_word' id='word_1_311' title='bbox 3057 2850 3270 2914; x_wconf 89' lang='lat' dir='ltr'><strong>valent</strong></span> <span class='ocrx_word' id='word_1_312' title='bbox 3311 2868 3468 2934; x_wconf 94' lang='lat' dir='ltr'><strong>quo-</strong></span> 
     </span>
     <span class='ocr_line' id='line_1_47' title="bbox 1970 2948 3466 3030; baseline 0 -19"><span class='ocrx_word' id='word_1_313' title='bbox 1970 2949 2311 3012; x_wconf 89' lang='lat' dir='ltr'><strong>dammodo</strong></span> <span class='ocrx_word' id='word_1_314' title='bbox 2347 2949 2428 3012; x_wconf 91' lang='lat' dir='ltr'><strong>ad</strong></span> <span class='ocrx_word' id='word_1_315' title='bbox 2463 2948 2606 3030; x_wconf 86' lang='lat' dir='ltr'><strong>ejus</strong></span> <span class='ocrx_word' id='word_1_316' title='bbox 2653 2949 3070 3024; x_wconf 86' lang='lat' dir='ltr'><strong>curationem,</strong></span> <span class='ocrx_word' id='word_1_317' title='bbox 3109 2949 3466 3012; x_wconf 89' lang='lat' dir='ltr'><strong>secundum</strong></span> 
     </span>
    </p>
   </div>
   <div class='ocr_carea' id='block_1_10' title="bbox 359 3046 3471 3133">
    <p class='ocr_par' dir='ltr' id='par_1_11' title="bbox 359 3046 3471 3133">
     <span class='ocr_line' id='line_1_48' title="bbox 359 3046 3471 3133; baseline -0.001 -22"><span class='ocrx_word' id='word_1_318' title='bbox 359 3046 707 3111; x_wconf 88' lang='lat' dir='ltr'><strong>Christum.</strong></span> <span class='ocrx_word' id='word_1_319' title='bbox 742 3049 1007 3111; x_wconf 83' lang='lat' dir='ltr'><strong>AEstimo</strong></span> <span class='ocrx_word' id='word_1_320' title='bbox 1044 3048 1237 3111; x_wconf 89' lang='lat' dir='ltr'><strong>etiam</strong></span> <span class='ocrx_word' id='word_1_321' title='bbox 1277 3055 1857 3133; x_wconf 73' lang='lat' dir='ltr'><strong>praesumptuosum</strong></span> <span class='ocrx_word' id='word_1_322' title='bbox 1896 3052 1941 3116; x_wconf 93' lang='lat' dir='ltr'>C</span> <span class='ocrx_word' id='word_1_323' title='bbox 1973 3046 2117 3130; x_wconf 88' lang='lat' dir='ltr'><strong>plus</strong></span> <span class='ocrx_word' id='word_1_324' title='bbox 2160 3055 2225 3110; x_wconf 91' lang='lat' dir='ltr'><strong>et</strong></span> <span class='ocrx_word' id='word_1_325' title='bbox 2268 3048 2500 3111; x_wconf 86' lang='lat' dir='ltr'><strong>minus.</strong></span> <span class='ocrx_word' id='word_1_326' title='bbox 2536 3048 2850 3123; x_wconf 80' lang='lat' dir='ltr'><strong>SecundO,</strong></span> <span class='ocrx_word' id='word_1_327' title='bbox 2881 3055 3072 3132; x_wconf 89' lang='lat' dir='ltr'><strong>prout</strong></span> <span class='ocrx_word' id='word_1_328' title='bbox 3109 3047 3324 3110; x_wconf 88' lang='lat' dir='ltr'><strong>anima</strong></span> <span class='ocrx_word' id='word_1_329' title='bbox 3369 3054 3471 3111; x_wconf 90' lang='lat' dir='ltr'><strong>est</strong></span> 
     </span>
    </p>
   </div>
   <div class='ocr_carea' id='block_1_11' title="bbox 350 3147 1859 4215">
    <p class='ocr_par' dir='ltr' id='par_1_12' title="bbox 350 3147 1859 4215">
     <span class='ocr_line' id='line_1_49' title="bbox 360 3147 1859 3229; baseline 0.001 -20"><span class='ocrx_word' id='word_1_330' title='bbox 360 3147 598 3220; x_wconf 87' lang='lat' dir='ltr'><strong>dicere,</strong></span> <span class='ocrx_word' id='word_1_331' title='bbox 634 3149 803 3229; x_wconf 89' lang='lat' dir='ltr'><strong>quod</strong></span> <span class='ocrx_word' id='word_1_332' title='bbox 834 3154 1303 3210; x_wconf 90' lang='lat' dir='ltr'><strong>sacramentum</strong></span> <span class='ocrx_word' id='word_1_333' title='bbox 1344 3148 1511 3210; x_wconf 89' lang='lat' dir='ltr'><strong>istud</strong></span> <span class='ocrx_word' id='word_1_334' title='bbox 1552 3165 1677 3211; x_wconf 90' lang='lat' dir='ltr'><strong>non</strong></span> <span class='ocrx_word' id='word_1_335' title='bbox 1710 3167 1859 3211; x_wconf 88' lang='lat' dir='ltr'><strong>con·</strong></span> 
     </span>
     <span class='ocr_line' id='line_1_50' title="bbox 359 3244 1857 3328; baseline 0.002 -21"><span class='ocrx_word' id='word_1_336' title='bbox 359 3244 525 3308; x_wconf 89' lang='lat' dir='ltr'><strong>ferat</strong></span> <span class='ocrx_word' id='word_1_337' title='bbox 570 3246 841 3327; x_wconf 87' lang='lat' dir='ltr'><strong>gratiam</strong></span> <span class='ocrx_word' id='word_1_338' title='bbox 886 3246 1277 3309; x_wconf 88' lang='lat' dir='ltr'><strong>invisibilem</strong></span> <span class='ocrx_word' id='word_1_339' title='bbox 1325 3256 1573 3328; x_wconf 90' lang='lat' dir='ltr'><strong>gratum</strong></span> <span class='ocrx_word' id='word_1_340' title='bbox 1624 3246 1857 3310; x_wconf 90' lang='lat' dir='ltr'><strong>facien-</strong></span> 
     </span>
     <span class='ocr_line' id='line_1_51' title="bbox 358 3344 1855 3428; baseline 0 -22"><span class='ocrx_word' id='word_1_341' title='bbox 358 3351 511 3414; x_wconf 86' lang='lat' dir='ltr'><strong>tem,</strong></span> <span class='ocrx_word' id='word_1_342' title='bbox 535 3345 833 3427; x_wconf 89' lang='lat' dir='ltr'><strong>quamvis</strong></span> <span class='ocrx_word' id='word_1_343' title='bbox 860 3344 1061 3427; x_wconf 89' lang='lat' dir='ltr'><strong>aliqui</strong></span> <span class='ocrx_word' id='word_1_344' title='bbox 1092 3345 1214 3409; x_wconf 89' lang='lat' dir='ltr'><strong>hoc</strong></span> <span class='ocrx_word' id='word_1_345' title='bbox 1243 3345 1657 3428; x_wconf 88' lang='lat' dir='ltr'><strong>scripserunt,</strong></span> <span class='ocrx_word' id='word_1_346' title='bbox 1681 3345 1855 3408; x_wconf 86' lang='lat' dir='ltr'><strong>nulla</strong></span> 
     </span>
     <span class='ocr_line' id='line_1_52' title="bbox 355 3442 1851 3518; baseline -0.001 -13"><span class='ocrx_word' id='word_1_347' title='bbox 355 3443 735 3506; x_wconf 86' lang='lat' dir='ltr'><strong>auctoritate</strong></span> <span class='ocrx_word' id='word_1_348' title='bbox 783 3442 1105 3506; x_wconf 89' lang='lat' dir='ltr'><strong>rationeve</strong></span> <span class='ocrx_word' id='word_1_349' title='bbox 1148 3442 1315 3506; x_wconf 82' lang='lat' dir='ltr'><strong>fulti.</strong></span> <span class='ocrx_word' id='word_1_350' title='bbox 1363 3444 1509 3507; x_wconf 89' lang='lat' dir='ltr'><strong>Ideo</strong></span> <span class='ocrx_word' id='word_1_351' title='bbox 1552 3443 1851 3518; x_wconf 84' lang='lat' dir='ltr'><strong>dicimus,</strong></span> 
     </span>
     <span class='ocr_line' id='line_1_53' title="bbox 354 3539 1857 3624; baseline 0.001 -22"><span class='ocrx_word' id='word_1_352' title='bbox 354 3541 523 3622; x_wconf 91' lang='lat' dir='ltr'><strong>quod</strong></span> <span class='ocrx_word' id='word_1_353' title='bbox 554 3539 806 3605; x_wconf 81' lang='lat' dir='ltr'><strong>confert</strong></span> <span class='ocrx_word' id='word_1_354' title='bbox 829 3541 1095 3622; x_wconf 87' lang='lat' dir='ltr'><strong>gratiam</strong></span> <span class='ocrx_word' id='word_1_355' title='bbox 1128 3541 1569 3624; x_wconf 88' lang='lat' dir='ltr'><strong>principaliter</strong></span> <span class='ocrx_word' id='word_1_356' title='bbox 1596 3559 1857 3624; x_wconf 90' lang='lat' dir='ltr'><strong>operan-</strong></span> 
     </span>
     <span class='ocr_line' id='line_1_54' title="bbox 351 3639 1853 3722; baseline 0.001 -22"><span class='ocrx_word' id='word_1_357' title='bbox 351 3645 485 3701; x_wconf 89' lang='lat' dir='ltr'><strong>tem</strong></span> <span class='ocrx_word' id='word_1_358' title='bbox 516 3647 737 3702; x_wconf 89' lang='lat' dir='ltr'><strong>contra</strong></span> <span class='ocrx_word' id='word_1_359' title='bbox 766 3646 1201 3722; x_wconf 88' lang='lat' dir='ltr'><strong>peccatum,et</strong></span> <span class='ocrx_word' id='word_1_360' title='bbox 1228 3639 1605 3702; x_wconf 88' lang='lat' dir='ltr'><strong>secundario</strong></span> <span class='ocrx_word' id='word_1_361' title='bbox 1634 3647 1853 3702; x_wconf 87' lang='lat' dir='ltr'><strong>contra</strong></span> 
     </span>
     <span class='ocr_line' id='line_1_55' title="bbox 352 3736 1853 3820; baseline 0.001 -20"><span class='ocrx_word' id='word_1_362' title='bbox 352 3737 642 3820; x_wconf 87' lang='lat' dir='ltr'><strong>corporis</strong></span> <span class='ocrx_word' id='word_1_363' title='bbox 698 3737 1165 3800; x_wconf 80' lang='lat' dir='ltr'><strong>infirmitatem.</strong></span> <span class='ocrx_word' id='word_1_364' title='bbox 1219 3738 1505 3819; x_wconf 88' lang='lat' dir='ltr'><strong>Denique</strong></span> <span class='ocrx_word' id='word_1_365' title='bbox 1556 3736 1853 3802; x_wconf 87' lang='lat' dir='ltr'><strong>Extrema</strong></span> 
     </span>
     <span class='ocr_line' id='line_1_56' title="bbox 350 3834 1853 3899; baseline -0.001 0"><span class='ocrx_word' id='word_1_366' title='bbox 350 3835 580 3899; x_wconf 91' lang='lat' dir='ltr'><strong>Unctio</strong></span> <span class='ocrx_word' id='word_1_367' title='bbox 610 3835 696 3898; x_wconf 87' lang='lat' dir='ltr'><strong>ita</strong></span> <span class='ocrx_word' id='word_1_368' title='bbox 726 3835 1155 3898; x_wconf 87' lang='lat' dir='ltr'><strong>communiter</strong></span> <span class='ocrx_word' id='word_1_369' title='bbox 1184 3834 1531 3898; x_wconf 91' lang='lat' dir='ltr'><strong>definitur:</strong></span> <span class='ocrx_word' id='word_1_370' title='bbox 1558 3835 1853 3898; x_wconf 84' lang='lat' dir='ltr'><strong>Extrema</strong></span> 
     </span>
     <span class='ocr_line' id='line_1_57' title="bbox 350 3931 1850 3997; baseline 0 -1"><span class='ocrx_word' id='word_1_371' title='bbox 350 3933 579 3997; x_wconf 89' lang='lat' dir='ltr'><strong>Unctio</strong></span> <span class='ocrx_word' id='word_1_372' title='bbox 607 3941 705 3996; x_wconf 85' lang='lat' dir='ltr'><strong>est</strong></span> <span class='ocrx_word' id='word_1_373' title='bbox 734 3935 950 3997; x_wconf 85' lang='lat' dir='ltr'><strong>unctio</strong></span> <span class='ocrx_word' id='word_1_374' title='bbox 978 3934 1121 3996; x_wconf 90' lang='lat' dir='ltr'><strong>oleo</strong></span> <span class='ocrx_word' id='word_1_375' title='bbox 1150 3931 1550 3996; x_wconf 87' lang='lat' dir='ltr'><strong>sanctificato</strong></span> <span class='ocrx_word' id='word_1_376' title='bbox 1579 3933 1742 3996; x_wconf 85' lang='lat' dir='ltr'><strong>facta</strong></span> <span class='ocrx_word' id='word_1_377' title='bbox 1770 3935 1850 3996; x_wconf 91' lang='lat' dir='ltr'><strong>ad</strong></span> 
     </span>
     <span class='ocr_line' id='line_1_58' title="bbox 350 4031 1851 4113; baseline -0.001 -17"><span class='ocrx_word' id='word_1_378' title='bbox 350 4032 824 4096; x_wconf 84' lang='lat' dir='ltr'><strong>alleviationem</strong></span> <span class='ocrx_word' id='word_1_379' title='bbox 856 4032 1192 4113; x_wconf 87' lang='lat' dir='ltr'><strong>utriusque</strong></span> <span class='ocrx_word' id='word_1_380' title='bbox 1224 4031 1619 4094; x_wconf 86' lang='lat' dir='ltr'><strong>infirmitatis</strong></span> <span class='ocrx_word' id='word_1_381' title='bbox 1647 4032 1851 4094; x_wconf 92' lang='lat' dir='ltr'><strong>homi-</strong></span> 
     </span>
     <span class='ocr_line' id='line_1_59' title="bbox 352 4130 1849 4215; baseline 0 -21"><span class='ocrx_word' id='word_1_382' title='bbox 352 4133 475 4205; x_wconf 78' lang='lat' dir='ltr'><strong>niS,</strong></span> <span class='ocrx_word' id='word_1_383' title='bbox 498 4131 749 4194; x_wconf 89' lang='lat' dir='ltr'><strong>scilicet</strong></span> <span class='ocrx_word' id='word_1_384' title='bbox 776 4132 1063 4215; x_wconf 90' lang='lat' dir='ltr'><strong>corporis</strong></span> <span class='ocrx_word' id='word_1_385' title='bbox 1092 4138 1155 4192; x_wconf 88' lang='lat' dir='ltr'><strong>et</strong></span> <span class='ocrx_word' id='word_1_386' title='bbox 1183 4131 1429 4194; x_wconf 84' lang='lat' dir='ltr'><strong>animae.</strong></span> <span class='ocrx_word' id='word_1_387' title='bbox 1454 4130 1565 4192; x_wconf 89' lang='lat' dir='ltr'><strong>Vel</strong></span> <span class='ocrx_word' id='word_1_388' title='bbox 1598 4131 1849 4214; x_wconf 89' lang='lat' dir='ltr'><strong>planius</strong></span> 
     </span>
    </p>
   </div>
   <div class='ocr_carea' id='block_1_12' title="bbox 1964 3146 3470 4199">
    <p class='ocr_par' dir='ltr' id='par_1_13' title="bbox 1964 3146 3470 4199">
     <span class='ocr_line' id='line_1_60' title="bbox 1971 3146 3468 3230; baseline 0 -22"><span class='ocrx_word' id='word_1_389' title='bbox 1971 3146 2038 3209; x_wconf 87' lang='lat' dir='ltr'><strong>in</strong></span> <span class='ocrx_word' id='word_1_390' title='bbox 2066 3146 2170 3209; x_wconf 90' lang='lat' dir='ltr'><strong>via</strong></span> <span class='ocrx_word' id='word_1_391' title='bbox 2199 3147 2582 3228; x_wconf 89' lang='lat' dir='ltr'><strong>egressionis</strong></span> <span class='ocrx_word' id='word_1_392' title='bbox 2606 3165 2621 3211; x_wconf 92' lang='lat'>:</span> <span class='ocrx_word' id='word_1_393' title='bbox 2644 3147 2864 3229; x_wconf 88' lang='lat' dir='ltr'><strong>sicque</strong></span> <span class='ocrx_word' id='word_1_394' title='bbox 2895 3154 3162 3230; x_wconf 88' lang='lat' dir='ltr'><strong>possunt</strong></span> <span class='ocrx_word' id='word_1_395' title='bbox 3191 3146 3468 3210; x_wconf 86' lang='lat' dir='ltr'><strong>venialia</strong></span> 
     </span>
     <span class='ocr_line' id='line_1_61' title="bbox 1968 3244 3468 3327; baseline 0.003 -21"><span class='ocrx_word' id='word_1_396' title='bbox 1968 3245 2180 3307; x_wconf 89' lang='lat' dir='ltr'><strong>curari</strong></span> <span class='ocrx_word' id='word_1_397' title='bbox 2219 3244 2356 3307; x_wconf 89' lang='lat' dir='ltr'><strong>sine</strong></span> <span class='ocrx_word' id='word_1_398' title='bbox 2389 3245 2754 3324; x_wconf 89' lang='lat' dir='ltr'><strong>iteratione;</strong></span> <span class='ocrx_word' id='word_1_399' title='bbox 2785 3253 2849 3307; x_wconf 94' lang='lat' dir='ltr'><strong>et</strong></span> <span class='ocrx_word' id='word_1_400' title='bbox 2879 3245 2986 3319; x_wconf 88' lang='lat' dir='ltr'><strong>ita,</strong></span> <span class='ocrx_word' id='word_1_401' title='bbox 3018 3264 3221 3327; x_wconf 88' lang='lat' dir='ltr'><strong>quum</strong></span> <span class='ocrx_word' id='word_1_402' title='bbox 3253 3247 3468 3310; x_wconf 87' lang='lat' dir='ltr'><strong>anima</strong></span> 
     </span>
     <span class='ocr_line' id='line_1_62' title="bbox 1968 3342 3470 3427; baseline 0.003 -22"><span class='ocrx_word' id='word_1_403' title='bbox 1968 3343 2169 3424; x_wconf 91' lang='lat' dir='ltr'><strong>possit</strong></span> <span class='ocrx_word' id='word_1_404' title='bbox 2209 3343 2460 3405; x_wconf 89' lang='lat' dir='ltr'><strong>trahere</strong></span> <span class='ocrx_word' id='word_1_405' title='bbox 2499 3342 2712 3424; x_wconf 89' lang='lat' dir='ltr'><strong>aliqua</strong></span> <span class='ocrx_word' id='word_1_406' title='bbox 2755 3343 3149 3419; x_wconf 86' lang='lat' dir='ltr'><strong>cremabilia,</strong></span> <span class='ocrx_word' id='word_1_407' title='bbox 3190 3364 3332 3427; x_wconf 78' lang='lat' dir='ltr'><strong>quae</strong></span> <span class='ocrx_word' id='word_1_408' title='bbox 3373 3364 3470 3408; x_wconf 84' lang='lat' dir='ltr'><strong>re-</strong></span> 
     </span>
     <span class='ocr_line' id='line_1_63' title="bbox 1965 3440 3466 3523; baseline 0.003 -21"><span class='ocrx_word' id='word_1_409' title='bbox 1965 3441 2290 3504; x_wconf 87' lang='lat' dir='ltr'><strong>traherent</strong></span> <span class='ocrx_word' id='word_1_410' title='bbox 2313 3459 2388 3502; x_wconf 91' lang='lat' dir='ltr'><strong>ac</strong></span> <span class='ocrx_word' id='word_1_411' title='bbox 2416 3440 2753 3503; x_wconf 87' lang='lat' dir='ltr'><strong>differrent</strong></span> <span class='ocrx_word' id='word_1_412' title='bbox 2781 3459 2924 3503; x_wconf 87' lang='lat' dir='ltr'><strong>eam</strong></span> <span class='ocrx_word' id='word_1_413' title='bbox 2950 3460 2987 3503; x_wconf 92' lang='lat' dir='ltr'><strong>a</strong></span> <span class='ocrx_word' id='word_1_414' title='bbox 3014 3441 3236 3523; x_wconf 89' lang='lat' dir='ltr'><strong>gloria,</strong></span> <span class='ocrx_word' id='word_1_415' title='bbox 3248 3443 3466 3506; x_wconf 87' lang='lat' dir='ltr'><strong>statuit</strong></span> 
     </span>
     <span class='ocr_line' id='line_1_64' title="bbox 1967 3538 3462 3604; baseline 0.003 -4"><span class='ocrx_word' id='word_1_416' title='bbox 1967 3538 2405 3602; x_wconf 89' lang='lat' dir='ltr'><strong>misericordia</strong></span> <span class='ocrx_word' id='word_1_417' title='bbox 2431 3539 2544 3601; x_wconf 89' lang='lat' dir='ltr'><strong>Dei</strong></span> <span class='ocrx_word' id='word_1_418' title='bbox 2573 3546 3042 3602; x_wconf 87' lang='lat' dir='ltr'><strong>sacramentum</strong></span> <span class='ocrx_word' id='word_1_419' title='bbox 3071 3539 3240 3602; x_wconf 87' lang='lat' dir='ltr'><strong>istud</strong></span> <span class='ocrx_word' id='word_1_420' title='bbox 3271 3541 3336 3603; x_wconf 86' lang='lat' dir='ltr'><strong>in</strong></span> <span class='ocrx_word' id='word_1_421' title='bbox 3367 3559 3462 3604; x_wconf 88' lang='lat' dir='ltr'><strong>re-</strong></span> 
     </span>
     <span class='ocr_line' id='line_1_65' title="bbox 1966 3635 3461 3719; baseline 0.001 -20"><span class='ocrx_word' id='word_1_422' title='bbox 1966 3636 2276 3711; x_wconf 89' lang='lat' dir='ltr'><strong>medium,</strong></span> <span class='ocrx_word' id='word_1_423' title='bbox 2328 3655 2443 3719; x_wconf 91' lang='lat' dir='ltr'><strong>per</strong></span> <span class='ocrx_word' id='word_1_424' title='bbox 2506 3635 2676 3718; x_wconf 90' lang='lat' dir='ltr'><strong>quod</strong></span> <span class='ocrx_word' id='word_1_425' title='bbox 2733 3636 2949 3698; x_wconf 89' lang='lat' dir='ltr'><strong>anima</strong></span> <span class='ocrx_word' id='word_1_426' title='bbox 2997 3636 3198 3719; x_wconf 87' lang='lat' dir='ltr'><strong>possit</strong></span> <span class='ocrx_word' id='word_1_427' title='bbox 3251 3637 3461 3701; x_wconf 86' lang='lat' dir='ltr'><strong>curari</strong></span> 
     </span>
     <span class='ocr_line' id='line_1_66' title="bbox 1965 3733 3462 3817; baseline 0.001 -21"><span class='ocrx_word' id='word_1_428' title='bbox 1965 3741 2279 3817; x_wconf 89' lang='lat' dir='ltr'><strong>quantum</strong></span> <span class='ocrx_word' id='word_1_429' title='bbox 2318 3734 2394 3796; x_wconf 92' lang='lat' dir='ltr'><strong>ad</strong></span> <span class='ocrx_word' id='word_1_430' title='bbox 2435 3733 2876 3798; x_wconf 88' lang='lat' dir='ltr'><strong>remissionem</strong></span> <span class='ocrx_word' id='word_1_431' title='bbox 2917 3733 3124 3817; x_wconf 77' lang='lat' dir='ltr'><strong>culpae</strong></span> <span class='ocrx_word' id='word_1_432' title='bbox 3160 3743 3225 3797; x_wconf 91' lang='lat' dir='ltr'><strong>et</strong></span> <span class='ocrx_word' id='word_1_433' title='bbox 3265 3735 3462 3799; x_wconf 86' lang='lat' dir='ltr'><strong>etiam</strong></span> 
     </span>
     <span class='ocr_line' id='line_1_67' title="bbox 1964 3831 3467 3915; baseline 0.003 -22"><span class='ocrx_word' id='word_1_434' title='bbox 1964 3832 2162 3915; x_wconf 87' lang='lat' dir='ltr'><strong>partis</strong></span> <span class='ocrx_word' id='word_1_435' title='bbox 2191 3849 2414 3914; x_wconf 84' lang='lat' dir='ltr'><strong>poenae.</strong></span> <span class='ocrx_word' id='word_1_436' title='bbox 2439 3831 2658 3894; x_wconf 86' lang='lat' dir='ltr'><strong>Modus</strong></span> <span class='ocrx_word' id='word_1_437' title='bbox 2688 3849 2944 3913; x_wconf 90' lang='lat' dir='ltr'><strong>quoque</strong></span> <span class='ocrx_word' id='word_1_438' title='bbox 2973 3831 3168 3913; x_wconf 86' lang='lat' dir='ltr'><strong>hujus</strong></span> <span class='ocrx_word' id='word_1_439' title='bbox 3195 3834 3467 3898; x_wconf 89' lang='lat' dir='ltr'><strong>curatio-</strong></span> 
     </span>
     <span class='ocr_line' id='line_1_68' title="bbox 1964 3928 3464 4012; baseline 0.003 -20"><span class='ocrx_word' id='word_1_440' title='bbox 1964 3930 2064 3992; x_wconf 90' lang='lat' dir='ltr'><strong>nis</strong></span> <span class='ocrx_word' id='word_1_441' title='bbox 2102 3929 2555 4012; x_wconf 85' lang='lat' dir='ltr'><strong>correspondet</strong></span> <span class='ocrx_word' id='word_1_442' title='bbox 2591 3929 2780 3992; x_wconf 88' lang='lat' dir='ltr'><strong>modo</strong></span> <span class='ocrx_word' id='word_1_443' title='bbox 2821 3928 3214 3992; x_wconf 87' lang='lat' dir='ltr'><strong>infirmitatis</strong></span> <span class='ocrx_word' id='word_1_444' title='bbox 3252 3932 3464 3996; x_wconf 88' lang='lat' dir='ltr'><strong>venia·</strong></span> 
     </span>
     <span class='ocr_line' id='line_1_69' title="bbox 1966 4028 3463 4114; baseline 0.003 -24"><span class='ocrx_word' id='word_1_445' title='bbox 1966 4028 2043 4090; x_wconf 89' lang='lat' dir='ltr'><strong>lis</strong></span> <span class='ocrx_word' id='word_1_446' title='bbox 2102 4029 2368 4110; x_wconf 88' lang='lat' dir='ltr'><strong>peccati,</strong></span> <span class='ocrx_word' id='word_1_447' title='bbox 2422 4028 2593 4110; x_wconf 90' lang='lat' dir='ltr'><strong>quod</strong></span> <span class='ocrx_word' id='word_1_448' title='bbox 2639 4028 2920 4090; x_wconf 89' lang='lat' dir='ltr'><strong>animam</strong></span> <span class='ocrx_word' id='word_1_449' title='bbox 2976 4037 3196 4110; x_wconf 81' lang='lat' dir='ltr'><strong>gravat</strong></span> <span class='ocrx_word' id='word_1_450' title='bbox 3251 4030 3463 4114; x_wconf 90' lang='lat' dir='ltr'><strong>depri-</strong></span> 
     </span>
     <span class='ocr_line' id='line_1_70' title="bbox 1964 4126 3462 4199; baseline 0.004 -11"><span class='ocrx_word' id='word_1_451' title='bbox 1964 4127 2198 4190; x_wconf 90' lang='lat' dir='ltr'><strong>mendo</strong></span> <span class='ocrx_word' id='word_1_452' title='bbox 2244 4126 2566 4199; x_wconf 88' lang='lat' dir='ltr'><strong>deorsum,</strong></span> <span class='ocrx_word' id='word_1_453' title='bbox 2618 4126 2706 4188; x_wconf 91' lang='lat' dir='ltr'><strong>ita</strong></span> <span class='ocrx_word' id='word_1_454' title='bbox 2753 4134 2823 4187; x_wconf 91' lang='lat' dir='ltr'><strong>ut</strong></span> <span class='ocrx_word' id='word_1_455' title='bbox 2875 4144 3001 4190; x_wconf 90' lang='lat' dir='ltr'><strong>non</strong></span> <span class='ocrx_word' id='word_1_456' title='bbox 3059 4128 3277 4192; x_wconf 87' lang='lat' dir='ltr'><strong>tendat</strong></span> <span class='ocrx_word' id='word_1_457' title='bbox 3329 4137 3462 4194; x_wconf 90' lang='lat' dir='ltr'><strong>tam</strong></span> 
     </span>
    </p>
   </div>
   <div class='ocr_carea' id='block_1_13' title="bbox 353 4224 3464 4313">
    <p class='ocr_par' dir='ltr' id='par_1_14' title="bbox 353 4224 3464 4313">
     <span class='ocr_line' id='line_1_71' title="bbox 353 4224 3464 4313; baseline -0.001 -18"><span class='ocrx_word' id='word_1_458' title='bbox 353 4252 390 4295; x_wconf 91' lang='lat' dir='ltr'><strong>a</strong></span> <span class='ocrx_word' id='word_1_459' title='bbox 430 4230 819 4313; x_wconf 89' lang='lat' dir='ltr'><strong>quibusdam</strong></span> <span class='ocrx_word' id='word_1_460' title='bbox 854 4247 869 4292; x_wconf 75' lang='grc' dir='ltr'>ε</span> <span class='ocrx_word' id='word_1_461' title='bbox 914 4229 1211 4293; x_wconf 85' lang='lat' dir='ltr'><strong>Extrema</strong></span> <span class='ocrx_word' id='word_1_462' title='bbox 1248 4229 1471 4293; x_wconf 87' lang='lat' dir='ltr'><strong>Unctio</strong></span> <span class='ocrx_word' id='word_1_463' title='bbox 1512 4239 1609 4292; x_wconf 90' lang='lat' dir='ltr'><strong>est</strong></span> <span class='ocrx_word' id='word_1_464' title='bbox 1650 4249 1853 4292; x_wconf 86' lang='lat' dir='ltr'><strong>sacra-</strong></span> <span class='ocrx_word' id='word_1_465' title='bbox 1878 4235 1929 4299; x_wconf 88' lang='lat' dir='ltr'>D</span> <span class='ocrx_word' id='word_1_466' title='bbox 1962 4224 2246 4308; x_wconf 91' lang='lat' dir='ltr'><strong>perfecte</strong></span> <span class='ocrx_word' id='word_1_467' title='bbox 2282 4225 2350 4286; x_wconf 91' lang='lat' dir='ltr'><strong>in</strong></span> <span class='ocrx_word' id='word_1_468' title='bbox 2379 4225 2582 4288; x_wconf 89' lang='lat' dir='ltr'><strong>Deum</strong></span> <span class='ocrx_word' id='word_1_469' title='bbox 2622 4243 2736 4306; x_wconf 92' lang='lat' dir='ltr'><strong>per</strong></span> <span class='ocrx_word' id='word_1_470' title='bbox 2765 4225 3168 4289; x_wconf 90' lang='lat' dir='ltr'><strong>devotionem</strong></span> <span class='ocrx_word' id='word_1_471' title='bbox 3202 4235 3268 4290; x_wconf 87' lang='lat' dir='ltr'><strong>et</strong></span> <span class='ocrx_word' id='word_1_472' title='bbox 3307 4229 3464 4292; x_wconf 90' lang='lat' dir='ltr'><strong>cari·</strong></span> 
     </span>
    </p>
   </div>
   <div class='ocr_carea' id='block_1_14' title="bbox 348 4328 1852 5399">
    <p class='ocr_par' dir='ltr' id='par_1_15' title="bbox 348 4328 1852 5106">
     <span class='ocr_line' id='line_1_72' title="bbox 354 4328 1852 4411; baseline -0.001 -18"><span class='ocrx_word' id='word_1_473' title='bbox 354 4337 645 4394; x_wconf 89' lang='lat' dir='ltr'><strong>mentum</strong></span> <span class='ocrx_word' id='word_1_474' title='bbox 677 4347 755 4392; x_wconf 86' lang='lat' dir='ltr'><strong>ex</strong></span> <span class='ocrx_word' id='word_1_475' title='bbox 786 4329 1089 4392; x_wconf 88' lang='lat' dir='ltr'><strong>unctione</strong></span> <span class='ocrx_word' id='word_1_476' title='bbox 1126 4348 1241 4411; x_wconf 91' lang='lat' dir='ltr'><strong>per</strong></span> <span class='ocrx_word' id='word_1_477' title='bbox 1279 4329 1493 4392; x_wconf 92' lang='lat' dir='ltr'><strong>oleum</strong></span> <span class='ocrx_word' id='word_1_478' title='bbox 1528 4347 1645 4411; x_wconf 90' lang='lat' dir='ltr'><strong>pro</strong></span> <span class='ocrx_word' id='word_1_479' title='bbox 1674 4328 1852 4392; x_wconf 90' lang='lat' dir='ltr'><strong>infir·</strong></span> 
     </span>
     <span class='ocr_line' id='line_1_73' title="bbox 354 4427 1851 4502; baseline -0.001 -9"><span class='ocrx_word' id='word_1_480' title='bbox 354 4429 478 4493; x_wconf 89' lang='lat' dir='ltr'><strong>mis</strong></span> <span class='ocrx_word' id='word_1_481' title='bbox 508 4427 981 4491; x_wconf 86' lang='lat' dir='ltr'><strong>sanctificatum</strong></span> <span class='ocrx_word' id='word_1_482' title='bbox 1016 4427 1200 4502; x_wconf 87' lang='lat' dir='ltr'><strong>facta,</strong></span> <span class='ocrx_word' id='word_1_483' title='bbox 1224 4427 1557 4490; x_wconf 89' lang='lat' dir='ltr'><strong>conferens</strong></span> <span class='ocrx_word' id='word_1_484' title='bbox 1588 4427 1851 4492; x_wconf 89' lang='lat' dir='ltr'><strong>infirmo</strong></span> 
     </span>
     <span class='ocr_line' id='line_1_74' title="bbox 350 4526 1849 4610; baseline -0.002 -17"><span class='ocrx_word' id='word_1_485' title='bbox 350 4527 711 4593; x_wconf 89' lang='lat' dir='ltr'><strong>remedium</strong></span> <span class='ocrx_word' id='word_1_486' title='bbox 762 4536 981 4590; x_wconf 88' lang='lat' dir='ltr'><strong>contra</strong></span> <span class='ocrx_word' id='word_1_487' title='bbox 1027 4528 1269 4610; x_wconf 89' lang='lat' dir='ltr'><strong>peccati</strong></span> <span class='ocrx_word' id='word_1_488' title='bbox 1317 4526 1641 4609; x_wconf 78' lang='lat' dir='ltr'><strong>reliquiaS,</strong></span> <span class='ocrx_word' id='word_1_489' title='bbox 1686 4535 1747 4590; x_wconf 88' lang='lat' dir='ltr'><strong>et</strong></span> <span class='ocrx_word' id='word_1_490' title='bbox 1794 4528 1849 4590; x_wconf 93' lang='lat' dir='ltr'><strong>si</strong></span> 
     </span>
     <span class='ocr_line' id='line_1_75' title="bbox 350 4625 1850 4710; baseline -0.003 -18"><span class='ocrx_word' id='word_1_491' title='bbox 350 4626 671 4710; x_wconf 81' lang='lat' dir='ltr'><strong>expediat,</strong></span> <span class='ocrx_word' id='word_1_492' title='bbox 696 4625 1167 4688; x_wconf 89' lang='lat' dir='ltr'><strong>alleviationem</strong></span> <span class='ocrx_word' id='word_1_493' title='bbox 1204 4625 1413 4688; x_wconf 91' lang='lat' dir='ltr'><strong>ferens</strong></span> <span class='ocrx_word' id='word_1_494' title='bbox 1444 4625 1729 4708; x_wconf 88' lang='lat' dir='ltr'><strong>corporis</strong></span> <span class='ocrx_word' id='word_1_495' title='bbox 1758 4626 1850 4688; x_wconf 88' lang='lat' dir='ltr'><strong>in·</strong></span> 
     </span>
     <span class='ocr_line' id='line_1_76' title="bbox 348 4722 1847 4806; baseline -0.002 -17"><span class='ocrx_word' id='word_1_496' title='bbox 348 4725 666 4789; x_wconf 82' lang='lat' dir='ltr'><strong>firmitati.</strong></span> <span class='ocrx_word' id='word_1_497' title='bbox 702 4725 847 4788; x_wconf 83' lang='lat' dir='ltr'><strong>Haec</strong></span> <span class='ocrx_word' id='word_1_498' title='bbox 888 4722 1204 4786; x_wconf 85' lang='lat' dir='ltr'><strong>Albertus.</strong></span> <span class='ocrx_word' id='word_1_499' title='bbox 1238 4760 1319 4770; x_wconf 96' lang='lat'>—</span> <span class='ocrx_word' id='word_1_500' title='bbox 1345 4724 1581 4786; x_wconf 84' lang='lat' dir='ltr'><strong>Verum</strong></span> <span class='ocrx_word' id='word_1_501' title='bbox 1619 4724 1847 4806; x_wconf 89' lang='lat' dir='ltr'><strong>allega-</strong></span> 
     </span>
     <span class='ocr_line' id='line_1_77' title="bbox 348 4821 1851 4903; baseline -0.002 -15"><span class='ocrx_word' id='word_1_502' title='bbox 348 4826 437 4888; x_wconf 88' lang='lat' dir='ltr'><strong>tio</strong></span> <span class='ocrx_word' id='word_1_503' title='bbox 472 4823 581 4887; x_wconf 88' lang='lat' dir='ltr'><strong>illa</strong></span> <span class='ocrx_word' id='word_1_504' title='bbox 610 4843 687 4885; x_wconf 87' lang='lat' dir='ltr'><strong>ex</strong></span> <span class='ocrx_word' id='word_1_505' title='bbox 719 4821 1051 4903; x_wconf 87' lang='lat' dir='ltr'><strong>evangelio</strong></span> <span class='ocrx_word' id='word_1_506' title='bbox 1089 4822 1418 4885; x_wconf 88' lang='lat' dir='ltr'><strong>Nicodemi</strong></span> <span class='ocrx_word' id='word_1_507' title='bbox 1459 4821 1709 4884; x_wconf 90' lang='lat' dir='ltr'><strong>nullum</strong></span> <span class='ocrx_word' id='word_1_508' title='bbox 1745 4823 1851 4886; x_wconf 88' lang='lat' dir='ltr'><strong>ha-</strong></span> 
     </span>
     <span class='ocr_line' id='line_1_78' title="bbox 348 4921 1849 5003; baseline -0.002 -15"><span class='ocrx_word' id='word_1_509' title='bbox 348 4924 459 4988; x_wconf 90' lang='lat' dir='ltr'><strong>bet</strong></span> <span class='ocrx_word' id='word_1_510' title='bbox 494 4923 805 4996; x_wconf 90' lang='lat' dir='ltr'><strong>valorem,</strong></span> <span class='ocrx_word' id='word_1_511' title='bbox 840 4921 991 5003; x_wconf 86' lang='lat' dir='ltr'><strong>quia</strong></span> <span class='ocrx_word' id='word_1_512' title='bbox 1030 4921 1435 5002; x_wconf 90' lang='lat' dir='ltr'><strong>evangelium</strong></span> <span class='ocrx_word' id='word_1_513' title='bbox 1482 4921 1638 4983; x_wconf 90' lang='lat' dir='ltr'><strong>illud</strong></span> <span class='ocrx_word' id='word_1_514' title='bbox 1684 4921 1849 4985; x_wconf 90' lang='lat' dir='ltr'><strong>inter</strong></span> 
     </span>
     <span class='ocr_line' id='line_1_79' title="bbox 349 5021 1180 5106; baseline -0.005 -20"><span class='ocrx_word' id='word_1_515' title='bbox 349 5021 717 5106; x_wconf 82' lang='lat' dir='ltr'><strong>apocrypha</strong></span> <span class='ocrx_word' id='word_1_516' title='bbox 758 5027 1180 5103; x_wconf 87' lang='lat' dir='ltr'><strong>computatur.</strong></span> 
     </span>
    </p>

    <p class='ocr_par' dir='ltr' id='par_1_16' title="bbox 351 5119 1850 5399">
     <span class='ocr_line' id='line_1_80' title="bbox 430 5119 1849 5200; baseline -0.003 -15"><span class='ocrx_word' id='word_1_517' title='bbox 430 5123 737 5185; x_wconf 82' lang='lat' dir='ltr'><strong>Praeterea</strong></span> <span class='ocrx_word' id='word_1_518' title='bbox 764 5119 1204 5182; x_wconf 88' lang='lat' dir='ltr'><strong>Bonaventura</strong></span> <span class='ocrx_word' id='word_1_519' title='bbox 1230 5119 1695 5192; x_wconf 88' lang='lat' dir='ltr'><strong>:Quorumdam</strong></span> <span class='ocrx_word' id='word_1_520' title='bbox 1724 5119 1849 5200; x_wconf 87' lang='lat' dir='ltr'><strong>(in-</strong></span> 
     </span>
     <span class='ocr_line' id='line_1_81' title="bbox 352 5215 1849 5302; baseline -0.001 -20"><span class='ocrx_word' id='word_1_521' title='bbox 352 5221 518 5302; x_wconf 89' lang='lat' dir='ltr'><strong>quit)</strong></span> <span class='ocrx_word' id='word_1_522' title='bbox 566 5217 785 5301; x_wconf 90' lang='lat' dir='ltr'><strong>opinio</strong></span> <span class='ocrx_word' id='word_1_523' title='bbox 833 5216 977 5292; x_wconf 89' lang='lat' dir='ltr'><strong>fuit,</strong></span> <span class='ocrx_word' id='word_1_524' title='bbox 1025 5223 1495 5280; x_wconf 90' lang='lat' dir='ltr'><strong>sacramentum</strong></span> <span class='ocrx_word' id='word_1_525' title='bbox 1544 5215 1663 5279; x_wconf 91' lang='lat' dir='ltr'><strong>hoc</strong></span> <span class='ocrx_word' id='word_1_526' title='bbox 1710 5235 1849 5280; x_wconf 90' lang='lat' dir='ltr'><strong>esse</strong></span> 
     </span>
     <span class='ocr_line' id='line_1_82' title="bbox 351 5313 1850 5399; baseline -0.001 -17"><span class='ocrx_word' id='word_1_527' title='bbox 351 5318 716 5382; x_wconf 87' lang='lat' dir='ltr'><strong>ordinatum</strong></span> <span class='ocrx_word' id='word_1_528' title='bbox 777 5313 1221 5399; x_wconf 87' lang='lat' dir='ltr'><strong>principaliter</strong></span> <span class='ocrx_word' id='word_1_529' title='bbox 1276 5322 1493 5378; x_wconf 90' lang='lat' dir='ltr'><strong>contra</strong></span> <span class='ocrx_word' id='word_1_530' title='bbox 1548 5315 1850 5398; x_wconf 87' lang='lat' dir='ltr'><strong>reliquias</strong></span> 
     </span>
    </p>
   </div>
   <div class='ocr_carea' id='block_1_15' title="bbox 608 5449 791 5501">
    <p class='ocr_par' dir='ltr' id='par_1_17' title="bbox 608 5449 791 5501">
     <span class='ocr_line' id='line_1_83' title="bbox 608 5449 791 5501; baseline -0.005 0"><span class='ocrx_word' id='word_1_531' title='bbox 608 5449 673 5501; x_wconf 80' lang='lat' dir='ltr'><strong>T.</strong></span> <span class='ocrx_word' id='word_1_532' title='bbox 708 5450 791 5500; x_wconf 78' lang='lat'><strong>24.</strong></span> 
     </span>
    </p>
   </div>
   <div class='ocr_carea' id='block_1_16' title="bbox 1955 4323 3460 4803">
    <p class='ocr_par' dir='ltr' id='par_1_18' title="bbox 1955 4323 3460 4803">
     <span class='ocr_line' id='line_1_84' title="bbox 1960 4323 3460 4408; baseline 0.003 -20"><span class='ocrx_word' id='word_1_533' title='bbox 1960 4324 2105 4388; x_wconf 88' lang='lat' dir='ltr'><strong>tatis</strong></span> <span class='ocrx_word' id='word_1_534' title='bbox 2134 4323 2476 4398; x_wconf 88' lang='lat' dir='ltr'><strong>fervorem,</strong></span> <span class='ocrx_word' id='word_1_535' title='bbox 2510 4341 2588 4386; x_wconf 93' lang='lat' dir='ltr'><strong>eo</strong></span> <span class='ocrx_word' id='word_1_536' title='bbox 2617 4324 2787 4406; x_wconf 90' lang='lat' dir='ltr'><strong>quod</strong></span> <span class='ocrx_word' id='word_1_537' title='bbox 2829 4324 3029 4386; x_wconf 82' lang='lat' dir='ltr'><strong>mixta</strong></span> <span class='ocrx_word' id='word_1_538' title='bbox 3056 4324 3140 4388; x_wconf 87' lang='lat' dir='ltr'><strong>sit</strong></span> <span class='ocrx_word' id='word_1_539' title='bbox 3167 4328 3460 4408; x_wconf 79' lang='lat' dir='ltr'><strong>quaedam</strong></span> 
     </span>
     <span class='ocr_line' id='line_1_85' title="bbox 1957 4423 3455 4492; baseline 0.003 -5"><span class='ocrx_word' id='word_1_540' title='bbox 1957 4425 2204 4487; x_wconf 89' lang='lat' dir='ltr'><strong>aversio</strong></span> <span class='ocrx_word' id='word_1_541' title='bbox 2232 4423 2590 4486; x_wconf 85' lang='lat' dir='ltr'><strong>inordinata</strong></span> <span class='ocrx_word' id='word_1_542' title='bbox 2617 4423 2694 4486; x_wconf 86' lang='lat' dir='ltr'><strong>ad</strong></span> <span class='ocrx_word' id='word_1_543' title='bbox 2725 4423 3172 4487; x_wconf 87' lang='lat' dir='ltr'><strong>commutabile</strong></span> <span class='ocrx_word' id='word_1_544' title='bbox 3201 4425 3455 4492; x_wconf 86' lang='lat' dir='ltr'><strong>bonum.</strong></span> 
     </span>
     <span class='ocr_line' id='line_1_86' title="bbox 1959 4522 3458 4606; baseline 0.004 -22"><span class='ocrx_word' id='word_1_545' title='bbox 1959 4524 2295 4605; x_wconf 87' lang='lat' dir='ltr'><strong>Quumque</strong></span> <span class='ocrx_word' id='word_1_546' title='bbox 2344 4522 2591 4584; x_wconf 89' lang='lat' dir='ltr'><strong>curatio</strong></span> <span class='ocrx_word' id='word_1_547' title='bbox 2637 4522 2720 4584; x_wconf 88' lang='lat' dir='ltr'><strong>sit</strong></span> <span class='ocrx_word' id='word_1_548' title='bbox 2765 4522 3002 4585; x_wconf 89' lang='lat' dir='ltr'><strong>directe</strong></span> <span class='ocrx_word' id='word_1_549' title='bbox 3051 4542 3166 4606; x_wconf 90' lang='lat' dir='ltr'><strong>per</strong></span> <span class='ocrx_word' id='word_1_550' title='bbox 3211 4534 3458 4590; x_wconf 89' lang='lat' dir='ltr'><strong>contra-</strong></span> 
     </span>
     <span class='ocr_line' id='line_1_87' title="bbox 1958 4619 3452 4706; baseline 0.003 -22"><span class='ocrx_word' id='word_1_551' title='bbox 1958 4622 2152 4696; x_wconf 86' lang='lat' dir='ltr'><strong>rium,</strong></span> <span class='ocrx_word' id='word_1_552' title='bbox 2185 4620 2449 4684; x_wconf 90' lang='lat' dir='ltr'><strong>morbus</strong></span> <span class='ocrx_word' id='word_1_553' title='bbox 2492 4619 2612 4683; x_wconf 90' lang='lat' dir='ltr'><strong>iste</strong></span> <span class='ocrx_word' id='word_1_554' title='bbox 2656 4639 2772 4702; x_wconf 93' lang='lat' dir='ltr'><strong>per</strong></span> <span class='ocrx_word' id='word_1_555' title='bbox 2812 4620 2934 4685; x_wconf 88' lang='lat' dir='ltr'><strong>boc</strong></span> <span class='ocrx_word' id='word_1_556' title='bbox 2981 4630 3241 4685; x_wconf 88' lang='lat' dir='ltr'><strong>curatur</strong></span> <span class='ocrx_word' id='word_1_557' title='bbox 3281 4625 3452 4706; x_wconf 90' lang='lat' dir='ltr'><strong>quod</strong></span> 
     </span>
     <span class='ocr_line' id='line_1_88' title="bbox 1955 4717 3452 4803; baseline 0.001 -19"><span class='ocrx_word' id='word_1_558' title='bbox 1955 4721 2236 4784; x_wconf 90' lang='lat' dir='ltr'><strong>animam</strong></span> <span class='ocrx_word' id='word_1_559' title='bbox 2266 4726 2666 4801; x_wconf 84' lang='lat' dir='ltr'><strong>aggravatam</strong></span> <span class='ocrx_word' id='word_1_560' title='bbox 2697 4737 2952 4781; x_wconf 89' lang='lat' dir='ltr'><strong>sursum</strong></span> <span class='ocrx_word' id='word_1_561' title='bbox 2993 4717 3161 4783; x_wconf 87' lang='lat' dir='ltr'><strong>levat</strong></span> <span class='ocrx_word' id='word_1_562' title='bbox 3192 4739 3308 4803; x_wconf 89' lang='lat' dir='ltr'><strong>per</strong></span> <span class='ocrx_word' id='word_1_563' title='bbox 3345 4723 3452 4786; x_wconf 90' lang='lat' dir='ltr'><strong>de·</strong></span> 
     </span>
    </p>
   </div>
   <div class='ocr_carea' id='block_1_17' title="bbox 1955 4819 3743 4906">
    <p class='ocr_par' dir='ltr' id='par_1_19' title="bbox 1955 4819 3743 4906">
     <span class='ocr_line' id='line_1_89' title="bbox 1955 4819 3743 4906; baseline 0.003 -23"><span class='ocrx_word' id='word_1_564' title='bbox 1955 4820 2298 4884; x_wconf 90' lang='lat' dir='ltr'><strong>votionem.</strong></span> <span class='ocrx_word' id='word_1_565' title='bbox 2335 4819 2412 4881; x_wconf 86' lang='lat' dir='ltr'><strong>Et</strong></span> <span class='ocrx_word' id='word_1_566' title='bbox 2437 4819 2741 4900; x_wconf 89' lang='lat' dir='ltr'><strong>quoniam</strong></span> <span class='ocrx_word' id='word_1_567' title='bbox 2771 4819 3186 4901; x_wconf 89' lang='lat' dir='ltr'><strong>corruptibile</strong></span> <span class='ocrx_word' id='word_1_568' title='bbox 3218 4838 3451 4904; x_wconf 84' lang='lat' dir='ltr'><strong>corpus</strong></span> <span class='ocrx_word' id='word_1_569' title='bbox 3477 4848 3658 4906; x_wconf 54' lang='grc' dir='ltr'><strong>εφη,</strong></span> <span class='ocrx_word' id='word_1_570' title='bbox 3677 4851 3743 4894; x_wconf 66' lang='grc' dir='ltr'><strong>ιε.</strong></span> 
     </span>
    </p>
   </div>
   <div class='ocr_carea' id='block_1_18' title="bbox 1957 4917 3456 5397">
    <p class='ocr_par' dir='ltr' id='par_1_20' title="bbox 1957 4917 3456 5397">
     <span class='ocr_line' id='line_1_90' title="bbox 1957 4917 3455 5001; baseline 0.002 -20"><span class='ocrx_word' id='word_1_571' title='bbox 1957 4925 2255 5001; x_wconf 85' lang='lat' dir='ltr'><strong>aggravat</strong></span> <span class='ocrx_word' id='word_1_572' title='bbox 2287 4918 2568 4981; x_wconf 91' lang='lat' dir='ltr'><strong>animam</strong></span> <span class='ocrx_word' id='word_1_573' title='bbox 2601 4935 2617 4979; x_wconf 72' lang='grc' dir='ltr'>ε</span> <span class='ocrx_word' id='word_1_574' title='bbox 2649 4936 2850 4999; x_wconf 89' lang='lat' dir='ltr'><strong>quum</strong></span> <span class='ocrx_word' id='word_1_575' title='bbox 2891 4917 3060 4980; x_wconf 88' lang='lat' dir='ltr'><strong>istud</strong></span> <span class='ocrx_word' id='word_1_576' title='bbox 3099 4937 3455 4984; x_wconf 90' lang='lat' dir='ltr'><strong>sacramen·</strong></span> 
     </span>
     <span class='ocr_line' id='line_1_91' title="bbox 1957 5016 3456 5100; baseline 0.003 -20"><span class='ocrx_word' id='word_1_577' title='bbox 1957 5026 2093 5081; x_wconf 90' lang='lat' dir='ltr'><strong>tum</strong></span> <span class='ocrx_word' id='word_1_578' title='bbox 2134 5018 2220 5080; x_wconf 91' lang='lat' dir='ltr'><strong>sit</strong></span> <span class='ocrx_word' id='word_1_579' title='bbox 2256 5018 2334 5080; x_wconf 92' lang='lat' dir='ltr'><strong>ad</strong></span> <span class='ocrx_word' id='word_1_580' title='bbox 2377 5016 2757 5080; x_wconf 89' lang='lat' dir='ltr'><strong>elevandum</strong></span> <span class='ocrx_word' id='word_1_581' title='bbox 2796 5016 3077 5079; x_wconf 90' lang='lat' dir='ltr'><strong>animam</strong></span> <span class='ocrx_word' id='word_1_582' title='bbox 3116 5036 3232 5100; x_wconf 90' lang='lat' dir='ltr'><strong>per</strong></span> <span class='ocrx_word' id='word_1_583' title='bbox 3268 5019 3456 5084; x_wconf 88' lang='lat' dir='ltr'><strong>devo-</strong></span> 
     </span>
     <span class='ocr_line' id='line_1_92' title="bbox 1958 5113 3450 5198; baseline 0.001 -18"><span class='ocrx_word' id='word_1_584' title='bbox 1958 5117 2220 5190; x_wconf 87' lang='lat' dir='ltr'><strong>tionem,</strong></span> <span class='ocrx_word' id='word_1_585' title='bbox 2271 5114 2337 5177; x_wconf 89' lang='lat' dir='ltr'><strong>in</strong></span> <span class='ocrx_word' id='word_1_586' title='bbox 2386 5133 2514 5196; x_wconf 88' lang='lat' dir='ltr'><strong>qua</strong></span> <span class='ocrx_word' id='word_1_587' title='bbox 2568 5113 2782 5177; x_wconf 86' lang='lat' dir='ltr'><strong>anima</strong></span> <span class='ocrx_word' id='word_1_588' title='bbox 2827 5114 3056 5198; x_wconf 90' lang='lat' dir='ltr'><strong>recipit</strong></span> <span class='ocrx_word' id='word_1_589' title='bbox 3108 5117 3450 5198; x_wconf 88' lang='lat' dir='ltr'><strong>quemdam</strong></span> 
     </span>
     <span class='ocr_line' id='line_1_93' title="bbox 1960 5213 3455 5298; baseline 0 -18"><span class='ocrx_word' id='word_1_590' title='bbox 1960 5216 2264 5298; x_wconf 89' lang='lat' dir='ltr'><strong>vigorem,</strong></span> <span class='ocrx_word' id='word_1_591' title='bbox 2299 5213 2364 5276; x_wconf 91' lang='lat' dir='ltr'><strong>in</strong></span> <span class='ocrx_word' id='word_1_592' title='bbox 2409 5230 2538 5296; x_wconf 91' lang='lat' dir='ltr'><strong>quo</strong></span> <span class='ocrx_word' id='word_1_593' title='bbox 2580 5231 2835 5295; x_wconf 87' lang='lat' dir='ltr'><strong>semper</strong></span> <span class='ocrx_word' id='word_1_594' title='bbox 2870 5221 2968 5276; x_wconf 91' lang='lat' dir='ltr'><strong>est</strong></span> <span class='ocrx_word' id='word_1_595' title='bbox 3014 5215 3303 5296; x_wconf 79' lang='lat' dir='ltr'><strong>quaedam</strong></span> <span class='ocrx_word' id='word_1_596' title='bbox 3352 5235 3455 5280; x_wconf 91' lang='lat' dir='ltr'><strong>ve-</strong></span> 
     </span>
     <span class='ocr_line' id='line_1_94' title="bbox 1959 5311 3454 5397; baseline -0.001 -19"><span class='ocrx_word' id='word_1_597' title='bbox 1959 5315 2224 5378; x_wconf 89' lang='lat' dir='ltr'><strong>nialium</strong></span> <span class='ocrx_word' id='word_1_598' title='bbox 2275 5311 2530 5387; x_wconf 88' lang='lat' dir='ltr'><strong>deleti0,</strong></span> <span class='ocrx_word' id='word_1_599' title='bbox 2571 5311 2624 5374; x_wconf 88' lang='lat' dir='ltr'><strong>si</strong></span> <span class='ocrx_word' id='word_1_600' title='bbox 2672 5311 2802 5374; x_wconf 87' lang='lat' dir='ltr'><strong>sint</strong></span> <span class='ocrx_word' id='word_1_601' title='bbox 2851 5311 2914 5374; x_wconf 91' lang='lat' dir='ltr'><strong>in</strong></span> <span class='ocrx_word' id='word_1_602' title='bbox 2963 5313 3196 5388; x_wconf 90' lang='lat' dir='ltr'><strong>anima,</strong></span> <span class='ocrx_word' id='word_1_603' title='bbox 3227 5322 3295 5376; x_wconf 91' lang='lat' dir='ltr'><strong>et</strong></span> <span class='ocrx_word' id='word_1_604' title='bbox 3339 5333 3454 5397; x_wconf 97' lang='lat' dir='ltr'><strong>per</strong></span> 
     </span>
    </p>
   </div>
   <div class='ocr_carea' id='block_1_19' title="bbox 3143 5447 3206 5498">
    <p class='ocr_par' dir='ltr' id='par_1_21' title="bbox 3143 5447 3206 5498">
     <span class='ocr_line' id='line_1_95' title="bbox 3143 5447 3206 5498; baseline 0 0"><span class='ocrx_word' id='word_1_605' title='bbox 3143 5447 3206 5498; x_wconf 80' lang='lat'><strong>38</strong></span> 
     </span>
    </p>
   </div>
  </div>
 </body>
</html>
