4267 6250
775 480 905 549 226.

1415 498 1480 544 ΙΝ
1519 497 1743 544 mmm(
1783 497 1844 542 lv
1887 491 2374 542 summanum
2411 508 2495 522 -
2534 491 2687 538 msr.
2729 491 2879 552 V1113
2920 489 3145 548 QUAEST.
3186 490 3249 534 vl

775 676 882 732 tur
923 688 1066 752 quae
1107 674 1258 732 sunt
1297 668 1376 731 de
1420 666 1777 731 substantia
1818 666 2072 746 formae3
2106 682 2273 746 quae-
2304 661 2355 726 A
2387 660 2756 725 secrationis
2818 659 3149 742 sanguinis
3208 657 3437 742 posita,
3498 673 3701 739 usque
3762 654 3887 728 ibi,

777 767 922 830 dam
981 786 1133 831 vero
1191 785 1318 830 non
1380 774 1530 830 sunt
1584 765 1662 828 de
1725 764 2099 838 substantia,
2162 762 2273 824 sed

774 874 1102 949 ponuntur
1129 867 1207 929 ad
1237 864 1672 940 ornatum,vel
1701 865 1778 927 ad
1807 862 2275 927 ostendendum

775 965 1154 1028 sacramenti
1185 983 1397 1037 usum,
1429 963 1530 1027 vel
1561 963 1958 1044 dignitatem,
1989 968 2098 1024 aut
2131 959 2275 1022 effi-

777 1062 1098 1126 cientiam.
1118 1063 1192 1125 Et
1222 1062 1331 1126 illa
1359 1063 1493 1126 sola
1520 1062 1716 1124 verba
1743 1061 1820 1124 ad
1851 1058 2275 1122 substantiam

777 1161 1106 1242 pertinent,
1121 1181 1262 1243 quae
1290 1160 1660 1242 significant
1688 1158 2083 1242 praesentiam
2105 1157 2278 1222 Chri-

777 1259 858 1321 sti
901 1258 1022 1321 sub
1071 1259 1286 1342 specie
1329 1258 1563 1321 virtute
1613 1257 2067 1322 conversionis.
2102 1257 2277 1330 Quae-

775 1356 923 1419 dam
953 1374 1106 1420 vero
1132 1357 1211 1419 ad
1240 1356 1598 1420 efficaciam
1629 1355 2279 1439 pertinent,ut,AEter-

777 1454 844 1516 ni
895 1454 1276 1516 testamenti.
1319 1489 1400 1500 -—
1439 1455 1582 1518 Haec
1629 1455 1868 1517 Petrus.
1921 1453 1988 1515 In
2037 1451 2275 1534 quibus

777 1551 1029 1614 videtur
1057 1551 1314 1626 sentire,
1339 1551 1508 1635 quod
1538 1552 1746 1615 forma
1781 1549 2275 1615 consecrationis

776 1650 1104 1730 sanguinis
1149 1650 1454 1713 consistat
1495 1649 1918 1712 essentialiter
1955 1648 2163 1711 solum
2208 1647 2273 1709 in

777 1747 990 1830 verbis
1036 1748 1198 1822 istis,
1231 1748 1344 1810 Hic
1391 1756 1488 1810 est
1537 1748 1701 1810 calix
1743 1747 2072 1828 sanguinis
2119 1745 2269 1808 mei.

2386 761 2531 824 Haec
2568 759 3119 843 quotiescumque,
3150 766 3297 830 etc.,
3330 757 3459 820 sint
3496 757 3576 819 de
3608 754 3895 818 essentia

2387 858 2609 923 formae
2652 857 3166 922 consecrationis.
3208 856 3657 918 Verumtamen
3700 852 3889 926 alibi,

2389 963 2541 1039 puta
2582 957 2647 1018 in
2687 956 2853 1020 libro
2890 957 2969 1019 de
3012 955 3216 1029 Missa,
3249 953 3350 1016 vel
3396 953 3463 1014 in
3508 953 3767 1016 Summa
3806 951 3897 1013 de

2389 1072 2653 1136 corpore
2692 1054 2945 1128 Christi,
2978 1053 3234 1136 scripsit
3270 1051 3442 1134 quod
3478 1050 3641 1112 nihil
3679 1049 3761 1113 sit
3806 1049 3893 1112 de

2388 1153 2664 1215 essentia
2694 1152 2912 1216 formae
2952 1152 3159 1227 istius,
3191 1151 3314 1214 nisi
3355 1150 3491 1212 haec
3523 1148 3735 1222 verba,
3768 1147 3891 1210 Hic

2388 1258 2487 1314 est
2516 1251 2677 1314 calix
2709 1251 3038 1332 sanguinis
3069 1250 3215 1312 mei.
3250 1249 3427 1312 Unde
3464 1247 3773 1310 Henricus
3805 1246 3891 1308 de

2388 1349 2629 1423 Hassia,
2662 1350 2728 1412 in
2767 1356 3034 1412 tractatu
3065 1367 3182 1412 suo
3210 1347 3287 1410 de
3318 1345 3715 1429 expositione
3742 1345 3893 1406 Mis-

2388 1467 2495 1522 sae,
2529 1455 2742 1510 narrat
2776 1447 3145 1529 opinionem
3178 1444 3418 1509 Alberti
3460 1444 3679 1516 fuisse,
3713 1442 3889 1525 quod

2389 1545 2523 1608 haec
2580 1545 2713 1609 sola
2760 1545 2975 1620 verba,
3027 1545 3141 1608 Hic
3190 1551 3287 1607 est
3343 1543 3505 1606 calix
3554 1541 3889 1622 sanguinis

2388 1644 2538 1716 mei,
2590 1643 2719 1706 sint
2763 1642 2969 1706 forma
3015 1641 3507 1706 consecrationis
3554 1639 3889 1720 sanguinis

2387 1741 2641 1805 Christi.

774 1845 964 1908 Addit
993 1863 1249 1929 quoque
1282 1865 1296 1908 :
1330 1846 1505 1922 Puto,
1530 1845 1701 1928 quod
1730 1845 2032 1926 quaelibet
2069 1843 2275 1907 forma
2310 1840 2357 1902 B
2466 1841 2733 1922 Insuper
2772 1839 2995 1902 Scotus
3028 1857 3043 1900 :
3077 1839 3165 1902 De
3194 1837 3409 1901 verbis
3436 1836 3702 1919 (inquit)
3736 1853 3891 1898 con·

773 1943 853 2006 ab
881 1943 1292 2026 Evangelistis
1315 1963 1428 2008 seu
1451 1943 1766 2026 Apostolis
1789 1943 2033 2014 tradita,
2049 1943 2133 2004 sit
2157 1941 2277 2004 for-

777 2060 880 2104 ma
909 2042 1228 2116 Ecclesiae,
1263 2043 1350 2104 ita
1380 2042 1550 2124 quod
1591 2042 1658 2104 in
1699 2043 1837 2124 ipsa
1875 2048 2089 2124 posset
2127 2056 2273 2102 con-

776 2141 1032 2216 secrari,
1067 2141 1120 2203 si
1156 2141 1436 2222 placeret
1468 2141 1768 2204 Ecclesiae
1803 2158 1816 2202 :
1851 2139 2021 2222 quod
2061 2147 2273 2202 tamen

777 2256 904 2301 non
937 2238 1126 2302 debet
1155 2238 1597 2322 fieri,propter
1625 2238 2090 2302 ordinationem
2121 2237 2275 2320 ipsi·

778 2356 874 2400 us.
903 2373 986 2384 —
1013 2338 1212 2402 Graeci
1252 2355 1404 2404 vero
1447 2346 1714 2401 utuntur
1747 2339 1847 2418 (ut
1887 2337 2120 2419 fertur)
2156 2336 2275 2400 hac

777 2435 982 2500 forma
1017 2437 1178 2499 :Hic
1221 2444 1318 2500 est
1362 2437 1620 2518 sanguis
1658 2455 1840 2499 meus
1889 2435 2038 2499 novi
2084 2443 2273 2498 testa-

777 2535 1000 2608 menti,
1035 2553 1150 2617 pro
1179 2534 1362 2598 vobis
1401 2543 1466 2598 et
1505 2552 1621 2617 pro
1661 2534 1879 2597 multis
1917 2532 2169 2596 effusus
2209 2533 2274 2596 in

774 2631 1218 2696 remissionem
1277 2640 1684 2715 peccatorum
1737 2650 1751 2696 ε
1801 2651 1996 2714 quam
2045 2631 2275 2694 Paulus

773 2730 1095 2812 apostolus
1139 2730 1398 2793 tradidit
1437 2731 1550 2794 eis.

861 2829 1210 2892 Richardus
1276 2847 1531 2912 quoque
1587 2829 1823 2893 fatetur
1889 2849 1956 2892 se
2015 2829 2274 2892 credere

773 2928 942 3009 quod
986 2928 1051 2990 in
1096 2927 1386 3009 qualibet
1429 2927 1636 2991 forma
1674 2928 1756 2991 ab
1797 2928 2116 3010 Apostolis
2165 2934 2275 2990 aut

774 3123 946 3187 niam
994 3123 1058 3187 in
1104 3123 1424 3187 subtantia
1471 3126 1692 3189 eadem
1734 3133 1831 3188 est
1875 3144 2021 3187 cum
2066 3123 2274 3188 forma

773 3229 987 3285 nostra
1021 3238 1036 3285 ε
1068 3222 1224 3285 alias
1268 3222 1466 3285 Graeci
1511 3240 1640 3285 non
1688 3230 2150 3285 consecrarent.
2193 3256 2274 3267 -—

772 3319 1007 3393 Quaerit
1034 3337 1290 3402 quoque
1321 3320 1690 3394 RicharduS,
1723 3340 1802 3383 an
1833 3322 2038 3383 virtus
2075 3328 2274 3383 trans—

773 3415 1258 3481 substantiativa
1286 3436 1400 3499 per
1430 3418 1608 3501 prius
1647 3419 1948 3501 respiciat
1985 3419 2273 3482 sacerdo-

773 3522 930 3590 tem,
961 3534 1153 3597 quam
1193 3516 1388 3579 verba
1431 3534 1542 3579 seu
1587 3516 1859 3580 formam
1902 3517 2265 3581 verborum.

775 3613 851 3675 Et
898 3614 1054 3677 dicit
1103 3616 1270 3696 quod
1319 3616 1735 3690 sacerdotem,
1768 3634 1962 3697 quem
2010 3616 2274 3698 respicit

774 3722 1222 3794 permanenter
1251 3714 1494 3777 ratione
1523 3714 1924 3777 characteris,
1940 3712 2147 3777 Verba
2173 3732 2273 3777 ve-

775 3828 844 3873 ro
875 3811 1138 3893 respicit
1164 3818 1588 3886 transeunter,
1623 3812 1789 3875 sicut
1816 3818 1880 3875 et
1908 3811 2104 3875 verba
2131 3830 2273 3895 per-

775 3917 1124 3973 transeunt.
1177 3911 1480 3975 Sacerdos
1539 3928 1795 3993 quoque
1851 3910 2274 3993 propinquior

773 4016 838 4069 et
873 4007 1146 4073 similior
1181 4015 1279 4070 est
1322 4008 1662 4091 principali
1706 4008 1938 4090 agenti,
1973 4008 2274 4071 videlicet

773 4104 1043 4180 christu,
1093 4125 1288 4188 quam
1336 4104 1532 4169 verba
1577 4122 1591 4167 :
1639 4106 1769 4168 imo
1817 4112 1881 4169 et
1927 4106 2271 4169 verborum

2386 1938 2759 2002 secrationis
2796 1937 3146 2019 sanguiniS,
3178 1944 3276 1999 est
3304 1934 3655 1998 difficultas
3683 1953 3889 2016 quan-

2384 2042 2522 2098 tum
2551 2035 2631 2098 ad
2661 2034 2805 2098 duo.
2826 2035 3109 2097 Primum
3140 2042 3256 2109 est,
3277 2032 3582 2115 quoniam
3610 2030 3891 2094 formam

2384 2153 2511 2215 qua
2540 2134 2802 2207 utimur,
2826 2132 3043 2196 nullus
3073 2131 3621 2214 Evangelistarum
3651 2129 3891 2192 descri-

2385 2233 2534 2315 psit,
2567 2240 2631 2294 et
2669 2231 2868 2296 Graeci
2915 2231 3037 2294 alia
3079 2231 3286 2294 forma
3330 2237 3616 2293 utuntur.
3650 2229 3892 2292 Secun-

2385 2330 2538 2393 dum
2582 2329 2851 2393 dubium
2900 2337 3018 2405 est,
3050 2348 3130 2392 an
3178 2329 3394 2392 omnia
3438 2327 3633 2392 verba
3678 2345 3890 2408 usque

2388 2428 2500 2504 ihi,
2534 2429 2676 2492 Haec
2719 2429 3271 2511 quotiescumque,
3311 2436 3459 2502 etc.,
3492 2427 3621 2489 sint
3663 2426 3741 2488 de
3784 2443 3889 2488 es-

2385 2528 2589 2592 sentia
2626 2527 2866 2591 formae.
2915 2527 3231 2602 Quantum
3277 2525 3357 2588 ad
3407 2525 3713 2608 primum,
3748 2541 3888 2586 cer-

2384 2632 2523 2688 tum
2567 2634 2663 2688 est
2709 2626 2879 2708 quod
2924 2625 3091 2688 bona
3133 2626 3214 2688 sit
3256 2632 3471 2688 nostra
3512 2624 3737 2688 forma.
3780 2623 3891 2686 Di-

2385 2725 2553 2786 citur
2598 2725 2791 2787 etiam
2837 2724 3041 2788 forma
3082 2731 3317 2798 nostra,
3349 2731 3413 2786 et
3460 2739 3889 2807 quaecumque

2384 2823 2590 2888 forma
2632 2825 2698 2887 in
2748 2824 3091 2906 Evangelio
3140 2823 3398 2906 scripta,
3429 2822 3505 2885 ad
3555 2839 3891 2885 consecra-

2385 2922 2625 2986 tionem
2670 2922 3042 3002 sufficiens;
3072 2930 3288 2985 tamen
3334 2921 3399 2984 in
3444 2921 3723 2983 Romana
3770 2920 3888 2982 Ec-

641 3057 654 3064 ·
775 3024 1192 3106 Evangelistis
1251 3025 1500 3100 tradita,
1547 3025 1781 3089 confici
1833 3033 2066 3107 posset,
2117 3041 2271 3107 quo-
2311 3023 2353 3086 C
2386 3021 2581 3084 clesia
2626 3021 2704 3084 de
2754 3021 3128 3084 necessitate
3184 3019 3409 3083 salutis
3462 3018 3738 3081 ministri
3786 3025 3890 3080 est

2386 3120 2478 3184 uti
2516 3119 2723 3184 forma
2756 3120 3051 3185 Romanae
3092 3118 3409 3183 Ecclesiae.
3443 3118 3759 3193 Quantum
3800 3117 3887 3181 ad

2384 3220 2735 3282 secundum
2776 3220 2974 3302 aliqui
3014 3219 3259 3295 dicunt,
3290 3217 3461 3300 quod
3497 3216 3714 3280 omnia
3743 3235 3887 3279 ver-

2383 3318 2465 3381 ba
2504 3318 2615 3381 illa
2650 3318 2779 3381 sint
2821 3317 2899 3381 de
2938 3317 3142 3381 forma
3185 3316 3700 3391 consecrationiS,
3735 3333 3889 3397 pro-

2382 3423 2523 3499 pter
2572 3416 2809 3480 motiva
2855 3416 3114 3479 inducta
3150 3434 3239 3479 -ex
3286 3415 3543 3480 Thoma.
3576 3414 3699 3478 Sed
3748 3432 3882 3477 non
3914 3444 4255 3503 ennam·-

2383 3514 2773 3578 concludunt
2805 3532 2820 3576 ε
2854 3514 3007 3596 quia
3035 3513 3341 3597 possibile
3370 3522 3467 3577 est
3500 3513 3699 3576 multa
3725 3513 3881 3575 addi

2382 3611 2449 3674 in
2496 3613 2781 3676 oratione
2829 3614 3280 3686 consecrativa,
3316 3612 3555 3694 quibus
3601 3629 3727 3674 non
3774 3629 3887 3675 ex-

2383 3712 2641 3793 pressiS,
2654 3719 2783 3775 tota
2811 3712 3203 3776 consecratio
3232 3711 3660 3793 compleretur
3678 3726 3694 3772 ε
3712 3710 3885 3773 sicut

2383 3810 2669 3874 Christus
2709 3812 3019 3893 potuisset
3052 3810 3313 3885 dixisse,
3344 3810 3475 3875 Hoc
3512 3816 3609 3873 est
3646 3826 3885 3891 corpus

2384 3928 2599 3971 meum
2641 3916 3044 3992 assumptum
3085 3910 3165 3972 de
3204 3908 3482 3990 Virgine,
3514 3914 3580 3971 et
3614 3925 3886 3989 suspen-

2382 4007 2662 4070 dendum
2694 4008 2759 4071 in
2788 4026 2999 4083 cruce,
3034 4008 3201 4071 sicut
3238 4008 3400 4071 dixit
3427 4008 3506 4070 de
3542 4006 3881 4087 sanguine,

2382 4108 2496 4181 Qui
2530 4126 2645 4189 pro
2674 4107 2857 4170 vobis
2894 4115 2959 4171 et
2995 4125 3111 4189 pro
3151 4106 3373 4170 multis
3408 4105 3781 4169 effundetur
3810 4104 3883 4168 in

771 4203 1064 4267 sacerdos
1103 4212 1203 4267 est
1237 4222 1446 4267 causa.
1483 4204 1718 4287 Estque
1758 4222 1874 4286 pro
1914 4205 2132 4284 regula
2165 4204 2273 4267 ob·
2300 4206 2351 4269 D
2383 4206 2825 4269 remissionem
2857 4213 3279 4288 peccatorum.
3297 4205 3373 4268 Et
3400 4205 3695 4287 quamvis
3726 4212 3883 4267 tunc

771 4301 1176 4376 servandum,
1195 4302 1365 4384 quod
1391 4300 1646 4383 quando
1675 4302 1860 4384 plura
1889 4301 2273 4364 instrumen-

768 4404 831 4461 ta
871 4417 984 4481 per
1021 4399 1312 4463 ordinem
1361 4416 1429 4461 se
1478 4398 1798 4474 habentia,
1841 4399 1918 4462 ad
1969 4400 2268 4463 eumdem

770 4504 1160 4559 concurrunt
1189 4495 1520 4569 effectum,
1555 4498 1720 4559 sicut
1761 4516 1987 4560 manus
2017 4506 2081 4561 et
2115 4516 2271 4581 pen·

768 4614 852 4657 na
886 4595 966 4657 ad
1011 4595 1445 4671 scribendum,
1477 4596 1682 4658 virtus
1721 4596 2096 4679 principalis
2142 4615 2271 4660 mo-

769 4693 924 4757 toris
953 4711 1068 4776 per
1100 4694 1278 4776 prius
1317 4693 1580 4777 respicit
1611 4694 2108 4758 instrumentum
2142 4695 2268 4757 sibi

553 4846 558 4851 .
651 4868 658 4873 Ι
771 4792 970 4873 magis
1027 4792 1466 4875 conjunctum,
1518 4812 1634 4875 per
1682 4793 1851 4875 quod
1899 4794 2102 4856 virtus
2155 4812 2271 4856 sua

720 4888 726 4896 ”
768 4891 1090 4955 derivatur
1116 4892 1196 4954 ad
1223 4891 1397 4954 aliud
1438 4892 1956 4955 instrumentum.
1992 4892 2134 4957 Haec
2166 4893 2267 4956 Ri-

767 4989 1059 5052 chardus.

849 5087 936 5150 Ea
962 5106 1116 5151 vero
1145 5107 1288 5170 quae
1315 5107 1394 5151 ex
1425 5089 1664 5152 Thoma
1703 5088 1963 5151 inducta
1994 5096 2165 5162 sunt,
2201 5089 2267 5151 in

767 5186 1026 5252 Alberto
1055 5188 1249 5249 etiam
1278 5187 1707 5261 continentur,
1739 5186 1852 5268 qui
1891 5187 1997 5250 hic
2030 5188 2267 5251 sentire

769 5287 1042 5361 videtur,
1074 5285 1244 5367 quod
1284 5286 1501 5348 omnia
1538 5285 1732 5349 verba
1771 5286 1836 5347 in
1874 5285 2081 5349 forma
2119 5304 2266 5350 con-

2382 4304 2576 4367 verba
2630 4303 2739 4367 illa
2800 4303 3073 4366 fuissent
3126 4303 3399 4367 dicenda
3456 4310 3717 4385 propter
3774 4302 3883 4365 de·

2380 4403 2725 4477 votionem,
2787 4419 2914 4466 non
2975 4409 3189 4464 tamen
3249 4402 3609 4465 necessaria
3664 4408 3881 4464 essent

2380 4508 2639 4583 propter
2690 4499 2982 4575 formam,
3034 4499 3329 4582 quamvis
3387 4499 3466 4563 ad
3522 4500 3879 4563 orationem

2379 4598 2773 4680 pertinerent
2826 4599 3138 4661 eamdem.
3191 4597 3387 4661 Multo
3446 4596 3659 4661 minus
3706 4597 3879 4660 valet

2378 4705 2824 4779 argumentum
2865 4697 3022 4760 illud
3067 4696 3145 4759 de
3188 4696 3402 4760 verbis
3444 4696 3568 4769 his,
3598 4696 3715 4771 Qui
3763 4714 3881 4778 pro

2378 4795 2561 4858 vobis
2591 4804 2654 4858 et
2696 4814 2813 4879 pro
2854 4796 3074 4859 multis
3116 4794 3507 4869 effundetur,
3537 4802 3657 4857 etc.

2456 4895 2673 4976 Itaque
2705 4895 2982 4958 breviter
3010 4895 3175 4968 dico,
3208 4893 3376 4977 quod
3407 4910 3536 4957 non
3564 4899 3663 4955 est
3690 4892 3879 4956 nobis

2379 4992 2906 5055 certitudinaliter
2953 4992 3276 5066 traditum,
3328 5010 3409 5054 an
3466 4991 3546 5053 ad
3598 4990 3875 5055 formam

2379 5092 2870 5155 consecrationis
2909 5091 3237 5173 sanguinis
3269 5090 3629 5173 pertineant
3660 5089 3877 5172 aliqua

2378 5188 2573 5251 verba
2612 5197 2756 5271 post
2784 5189 2965 5263 illud,
2999 5188 3339 5271 Sanguinis
3374 5188 3498 5252 mei
3535 5205 3550 5251 :
3586 5188 3729 5251 ideo
3768 5206 3879 5271 pe-

2378 5287 2727 5351 riculosum
2768 5297 2864 5352 est
2899 5287 3004 5352 hic
3040 5306 3323 5351 asserere
3350 5286 3595 5370 aliquid
3630 5286 3711 5349 de
3746 5304 3881 5371 quo
