4267 6250
511 4429 528 4475 Ι
545 4428 648 4474 Cor.
661 4441 690 4479 ι.
705 4428 772 4471 23.

802 478 921 544 190

1447 499 1513 546 m
1551 497 1775 546 Lumo!
1815 497 1876 543 IV
1917 494 2403 542 SENTBNUARUU.
2441 509 2524 524 ·-·
2563 495 2717 542 msr.
2758 495 2884 558 vn3
2928 494 3153 552 QUAEsT.
3194 495 3263 541 111

801 667 1178 730 sacramenti
1221 667 1414 748 hujus
1459 667 1853 730 necessarius
1895 674 2012 739 est,
2044 682 2196 746 ergo
2234 670 2298 726 et
2327 662 2379 726 A
2408 663 2689 746 primum
2726 672 2941 727 actum
2974 664 3250 747 pertinet
3283 663 3463 737 illud,
3495 661 3816 743 Consigno
3850 666 3925 722 te

802 783 993 827 causa
1050 765 1274 848 ipsiuS,
1327 765 1572 828 scilicet
1630 764 2062 829 Confirmatio.
2120 763 2297 825 Unde

800 863 911 944 qui
952 863 1019 925 in
1059 864 1170 926 tali
1209 882 1360 926 casu
1399 870 1696 927 renueret
1729 861 2293 927 confirmationem

797 961 1109 1044 accipere,
1126 969 1420 1045 peccaret
1448 961 1817 1025 mortaliter.
1837 961 2096 1042 Propter
2126 958 2297 1041 quod

798 1058 954 1121 dicit
991 1058 1369 1122 Melchiades
1409 1059 1573 1142 Papa
1606 1077 1620 1121 :
1654 1059 1952 1134 Quamvis
1993 1057 2297 1121 continuo

797 1157 1158 1221 transituris
1202 1156 1531 1220 sufficiant
1573 1156 2066 1238 regenerationis
2110 1155 2300 1218 bene·

799 1254 968 1330 ficia,
1003 1255 1268 1318 victuris
1307 1263 1520 1318 tamen
1561 1255 1916 1318 necessaria
1956 1262 2104 1318 sunt
2142 1253 2297 1317 Con-

799 1352 1184 1417 firmationis
1224 1354 1479 1416 auxilia.

1219 1669 1692 1746 QUAESTIO
1753 1670 1881 1734 III

927 1945 1100 2009 Ertio
1149 1943 1474 2028 quaeritur,
1525 1944 1817 2011 'Utrum
1863 1943 2118 2010 forma
2176 1957 2292 2009 sa-

953 2045 1340 2113 crament1
1404 2043 2053 2112 conflrmat1on1s
2114 2056 2295 2109 oon-

799 2144 1220 2210 venienter
1266 2142 1352 2207 111
1395 2143 1627 2206 textu
1673 2141 2035 2221 ponatur,
2077 2139 2294 2205 vide·

799 2241 995 2306 neat
1049 2259 1066 2305 t
1125 2236 1522 2316 consigno
1578 2239 1663 2303 te
1720 2239 1951 2316 s1gno
2009 2237 2293 2317 erucis,

799 2337 1183 2404 confirmo
1231 2338 1312 2403 te
1361 2335 1792 2402 chrismate
1843 2335 2161 2415 salutis,
2211 2337 2297 2401 111

799 2436 1118 2503 nomine
1159 2435 1427 2502 Patris
1469 2436 1552 2500 et
1592 2435 1780 2500 Fufi
1824 2436 1906 2499 et
1943 2435 2297 2515 sp1r1tus

802 2533 1099 2601 Sancti.

877 2631 1142 2694 Videtur
1170 2629 1340 2712 quod
1370 2647 1520 2703 non,
1555 2628 1704 2712 quia
1742 2629 1876 2692 haec
1915 2627 2120 2690 forma
2160 2627 2297 2689 nul-

797 2729 913 2792 libi
965 2727 1288 2811 ⁴reperitur
1345 2727 1412 2789 in
1461 2726 1786 2809 Scriptura
1843 2726 2165 2789 canonica.
2217 2759 2298 2770 —

796 2828 976 2902 Item,
1007 2826 1214 2889 forma
1243 2825 1718 2888 sacramentalis
1753 2832 2295 2887 sacramentorum

797 2943 978 2989 novae
1009 2924 1164 3006 legis
1195 2941 1323 2986 non
1353 2924 1563 2986 solum
1594 2929 1691 2986 est
1719 2923 2169 3004 significativa,
2185 2922 2297 2984 sed

2406 761 2585 843 signo
2628 763 2873 842 crucis;
2914 763 2992 825 ad
3026 763 3403 837 secundum,
3447 760 3777 824 Confirmo
3820 766 3923 832 te,

2404 867 2523 922 etc.
2558 860 2650 923 Ex
2684 861 2920 943 quibus
2955 867 3220 935 constat,
3254 879 3368 922 cur
3408 859 3471 922 in
3511 858 3716 921 forma
3742 859 3927 922 Con-

2406 957 2789 1022 firmationis
2834 959 3197 1041 specialiter
3240 957 3481 1021 mentio
3524 955 3604 1019 fit
3640 957 3717 1020 de
3760 973 3926 1018 cru-

2406 1073 2500 1129 ce,
2535 1056 2685 1137 quia
2722 1055 2842 1118 hoc
2872 1056 3167 1120 confiteri
3204 1054 3659 1118 arduissimum
3688 1061 3808 1129 est,
3838 1061 3925 1116 et

2406 1152 2904 1233 ignominiosum
2934 1154 3207 1216 videtur.
3236 1154 3325 1216 De
3358 1152 3619 1214 materia
3646 1169 3923 1233 quoque

2406 1249 2484 1312 fit
2528 1251 2767 1314 mentio
2817 1253 2883 1313 in
2933 1252 3049 1314 hac
3095 1250 3320 1325 forma,
3353 1251 3504 1332 quia
3546 1258 3643 1313 est
3684 1266 3923 1313 conse-

2406 1357 2575 1412 crata
2590 1367 2607 1429 ;
2657 1349 2759 1413 vel
2814 1357 2885 1412 ut
2930 1350 3038 1413 alii
3088 1350 3330 1424 dicunt,
3381 1357 3641 1432 propter
3688 1347 3924 1432 praeci-

2405 1466 2596 1529 puam
2628 1447 2823 1529 hujus
2859 1447 3218 1511 efficaciam
3250 1447 3651 1520 sacramenti,
3674 1455 3737 1510 et
3762 1465 3923 1528 gra-

2405 1545 2557 1607 tiam
2598 1546 2941 1627 specialem
2982 1564 3056 1608 ac
3094 1546 3483 1627 singularem
3532 1564 3674 1628 quae
3718 1545 3927 1607 datur

2406 1643 2471 1705 in
2525 1660 2605 1706 eo
2658 1643 2737 1706 ad
2794 1662 3094 1726 pugnam.
3146 1643 3291 1708 Haec
3338 1643 3777 1708 Bonaventura
3835 1642 3921 1706 in

2406 1742 2673 1823 Script0.
3508 1765 3513 1768 ·

2330 1844 2377 1906 B
2486 1840 2673 1903 Porro
2719 1841 2785 1904 in
2826 1841 3231 1925 Breviloquio
3274 1861 3288 1906 :
3331 1841 3914 1916 Quemadmodum,

2407 1938 2927 2020 inquit,Verbum
2960 1940 3356 2002 incarnatum
3388 1941 3456 2002 in
3486 1940 3674 2003 corde
3702 1938 3918 2002 Patris

2404 2037 2785 2101 aeternaliter
2832 2045 2930 2100 est
2980 2046 3384 2121 conceptum,
3436 2037 3913 2121 temporaliter-

2406 2153 2530 2217 que
2568 2154 2641 2198 ac
2681 2134 3072 2198 sensibiliter
3114 2136 3181 2199 in
3224 2155 3413 2199 carne
3450 2136 3776 2219 apparuit3
3808 2135 3915 2198 sie

2404 2234 2729 2296 neminem
2760 2234 2982 2309 salvat,
3019 2234 3140 2297 nisi
3175 2235 3387 2316 ipsum
3419 2234 3738 2316 concipiat
3764 2251 3913 2296 cor-

2404 2331 2483 2394 de
2523 2349 2639 2413 per
2680 2331 2902 2407 fidem,
2936 2340 2999 2395 et
3040 2351 3150 2396 ore
3192 2333 3575 2396 confiteatur
3614 2339 3913 2414 tempore

2403 2438 2764 2512 opportuno
2825 2449 2941 2512 per
3002 2430 3470 2494 confessionem
3529 2431 3907 2506 veridicam,

2405 2529 2682 2611 plenam,
2715 2546 2843 2591 non
2882 2529 3091 2592 solum
3130 2529 3609 2612 speculativam,
3643 2529 3908 2603 nudam,

2405 2626 2770 2701 informem,
2820 2627 2930 2689 sed
2980 2628 3172 2690 etiam
3226 2628 3592 2710 practicam,
3640 2627 3915 2708 intrepi-

2405 2725 2966 2801 dam,amorosam,
2982 2732 3396 2801 constantem,
3414 2732 3484 2787 ut
3512 2744 3631 2789 nec
3660 2725 3914 2808 pudore

2404 2842 2523 2886 nec
2551 2824 2776 2886 timore
2804 2824 3053 2887 omittat
3080 2824 3293 2886 dicere
3317 2824 3665 2887 veritatem.
3682 2823 3917 2898 Quum-

2405 2940 2529 3004 que
2568 2921 2761 2985 timor
2801 2941 2875 2984 ac
2917 2923 3123 3005 pudor
3162 2930 3510 3004 appareant
3550 2923 3909 3004 praesertim

797 3025 989 3087 etiam
1035 3021 1334 3086 effectiva
1376 3041 1390 3085 :
1434 3039 1584 3103 ergo
1631 3040 1829 3104 quum
1879 3020 2153 3084 effectus
2200 3039 2295 3083 sa·
2330 3027 2373 3090 C
2406 3021 2471 3082 in
2502 3019 2689 3094 facie,
2724 3019 2963 3083 idcirco
2996 3021 3072 3082 ad
3104 3038 3359 3083 omnem
3394 3019 3913 3083 erubescentiam

799 3121 1105 3191 eramenti
1154 3120 1336 3185 istius
1383 3119 1467 3183 sit
1509 3139 1674 3182 unus
1718 3127 1783 3182 et
1829 3119 2124 3203 simplex,
2168 3138 2296 3184 non

800 3222 1052 3284 videtur
1112 3220 1176 3282 in
1225 3219 1432 3282 forma
1488 3218 1628 3299 ejus
1686 3219 1996 3282 utendum
2045 3218 2297 3282 duobus

798 3319 901 3383 his
929 3318 1166 3392 verbis,
1200 3318 1506 3399 consigno
1542 3326 1608 3380 et
1645 3315 1982 3391 confirmo,
2017 3318 2127 3379 sed
2168 3334 2297 3380 uno

799 3419 1146 3481 dumtaxat.

876 3615 971 3678 Ad
1011 3613 1132 3676 hoc
1172 3614 1611 3676 Bonaventura
1651 3612 1992 3695 respondet
2025 3630 2038 3675 :
2073 3614 2299 3676 Forma

798 3713 909 3775 illa
961 3713 1096 3795 jam
1153 3712 1342 3787 dicta,
1393 3718 1490 3774 est
1537 3710 1614 3773 de
1664 3712 2040 3773 necessitate
2097 3730 2300 3773 sacra-

801 3812 1000 3874 menti
1059 3811 1264 3874 istius.
1315 3810 1510 3872 Datur
1561 3810 1734 3873 enim
1792 3808 1858 3871 in
1915 3809 2036 3873 hoc
2093 3828 2298 3872 sacra-

801 3916 1017 3973 mento
1057 3910 1256 3990 gratia
1294 3909 1375 3971 ad
1415 3908 1612 3971 robur
1651 3907 1830 3981 fidei,
1867 3916 2176 3989 quantum
2218 3908 2297 3970 ad

798 4007 1354 4071 confirmationem
1405 4005 1469 4067 in
1519 4006 1706 4069 corde
1753 4013 1818 4067 et
1860 4012 2171 4088 quantum
2218 4005 2298 4068 ad

801 4105 1070 4168 liberam
1127 4104 1594 4169 confessionem
1655 4104 1718 4165 in
1777 4122 1904 4166 ore.
1961 4103 2298 4187 Quumque

2404 3117 2945 3202 formidinemque
2974 3119 3346 3200 hujusmodi
3380 3119 3906 3202 propulsandam,

2406 3218 2799 3301 imprimitur
2836 3219 3107 3300 signatio
3138 3227 3203 3281 et
3230 3219 3636 3283 confirmatio
3674 3220 3793 3282 ista
3836 3220 3909 3283 in

2404 3316 2633 3380 fronte.
2667 3317 2811 3381 Haec
2855 3318 3045 3380 idem.

2485 3416 2771 3498 Insuper,
2794 3435 2989 3498 super
3018 3416 3121 3478 his
3152 3415 3435 3497 loquitur
3462 3417 3731 3479 Thomas
3756 3436 3770 3481 z
3794 3416 3911 3479 Mi·

2405 3513 2590 3575 nistri
2632 3522 3173 3577 sacramentorum
3211 3522 3557 3597 operantur
3595 3514 3662 3576 in
3700 3532 3911 3577 sacra·

2406 3612 2638 3675 mentis
2697 3612 3135 3676 benedicendo
3192 3620 3253 3676 et
3312 3612 3771 3676 sanctificando
3830 3632 3907 3677 ac

2405 3710 2907 3774 administrando
2924 3728 2943 3790 3
2974 3711 3145 3794 quod
3184 3710 3305 3774 sub
3336 3718 3507 3774 certa
3535 3711 3740 3774 forma
3768 3731 3909 3775 ver-

2406 3808 2636 3872 borum
2693 3807 2839 3871 fieri
2894 3816 3161 3891 oportet.
3213 3809 3427 3892 Aliqui
3476 3827 3627 3874 vero
3682 3810 3911 3873 dicunt

2407 3908 2727 3971 Christum
2795 3906 3233 3981 confirmasse,
3298 3908 3554 3991 quando
3620 3909 3907 3991 parvulis

2408 4025 2669 4069 manum
2715 4006 3042 4089 imposuit.
3087 4007 3207 4070 Sed
3252 4006 3361 4069 illa
3409 4007 3733 4090 impositio
3774 4026 3909 4070 ma·

2406 4125 2527 4169 nus
2584 4123 2710 4169 non
2770 4105 2895 4168 fuit
2948 4112 3419 4169 sacramentum
3468 4105 3913 4170 Confirmatio-

803 4202 1267 4267 difficillimum
1305 4210 1371 4264 et
1404 4201 1859 4264 arduissimum
1898 4201 2095 4264 fuerit
2127 4201 2300 4266 Chri·
2327 4204 2378 4267 D
2407 4205 2529 4278 niS‚
2590 4223 2783 4286 quam
2850 4221 2977 4267 non
3046 4203 3262 4267 decuit
3320 4210 3466 4266 ante
3531 4204 3905 4268 missionem

805 4310 977 4366 stum
1035 4300 1420 4364 crucifixum
1477 4299 1792 4373 confiteri,
1841 4306 1979 4361 tum
2038 4310 2300 4383 propter

804 4399 1245 4483 opprobrium,
1292 4398 1474 4479 juxta
1523 4397 1680 4459 illud
1726 4397 2034 4480 Apostoli,
2078 4398 2301 4462 Praedi-

801 4518 1020 4562 camus
1068 4497 1410 4572 Christum,
1453 4496 1684 4559 Judaeis
1731 4495 1992 4578 quidem
2039 4497 2300 4559 scanda-

800 4598 957 4672 lum,
988 4595 1286 4679 gentibus
1323 4603 1538 4658 autem
1579 4595 1946 4675 stultitiam3
1981 4603 2116 4658 tum
2158 4614 2298 4679 pro-

797 4704 940 4780 pter
968 4694 1350 4778 periculum,
1383 4694 1684 4778 quoniam
1714 4713 1751 4755 a
1781 4694 2295 4776 persecutoribus

796 4794 1252 4859 occidebantur
1279 4794 1392 4877 qui
1423 4793 1746 4858 Christum
1777 4792 2249 4857 confitebantur
2276 4814 2290 4861 :

797 4895 950 4957 hinc
979 4894 1196 4957 decuit
1223 4893 1544 4976 duplicem
1578 4899 1792 4955 actum
1825 4892 1890 4955 in
1919 4892 2125 4957 forma
2157 4911 2297 4957 con-

797 4994 1180 5057 firmationis
1228 4993 1382 5077 poni
1429 5001 1494 5055 et
1539 4992 1812 5075 exprimi
1858 5009 1870 5054 :
1915 5012 2139 5067 unum,
2182 4993 2295 5076 qui

797 5093 1061 5177 respicit
1118 5092 1385 5155 liberam
1433 5091 1740 5156 Crucifixi
1800 5091 2290 5169 confessionem,

799 5192 982 5276 quasi
1024 5210 1164 5254 eam
1214 5208 1469 5273 semper
1510 5190 1706 5253 ferret
1747 5190 1812 5253 in
1857 5190 2101 5272 fronte3
2143 5191 2295 5254 alte-

801 5310 967 5366 rum,
999 5290 1112 5372 qui
1151 5288 1412 5373 respicit
1441 5289 1651 5354 cordis
1689 5288 2164 5354 stabilitionem.
2199 5290 2294 5353 Ad

2408 4302 2709 4365 Paracleti
2766 4301 3053 4365 exhiberi
3069 4320 3086 4383 3
3138 4304 3249 4366 sed
3296 4301 3399 4365 vel
3458 4311 3591 4365 erat
3648 4304 3906 4385 signum

2409 4401 2925 4465 Confirmationis
2968 4401 3220 4476 futurae,
3253 4401 3355 4464 vel
3395 4402 3539 4465 talis
3581 4403 3787 4484 qualis
3826 4402 3906 4466 fit

2410 4502 2473 4563 in
2509 4500 2896 4564 catechismo
2924 4507 2989 4563 et
3017 4500 3393 4575 exorcismo,
3427 4508 3498 4563 ut
3526 4502 3767 4565 dictum
3804 4509 3905 4565 est
3939 4526 4251 4585 cladium,

2406 4618 2618 4682 supra.
2660 4599 2786 4662 Alii
2829 4617 3084 4682 quoque
3128 4599 3371 4674 dicunt,
3404 4601 3576 4682 quod
3616 4600 3899 4683 Apostoli
3930 4595 4221 4703 mm·

2405 4706 2667 4782 propter
2702 4716 2923 4761 eorum
2962 4699 3401 4761 auctoritatem
3434 4706 3499 4762 et
3528 4699 3900 4781 dignitatem

2404 4797 2871 4861 confirmabant
2892 4796 3027 4859 sine
3058 4797 3262 4860 forma
3285 4804 3471 4880 atque
3502 4800 3778 4875 materia,
3793 4820 3904 4884 per

2404 4897 2603 4960 solam
2649 4914 2956 4958 manuum
3000 4897 3475 4978 impositionem
3512 4917 3526 4963 :
3560 4900 3729 4981 quod
3770 4918 3901 4963 non

2403 4995 2675 5069 videtur,
2710 4994 3011 5075 quoniam
3055 5011 3183 5057 non
3226 4994 3547 5059 habebant
3587 4997 3899 5061 excellen-

2404 5094 2508 5157 tiae
2545 5100 2919 5177 potestatem
2962 5092 3027 5155 in
3066 5094 3499 5157 sacramentis.
3533 5096 3775 5160 Idcirco
3806 5097 3901 5159 di-

2402 5193 2703 5267 cendum,
2764 5192 2933 5273 quod
2997 5190 3211 5273 aliqua
3269 5191 3475 5257 forma
3534 5194 3897 5273 utebantur,

2404 5290 2697 5373 quamvis
2756 5307 2884 5353 non
2938 5290 3024 5352 sit
3068 5290 3323 5373 scripta.
3376 5291 3569 5355 Multa
3624 5312 3901 5378 namque
