4267 6250
544 2057 652 2096 ota.

835 500 956 565 324
1083 537 1092 546 ·
1507 518 1574 564 m
1614 517 1836 564 unium
1877 517 1939 562 iv
1980 512 2467 562 san-murinum.
2508 531 2589 543 —
2629 513 2783 561 nis-r.
2825 512 2954 577 ¹¹13
2998 514 3225 570 onais-r.
3270 513 3317 560 u

838 708 1089 754 vermes
1129 689 1494 772 gignuntur,
1527 698 1592 755 et
1629 710 1707 755 ex
1749 710 1824 754 ea
1867 687 2199 754 combusta
2241 705 2329 751 re·
2364 685 2417 750 A
2445 685 2578 751 fiat.
2621 685 2832 749 Primo
2879 685 3067 749 modo
3112 704 3192 748 ex
3240 684 3387 766 igne
3432 681 3805 748 naturaliter
3852 681 3955 762 gi-

839 797 1052 852 manet
1081 789 1266 866 cinis,
1300 809 1442 872 quae
1471 797 1622 853 sunt
1652 788 2010 853 materiales
2045 787 2337 850 substan-

837 887 966 964 tiae,
1016 907 1286 971 quarum
1336 908 1483 972 pars
1531 897 1736 952 exstat
1782 887 2066 951 materia.
2120 884 2335 967 Aliqui

839 1005 989 1068 ergo
1027 987 1346 1064 dixerunt,
1379 989 1549 1070 quod
1592 987 2024 1051 dimensiones
2069 984 2339 1047 indeter-

841 1084 1096 1148 minatae
1135 1092 1594 1149 convertuntur
1629 1083 2009 1147 miraculose
2050 1082 2118 1144 in
2158 1089 2337 1144 natu-

840 1200 975 1244 ram
1009 1181 1544 1265 materiae‚sicque
1573 1182 1860 1264 generari
1894 1187 2161 1263 possunt
2191 1178 2339 1241 inde

841 1280 978 1344 istae
1008 1281 1394 1345 substantiae.
1431 1282 1551 1344 Sed
1592 1281 1712 1344 hoc
1743 1279 2056 1343 sustinere
2085 1277 2341 1340 videtur

842 1379 1045 1461 magis
1075 1377 1368 1454 difficile,
1391 1398 1584 1462 quam
1616 1379 1829 1442 dicere
1859 1377 2028 1460 quod
2059 1375 2211 1438 talia
2238 1393 2341 1456 ge-

843 1484 1148 1539 nerantur
1175 1496 1252 1540 ex
1282 1496 1426 1541 aere
1456 1477 1932 1549 circumstante,
1965 1475 2068 1538 vel
2097 1493 2177 1537 ex
2211 1492 2338 1537 ma-

841 1573 1003 1636 teria
1050 1574 1128 1636 de
1177 1592 1342 1638 novo
1389 1575 1715 1658 producta.
1768 1573 2070 1649 Quamvis
2125 1570 2338 1653 magni

841 1672 970 1735 sint
997 1672 1108 1755 qui
1140 1673 1262 1736 hoc
1292 1673 1609 1748 dixerunt,
1638 1680 1702 1736 et
1731 1673 1784 1735 si
1817 1672 2128 1746 viverent,
2156 1688 2338 1734 suam

841 1769 1225 1852 positionem
1257 1770 1694 1847 defenderent,
1726 1777 2004 1832 attamen
2036 1769 2207 1831 dicta
2234 1784 2339 1831 eo-

2444 785 2661 867 gnitur
2692 784 2896 866 ignis3
2934 784 3215 848 secundo
3254 783 3464 858 modo,
3496 782 3690 845 homo
3726 800 3805 844 ex
3836 781 3957 844 ho-

2448 884 2645 958 mine,
2674 902 2878 967 quum
2919 882 3141 964 utique
3178 882 3395 945 anima
3434 881 3823 944 intellectiva
3862 879 3953 942 ab

2448 991 2625 1046 extra
2673 982 2774 1044 sit.
2823 983 2913 1044 Ita
2959 1000 3075 1064 per
3121 980 3716 1044 transmutationem
3767 986 3959 1041 natu-

2450 1081 2668 1144 raliter
2696 1079 2923 1143 factam
2953 1080 3123 1143 circa
3152 1079 3651 1154 Sacramentum,
3669 1076 3958 1140 inductis

2451 1179 2542 1242 ibi
2590 1177 3117 1262 dispositionibus
3168 1197 3311 1260 quae
3359 1177 3653 1240 ordinem
3709 1175 3960 1239 habent

2450 1277 2801 1340 naturalem
2842 1278 2919 1340 ad
2960 1276 3312 1350 materiam,
3345 1275 3717 1338 naturaliter
3755 1274 3961 1337 habet

2450 1394 2589 1438 esse
2630 1374 2722 1437 ibi
2767 1375 3052 1449 materia,
3086 1374 3381 1456 quamvis
3424 1373 3599 1436 solus
3640 1373 3805 1435 Deus
3846 1390 3961 1434 va·

2452 1473 2576 1536 leat
2596 1491 2752 1536 eam
2794 1474 3165 1555 producere.
3198 1507 3279 1517 —
3307 1471 3451 1535 Haec
3479 1471 3763 1552 AEgidius
3800 1487 3956 1553 pro-

2451 1571 2577 1634 lixe
2607 1572 3038 1655 prosequitur,
3071 1578 3135 1632 et
3162 1577 3353 1653 prout
3383 1576 3589 1652 potest
3616 1568 3901 1632 declarat
3936 1587 3953 1632 ε

2452 1670 2515 1732 in
2556 1670 2793 1753 quibus
2836 1669 3231 1733 sunt-multa
3273 1669 3515 1732 incerta
3550 1675 3615 1730 et
3651 1667 3953 1742 obscura,

2450 1769 2617 1832 sicut
2646 1771 2816 1852 quod
2854 1769 3013 1832 dicit
3050 1769 3126 1831 de
3166 1767 3409 1851 duplici
3448 1765 3847 1830 dimensione
3888 1774 3960 1828 et

842 1887 986 1929 rum
1027 1867 1421 1931 intellectum
1454 1887 1670 1931 meum
1706 1886 1834 1931 non
1863 1867 2170 1950 quietant.
2203 1867 2339 1929 Imo
2372 1865 2423 1929 B
2451 1868 2692 1952 duplici
2752 1868 3104 1951 quantitate
3154 1867 3218 1930 in
3268 1867 3516 1942 eodem,
3568 1865 3822 1929 realiter
3868 1865 3959 1927 ab

547 1985 814 2044 capam>
843 1973 907 2027 et
940 1965 1201 2047 ipsimet
1231 1965 1385 2029 alibi
1419 1966 1607 2029 aliter
1649 1973 1798 2028 sunt
1841 1965 2059 2038 locuti,
2092 1970 2335 2045 utpote,

842 2064 1012 2144 quod
1062 2064 1229 2126 sicut
1275 2064 1656 2127 miraculose
1711 2061 2151 2126 accidentibus
2210 2061 2338 2124 illis

842 2162 1145 2225 collatum
1189 2170 1285 2225 est
1327 2163 1466 2224 sine
1509 2162 1798 2243 subjecto
1842 2161 2211 2234 subsistere,
2254 2161 2340 2223 ita

839 2260 978 2322 sine
1022 2261 1325 2341 adjuncto
1375 2277 1541 2324 novo
1588 2259 1900 2322 miraculo
1944 2259 2153 2322 facere
2199 2276 2341 2342 pos-

838 2365 990 2420 sunt
1035 2377 1108 2421 ac
1155 2359 1288 2441 pati
1346 2359 1516 2441 quod
1572 2358 1726 2421 facit
1773 2358 2139 2441 patiturque
2195 2357 2341 2419 suh-

837 2456 1114 2520 stantia:
1149 2465 1212 2519 et
1251 2456 1335 2520 ita
1375 2464 1643 2540 possunt
1690 2456 2028 2530 inebriare,
2071 2456 2337 2530 nutrire,

835 2562 900 2618 et
940 2563 1210 2638 possunt
1253 2575 1332 2618 ex
1381 2555 1473 2619 eis
1520 2555 1812 2638 generari
1854 2573 2104 2618 vermes
2150 2562 2216 2617 et
2256 2554 2342 2616 ci-

833 2653 957 2728 niS,
991 2661 1110 2716 etc.
1145 2653 1381 2717 Verum
1414 2653 1581 2717 istud
1615 2653 2012 2716 intellectum
2046 2659 2339 2716 nostrum

835 2751 1104 2828 excedit,
1136 2759 1202 2815 et
1231 2752 1594 2815 intellectus
1633 2759 1848 2816 noster
1885 2751 1998 2834 qui
2039 2750 2116 2814 ad
2159 2750 2341 2812 intel-

837 2849 1075 2912 lectum
1109 2867 1332 2914 eorum
1371 2869 1499 2914 non
1539 2850 1813 2932 attingit,
1847 2868 1977 2914 non
2017 2849 2341 2932 quietatur

835 2947 901 3009 in
942 2947 1311 3028 hujusmodi
1343 2949 1550 3011 dictis,
1586 2948 1886 3022 Quamvis
1915 2948 2089 3010 enim
2121 2947 2339 3010 divina

834 3144 1162 3219 exsistere,
1205 3162 1334 3209 non
1383 3152 1596 3208 tamen
1644 3145 1861 3207 datum
1912 3152 2009 3207 est
2055 3145 2149 3207 eis
2196 3162 2336 3208 esse

834 3243 1276 3307 substantiam.

915 3342 1212 3405 Tenendo
1254 3342 1447 3423 igitur
1483 3342 1666 3424 quasi
1699 3342 1872 3405 viam
1912 3342 2212 3418 mediam,
2244 3342 2367 3405 di·-

834 3440 1042 3504 cimus
1099 3441 1270 3523 quod
1318 3442 1472 3503 dum
1533 3440 1623 3503 ibi
1674 3459 1752 3503 ex
1811 3440 2168 3525 putrefacta
2224 3448 2334 3503 aut

835 3538 1170 3603 combusta
1205 3538 1414 3603 hostia
1450 3547 1790 3621 generatur
1826 3540 2064 3603 vermis
2101 3547 2215 3602 aut
2248 3540 2334 3602 ci-

834 3637 957 3710 niS‚
993 3637 1220 3718 incipit
1264 3636 1356 3699 ibi
1398 3656 1538 3701 esse
1583 3638 1846 3701 materia
1889 3656 1967 3701 ex
2008 3656 2134 3720 qua
2182 3637 2333 3700 talia

832 3746 1234 3819 generantur.
1289 3737 1616 3821 Corruptis
1664 3737 1832 3801 enim
1891 3737 2332 3801 accidentibus

835 3836 1041 3919 panis,
1089 3844 1282 3919 atque
1343 3836 1621 3899 inductis
1676 3836 2115 3899 accidentibus
2162 3836 2328 3911 aliis,

835 3935 1070 3997 desinit
1113 3934 1200 3997 ibi
1241 3954 1380 3998 esse
1427 3951 1658 4018 corpus
1703 3935 1958 4009 Christi,
1999 3943 2062 3997 et
2105 3934 2333 4017 incipit

836 4032 928 4094 ibi
974 4050 1114 4095 esse
1163 4032 1426 4095 materia
1444 4050 1462 4112 ;
1501 4040 1567 4095 et
1608 4032 1729 4095 hoc
1777 4034 2148 4096 naturaliter
2192 4032 2333 4097 sine

833 4130 1163 4195 miraculo.
1204 4130 1544 4193 Possumus
1589 4148 1844 4214 quoque
1889 4131 2123 4205 dicere,
2162 4132 2331 4214 quod

2452 1967 2729 2029 invicem
2772 1966 3093 2042 distincta,
3134 1967 3214 2029 de
3256 1965 3491 2048 quibus
3536 1964 3703 2027 infra
3746 1963 3958 2046 magis

2448 2065 2683 2128 veritas
2725 2064 3024 2127 elucebit.

2528 2164 2816 2246 Insuper,
2842 2162 3013 2225 circa
3042 2162 3177 2226 haec
3204 2161 3430 2224 asserit
3458 2161 3729 2224 Thomas
3754 2178 3769 2223 :
3791 2161 3961 2241 Age-

2450 2280 2541 2336 re,
2577 2261 2833 2343 proprie
2879 2279 3006 2324 non
3049 2267 3148 2323 est
3184 2259 3307 2323 nisi
3352 2259 3443 2322 rei
3486 2278 3603 2342 per
3638 2277 3708 2322 se
3746 2258 3959 2321 subsi-

2449 2358 2710 2439 stentis3
2754 2358 2897 2422 ideo
2940 2375 3150 2442 neque
3191 2358 3453 2420 materia
3494 2375 3704 2440 neque
3746 2357 3961 2420 forma

2450 2457 2707 2542 proprie
2735 2457 2887 2538 agit,
2912 2456 3022 2520 sed
3060 2457 3509 2539 compositum,
3532 2456 3703 2538 quod
3732 2463 3959 2520 tamen

2449 2575 2576 2620 non
2615 2557 2748 2637 agit
2776 2557 3020 2619 ratione
3052 2556 3355 2630 materiae,
3388 2556 3499 2618 sed
3528 2554 3773 2630 formae,
3804 2573 3959 2636 quae

2448 2663 2546 2718 est
2582 2663 2761 2718 actus
2801 2655 3082 2719 materiae
3120 2662 3185 2718 et
3220 2653 3489 2719 actionis
3528 2653 3953 2737 principium.

2448 2753 2785 2836 Quumque
2814 2753 3135 2836 quantitas
3166 2761 3377 2817 teneat
3402 2771 3471 2816 se
3500 2771 3579 2815 ex
3610 2759 3787 2835 parte
3818 2770 3960 2814 ma·

2448 2853 2644 2927 teriae,
2678 2859 2743 2915 et
2784 2851 3059 2934 qualitas
3102 2871 3180 2915 ex
3226 2859 3405 2934 parte
3454 2851 3714 2931 formae3
3753 2869 3961 2932 quan-

2446 2952 2593 3014 titas
2625 2969 2754 3015 non
2780 2951 2912 3033 agit
2941 2951 3065 3014 nisi
3100 2951 3416 3014 mediante
3446 2949 3771 3032 qualitate,
3802 2968 3960 3032 quae

769 3051 774 3057 '
832 3045 1071 3108 virtute
1102 3045 1319 3108 datum
1357 3045 1440 3108 sit
1469 3044 1909 3109 accidentibus
1949 3045 2075 3107 illis
2115 3063 2231 3129 per
2268 3064 2337 3108 se
2370 3047 2413 3112 C
2446 3056 2544 3112 est
2581 3068 2697 3133 per
2734 3069 2803 3112 se
2840 3049 3109 3112 actionis
3147 3048 3562 3133 principium.
3595 3047 3755 3110 Hinc
3794 3066 3959 3130 qua-

2446 3148 2655 3212 litates
2704 3156 2854 3212 sunt
2900 3148 3236 3211 sensibiles
3284 3148 3515 3231 primo,
3558 3147 3955 3231 quantitates

2444 3247 2744 3311 secundo.
2778 3248 2985 3322 Quum
3018 3265 3169 3330 ergo
3203 3248 3269 3309 in
3300 3246 3706 3309 Sacramento
3742 3246 3955 3328 quali-

2443 3353 2601 3408 tates
2658 3346 2973 3408 retineant
3020 3345 3319 3408 eumdem
3380 3346 3641 3408 modum
3686 3344 3949 3407 essendi

2442 3462 2636 3526 quem
2680 3444 2999 3507 habebant
3038 3443 3394 3507 substantia
3434 3444 3618 3526 panis
3662 3443 3751 3506 ibi
3791 3460 3953 3506 con-

2442 3541 2727 3617 sistente,
2762 3542 2914 3625 quia
2956 3542 3021 3604 in
3065 3542 3419 3625 quantitate
3462 3541 3947 3623 subjectantur;

2445 3640 2532 3703 ita
2564 3640 2803 3704 habent
2829 3636 3128 3704 eumdem
3171 3640 3431 3704 modum
3464 3640 3716 3721 agendi,
3750 3639 3835 3702 ita
3874 3649 3953 3703 ut

2444 3739 2788 3802 immutent
2814 3745 2879 3802 et
2907 3747 3096 3820 agant
3124 3738 3497 3801 naturaliter
3535 3739 3702 3801 sicut
3738 3738 3947 3821 prius.

2442 3838 2819 3912 Quantitatis
2849 3838 3340 3919 vero,qu0niam
3368 3836 3558 3900 habet
3586 3836 3786 3899 alium
3816 3855 3959 3901 mo-

2445 3936 2599 3998 dum
2628 3935 3069 4018 essendi‚quia
3101 3953 3229 3998 non
3260 3942 3357 3999 est
3384 3936 3452 3997 in
3482 3933 3793 4015 subJectO,
3812 3953 3952 3999 non

2444 4042 2542 4097 est
2580 4052 2765 4115 agere
2808 4034 2931 4097 nisi
2977 4034 3295 4097 mediante
3337 4033 3658 4116 qualitate.

2523 4134 2713 4196 Porro
2760 4133 2915 4195 dum
2961 4132 3287 4214 quaeritur,
3322 4140 3537 4195 utrum
3587 4132 3953 4197 accidentia

833 4230 1121 4312 quinque
1169 4237 1319 4292 sunt
1364 4229 1454 4291 ibi
1500 4229 1695 4292 simul
1744 4238 1808 4292 et
1851 4230 1914 4293 in
1963 4231 2190 4294 eodem
2240 4232 2332 4293 in·
2363 4239 2413 4301 D
2445 4232 2508 4294 in
2562 4232 2969 4295 Sacramento
3023 4231 3273 4314 possint
3326 4230 3569 4313 aliquid
3626 4231 3948 4295 extrinse-

835 4328 1050 4403 stanti,
1083 4328 1376 4411 quamvis
1425 4327 1696 4390 naturali
1739 4328 1962 4392 ordine
2004 4348 2206 4392 unum
2252 4330 2335 4393 sit

834 4425 962 4489 alio
991 4426 1189 4509 prius.
1223 4428 1294 4490 In
1323 4426 1544 4489 eodem
1585 4444 1864 4509 namque
1897 4428 2159 4491 instanti
2198 4427 2331 4510 ple·

835 4543 916 4587 ne
961 4532 1259 4607 corrupta
1302 4532 1452 4588 sunt
1493 4524 1583 4587 ibi
1626 4524 1980 4589 accidentia
2025 4526 2232 4609 panis,
2270 4534 2334 4589 et

835 4622 1193 4685 introducta
1247 4623 1600 4686 accidentia
1647 4622 1792 4697 alia,
1845 4631 1910 4686 et
1956 4623 2194 4688 desinit
2238 4624 2331 4687 ibi

833 4740 975 4785 esse
1004 4738 1234 4803 corpus
1270 4719 1524 4796 Christi,
1557 4729 1621 4785 et
1651 4722 1882 4804 incipit
1911 4722 2000 4784 ibi
2031 4741 2174 4786 esse
2206 4742 2333 4787 ma-

829 4821 1013 4895 teria,
1063 4827 1254 4902 atque
1309 4820 1392 4883 de
1436 4839 1513 4883 ea
1567 4822 1864 4885 educitur
1920 4822 2126 4886 forma
2182 4823 2330 4885 sub-

831 4918 1143 4983 stantialis
1189 4918 1430 4982 vermis
1472 4925 1536 4982 et
1581 4920 1835 4983 cineris.
1871 4920 2049 4994 Quod
2091 4927 2163 4983 ut
2205 4921 2331 4985 cla-

831 5019 965 5083 rius
1007 5025 1234 5101 pateat,
1265 5018 1747 5095 advertendum,
1781 5020 1951 5102 quod
1987 5020 2332 5103 dupliciter

829 5118 1068 5180 dicitur
1123 5115 1368 5199 aliquid
1434 5118 1806 5181 naturaliter
1866 5117 2031 5180 fieri.
2094 5119 2327 5194 Primo,

830 5216 1134 5299 quoniam
1172 5215 1460 5279 naturale
1496 5233 1688 5296 agens
1727 5216 1792 5278 id
1831 5214 2077 5295 efficit3
2109 5236 2332 5281 secun-

831 5316 936 5390 do,
987 5314 1140 5397 quia
1195 5322 1420 5377 natura
1477 5314 1882 5378 sufficienter
1927 5315 2213 5398 disponit
2261 5325 2331 5380 ut

2443 4350 2591 4393 cum
2623 4329 3126 4393 substantialiter
3158 4330 3536 4409 immutare3
3569 4330 3945 4406 dicendum,

2442 4429 2612 4511 quod
2644 4428 2710 4491 in
2740 4426 3100 4491 actionibus
3130 4427 3529 4491 naturalibus
3557 4426 3777 4491 formas
3806 4428 3951 4491 sub-

2441 4526 2765 4590 stantiales
2820 4544 2949 4589 non
2999 4534 3148 4589 sunt
3198 4526 3637 4589 immediatum
3684 4534 3748 4588 et
3796 4545 3949 4609 pro-

2442 4626 2691 4688 ximum
2755 4624 3025 4687 actionis
3092 4624 3508 4707 principium,
3568 4625 3678 4687 sed
3743 4634 3951 4707 agunt

2444 4723 2874 4787 mediantibus
2918 4723 3332 4806 qualitatibus
3376 4724 3601 4787 activis
3640 4732 3703 4787 et
3742 4725 3951 4806 passi-

2441 4822 2562 4898 viS,
2596 4829 2667 4884 ut
2696 4822 2973 4904 propriis
3014 4821 3477 4884 instrumentis,
3512 4822 3689 4885 Unde
3720 4839 3953 4885 secun-

2441 4920 2522 4984 do
2552 4922 2631 4983 de
2659 4921 2890 4983 Anima
2928 4920 3184 4993 dicitur,
3218 4921 3387 5002 quod
3427 4920 3598 4982 calor
3636 4920 3949 4983 naturalis

2441 5027 2539 5082 est
2566 5037 2694 5102 quo
2732 5019 2863 5099 agit
2890 5019 3106 5082 anima
3137 5036 3151 5081 ε
3187 5018 3331 5081 ideo
3370 5018 3709 5107 quali-tates
3745 5028 3951 5101 agunt

2442 5136 2568 5181 non
2610 5118 2818 5180 solum
2847 5118 3083 5181 virtute
3124 5116 3402 5199 propria,
3434 5117 3544 5179 sed
3582 5118 3775 5179 etiam
3814 5116 3947 5179 vir-

2441 5224 2575 5280 tute
2640 5216 2863 5280 formae
2923 5216 3379 5279 substantialis
3446 5217 3709 5298 Propter
3768 5218 3945 5299 quod

2440 5316 2606 5380 actio
2634 5334 2854 5380 earum
2895 5315 3274 5379 terminatur
3302 5333 3429 5379 non
3466 5314 3675 5379 solum
3705 5316 3783 5379 ad
3813 5315 3945 5379 fon
