4267 6250
148 2577 181 2605 ε.
198 2577 273 2615 uz,
291 2567 335 2608 2.

1354 507 2459 567 ormsrrnccuntam,tm.

352 674 529 739 tiam.
562 676 777 741 Potest
802 678 1001 741 etiam
1024 676 1213 739 aliter
1236 677 1469 760 accipi,
1492 686 1563 739 ut
1590 677 1853 761 patebit.
1884 677 1939 741 A
1964 680 2216 743 aversio
2247 700 2288 744 a
2323 698 2580 745 summo
2613 690 2676 745 et
2717 682 3228 746 incommutabili
3265 682 3458 754 bono,

350 774 495 837 Haec
536 775 1003 839 Bonaventura.

432 874 623 937 Porro
650 875 925 939 Thomas
954 874 1209 958 plenius
1236 874 1527 938 scribens
1550 893 1567 937 ε
1590 876 1681 938 Ex
1710 876 1855 950 boc,

352 972 585 1055 inquit,
604 974 853 1057 aliquid
886 974 1089 1035 fertur
1118 974 1529 1049 maculatum,
1550 974 1854 1057 quoniam

348 1070 585 1133 debitae
650 1072 1151 1154 pulchritudinis
1213 1072 1453 1156 patitur
1506 1073 1855 1135 detrimen-

352 1178 511 1231 tum.
545 1170 711 1233 Hinc
744 1172 995 1233 macula
1030 1171 1387 1233 secundum
1424 1172 1595 1252 quod
1633 1170 1855 1251 hujus-

354 1268 551 1341 modi,
572 1286 705 1331 non
735 1268 1025 1331 nominat
1050 1268 1295 1351 aliquid
1330 1269 1715 1349 positivum3
1742 1268 1853 1330 sed

350 1385 469 1448 per
497 1367 1045 1449 comparationem
1074 1366 1153 1428 ad
1184 1366 1344 1429 illud
1374 1368 1545 1449 quod
1576 1366 1855 1449 pulchri-

352 1466 597 1527 tudinis
624 1464 1085 1529 detrimentum
1114 1464 1725 1547 inducit‚aliquando
1752 1482 1859 1546 po-

354 1582 505 1625 nere
541 1562 794 1645 aliquid
834 1562 1233 1645 perhibetur,
1264 1563 1431 1625 sicut
1458 1562 1701 1645 aliquid
1742 1562 1857 1624 im-

354 1678 649 1741 pressum
674 1660 875 1722 vultui
898 1660 1173 1723 bominis
1200 1662 1371 1742 quod
1400 1661 1539 1741 ejus
1566 1663 1857 1725 decorem

352 1758 509 1839 tegit
534 1766 651 1820 aut
678 1757 909 1821 aufert.
943 1758 1354 1822 pulchritudo
1378 1767 1595 1822 autem
1624 1759 1855 1823 animae

1964 786 2156 859 atque
2197 780 2532 843 conversio
2569 782 2653 844 ad
2694 780 3152 845 commutabile
3193 780 3456 844 bonum.

1970 876 2047 938 Et
2086 876 2270 957 juxta
2325 878 2446 939 hoc
2493 886 2644 941 sunt
2691 880 2820 942 duo
2865 879 3140 942 effectus
3190 880 3456 962 peccati.

1968 974 2142 1037 lTnus
2169 982 2266 1037 est
2297 975 2650 1057 indignatio
2677 978 2790 1039 Dei
2817 978 3122 1040 adversus
3151 995 3290 1050 nos,
3321 994 3462 1039 cor-

1966 1073 2360 1155 respondens
2389 1083 2620 1138 nostrie
2644 1076 2964 1139 aversioni
2990 1075 3074 1137 ab
3105 1076 3276 1157 ipso;
3293 1075 3460 1138 alius

1966 1178 2062 1232 est
2092 1189 2283 1252 poena
2309 1172 2612 1235 ordinans
2647 1173 3070 1237 inordinatam
3111 1173 3288 1235 illam
3315 1191 3464 1235 con-

1964 1268 2348 1331 versionem.
2379 1270 2716 1353 Quumque
2759 1272 3040 1353 primum
3085 1272 3152 1333 in
3199 1279 3462 1353 peccato

1964 1385 2043 1428 ex
2083 1376 2264 1450 parte
2303 1369 2506 1431 nostri
2541 1369 2625 1431 sit
2657 1368 2768 1431 illa
2801 1370 3166 1449 conversim
3195 1378 3261 1432 et
3289 1371 3460 1452 quod

1966 1466 2148 1547 prius
2189 1473 2286 1528 est
2329 1467 2397 1529 in
2437 1468 2870 1549 generatione,
2910 1477 3009 1530 est
3049 1468 3352 1530 ultimum
3393 1468 3460 1529 in

1965 1564 2397 1628 destructione
2430 1583 2446 1625 ε
2481 1565 2722 1629 idcireo
2749 1584 2828 1629 ex
2856 1574 3038 1649 parte
3067 1566 3178 1629 Dei
3207 1574 3307 1629 est
3333 1566 3460 1649 pri-

1966 1680 2149 1723 mum
2193 1662 2624 1725 reconciliatio
2665 1663 2768 1725 sui
2806 1664 2888 1726 ad
2936 1681 3074 1735 nos,
3105 1665 3459 1727 secundum

1966 1777 2121 1821 vero
2158 1759 2450 1822 liberatio
2478 1780 2519 1821 a
2559 1760 2776 1823 debito
2815 1778 3039 1843 poenae.
3073 1762 3264 1825 Poena
3303 1780 3460 1844 quo-

356 1856 651 1920 consistit
702 1857 769 1919 in
817 1856 1241 1920 similitudine
1286 1866 1351 1921 et
1394 1858 1855 1921 assimilatione
1894 1855 1941 1917 B
1968 1877 2095 1939 que
2122 1866 2220 1920 oet
2245 1858 2504 1939 duplex.
2537 1859 2671 1921 Cna
2697 1859 3130 1922 exterminans
3167 1877 3310 1923 reos
3345 1880 3460 1923 seu

356 1974 471 2018 sua
496 1956 578 2018 ad
610 1955 837 2029 Deum,
868 1956 975 2017 cui
1008 1956 1445 2019 conformatur
1472 1974 1589 2038 per
1614 1956 1861 2018 clarita-

358 2061 485 2115 tem
530 2053 753 2134 gratiae
789 2052 873 2116 ab
908 2071 987 2117 eo
1026 2062 1279 2117 exortae.
1310 2054 1857 2127 Quemadmodum

359 2170 511 2215 vero
548 2152 881 2234 perceptio
920 2152 1223 2215 claritatis
1260 2152 1609 2235 corporalis
1644 2172 1863 2215 causa-

362 2257 439 2312 tae
466 2269 505 2311 a
538 2249 697 2319 sole,
732 2249 1108 2332 prohibetur
1131 2268 1172 2312 a
1202 2250 1391 2313 nobis
1428 2270 1545 2331 per
1580 2250 1858 2333 interpo-

360 2347 555 2410 situm
586 2347 989 2411 obstaculum
1020 2347 1419 2429 aliquod3sic
1448 2348 1703 2410 claritas
1730 2367 1863 2429 gra-

362 2446 465 2510 tiae
514 2445 895 2529 prohibetur
937 2445 1021 2507 ab
1066 2446 1283 2508 anima
1335 2465 1453 2528 per
1499 2456 1857 2529 peccatum,

361 2546 531 2627 quod
576 2544 812 2609 dividit
852 2544 1019 2607 inter
1064 2545 1267 2608 Deum
1311 2552 1377 2607 et
1416 2564 1579 2608 eam.
1624 2545 1860 2627 Sicque

365 2644 615 2707 macula
660 2662 741 2707 ex
788 2662 859 2707 se
906 2662 1036 2707 non
1084 2644 1243 2707 dicit
1292 2644 1419 2705 nisi
1466 2644 1681 2724 gratiae
1730 2644 1857 2725 pri-

363 2742 707 2815 vationem,
748 2743 861 2805 sed
901 2752 1205 2826 tanquam
1256 2761 1511 2805 causam
1560 2742 1659 2804 sui
1702 2742 1861 2804 dicit

362 2842 573 2923 ipsum
632 2840 1037 2905 obstaculum
1094 2842 1265 2923 quod
1324 2840 1595 2922 impedit
1641 2838 1859 2920 gratiae

360 2940 815 3022 receptionem.
865 2939 1203 3021 Quumque
1258 2939 1460 3019 gratia
1514 2938 1599 3001 sit
1647 2938 1714 3000 in
1762 2956 1858 3001 es-

1966 1959 2182 2021 hostes
2215 1976 2232 2019 ε
2263 1977 2408 2040 quae
2436 1976 2626 2039 poena
2653 1978 2734 2021 ex
2769 1958 2908 2040 ipsa
2945 1959 3462 2023 reconciliatione

1966 2056 2273 2120 aufertur.
2315 2056 2456 2119 Alia
2496 2065 2712 2120 autem
2759 2064 2858 2121 est
2905 2077 3094 2140 poena
3137 2059 3462 2140 corrigens

1968 2156 2201 2229 civem,
2251 2174 2365 2217 seu
2421 2155 2658 2228 filium,
2707 2163 2818 2219 aut
2873 2156 3154 2219 amicum
3205 2176 3224 2219 ε
3275 2157 3464 2237 cujus

1968 2272 2176 2335 poenae
2215 2252 2504 2315 debitum
2549 2260 2758 2336 potest
2797 2272 3054 2317 manere
3095 2254 3464 2318 reconcilia-

1967 2352 2142 2414 tione
2166 2351 2300 2432 jam
2330 2350 2514 2414 facta.
2531 2351 2688 2415 Hinc
2718 2352 2912 2414 simul
2941 2352 3096 2415 dum
3127 2361 3462 2435 peecatum

1970 2450 2320 2513 remittitur
2357 2450 2564 2531 quoad
2609 2450 2948 2524 maculam,
2979 2457 3044 2512 et
3082 2452 3290 2533 quoad
3335 2469 3466 2533 poe-

1966 2568 2115 2611 nam
2159 2555 2483 2622 aeternam,
2523 2567 2664 2630 quae
2705 2556 2804 2611 est
2840 2549 3294 2623 exterminanS‚
3331 2568 3466 2613 om·

1966 2648 2123 2709 nino
2151 2646 2529 2724 dimittitur3
2561 2664 2690 2709 non
2727 2654 2944 2709 autem
2971 2665 3226 2729 semper
3253 2649 3464 2729 quoad

1968 2764 2226 2827 poenam
2257 2744 2698 2827 temporalem,
2719 2763 2864 2827 quae
2890 2752 2988 2806 est
3015 2744 3362 2826 corrigens.
3381 2780 3466 2791 —

1969 2844 2113 2907 Haec
2155 2844 2446 2906 Thomas.

2048 2942 2364 3005 Consonat
2392 2942 2612 3004 Petrus
2635 2958 2652 3003 ε
2675 2941 2917 3005 Macula
2939 2942 3300 3023 (inquiens)
3323 2962 3468 3025 pec-

360 3038 566 3102 sentia
604 3038 859 3113 animae,
902 3038 1275 3100 illuminans
1320 3036 1715 3099 intellectum
1764 3036 1858 3097 di·
1894 3042 1939 3107 C
1968 3040 2092 3103 cati
2143 3040 2208 3102 in
2257 3040 2494 3113 anima,
2535 3056 2663 3103 non
2706 3047 2804 3102 est
2843 3039 2970 3101 nisi
3008 3039 3466 3104 dissimilitudo

356 3138 703 3220 rigensque
736 3137 1044 3200 affectum
1078 3157 1093 3200 ε
1128 3137 1279 3198 hinc
1314 3135 1588 3218 privatio
1614 3135 1853 3217 gratiae,

354 3245 509 3319 puta
540 3243 899 3319 peccatum,
923 3236 1092 3318 parit
1120 3235 1187 3297 in
1216 3233 1543 3296 intellectu
1572 3251 1853 3297 errorem

352 3355 425 3398 ac
456 3335 835 3408 caecitatem,
868 3343 933 3396 et
962 3335 1029 3397 in
1057 3333 1383 3397 voluntate
1412 3332 1855 3415 obliquitatem

353 3442 548 3516 atque
596 3433 1100 3516 perversitatem.
1155 3432 1248 3494 Ex
1292 3430 1531 3514 quibus
1590 3430 1857 3492 manife-

356 3541 529 3596 stum
574 3541 693 3608 est,
728 3533 897 3615 quod
942 3531 1193 3594 macula
1241 3531 1361 3593 ista
1403 3547 1531 3592 non
1570 3529 1859 3590 aufertur

354 3634 435 3696 ab
473 3633 715 3706 anima,
746 3631 873 3694 nisi
914 3639 1271 3714 peccatum,
1304 3629 1473 3712 quod
1512 3636 1611 3690 est
1639 3628 1855 3708 gratiae

355 3732 917 3816 impedimentum,
936 3736 1361 3802 removeatur,
1383 3736 1449 3790 et
1476 3727 1693 3789 lumen
1722 3745 1857 3807 gra-

354 3831 459 3896 tiae
500 3830 897 3893 infundatur.
932 3828 1165 3910 Sicque
1206 3826 1457 3889 macula
1492 3825 1613 3888 ista
1646 3824 1855 3887 aufer-

356 3938 479 4002 tur,
514 3946 645 3992 non
674 3935 747 3990 ut
776 3945 905 3990 non
932 3926 1131 3989 fuerit
1158 3925 1223 3988 in
1254 3924 1489 3999 anima,
1520 3923 1673 4006 quia
1701 3941 1855 4004 prae-

356 4029 618 4092 teritum
658 4045 787 4090 non
830 4033 1039 4108 potest
1068 4043 1195 4088 non
1230 4023 1453 4098 fuisse,
1484 4022 1595 4084 sed
1635 4020 1751 4094 sic,
1784 4029 1854 4082 ut

355 4147 481 4192 non
542 4126 776 4189 habeat
820 4122 1127 4188 effectum
1182 4121 1509 4185 avertendi
1566 4121 1769 4183 Deum
1816 4138 1855 4181 a

1966 3141 2111 3220 ejus
2168 3140 2246 3202 ad
2305 3140 2530 3212 Deum,
2589 3139 2668 3201 ad
2726 3139 2913 3219 cujus
2973 3139 3464 3203 similitudinem

1968 3239 2133 3300 facta
2177 3245 2292 3299 est.
2335 3236 2550 3300 Gratia
2595 3255 2748 3299 vero
2793 3243 2891 3299 est
2929 3235 3288 3300 similitudo
3328 3238 3458 3301 Dei.

1966 3335 2514 3409 Quemadmodum
2545 3352 2697 3415 ergo
2725 3333 3184 3398 dissimilitudo
3213 3351 3341 3398 non
3370 3335 3464 3397 ni-

1966 3434 2021 3496 si
2064 3452 2182 3515 per
2225 3431 2714 3495 similitudinem
2763 3431 3029 3505 tollitur,
3067 3433 3162 3495 sic
3212 3433 3466 3497 macula

1967 3531 2212 3615 peccati
2261 3549 2390 3593 non
2438 3531 2562 3592 nisi
2614 3549 2729 3612 per
2773 3530 3038 3610 gratiam
3087 3531 3219 3594 Dei.
3271 3532 3464 3595 Porro

1966 3629 2362 3712 pulchritudo
2387 3627 2766 3693 'mnocentiae
2793 3628 3069 3690 continet
3089 3629 3212 3692 duo
3229 3648 3461 3692 :unum

1964 3728 2326 3802 essentiale,
2372 3734 2590 3809 utpote
2635 3726 3126 3790 similitudinem
3175 3727 3324 3806 Dei3
3372 3727 3462 3790 al-

1964 3835 2174 3890 terum
2235 3825 2648 3899 accidentale,
2709 3833 2860 3907 puta
2915 3825 3458 3890 continuationem

1965 3924 2430 3988 similitudinis.
2493 3923 2776 3986 Primum
2843 3942 2958 4005 per
3017 3924 3456 4005 poenitentiam

1964 4023 2268 4096 redditur,
2301 4040 2428 4084 non
2471 4021 2846 4084 secundum.

2045 4121 2110 4184 Si
2151 4139 2418 4203 quaeras‚
2449 4119 2603 4202 quid
2643 4117 2728 4180 sit
2767 4118 3016 4181 macula
3055 4119 3213 4198 ista3
3243 4119 3459 4182 dicen-

354 4227 561 4300 nobis,
594 4232 658 4288 et
688 4231 759 4285 ut
788 4241 916 4286 non
944 4222 1223 4304 amplius
1252 4221 1603 4302 imputetur
1634 4235 1651 4280 t
1684 4218 1851 4300 quod
1882 4219 1935 4282 D
1964 4221 2142 4292 dum,
2173 4219 2346 4302 quod
2385 4219 2551 4280 sicut
2579 4217 2793 4279 anima
2831 4237 2946 4299 per
2974 4218 3454 4282 conversionem

356 4326 432 4388 fit
471 4326 628 4388 dum
668 4329 931 4406 propter
968 4319 1349 4403 praeteritam
1386 4318 1643 4399 culpam
1688 4317 1853 4379 Deus

354 4445 391 4488 a
445 4424 635 4489 nobis
700 4439 834 4485 non
899 4419 1167 4483 retrahit
1226 4437 1357 4481 suae
1424 4415 1677 4499 pietatis
1740 4415 1851 4477 ad-

353 4530 671 4606 spectum,
731 4539 851 4583 nec
905 4518 1123 4602 gratiae
1178 4536 1309 4579 suae
1366 4515 1687 4577 influxum
1744 4521 1855 4574 aut

354 4617 785 4684 miserationis
837 4635 969 4680 suae
1026 4614 1354 4678 effectum.
1398 4613 1852 4675 Verumtamen

352 4718 769 4802 pulchritudo
809 4715 1042 4778 animae
1090 4730 1217 4776 non
1269 4717 1681 4793 recuperatur
1721 4725 1855 4771 om-

352 4817 633 4890 nimode,
666 4833 782 4878 seu
814 4821 1124 4896 quantum
1164 4811 1242 4872 ad
1276 4810 1725 4891 quodcumque
1754 4825 1853 4869 ac-

355 4913 689 4978 cidentale.
724 4912 862 4976 Non
892 4911 1067 4974 enim
1099 4915 1513 4990 recuperatur
1540 4913 1851 4989 quantum

352 5015 429 5077 ad
462 5011 845 5076 innocentiae
873 5009 1271 5092 dignitatem,
1293 5006 1403 5070 sed
1433 5013 1743 5088 quantum
1773 5003 1851 5065 ad

354 5114 649 5176 decorem
680 5110 897 5191 gratiae
924 5127 1067 5190 quae
1096 5105 1483 5168 restituitur:
1505 5104 1632 5166 imo
1663 5103 1851 5165 inter-

357 5213 512 5275 dum
566 5208 776 5290 maior
820 5206 1107 5270 efficitur
1154 5223 1345 5287 quam
1396 5201 1638 5264 exstitit
1684 5208 1849 5263 ante.

440 5312 713 5391 Insuper
752 5307 819 5368 in
856 5311 1117 5388 peccato
1148 5309 1296 5364 sunt
1326 5301 1476 5375 duc,
1508 5299 1799 5362 videlicet
1836 5318 1851 5362 ε

1961 4340 2000 4383 a
2050 4318 2234 4381 bonis
2294 4314 2716 4379 mutabilibus
2771 4315 2850 4378 ad
2897 4323 3154 4390 aeterna,
3203 4316 3460 4378 exuitur

1962 4415 2372 4481 mutabilium
2431 4413 2874 4488 similitudine,
2924 4422 3116 4497 atque
3172 4414 3462 4478 induitur

1960 4514 2386 4581 similitudine
2430 4512 2541 4575 Dei
2585 4529 2600 4574 z
2642 4512 2734 4575 sic
2779 4531 2893 4594 per
2937 4513 3334 4577 aversionem
3375 4514 3458 4577 ab

1960 4613 2214 4676 aeternis
2243 4612 2320 4674 ad
2351 4611 2742 4693 temporalia,
2756 4613 3012 4674 exuitur
3037 4611 3458 4676 similitudine

1960 4719 2366 4783 aeternorum,
2389 4717 2452 4771 et
2479 4710 2614 4772 haec
2643 4717 2740 4772 est
2770 4709 3018 4772 macula
3047 4710 3453 4790 privationis3

1961 4818 2025 4872 et
2054 4808 2343 4872 induitur
2373 4807 2647 4889 quadam
2678 4807 3128 4888 temporalium
3162 4807 3460 4871 similitu-

1961 4907 2127 4981 dine,
2144 4906 2494 4969 secundum
2527 4904 2698 4986 quod
2723 4923 2944 4966 amans
2974 4904 3459 4969 transformatur

1962 5006 2028 5068 in
2066 5013 2372 5076 amatum,
2403 5011 2467 5066 et
2505 5003 2638 5065 haec
2677 5011 2774 5065 est
2811 5002 3062 5064 macula
3101 5004 3454 5084 positionis.

1962 5105 2413 5166 Verumtamen
2448 5102 2582 5164 haec
2625 5100 2980 5163 similitudo
3023 5119 3148 5163 non
3191 5110 3288 5164 est
3331 5121 3460 5164 ma·

1963 5203 2025 5264 la
2072 5201 2138 5262 in
2183 5219 2273 5273 se,
2315 5199 2424 5262 sed
2475 5199 2542 5260 in
2593 5197 2700 5259 tali
2748 5197 3061 5278 subiecto,
3101 5199 3456 5262 secundum

1964 5299 2134 5382 quod
2166 5297 2430 5360 retrahit
2457 5315 2494 5360 a
2520 5295 2945 5360 similitudine
2975 5295 3268 5360 nobiliori
3301 5298 3460 5362 divi-
