4267 6250
1013 489 1094 534 ΒΕ
1135 487 1502 535 nssrsscnnus
1541 487 1644 544 Qut
1686 486 2066 534 commatum·
2106 487 2173 534 m
2212 489 2407 535 mssAE
2448 487 2683 536 orrtclo

3279 467 3402 534 349

296 674 444 720 cum
484 656 814 720 cineribus
861 657 930 720 in
971 658 1320 721 sacrarium
1365 659 1550 720 mitti.
1585 657 1648 722 Si
1692 677 1799 720 au·
1827 656 1877 720 A
1907 658 2227 740 acceperit
2254 677 2483 741 aquam
2527 679 2669 741 quae
2708 664 2843 721 erat
2872 657 2939 720 in
2973 657 3170 720 calice
3202 675 3217 722 ε
3250 655 3404 738 quia

295 762 422 817 tem
469 756 970 838 deprehenderit
1013 775 1334 820 venenum
1378 776 1516 822 esse
1561 757 1800 820 immis-

295 871 462 926 sum,
505 854 876 918 nullatenus
923 873 1176 918 sumere
1221 855 1432 930 debet,
1484 875 1602 918 1166
1649 856 1799 918 dare

295 951 476 1014 alteri
518 951 598 1014 ad
639 953 1048 1026 sumendum,
1081 972 1164 1016 ne
1207 953 1370 1016 calix
1412 954 1559 1017 vitae
1597 961 1799 1016 verta-

295 1057 398 1111 tur
445 1050 516 1112 in
575 1058 881 1130 mortem3
931 1051 1042 1114 sed
1100 1051 1294 1114 debet
1337 1051 1674 1132 diligenter
1730 1051 1797 1112 in

296 1147 514 1229 aliquo
553 1149 815 1212 vasculo
852 1149 932 1211 ad
971 1149 1092 1212 hoc
1130 1156 1280 1232 apto
1319 1168 1466 1211 cum
1509 1149 1797 1230 reliquiis

297 1247 701 1326 conservari3
761 1255 826 1310 et
883 1267 965 1310 ne
1021 1255 1488 1311 sacramentum
1549 1254 1800 1311 maneat

297 1345 776 1426 imperfectum,
809 1346 1002 1409 debet
1044 1346 1216 1409 aliud
1259 1346 1483 1409 vinum
1527 1364 1800 1428 appone-

298 1462 384 1515 re,
429 1451 628 1526 atque
674 1445 756 1506 de
801 1463 968 1508 novo
1015 1462 1339 1508 resumere
1388 1463 1424 1506 a
1470 1444 1798 1525 sanguinis

298 1541 798 1618 consecratione,
830 1541 1352 1625 sacrificiumque
1393 1542 1726 1625 perficere.

399 1641 641 1713 Quarto
706 1641 1036 1723 quaeritur,
1096 1641 1252 1723 quid
1311 1641 1628 1722 agendum
1693 1641 1796 1712 sit,

299 1739 551 1819 quando
582 1757 700 1820 per
729 1739 1181 1820 negligentiam
1219 1740 1497 1802 ministri
1531 1756 1656 1801 non
1692 1758 1800 1821 ap-

1908 763 2299 838 praeceptum
2330 758 2408 820 de
2440 757 2831 839 perfectione
2859 754 3239 819 sacramenti
3270 773 3401 816 ma-

1903 854 2061 934 joris
2111 863 2211 917 est
2256 855 2575 937 ponderiS,
2626 873 2817 936 quam
2874 862 3266 937 praeceptum
3323 852 3401 916 de

1907 953 2283 1035 accipiendo
2324 961 2794 1016 sacramentum
2832 953 2953 1016 hoc
2991 971 3029 1014 a
3062 951 3307 1033 Jejuno.

1969 1050 2203 1124 Quinto
2232 1050 2723 1134 quaeritur,quid
2752 1051 3067 1132 agendum
3100 1049 3198 1124 sit,
3213 1068 3404 1132 quan-

1907 1149 1988 1210 do
2017 1149 2312 1211 sacerdos
2342 1166 2467 1211 non
2501 1148 2724 1212 recolit
2754 1167 2821 1211 se
2851 1149 3046 1212 verba
3076 1165 3401 1212 consecra-

1907 1247 2098 1309 tionis
2148 1246 2406 1321 dixisse,
2457 1255 2567 1309 aut
2613 1247 2827 1330 aliqua
2878 1266 3021 1329 quae
3070 1247 3135 1309 in
3185 1265 3403 1310 conse-

1909 1345 2189 1408 cratione
2233 1345 2427 1426 hujus
2468 1347 2847 1408 sacramenti
2893 1345 3213 1408 dicuntur.
3244 1345 3403 1408 Nam

1907 1445 2161 1506 videtur
2198 1463 2484 1526 peccare,
2518 1445 2653 1508 sive
2693 1445 2950 1508 reiteret
2977 1444 3174 1508 verba
3212 1464 3406 1527 super

1907 1543 2199 1605 eamdem
2244 1545 2599 1618 materiam,
2632 1564 2774 1626 quae
2819 1543 2981 1608 forte
3016 1543 3150 1625 jam
3194 1552 3406 1626 protu-

1909 1641 2003 1714 lit,
2049 1641 2185 1704 sive
2237 1649 2449 1703 utatur
2497 1661 2659 1724 pane
2709 1649 2773 1704 et
2814 1642 2965 1705 vino
3014 1661 3141 1705 non
3190 1660 3405 1706 conse-

1909 1739 2098 1801 cratis
2128 1738 2308 1821 quasi
2343 1740 3217 1814 consecratis—Dicendum,
3235 1742 3403 1822 quod

298 1838 557 1918 ponitur
602 1857 790 1919 aqua,
827 1846 938 1899 aut
981 1838 1177 1900 etiam
1221 1857 1340 1901 nec
1387 1839 1635 1912 vinum,
1677 1857 1795 1901 nec
1833 1836 1880 1899 B
1909 1837 2203 1920 quamvis
2251 1838 2544 1901 sacerdos
2592 1856 2718 1901 non
2768 1838 3004 1902 recolat
3051 1858 3118 1900 se
3166 1839 3403 1902 dixisse

299 1936 592 1999 sacerdos
622 1935 898 1999 advertit
935 1937 1074 2000 hoc.
1107 1973 1188 1982 —
1217 1937 1592 2012 Dicendum,
1627 1939 1796 2019 quod

298 2034 350 2096 si
397 2034 699 2098 sacerdos
756 2041 904 2097 ante
953 2035 1497 2099 consecrationem
1545 2036 1795 2117 sangui-

301 2132 419 2206 1113,
459 2133 661 2195 etiam
713 2141 859 2215 post
897 2134 1182 2216 corporis
1231 2135 1795 2210 consecrationem,

299 2230 617 2314 percipiat
658 2231 884 2294 vinum
933 2241 1043 2294 aut
1088 2252 1321 2315 aquam
1370 2252 1496 2296 non
1546 2253 1685 2296 esse
1733 2234 1799 2295 in

303 2329 516 2404 calice,
571 2330 767 2392 debet
823 2330 1038 2393 statim
1099 2350 1420 2413 apponere
1473 2339 1536 2394 et
1583 2349 1798 2394 conse-

303 2445 493 2489 crare.
549 2428 618 2490 Si
669 2446 822 2491 vero
872 2435 1016 2510 post
1068 2429 1560 2492 consecrationis
1605 2428 1801 2492 verba

303 2526 618 2609 percipiat
671 2545 906 2608 aquam
962 2527 1205 2602 deesse,
1255 2526 1445 2590 debet
1500 2526 1799 2609 procede-

303 2643 389 2698 re,
429 2624 742 2706 quoniam
785 2643 952 2706 aqua
993 2643 1120 2688 non
1165 2633 1262 2688 est
1302 2624 1382 2688 de
1423 2625 1800 2688 necessitate

303 2723 724 2802 sacramenti3
773 2730 839 2786 et
887 2724 1251 2805 puniendus
1307 2730 1406 2786 est
1455 2723 1640 2804 cujus
1691 2742 1800 2786 ne·-

303 2821 607 2902 gligentia
662 2821 786 2883 1166
843 2822 1190 2902 contingit3
1249 2820 1556 2903 nulloque
1611 2821 1800 2884 modo

305 2920 632 2983 miscenda
692 2928 792 2982 est
851 2939 1015 3002 aqua
1073 2919 1225 2982 vino
1279 2919 1414 3001 jam
1477 2939 1802 2983 consecra-

1907 1936 2120 2018 aliqua
2164 1955 2307 2018 quae
2344 1936 2555 2000 dicere
2597 1936 2841 2012 debuit,
2875 1955 3003 2000 non
3042 1945 3254 2000 tamen
3298 1937 3402 1999 de-

1907 2035 2016 2097 bet
2063 2054 2143 2098 ex
2191 2035 2312 2097 1166
2364 2042 2576 2098 mente
2624 2034 3000 2118 perturbari.
3042 2036 3181 2099 Non
3229 2035 3403 2098 enim

1909 2134 2019 2217 qui
2080 2134 2281 2196 multa
2334 2132 2510 2208 dicit,
2564 2133 2859 2196 meminit
2914 2133 3206 2198 omnium
3263 2153 3405 2215 quae

1903 2233 2037 2314 jam
2094 2231 2278 2306 dixit,
2327 2231 2449 2293 nisi
2501 2230 2663 2294 forte
2716 2231 2961 2313 aliquid
3019 2231 3087 2293 in
3135 2231 3405 2296 dicendo

1906 2329 2403 2413 apprehenderit
2446 2329 2566 2391 sub
2615 2329 2859 2392 ratione
2905 2329 3035 2410 jam
3083 2331 3257 2392 dicti.
3302 2330 3405 2394 Sic

1907 2429 2081 2492 enim
2125 2427 2414 2490 efficitur
2459 2427 2701 2509 aliquid
2752 2427 3185 2491 memorabile.
3230 2429 3406 2492 Unde

1907 2527 1963 2590 si
1993 2525 2226 2608 aliquis
2258 2533 2495 2588 attente
2525 2527 2758 2608 cogitet
2789 2526 2852 2588 id
2884 2527 3052 2608 quod
3083 2526 3257 2601 dicit,
3276 2545 3403 2590 non

1907 2633 2121 2688 tamen
2153 2625 2385 2705 cogitet
2414 2643 2481 2687 se
2512 2625 2723 2687 dicere
2756 2624 2935 2699 illud,
2968 2643 3097 2688 non
3128 2626 3404 2688 multum

1908 2723 2130 2787 recolit
2170 2729 2387 2805 postea
2426 2742 2493 2785 36
2535 2722 2693 2785 illud
2732 2722 2988 2786 dixisse.
3023 2724 3127 2787 Sic
3164 2724 3405 2807 quippe

1908 2821 1985 2884 fit
2033 2821 2276 2903 aliquid
2324 2819 2650 2901 objectum
2703 2822 3046 2897 memoriae,
3095 2822 3161 2885 in
3208 2842 3404 2905 quan-

1908 2929 2046 2983 tum
2103 2918 2420 3002 accipitur
2476 2919 2597 2982 sub
2657 2920 2898 2984 ratione
2956 2920 3283 3003 praeteriti,
3337 2929 3407 2984 ut

307 3025 386 3092 to,
429 3019 742 3101 quoniam
796 3025 1170 3100 sequeretur
1221 3019 1548 3101 corruptio
1596 3038 1799 3082 sacra·
1836 3020 1879 3084 C
1909 3020 2143 3082 dicitur
2181 3018 2247 3081 in
2288 3017 2452 3081 libro
2485 3018 2565 3081 de
2602 3020 2919 3083 Memoria.
2956 3021 3406 3083 Verumtamen

305 3119 498 3181 menti
531 3137 652 3201 pro
682 3117 898 3201 aliqua
926 3126 1123 3200 parte.
1160 3117 1223 3182 Si
1255 3136 1406 3181 vero
1437 3126 1580 3201 post
1608 3118 1803 3183 verba

305 3216 800 3280 consecrationis
849 3217 1160 3299 percipiat
1207 3217 1434 3279 vinum
1485 3236 1614 3281 non
1662 3237 1800 3282 esse

303 3314 368 3377 in
411 3315 635 3389 calice,
689 3314 743 3377 si
786 3314 908 3377 1166
965 3315 1280 3397 percipiat
1323 3322 1468 3379 ante
1519 3317 1802 3399 corporis

304 3414 761 3496 sumptionem,
803 3411 995 3475 debet
1032 3412 1322 3496 deposita
1361 3432 1546 3496 aqua,
1591 3415 1644 3477 si
1689 3414 1803 3477 im-

304 3513 510 3597 posita
546 3518 665 3588 est,
702 3512 1032 3594 imponere
1069 3511 1296 3575 vinum
1334 3532 1480 3575 cum
1520 3532 1706 3597 aqua,
1740 3520 1804 3575 et

303 3629 632 3674 resumere
670 3630 710 3673 a
747 3609 962 3675 verbis
1007 3611 1502 3674 consecrationis
1551 3611 1802 3693 sangui—

305 3709 422 3772 1113.
459 3710 525 3773 Si
555 3728 710 3773 vero
736 3709 856 3772 hoc
888 3716 1031 3792 post
1057 3709 1342 3792 corporis
1371 3710 1802 3792 sumptionem

305 3808 641 3891 percipiat,
685 3806 878 3870 debet
923 3825 1246 3890 apponere
1291 3808 1484 3871 aliam
1530 3808 1803 3871 bostiam

307 3906 803 3971 consecrandam
847 3906 1039 3969 simul
1079 3925 1228 3969 cum
1269 3906 1595 3989 sanguine.
1629 3907 1804 3981 Quod

305 4006 472 4079 dico,
502 4006 656 4089 quia
695 4005 749 4067 si
788 4006 1028 4069 diceret
1065 4006 1202 4069 sola
1241 4004 1437 4069 verba
1479 4024 1804 4069 consecra-

303 4104 500 4168 tionis
555 4104 907 4185 sanguinis,
961 4121 1090 4167 non
1145 4110 1505 4167 servaretur
1550 4103 1804 4167 debitus

1909 3119 1963 3181 si
2021 3117 2334 3182 sacerdoti
2393 3116 2811 3201 probabiliter
2865 3126 3111 3182 constet
3170 3139 3238 3182 se
3293 3119 3405 3182 ali·

1908 3237 2036 3300 qua
2074 3216 2391 3290 omisisse,
2427 3216 2479 3278 si
2522 3216 2681 3279 illud
2721 3235 2849 3280 non
2890 3226 2987 3281 est
3015 3217 3094 3280 de
3134 3218 3405 3280 necessi·

1909 3324 2036 3379 tate
2067 3315 2469 3390 sacramenti,
2503 3334 2633 3377 non
2662 3316 2908 3379 aestimo
2937 3315 3107 3397 quod
3147 3323 3408 3398 propter

1910 3414 2030 3477 hoc
2069 3413 2299 3476 debeat
2324 3432 2649 3476 resumere
2682 3413 3078 3478 immutando
3116 3415 3405 3478 ordinem

1911 3510 2236 3575 sacrificii.
2272 3512 2337 3575 Si
2380 3528 2531 3574 vero
2576 3510 2968 3574 certificetur
3008 3530 3076 3573 se
3114 3512 3407 3575 omisisse

1910 3612 2124 3693 aliqua
2162 3628 2384 3674 eorum
2422 3629 2564 3691 quae
2604 3617 2754 3671 sunt
2783 3610 2860 3673 de
2900 3612 3277 3673 necessitate
3316 3630 3407 3673 sa-

1912 3708 2244 3783 cramenti,
2277 3707 2575 3771 videlicet
2614 3705 2849 3770 formas
2887 3708 3403 3784 consecrationiS,

1914 3808 2082 3869 idem
2133 3805 2389 3868 videtur
2443 3806 2760 3886 agendum
2808 3806 2977 3888 quod
3023 3805 3264 3869 dictum
3312 3814 3409 3870 est

1913 3906 1990 3967 de
2030 3903 2283 3967 defectu
2324 3904 2624 3978 materian,
2658 3911 2729 3965 ut
2768 3904 3013 3967 scilicet
3050 3912 3410 3969 resumatur

1911 4022 1951 4065 a
1988 4002 2203 4066 verbis
2249 4002 2767 4077 consecrationiS,
2800 4010 2865 4064 et
2906 4010 3118 4065 cetera
3158 4023 3273 4086 per
3308 4022 3410 4068 or-

1913 4101 2131 4165 dinem
2164 4107 2551 4183 repetantur,
2584 4119 2665 4162 ne
2699 4099 3074 4164 immutetur
3106 4103 3408 4165 sacrificii

307 4202 460 4265 ordo
498 4201 934 4265 consecrandi.
969 4202 1046 4264 Et
1073 4202 1241 4265 sicut
1269 4202 1504 4267 dicitur
1542 4201 1606 4264 in
1648 4221 1804 4284 prae·
1836 4198 1886 4263 D
1915 4200 2088 4264 ordo,

306 4308 474 4364 tacto
520 4300 802 4381 capitulo
859 4299 1116 4363 concilii
1165 4300 1472 4374 Toletani,
1524 4301 1806 4382 perfecta

309 4399 510 4461 videri
562 4416 691 4461 non
740 4406 1006 4480 possunt
1047 4406 1462 4473 sacramenta,
1495 4398 1621 4460 nisi
1665 4418 1806 4481 per-

307 4496 479 4561 fecto
514 4497 740 4560 ordine
779 4496 1239 4578 compleantur.
1276 4497 1340 4560 Si
1374 4515 1527 4560 vero
1567 4497 1806 4580 incipe-

309 4602 404 4658 ret
435 4614 472 4658 a
507 4594 984 4659 consecratione
1017 4595 1365 4677 sanguinis,
1397 4602 1464 4658 et
1493 4603 1808 4678 repeteret

309 4695 529 4759 omnia
576 4693 774 4757 verba
827 4693 1180 4775 sequentia,
1231 4712 1358 4757 non
1417 4702 1808 4777 competeret

309 4794 434 4856 nisi
492 4792 745 4856 adesset
791 4792 998 4855 hostia
1042 4800 1430 4867 consecrata,
1481 4812 1684 4875 quum
1740 4794 1807 4855 in

309 4891 526 4955 verbis
566 4890 695 4953 11113
725 4897 1062 4954 occurrant
1090 4890 1382 4974 quaedam
1415 4890 1682 4953 dicenda
1721 4899 1810 4954 at-

311 5009 438 5073 que
486 4989 706 5053 fienda
756 5007 884 5052 non
931 4988 1137 5052 solum
1187 4990 1356 5051 circa
1405 4990 1804 5071 sanguinem,

311 5090 422 5153 sed
469 5090 666 5152 etiam
713 5088 884 5150 circa
926 5105 1174 5171 corpus.
1211 5087 1410 5152 Debet
1447 5106 1703 5171 quoque
1742 5088 1808 5150 in

311 5187 448 5251 fine
485 5188 722 5251 iterum
767 5203 1019 5250 sumere
1059 5186 1332 5250 hostiam
1377 5194 1810 5251 consecratam

311 5295 376 5353 ct
403 5286 810 5370 sanguinem,
841 5301 970 5351 non
1000 5285 1288 5349 obstante
1319 5287 1514 5350 etiam
1545 5286 1600 5350 si
1629 5286 1809 5371 prius

1996 4299 2185 4362 Sexto
2215 4298 2540 4381 quaeritur,
2560 4297 2713 4380 quid
2746 4299 3062 4379 agendum
3094 4299 3197 4376 sit,
3220 4318 3414 4384 quan·

1916 4398 1996 4460 do
2040 4396 2346 4459 dilabitur
2384 4415 2461 4459 ex
2512 4395 2747 4478 frigore
2797 4396 3002 4461 hostia
3048 4407 3412 4462 consecrata

1916 4497 1995 4558 de
2041 4514 2234 4558 manu
2284 4496 2628 4558 sacerdotis
2679 4496 2745 4557 in
2790 4495 3054 4559 calicem
3102 4506 3248 4560 ante
3288 4498 3410 4561 fra-

1917 4595 2194 4658 ctionem
2238 4595 2339 4657 vel
2392 4601 2628 4676 postea.
2663 4594 2733 4656 In
2777 4613 2903 4676 quo
2952 4614 3101 4657 casu
3148 4613 3273 4660 non
3318 4597 3410 4659 vi·

1915 4694 2102 4758 detur
2141 4694 2433 4756 sacerdos
2468 4711 2651 4776 posse
2686 4712 2939 4758 servare
2974 4695 3166 4757 ritum
3197 4696 3413 4759 Eccle-

1917 4792 2028 4858 siae
2058 4794 2135 4855 de
2178 4792 2315 4874 ipsa
2350 4791 2683 4868 fractione,
2715 4792 2819 4855 vel
2856 4793 3028 4873 quod
3064 4794 3197 4857 sola
3225 4795 3413 4857 tertia

1917 4910 2062 4974 pars
2113 4890 2401 4953 mittatur
2447 4889 2514 4951 in
2564 4889 2851 4953 calicem.
2908 4924 2984 4936 —
3032 4891 3409 4960 Dicendum.

1919 4990 2088 5074 quod
2129 4987 2354 5051 fractio
2392 4988 2614 5051 hostiae
2654 4995 3057 5064 consecratas,
3091 5008 3203 5051 seu
3241 4990 3411 5072 quod

1919 5106 2046 5152 una
2077 5086 2209 5151 sola
2239 5104 2385 5169 pars
2416 5086 2704 5148 mittatur
2734 5085 2800 5148 in
2830 5086 3118 5163 calicem,
3149 5088 3411 5171 respicit

1922 5187 2262 5271 mysticum
2302 5203 2553 5267 corpuS,
2585 5184 3129 5266 quemadmodum
3168 5187 3411 5252 admix-

1919 5287 2009 5351 tio
2049 5304 2231 5369 aquae
2278 5300 2294 5346 ε
2340 5284 2481 5347 ideo
2522 5283 2975 5367 praetermissio
3015 5285 3245 5350 horum
3282 5304 3412 5352 non
