4267 6250
787 483 990 530 mmm
1029 483 1255 531 comus
1297 482 1536 532 CHRISTI
1577 484 1671 530 su·
1709 483 1909 531 'town
1951 483 2014 531 m
2055 483 2353 541 QuAuBm·
2393 483 2727 533 mancum
2766 485 3003 533 nosrffl

3328 467 3449 534 263

349 651 466 716 hoc
515 653 704 716 modo
751 672 882 718 non
931 655 1214 718 continet
1259 655 1660 737 sanguinem,
1693 671 1844 737 quo-
1873 652 1926 717 A
1956 673 2076 738 pus
2107 655 2341 718 Christi
2382 663 2452 718 ut
2490 655 2555 718 in
2594 655 2992 718 Eucharistia
3028 664 3145 730 est,
3178 673 3305 719 non
3342 656 3449 718 ha-

351 751 518 814 niam
571 753 830 834 sanguis
889 771 1018 816 non
1067 760 1164 817 θεῖ
1207 753 1560 834 animatus3
1612 760 1676 817 et
1732 771 1845 836 per

354 869 766 933 consequenS,
811 871 930 916 nec
977 860 1074 915 θεῖ
1121 871 1268 934 pars
1317 853 1507 935 primi
1556 852 1840 915 animati.

351 949 651 1013 Possibile
677 969 939 1032 quoque
976 958 1072 1014 est
1110 952 1279 1014 istud
1319 971 1396 1015 ex
1436 959 1615 1035 parte
1643 969 1849 1014 sacra-

355 1048 570 1122 menti,
591 1049 896 1131 quoniam
928 1049 1070 1131 ejus
1099 1050 1268 1132 quod
1299 1049 1721 1114 essentialiter
1751 1056 1848 1112 est

353 1147 519 1210 aliud
566 1147 646 1210 ab
692 1147 843 1224 alio,
889 1167 1030 1212 esse
1075 1156 1282 1232 potest
1330 1149 1503 1211 aliud
1549 1149 1844 1231 signum3

355 1263 580 1327 eorpus
631 1252 846 1308 autem
896 1253 1198 1328 praetacto
1255 1246 1443 1310 modo
1491 1252 1844 1328 sumptum,

355 1344 774 1408 essentialiter
801 1343 1022 1408 differt
1061 1345 1143 1406 ab
1179 1344 1397 1408 anima
1424 1352 1488 1408 et
1525 1364 1562 1407 a
1598 1345 1849 1425 sangui-

355 1461 432 1505 ne
459 1461 532 1505 ac
563 1441 706 1505 aliis
727 1460 740 1506 :
761 1460 912 1524 ergo
941 1451 1150 1526 potest
1177 1442 1348 1506 aliud
1381 1443 1634 1524 signum
1665 1442 1851 1506 habe-

357 1560 438 1602 re.
485 1541 642 1604 Item
692 1540 1002 1622 possibile
1049 1541 1174 1603 fuit
1219 1549 1421 1604 totum
1471 1541 1846 1622 sanguinem

358 1647 711 1721 separatum
753 1657 894 1702 esse
931 1658 970 1702 a
1006 1656 1270 1721 corpore
1305 1639 1538 1702 Christi
1577 1640 1644 1702 in
1685 1657 1850 1702 mor-

357 1745 448 1814 te3
495 1745 560 1800 et
608 1745 820 1799 tamen
873 1736 926 1799 si
975 1745 1128 1799 tunc
1176 1736 1404 1800 fuisset
1454 1736 1850 1800 Eucharistia

1955 752 2063 816 bet
2094 772 2211 816 nec
2251 755 2535 818 continet
2569 754 2850 817 animam
2889 762 2954 817 et
2982 753 3359 835 sanguinem
3388 762 3453 817 et

1953 852 2309 914 accidentia
2338 871 2416 915 ex
2446 852 2509 914 vi
2540 852 2919 916 sacramenti
2954 869 3067 916 seu
3098 851 3160 914 vi
3190 870 3451 916 conver-

1953 950 2175 1026 sionis,
2208 951 2319 1014 sed
2349 969 2463 1034 per
2494 951 3049 1015 concomitantiam
3078 951 3447 1024 naturalem,

1954 1049 2075 1112 hoc
2114 1057 2308 1112 staret
2340 1049 2522 1131 juxta
2558 1049 2926 1132 praehabita,
2958 1049 3185 1113 saltem
3226 1067 3450 1112 secun·
3476 1059 3743 1118 pascnan.

1955 1147 2108 1211 dum
2142 1167 2335 1210 unam
2365 1147 2552 1210 viam.
2567 1147 2661 1211 Ob
2690 1148 2809 1211 hoe
2840 1156 3053 1212 tamen
3085 1166 3210 1211 non
3240 1154 3455 1212 esseut

1955 1246 2151 1310 verba
2184 1246 2291 1310 illa
2320 1254 2450 1310 tam
2481 1246 2771 1310 absolute
2800 1255 2865 1310 et
2894 1247 3143 1310 incaute
3170 1255 3455 1328 promen-

1955 1344 2036 1407 da
2068 1362 2081 1406 :
2111 1345 2462 1428 praesertim
2492 1345 2646 1428 quia
2674 1345 3029 1408 secundum
3057 1344 3448 1427 Apostolum,

1955 1442 2036 1506 ab
2067 1444 2243 1506 omni
2286 1444 2500 1525 specie
2540 1443 2707 1506 mala
2739 1442 3059 1506 abstinere
3087 1450 3359 1525 oportet,
3390 1449 3455 1505 et
3507 1453 3747 1507 trama,

1957 1559 2104 1603 cum
2135 1541 2453 1605 haereticis
2483 1559 2601 1604 nec
2641 1541 2707 1603 iu
2736 1541 2951 1604 verbis
2981 1541 3455 1605 communicare
3482 1521 3549 1563 ²²·

1957 1639 2289 1714 debemuS,
2340 1646 2647 1722 quantum
2708 1639 2894 1704 vitari
2952 1647 3179 1722 potest.
3225 1675 3308 1686 —
3350 1640 3454 1703 Se-

1958 1738 2167 1801 cundo
2196 1738 2367 1820 quod
2396 1738 2504 1813 ait,
2538 1757 2665 1802 non
2697 1757 2837 1801 esse
2868 1737 3287 1821 impossibile,
3321 1755 3455 1800 cor-

357 1843 734 1908 consccrata,
768 1834 996 1898 fuisset
1035 1853 1136 1897 res
1175 1836 1398 1898 eadem
1437 1855 1579 1918 quae
1617 1843 1682 1898 et
1720 1851 1848 1898 mo-
1883 1831 1930 1893 B
1960 1856 2080 1919 pus
2109 1843 2300 1918 prout
2327 1844 2424 1899 est
2461 1836 2744 1919 primum
2788 1836 3189 1919 perfectibile
3227 1836 3458 1899 animae

355 1933 447 1995 do.
489 1935 620 1996 Hoc
669 1951 822 2015 ergo
859 1935 1208 1996 tenendum
1248 1941 1364 2008 est,
1409 1935 1577 2016 quod
1617 1952 1848 2016 corpus

358 2032 584 2096 Christi
616 2040 686 2094 ut
715 2032 1001 2115 primum
1031 2033 1350 2115 signatum
1391 2032 1631 2115 speciei
1665 2033 1848 2115 panis

355 2138 413 2193 et
457 2137 853 2205 contentum,
895 2146 1022 2193 non
1071 2130 1343 2194 includit
1388 2130 1690 2204 animam,
1733 2149 1850 2193 nec

356 2229 720 2302 accidentia,
737 2239 856 2292 nec
887 2227 1277 2310 sanguinem.
1291 2264 1374 2274 —
1388 2230 1654 2311 Insuper
1683 2229 1847 2303 dicO,

359 2327 520 2409 quod
553 2345 680 2389 non
721 2332 820 2390 est
857 2345 1118 2390 necesse
1157 2326 1558 2410 simpliciter,
1590 2326 1644 2390 si
1676 2326 1851 2390 Chri-

359 2434 486 2488 stus
533 2445 648 2488 seu
697 2443 932 2508 corpus
979 2425 1120 2507 ejus
1168 2425 1288 2488 sub
1343 2427 1532 2489 modo
1579 2425 1851 2488 naturali

360 2523 544 2586 habet
581 2532 794 2606 partes
832 2530 898 2586 et
941 2524 1374 2607 proprietateS,
1409 2523 1580 2605 quod
1624 2523 1855 2586 habeat

359 2622 604 2686 easdem
637 2621 760 2686 sub
793 2622 981 2686 modo
1010 2622 1450 2685 sacramentali
1486 2639 1500 2683 τ
1532 2621 1686 2704 quia
1712 2628 1856 2703 post

359 2721 891 2784 resurrectionem
939 2738 1068 2784 non
1114 2720 1237 2784 erit
1283 2719 1701 2792 Eucharistia‚
1736 2738 1853 2782 nec

359 2838 586 2903 corpus
632 2818 869 2883 Christi
918 2818 1180 2882 habebit
1235 2818 1356 2881 sub
1412 2819 1598 2882 modo
1654 2837 1855 2880 sacra-

361 2917 619 2982 mentali
670 2917 1095 3001 proprietates
1141 2925 1204 2979 et
1251 2917 1613 2999 passiones;
1657 2923 1723 2979 et
1769 2923 1856 2979 ta-

1958 1953 2098 1998 esse
2125 1935 2265 1998 sine
2294 1934 2747 1997 accidentibus.
2766 1935 3007 2017 Corpus
3037 1953 3307 2017 namque
3336 1950 3457 1996 non

1959 2039 2056 2095 est
2083 2032 2165 2095 ab
2194 2032 2408 2095 anima
2440 2030 2861 2114 perfectibile,
2896 2029 3019 2094 nisi
3047 2029 3179 2112 jam
3219 2031 3296 2094 ad
3326 2029 3461 2094 ani-

1963 2151 2082 2194 mae
2124 2130 2601 2213 susceptionem
2644 2149 2719 2192 ac
2770 2129 3287 2193 informationem
3335 2129 3461 2192 dis-

1963 2229 2241 2312 positum
2273 2248 2391 2312 per
2417 2226 2837 2312 quantitatem
2867 2236 2932 2291 et
2960 2227 3352 2310 qualitatem,
3370 2227 3463 2290 di-

1964 2336 2147 2390 cente
2178 2327 2560 2410 Philosopho
2588 2326 2857 2390 :Anima
2884 2334 2982 2390 est
3008 2333 3187 2389 actus
3220 2326 3465 2409 primus

1964 2426 2251 2508 corporis
2306 2425 2587 2508 organici
2635 2425 2908 2509 physici,
2959 2431 3079 2488 etc.
3128 2460 3210 2472 —
3255 2425 3467 2488 Tertio

1965 2526 2134 2609 quod
2163 2525 2407 2599 ait,hoc
2436 2542 2788 2606 congruum
2820 2542 2980 2598 esse,
2994 2523 3293 2606 quoniam
3328 2542 3468 2605 spe-

1966 2625 2118 2700 cieS,
2143 2624 2206 2687 id
2238 2632 2334 2686 est
2362 2623 2583 2687 formae
2612 2622 2949 2685 sensibiles
2978 2621 3466 2685 sacramentales

1966 2724 2173 2806 paniS,
2216 2729 2671 2805 repraesentant
2707 2719 3096 2795 absolutum,
3129 2738 3281 2804 ergo
3320 2719 3467 2783 sub-

1967 2821 2286 2884 stantialia
2340 2829 2405 2884 et
2458 2839 2584 2884 non
2631 2819 3007 2884 accidentia.
3062 2818 3241 2883 Circa
3295 2819 3465 2902 quod

1965 2921 2131 2995 dico,
2167 2921 2335 3002 quod
2384 2919 2631 3002 species
2682 2919 2806 2982 illae
2852 2923 3312 3001 repraesentant
3358 2936 3466 2980 ve-

359 3037 500 3080 men
553 3016 818 3081 habebit
863 3023 1017 3079 tunc
1066 3015 1185 3078 ista
1241 3014 1362 3077 sub
1419 3033 1534 3079 suo
1583 3015 1853 3079 naturali
1888 3011 1931 3075 C
1967 3038 2108 3081 rum
2142 3037 2372 3100 corpus
2403 3018 2657 3092 Christi,
2681 3017 2850 3101 quod
2881 3035 3011 3081 non
3041 3016 3200 3080 dicit
3228 3015 3463 3078 nudam

359 3118 544 3181 modo
595 3114 870 3181 essendi.
922 3116 1184 3190 RursuS,
1236 3133 1364 3178 non
1413 3114 1701 3197 sequitur
1747 3134 1854 3178 ne-

357 3215 630 3299 cessario
668 3231 1038 3288 econverso,
1071 3212 1125 3275 si
1156 3212 1440 3277 Christus
1479 3232 1592 3276 seu
1623 3231 1854 3296 corpus

362 3314 496 3396 ejus
529 3313 721 3377 habet
751 3314 901 3375 istas
942 3318 1152 3394 partes
1184 3319 1247 3373 et
1283 3311 1702 3394 proprietates
1733 3310 1854 3373 sub

363 3413 551 3475 modo
587 3409 1052 3483 sacramentali,
1087 3410 1254 3491 quod
1293 3408 1380 3472 ob
1411 3409 1530 3473 hoc
1571 3428 1856 3472 necessa-

362 3511 452 3573 rio
489 3509 721 3572 habeat
759 3527 866 3571 eas
903 3507 1024 3571 sub
1069 3508 1258 3571 modo
1301 3526 1432 3570 suae
1471 3508 1856 3571 exsistentiae

363 3608 651 3671 naturali.
687 3608 847 3670 Dum
891 3605 1066 3669 enim
1106 3624 1206 3669 res
1243 3605 1459 3687 aliqua
1494 3624 1570 3667 ex
1610 3624 1724 3667 sua
1753 3624 1859 3668 na-

362 3716 500 3770 tura
529 3715 628 3769 est
669 3704 1049 3769 indifferens
1086 3705 1164 3766 ad
1203 3703 1362 3767 duos
1393 3704 1613 3766 modos
1647 3722 1858 3767 essen-

363 3808 447 3883 di,
499 3814 720 3888 utpote
779 3803 1134 3867 naturalem
1191 3811 1255 3866 et
1311 3802 1856 3877 sacramentalem,

364 3913 514 3968 tunc
573 3904 745 3967 sicut
790 3902 1172 3984 simpliciter
1217 3907 1424 3983 potest
1469 3899 1691 3963 haberi
1739 3900 1859 3963 sub

365 4023 490 4067 uno
539 4004 753 4075 modu,
789 4001 876 4063 ita
923 4000 1043 4063 sub
1089 3999 1236 4075 alio,
1269 4005 1388 4061 ete.
1421 3999 1566 4063 Haec
1613 3999 1856 4062 Scotus.

441 4102 556 4178 Qui
587 4102 668 4165 de
697 4100 800 4163 his
831 4100 1034 4162 multa
1062 4098 1490 4180 prosequitur,
1524 4098 1589 4159 in
1626 4097 1861 4179 quibus

1968 3117 2299 3181 materiam
2335 3134 2349 3178 :
2384 3115 2513 3180 imo
2552 3123 2863 3199 quantum
2906 3116 2986 3180 ad
3029 3115 3265 3180 realem
3306 3113 3467 3177 exsi-

1966 3216 2264 3279 stentiam
2304 3234 2508 3289 suam,
2540 3216 2897 3278 accidentia
2935 3216 3223 3298 quaedam
3266 3214 3466 3277 inclu-

1966 3315 2079 3389 dit,
2102 3316 2165 3377 id
2196 3321 2293 3377 θεῖ
2321 3314 2738 3396 quantitatem
2768 3320 2833 3376 et
2860 3313 3466 3396 qualitatem,quum

1969 3414 2052 3476 sit
2095 3431 2330 3495 corpus
2376 3412 2746 3494 organicum
2798 3411 3155 3495 physicum.
3192 3410 3321 3474 Nec
3370 3430 3465 3475 se-

1969 3512 2208 3593 quitur,
2242 3510 2499 3593 Species
2542 3510 2667 3573 illae
2716 3516 3171 3592 repraesentant
3216 3508 3465 3572 absolu-

1968 3619 2128 3683 tum,
2164 3626 2313 3691 ergo
2342 3608 2762 3671 substantiam
2795 3614 2860 3671 et
2898 3626 3024 3671 non
3061 3607 3417 3671 accidentia
3448 3624 3463 3669 :

1969 3727 2171 3791 quum
2220 3707 2509 3789 quaedam
2565 3706 2920 3769 accidentia
2966 3706 3095 3769 sint
3152 3704 3463 3779 absoluta,

1969 3825 2095 3869 non
2157 3805 2512 3887 respectiva
2579 3822 2691 3867 seu
2757 3803 3039 3867 relativa.
3098 3837 3181 3847 —
3235 3802 3467 3876 Quarto

1970 3906 2139 3987 quod
2168 3904 2269 3977 ait,
2284 3904 2403 3967 hoc
2432 3902 2667 3966 sactum
2698 3920 2853 3964 esse.
2867 3902 3005 3965 Non
3034 3901 3205 3963 enim
3232 3900 3467 3964 factum

1971 4012 2086 4077 est,
2121 4020 2241 4065 nec
2270 4002 2414 4075 suit,
2448 4001 2558 4064 sed
2592 3999 2732 4063 fieri
2770 3999 2994 4081 potuit.
3029 3999 3347 4082 Quidquid
3378 4007 3467 4061 et-

1971 4102 2146 4165 enim
2216 4100 2501 4165 Christus
2564 4098 2630 4161 in
2691 4099 2882 4162 Coena
2949 4098 3343 4162 consecravit
3405 4105 3470 4161 et

369 4202 564 4263 multa
619 4199 922 4261 videntur
985 4196 1296 4260 contineri
1357 4196 1592 4277 inepta.
1653 4195 1865 4259 Primo
1894 4196 1944 4259 D
1974 4198 2597 4263 transsubstantiavit
2626 4197 2690 4260 in
2730 4214 2961 4279 corpus
3000 4215 3188 4260 suum
3227 4206 3291 4259 et
3328 4215 3467 4259 san-

367 4300 532 4381 quod
564 4296 743 4370 dicit,
777 4314 1008 4378 corpus
1039 4294 1270 4358 Christi
1303 4303 1374 4356 ut
1402 4302 1499 4356 est
1529 4294 1595 4356 in
1627 4294 1866 4356 Eucha-

369 4398 562 4471 ristia,
595 4413 727 4458 non
767 4394 1091 4457 continere
1129 4393 1411 4455 animam
1451 4411 1659 4474 neque
1702 4392 1864 4454 acci·

371 4498 598 4561 dentia.
651 4496 724 4557 ln
772 4492 1008 4577 quibus
1053 4493 1308 4556 videtur
1354 4510 1658 4554 renovare
1706 4491 1864 4553 anti-

369 4615 562 4677 quum
596 4610 878 4657 errorem
909 4611 947 4654 a
983 4589 1262 4673 praefatis
1298 4589 1664 4653 doctoribus
1694 4597 1758 4651 et
1786 4588 1865 4652 ab

368 4692 736 4756 Innocentio
784 4690 948 4771 Papa
995 4689 1074 4751 111
1122 4688 1520 4751 concorditer
1569 4685 1867 4769 reproba-

369 4800 523 4865 tum,
558 4788 862 4853 videlicet
891 4806 1120 4870 corpus
1152 4786 1383 4849 Christi
1409 4804 1549 4849 esse
1589 4785 1656 4847 in
1685 4783 1866 4847 altari

369 4889 721 4953 secundum
767 4906 948 4949 suam
993 4884 1230 4948 nudam
1272 4886 1614 4948 essentiam
1649 4903 1662 4947 :
1697 4884 1866 4967 quod

373 5006 490 5051 non
523 4988 737 5051 solum
777 4984 1010 5047 falsum
1042 4990 1139 5045 est
1177 4984 1255 5045 de
1295 4983 1483 5057 facto,
1517 4985 1627 5046 sed
1658 4991 1724 5047 et
1752 4985 1868 5046 im-

373 5085 676 5170 possibile
716 5089 814 5146 est
851 5080 944 5144 sic
983 5100 1124 5144 esse
1162 5089 1422 5164 propter
1449 5080 1869 5144 absurditates

377 5186 518 5247 inde
556 5188 900 5266 sequentes
936 5187 1002 5243 et
1039 5179 1612 5243 contradictionum
1659 5179 1870 5261 impli-

379 5284 674 5347 cationes.
710 5280 774 5344 Si
819 5286 1032 5341 autem
1077 5277 1218 5339 vult
1261 5278 1493 5351 dicere,
1526 5277 1696 5359 quod
1741 5294 1873 5340 cor-

1973 4298 2257 4380 guinem,
2290 4305 2617 4380 sumptum
2650 4296 2771 4359 ruit
2802 4296 2867 4358 in
2899 4296 3111 4370 Coena,
3146 4315 3265 4359 nec
3296 4314 3469 4359 man-

1975 4396 2059 4459 sit
2115 4397 2263 4458 inde
2323 4396 2650 4458 residuum
2708 4395 2965 4477 aliquod
3026 4413 3141 4476 per
3185 4394 3471 4457 triduum

1977 4496 2199 4557 mortis
2249 4492 2499 4557 Christi.
2546 4492 2675 4555 Nec
2722 4493 3030 4575 sequitur,
3072 4492 3135 4556 Si
3186 4500 3339 4554 tunc
3387 4492 3475 4555 ita

1977 4594 2205 4655 suisset
2243 4591 2507 4665 factum,
2540 4608 2689 4671 ergo
2732 4591 2919 4653 modo
2957 4591 3051 4653 sic
3090 4598 3186 4653 est
3228 4598 3337 4652 aut
3378 4590 3472 4653 sic

1978 4686 2120 4749 fieri
2155 4692 2381 4768 potest.
2417 4684 2591 4747 Tunc
2621 4684 2795 4746 enim
2825 4701 3055 4767 corpus
3087 4682 3317 4746 Christi
3350 4702 3476 4745 rea-

1978 4785 2123 4847 liter
2154 4783 2398 4846 cxstitit
2426 4790 2747 4844 mortuum
2780 4788 2841 4844 et
2881 4780 3302 4843 inanimatum
3338 4799 3351 4843 :
3384 4781 3475 4844 id-

1978 4884 2149 4947 circo
2180 4900 2305 4945 non
2337 4880 2722 4962 sequebatur
2752 4878 3203 4941 inconveniens
3232 4888 3340 4942 aut
3369 4880 3481 4942 im·

1977 4981 2237 5066 plicatio
2268 4976 2869 5049 contradictioniS,si
2899 4983 3053 5039 tunc
3082 4976 3311 5040 fuisset
3340 4976 3478 5040 sine

1977 5081 2192 5144 anima
2230 5078 2297 5140 in
2336 5074 2762 5153 Eucharistia3
2805 5074 2971 5137 sicut
3009 5073 3142 5154 jam
3186 5094 3478 5157 sequere-

1978 5187 2103 5251 tur,
2136 5177 2287 5240 dum
2322 5193 2553 5256 corpus
2582 5172 2723 5254 ejus
2750 5191 2899 5235 vere
2927 5179 2989 5235 et
3029 5172 3477 5254 incorruptibi-

1982 5277 2126 5339 liter
2175 5282 2272 5337 est
2316 5273 2667 5336 animatum
2715 5289 2787 5334 ac
2835 5270 3079 5344 vivum,
3130 5272 3183 5333 si
3230 5270 3476 5333 dicatur
