4267 6250
566 1855 638 1912 Cf.
655 1861 689 1900 t.
701 1857 827 1910 xxti,

563 1932 604 1973 p.
622 1921 700 1962 2⁰7
712 1920 774 1965 C'.

587 1994 632 2037 q.
647 1995 702 2034 cs,
718 1996 761 2026 a.
773 1988 812 2028 1.

585 2955 630 2998 q.
653 2956 707 2994 ix.
727 2957 768 2986 a.
785 2946 826 2988 4.

563 3139 828 3197 Cs.t.xxlll,

559 3218 605 3260 p.
619 3207 670 3247 4³
683 3203 828 3247 C’ota.

857 466 940 532 48

1551 487 1618 534 m
1655 488 1878 536 mmm!
1918 489 1980 535 lv
2021 488 2505 538 summumn-
2546 507 2628 522 —-
2666 491 2821 540 msr.
2864 493 2927 556 13
2970 493 3196 550 QUAEST.
3238 494 3286 540 11

859 655 1355 720 matrimonium
1387 666 1543 721 tunc
1589 677 1718 722 non
1767 659 1995 723 fuisset
2042 661 2108 722 in
2158 678 2361 724 reme·
2389 661 2441 724 Α
2471 662 2935 745 reparationem
2965 664 3353 747 spectabant.
3391 664 3467 727 Et
3503 663 3638 728 baec
3676 671 3857 727 erant
3890 663 3968 725 il-

859 754 1039 818 dium
1070 755 1296 838 culpae,
1331 758 1442 821 sed
1472 757 1540 820 in
1581 758 1878 821 officium
1918 767 2181 823 naturae.
2216 761 2362 823 Ideo

858 869 986 914 non
1017 852 1241 916 fuisset
1267 861 1422 918 tunc
1452 857 1708 939 proprie
1738 859 2361 932 sacramentum‚nisi

858 947 1022 1014 forte
1070 951 1140 1013 in
1192 961 1503 1034 quantum
1554 973 1688 1017 rem
1743 975 1986 1018 sacram
2039 956 2360 1039 significa·

857 1048 967 1112 bat
988 1068 1003 1112 t
1027 1067 1158 1115 non
1188 1053 1359 1132 quod
1387 1053 1601 1128 hom0,
1637 1053 1703 1117 in
1735 1062 1902 1117 statu
1932 1054 2067 1130 illo,
2100 1074 2218 1137 per
2245 1056 2361 1119 bu-

855 1147 1137 1228 jusmodi
1183 1151 1665 1214 matrimonium
1709 1152 2062 1234 accepisset
2103 1153 2366 1233 cogniti·

856 1264 1046 1309 onem
1095 1247 1270 1310 illius
1316 1267 1508 1312 sacrae
1557 1249 2026 1331 conjunctionis
2075 1271 2218 1334 quae
2265 1260 2362 1314 est

857 1345 1088 1408 Christi
1139 1354 1203 1410 et
1243 1346 1564 1422 Ecclesiae,
1607 1348 1738 1412 imo
1786 1349 1932 1432 plus
1979 1351 2356 1425 econtrario,

857 1462 936 1506 ex
979 1445 1340 1525 cognitione
1381 1446 1852 1527 conjunctionis
1891 1447 2089 1523 illius,
2129 1466 2358 1511 conve-

858 1543 1169 1605 nientiam
1199 1552 1264 1606 et
1291 1544 1690 1608 sanctitatem
1722 1547 2112 1610 matrimonii
2144 1565 2363 1629 cogno-

857 1641 1072 1704 visset.
1103 1677 1187 1688 -—-
1214 1642 1358 1706 Haec
1399 1643 1671 1708 Thomas
1713 1644 1779 1707 in
1823 1644 2090 1728 Scripto.

937 1740 1388 1804 Verumtamen
1445 1743 1939 1823 agnoscendum,
1994 1745 2167 1826 quod
2223 1750 2353 1808 tam

2472 759 2595 823 lius
2650 762 2959 844 temporis
3020 771 3435 838 sacramenta,
3495 769 3567 824 ut
3622 761 3965 835 sacrificia,

2464 856 2820 922 oblationes
2850 879 2923 922 ac
2953 859 3236 923 decimae.
3273 860 3578 933 Quocirca
3604 859 3965 934 sciendum,

2470 955 2642 1036 quod
2677 964 2824 1018 ante
2868 957 3073 1037 legem
3114 957 3417 1038 scriptam
3457 962 3637 1019 erant
3674 956 3969 1037 quaedam

2468 1062 2864 1117 sacramenta
2906 1053 3326 1131 necessitatis,
3360 1061 3431 1116 ut
3472 1053 3633 1116 illud
3674 1053 3830 1116 fidei
3870 1073 3971 1116 sa-

2471 1159 2869 1214 cramentum
2916 1153 3087 1233 quod
3130 1151 3543 1214 ordinabatur
3582 1151 3662 1213 ad
3707 1151 3971 1214 deletio-

2470 1267 2618 1310 nem
2650 1248 2976 1330 originalis
3006 1251 3289 1332 peccati3
3322 1249 3620 1312 similiter
3653 1250 3969 1332 poeniten-

2468 1345 2729 1428 tia‚quae
2758 1348 3168 1412 ordinabatur
3198 1349 3276 1412 ad
3305 1349 3689 1412 deletionem
3720 1350 3970 1431 peccati

2468 1446 2772 1526 actualis3
2805 1447 3284 1511 matrimonium
3334 1466 3610 1530 quoque,
3648 1449 3818 1529 quod
3866 1466 3969 1511 or-

2468 1544 2808 1607 dinabatur
2833 1547 2913 1608 ad
2944 1546 3541 1629 multiplicationem
3570 1545 3824 1628 generis
3852 1547 3971 1608 bu-

2470 1643 2662 1706 mani.
2698 1644 3029 1708 Sacrificia
3059 1663 3233 1720 vero,
3262 1645 3616 1709 oblationes
3645 1652 3710 1708 et
3744 1645 3971 1727 hujus·

2468 1741 2663 1816 modi,
2686 1751 2870 1805 erant
2895 1743 3239 1806 voluntatis
3270 1750 3334 1807 et
3362 1743 3759 1808 necessitatis
3780 1744 3969 1826 :quia

860 1839 924 1900 in
965 1838 1215 1920 Scripto
1257 1841 1546 1913 secundi,
1578 1840 1986 1904 distinctione
2024 1843 2352 1919 vicesima,
2390 1849 2440 1913 Β
2468 1841 2864 1904 necessitatis
2902 1849 3083 1903 erant
3121 1842 3187 1904 in
3230 1841 3579 1916 communi,
3614 1849 3683 1904 ut
3718 1842 3971 1906 scilicet

855 1957 1049 2020 quam
1082 1937 1148 1999 in
1179 1939 1388 2020 prima
1417 1946 1595 2021 parte
1627 1940 1905 2003 Summae
1935 1947 2172 2016 tuetur,
2186 1943 2356 2023 quod

855 2037 1151 2118 quamvis
1199 2037 1393 2118 primi
1451 2046 1744 2119 parentes
1798 2038 2060 2101 fuerunt
2116 2041 2354 2103 conditi

856 2141 1168 2216 quantum
1213 2136 1294 2198 ad
1335 2154 1566 2218 corpus
1607 2138 2018 2219 animamque
2060 2139 2351 2220 perfecti,

857 2233 1095 2315 posteri
1125 2240 1338 2296 tamen
1365 2252 1590 2297 eorum
1621 2253 1740 2297 nec
1770 2243 2078 2317 quantum
2111 2237 2189 2299 ad
2221 2255 2355 2300 cor-

856 2350 977 2413 pus
1034 2350 1152 2394 nec
1211 2339 1522 2414 quantum
1589 2333 1670 2395 ad
1736 2333 2014 2397 animam
2082 2334 2357 2398 fuissent

856 2429 1124 2512 perfecti
1155 2431 1305 2493 nati.
1339 2431 1486 2493 Ideo
1524 2431 1589 2492 in
1629 2431 1894 2494 scientia
1935 2432 2357 2515 profecissent

855 2535 984 2590 tam
1023 2548 1104 2591 ex
1143 2536 1479 2611 parentum
1519 2536 1585 2592 et
1623 2530 2086 2613 sapientiorum
2126 2531 2357 2595 instru—

856 2626 1086 2702 ctione,
1121 2647 1314 2710 quam
1363 2646 1442 2691 ex
1490 2629 1749 2710 propria
1795 2630 2351 2695 consideratione:

855 2733 920 2789 et
960 2726 1047 2789 ita
1087 2744 1216 2789 non
1258 2726 1468 2789 solum
1511 2745 1592 2789 ex
1629 2727 1881 2790 influxu
1921 2729 2082 2791 lucis
2121 2730 2355 2794 divinae

855 2822 1212 2907 spiritualia
1248 2825 1713 2906 cognovissent,
1749 2834 1937 2908 prout
1967 2827 2056 2889 ibi
2097 2836 2353 2892 sanctus

856 2923 1203 2986 conscribit
1249 2924 1498 2998 Doctor,
1545 2924 1657 3007 qui
1705 2932 1768 2987 et
1819 2925 1884 2988 in
1943 2926 2128 2989 tertia
2175 2935 2353 3010 parte

2466 1939 2707 2021 aliquid
2765 1939 3047 2003 facerent
3106 1941 3170 2002 in
3228 1941 3745 2024 protestationem
3804 1940 3967 2004 fidei

2462 2056 2617 2111 suae,
2641 2056 2768 2119 qua
2798 2038 2924 2100 Deo
2954 2057 3071 2120 per
3100 2039 3299 2103 latriae
3328 2040 3573 2102 cultum
3604 2047 3787 2102 erant
3814 2040 3966 2103 sub-

2464 2135 2655 2216 jecti3
2688 2135 2753 2198 in
2784 2136 3047 2218 speciali
3084 2154 3236 2201 vero
3272 2145 3453 2200 erant
3480 2139 3849 2209 voluntatis,
3880 2158 3965 2200 an

2466 2232 2713 2296 scilicet
2758 2234 3078 2298 sacrificia
3122 2235 3519 2312 exhiberent,
3570 2255 3652 2298 an
3696 2235 3967 2299 oblatio-

2466 2351 2601 2407 neS,
2648 2332 2747 2394 vel
2788 2333 3158 2413 hujusmodi
3198 2333 3482 2416 aliquid..

2545 2431 2733 2493 Porro
2764 2431 2918 2494 dum
2950 2432 3278 2514 quaeritur,
3309 2452 3390 2495 an
3428 2434 3842 2496 sacramentis
3874 2433 3965 2496 le-

2463 2529 2561 2610 gis
2604 2529 2911 2592 naturalis
2952 2531 3244 2593 addenda
3280 2539 3463 2594 erant
3502 2531 3627 2594 alia
3672 2540 3963 2614 tempore

2464 2627 2749 2690 Mosaicae
2780 2627 2967 2708 legis3
2989 2628 3355 2704 dicendum,
3373 2630 3543 2711 quod
3574 2647 3773 2712 quum
3806 2649 3965 2693 usus

2464 2732 3005 2787 sacramentorum
3068 2726 3693 2809 proportionabiliter
3754 2745 3965 2790 corre-

2464 2823 2772 2904 spondeat
2816 2822 2993 2898 fidei,
3030 2825 3311 2906 oportuit
3357 2825 3711 2888 secundum
3757 2826 3967 2890 diver-

2466 2939 2609 2982 sum
2641 2919 2797 2984 fidei
2834 2928 3069 2984 statum
3108 2930 3502 2986 sacramenta
3534 2923 3963 2986 diversimode

856 3030 1122 3085 testatur
1162 3022 1226 3085 in
1267 3023 1480 3085 anima
1517 3022 1749 3086 Christi
1788 3023 1988 3087 fuisse
2017 3025 2351 3088 scientiam
2382 3025 2428 3090 C
2468 3019 2629 3082 tradi
2666 3038 2739 3082 ae
2778 3019 3028 3082 variari·
3065 3021 3245 3083 Fides
3278 3029 3492 3084 autem
3530 3029 3843 3105 quantum
3881 3022 3963 3084 ad

855 3121 1250 3204 acquisitam.
1297 3121 1586 3203 Denique
1635 3121 1700 3184 in
1751 3121 2000 3205 Scripto
2047 3125 2240 3200 tertii,
2290 3133 2355 3188 et

857 3220 924 3282 in
975 3220 1160 3282 tertia
1205 3227 1404 3302 parte,
1455 3219 1852 3303 probabilius
1908 3240 2047 3284 esse
2094 3222 2350 3297 fatetur,

855 3318 1088 3379 Filium
1133 3318 1244 3380 Dei
1283 3336 1410 3381 non
1449 3318 1650 3381 fuisse
1690 3318 2086 3382 incarnatum
2131 3321 2185 3383 si
2224 3339 2353 3383 non

843 3415 1285 3497 praecessisset
1343 3416 1652 3497 originale
1713 3416 2068 3499 primorum
2126 3437 2351 3500 paren-

853 3521 990 3576 tum
1039 3521 1374 3595 peccatum
1408 3531 1422 3575 z
1457 3532 1607 3596 ergo
1650 3514 1718 3576 in
1761 3522 1926 3579 statu
1969 3515 2352 3581 innocentiae

841 3611 1044 3674 homo
1091 3629 1220 3675 non
1274 3612 1674 3693 cognovisset
1725 3614 2239 3677 convenientiam
2288 3622 2352 3677 et

851 3710 1252 3773 sanctitatem
1286 3710 1676 3774 matrimonii
1706 3731 1784 3774 ex
1815 3713 2177 3794 cognitione
2207 3731 2352 3777 con-

848 3808 1197 3890 junctionis
1242 3807 1473 3873 Christi
1521 3816 1712 3892 atque
1757 3810 2056 3875 Ecclesiae
2100 3830 2216 3895 per
2256 3813 2354 3875 ln-

850 3907 1235 3971 carnationis
1278 3908 1678 3990 mysterium.

931 4007 1197 4089 Insuper
1223 4006 1304 4069 ad
1335 4006 1420 4081 id,
1455 4014 1672 4069 utrum
1713 4007 1778 4070 in
1817 4006 1957 4089 lege
1987 4015 2229 4072 naturae
2257 4027 2351 4071 sa-

851 4112 1176 4185 cramenta
1215 4105 1570 4167 necessaria
1602 4114 1804 4177 erant,
1839 4108 2181 4188 respondet
2212 4124 2229 4169 z
2262 4107 2351 4169 Ea

849 4301 1087 4365 habere
1133 4307 1416 4384 oportet3
1455 4300 1642 4364 aliter
1687 4302 1973 4384 operatio
2019 4303 2162 4385 ejus
2209 4322 2351 4387 pro-

851 4401 990 4483 prie
1021 4416 1148 4463 non
1187 4407 1356 4463 esset
1393 4399 1689 4463 humana.
1723 4400 1885 4463 Hinc
1921 4410 2172 4485 oportet
2198 4422 2348 4487 ope-

852 4499 1163 4562 rationem
1215 4498 1563 4580 cognitioni
1614 4501 2132 4583 correspondere‚
2183 4502 2349 4566 sicut

851 4598 1160 4663 effectum
1191 4617 1415 4663 causae.
1441 4600 1510 4661 In
1541 4606 1707 4662 statu
1736 4607 1952 4663 autem
1984 4600 2141 4682 legis
2170 4610 2348 4667 natu-

851 4716 938 4762 rae
977 4715 1106 4761 non
1149 4696 1412 4761 suffecit
1450 4697 1531 4760 ad
1579 4698 1850 4761 salutem
1892 4700 2201 4763 naturalis
2248 4718 2347 4765 co—

849 4796 1073 4880 gnitio,
1125 4796 1256 4860 imo
1311 4796 1683 4878 exigebatur
1730 4796 1935 4878 fides3
1985 4799 2349 4881 specialiter

849 4914 1106 4980 quoque
1145 4902 1288 4979 post
1325 4895 1576 4978 lapsum
1617 4898 1976 4961 necessaria
2018 4897 2144 4961 fuit
2180 4898 2345 4963 fides

851 4995 1250 5079 reparatoris.
1284 4994 1459 5058 Unde
1503 4995 1572 5058 in
1609 5002 1775 5060 statu
1813 4996 1926 5060 illo
1967 5014 2096 5060 non
2135 4998 2344 5061 solum

851 5102 1033 5159 erant
1067 5093 1425 5157 necessaria
1459 5110 1653 5177 opera
1690 5114 1830 5178 quae
1869 5102 2020 5159 sunt
2055 5096 2134 5159 de
2168 5104 2347 5160 natu-

851 5194 1004 5258 ralis
1047 5192 1394 5257 dictamine
1443 5184 1726 5269 rationis,
1775 5194 1888 5257 sed
1933 5195 2126 5258 etiam
2176 5214 2344 5278 quae-

851 5294 996 5359 dam
1027 5292 1510 5376 protestationes
1539 5299 1606 5355 et
1632 5292 1815 5374 signa
1840 5310 2064 5357 eorum
2093 5314 2237 5378 quae
2263 5294 2343 5358 ad

2464 3119 2879 3183 articulorum
2923 3119 3414 3203 explicationem
3464 3140 3718 3205 semper
3758 3121 3963 3185 crevit

2466 3219 2666 3299 magis
2695 3237 2768 3280 ac
2807 3219 3027 3300 magis,
3062 3220 3413 3282 secundum
3453 3220 3829 3284 viciniorem
3858 3240 3961 3283 ac—

2465 3336 2717 3379 cessum
2764 3318 2842 3379 ad
2888 3324 3143 3401 tempus
3188 3319 3404 3398 gratiae
3452 3319 3704 3404 Christi.
3738 3319 3817 3381 Et
3862 3338 3960 3383 se-

2464 3416 2746 3478 cundum
2777 3415 2897 3477 hoc
2925 3416 3207 3498 oportuit
3234 3424 3627 3479 sacramenta
3653 3418 3857 3498 magis
3896 3426 3961 3481 et

2464 3515 2667 3596 magis
2723 3514 3153 3577 determinari.
3206 3516 3282 3577 Et
3327 3516 3479 3597 quia
3526 3516 3593 3578 in
3638 3516 3959 3580 Abrabam

2461 3613 2627 3676 fides
2685 3613 3051 3676 notabiliter
3106 3612 3288 3675 fulsit
3344 3622 3410 3677 et
3466 3614 3689 3689 crevit,
3742 3616 3830 3677 ita
3886 3623 3960 3678 ut

2462 3720 2723 3795 propter
2783 3711 2939 3775 fidei
2998 3711 3373 3793 religionem
3432 3712 3515 3775 ab
3571 3713 3713 3775 aliis
3772 3732 3955 3796 sepa-

2464 3819 2730 3886 raretur,
2785 3818 3047 3893 propter
3096 3811 3267 3894 quod
3319 3818 3498 3894 pater
3554 3812 3957 3875 credentium

2462 3910 2830 3973 nominatur
2876 3927 2891 3971 :
2939 3908 3090 3971 hinc
3141 3909 3540 3991 signaculum
3588 3929 3702 3974 seu
3748 3929 3955 3973 sacra·

2464 4015 2754 4071 mentum
2790 4007 2968 4082 fidei,
2993 4007 3487 4071 determinatum
3516 4015 3580 4071 et
3611 4008 3823 4092 primo
3850 4010 3957 4072 da-

2460 4113 2599 4169 tum
2628 4112 2724 4168 est
2752 4105 3149 4180 ei,videlicet
3176 4106 3599 4170 circumcisio.
3616 4106 3955 4190 Quumque
4020 4144 4143 4192 Gen.
4166 4158 4249 4191 xm

852 4223 994 4286 quae
1022 4202 1104 4265 ab
1143 4203 1402 4266 homine
1441 4201 1631 4279 fiunt,
1663 4223 1702 4267 a
1738 4204 2098 4285 cognitione
2135 4213 2348 4269 ortum
2380 4211 2431 4273 D
2460 4210 2746 4286 tempore
2784 4204 3013 4286 Moysis
3049 4202 3213 4267 fides
3256 4203 3323 4267 in
3371 4211 3619 4269 tantum
3657 4223 3957 4269 excreve·
3988 4211 4063 4253 ¹⁰·

2460 4303 2563 4378 rit,
2620 4310 2691 4364 ut
2746 4321 2873 4366 non
2930 4303 3137 4366 solum
3197 4304 3264 4366 in
3320 4322 3449 4367 uno
3506 4302 3787 4381 homine,
3845 4314 3961 4369 aut

2460 4402 2526 4465 in
2571 4421 2698 4465 una
2734 4402 3002 4477 familia,
3035 4402 3147 4465 sed
3180 4402 3243 4467 in
3286 4421 3413 4465 una
3450 4410 3638 4484 gente
3682 4403 3959 4486 refulge-

2459 4509 2589 4581 ret3
2636 4502 2780 4565 ideo
2824 4502 3107 4584 oportuit
3153 4509 3308 4564 tunc
3357 4503 3563 4585 legem
3610 4502 3771 4579 dari,
3814 4522 3962 4586 quae

2458 4618 2587 4664 non
2617 4600 2741 4663 nisi
2771 4601 3012 4684 populo
3038 4608 3247 4684 potest
3273 4601 3433 4677 dari,
3466 4609 3531 4665 et
3558 4610 3962 4667 sacramenta

2458 4700 2525 4763 in
2554 4699 2817 4784 speciali
2848 4700 3258 4764 determinari
3287 4720 3360 4764 ac
3392 4701 3829 4784 multiplicari.
3864 4703 3962 4766 Id-

2456 4800 2627 4864 circo
2672 4800 2739 4863 in
2784 4799 2921 4881 lege
2958 4800 3187 4883 Moysis
3225 4800 3636 4864 determinari
3672 4803 3961 4884 oportuit

2454 4898 2794 4975 sacrificia,
2826 4899 3179 4963 oblationes
3206 4908 3271 4964 et
3304 4900 3604 4977 decimas,
3640 4910 3959 4984 quantum

2453 4999 2533 5061 ad
2572 4999 2925 5081 singulares
2968 4999 3500 5076 circumstantias,
3531 5008 3596 5063 et
3632 5000 3961 5065 matrimo-

2453 5097 2563 5161 nia
2608 5098 2910 5175 ordinari,
2960 5098 3353 5182 poenitentiae
3400 5116 3655 5183 quoque
3704 5100 3954 5165 satisfa-

2455 5196 2700 5261 ctiones
2741 5196 3069 5279 distingui.

2534 5296 2877 5372 Postremo,
2900 5296 3055 5359 dum
3084 5295 3407 5380 quaeritur,
3426 5304 3639 5361 utrum
3671 5298 3740 5362 in
3768 5319 3957 5371 evan·
