4267 6250
789 455 916 524 232
1469 474 1535 523 m
1573 473 1796 522 nummu
1837 473 1901 520 ιν
1940 471 2424 520 snm-nuruum.
2464 489 2547 502 -·-
2584 472 2740 520 ars-r.
2780 471 2887 535 113
2927 471 3157 529 oms-r.
3198 471 3221 518 1

795 645 878 710 de
923 647 1300 711 necessitate
1347 645 1588 710 salutis.
1633 643 1998 728 Respondet
2032 661 2048 706 ι
2085 642 2297 708 Gratia
2324 643 2377 708 A
2404 651 2875 707 sacramentum
2916 650 2982 705 et
3022 660 3181 716 rem,
3214 641 3437 726 sicque
3484 647 3925 705 sacramenta-

797 751 896 808 est
923 744 1258 808 sufficiens
1299 763 1490 808 causa
1525 743 1748 806 salutis
1785 762 1858 806 ac
1895 742 2132 825 gloriae.
2167 741 2297 804 Hoc

795 849 1009 907 autem
1041 851 1509 907 sacramentum
1539 842 1806 924 gratiam
1838 841 2293 925 praesupponit,

797 959 1006 1024 neque
1035 942 1374 1006 salubriter
1403 941 1680 1004 sumitur
1717 940 1840 1004 nisi
1876 939 1961 1002 ab
1989 939 2299 1003 exsisten-

797 1049 860 1103 te
890 1040 954 1103 in
985 1041 1186 1122 gratia
1211 1047 1463 1122 gratum
1496 1038 1786 1103 faciente.
1810 1040 1956 1102 ldeo
1984 1046 2295 1121 quantum

798 1145 896 1202 est
937 1139 1016 1202 de
1061 1158 1150 1214 se,
1184 1157 1312 1202 non
1360 1147 1459 1201 est
1495 1138 1574 1201 de
1611 1137 1988 1201 necessitate
2029 1136 2294 1215 salutis3

797 1238 910 1300 sed
957 1256 1035 1302 ex
1083 1244 1318 1302 statuto
1366 1235 1663 1301 Ecclesiae
1711 1236 2144 1299 necessarium
2202 1242 2301 1298 est

799 1334 960 1397 illud
990 1335 1070 1398 ad
1103 1335 1316 1398 minus
1348 1334 1546 1398 semel
1577 1334 1644 1397 in
1673 1351 1840 1398 anno
1877 1333 2187 1416 accipere.
2224 1333 2301 1397 Et

799 1433 887 1495 ita
917 1433 1345 1515 intelligendis
1373 1441 1524 1496 sunt
1552 1433 1838 1516 quaedam
1871 1432 2294 1496 auctoritates.

800 1531 1036 1594 Verum
1065 1532 1416 1615 spiritualis
1445 1531 1727 1614 sumptio
1765 1531 1905 1612 ejus
1945 1530 2302 1593 necessaria

530 1650 770 1698 ιοωιιωι,
801 1636 919 1704 est,
953 1631 1032 1693 de
1064 1650 1190 1713 qua
1216 1631 1306 1692 ait
1333 1629 1617 1694 Salvator
1649 1647 1664 1692 ε
1698 1629 1832 1693 Nisi
1879 1628 2298 1691 manducave-

507 1718 576 1760 5⁴.

800 1729 939 1791 ritis
971 1747 1225 1793 carnem
1257 1728 1400 1791 Filii
1431 1729 1808 1802 hominis,et
1835 1726 2127 1790 biberitis
2157 1726 2297 1807 ejus

2405 741 2551 805 liter
2596 750 2661 806 et
2706 741 3125 825 spiritualiter
3170 740 3665 806 communicant.
3708 740 3789 802 Et
3839 740 3921 802 in

2405 839 2729 922 aliquibus
2783 847 3179 922 separantur,
3230 857 3505 922 quorum
3550 838 3751 920 aliqui
3802 857 3925 900 su-

2408 946 2595 1001 munt
2640 939 3182 1002 sacramentaliter
3219 946 3491 1012 tantum,
3531 937 3699 1000 sicut
3742 937 3929 1000 indi-

2406 1037 2513 1120 gni
2532 1055 2549 1116 ;
2570 1036 2679 1100 alii
2708 1055 2841 1100 rem
2871 1044 3137 1112 tantum,
3153 1043 3225 1099 ut
3251 1037 3363 1119 qui
3392 1036 3525 1099 fide
3554 1043 3618 1098 et
3646 1035 3925 1099 caritate

2408 1135 2657 1199 Christo
2700 1136 2767 1199 in
2808 1144 3204 1200 sacramento
3252 1135 3583 1200 exsistenti
3625 1134 3927 1216 jungun-

2408 1241 2551 1296 tur:
2575 1234 2641 1296 hi
2672 1234 3089 1317 spiritualiter
3118 1241 3365 1296 tantum
3403 1233 3919 1297 communicant.

2410 1333 2531 1396 Sed
2580 1333 2732 1415 quia
2778 1333 3011 1396 divisio
3058 1333 3177 1396 ista
3236 1333 3437 1415 magis
3486 1351 3555 1396 se
3605 1339 3781 1395 tenet
3830 1351 3923 1395 ex

2409 1439 2586 1514 parte
2624 1430 3112 1513 suscipientium
3152 1450 3344 1513 quam
3374 1450 3452 1494 ex
3495 1437 3672 1513 parte
3700 1449 3923 1493 sacra-

2411 1530 2633 1605 menti,
2684 1529 2828 1593 ideo
2875 1548 3003 1593 non
3050 1537 3149 1592 est
3193 1529 3453 1612 propria
3494 1528 3647 1592 huic
3698 1547 3923 1592 sacra-

2412 1635 2626 1691 mento
2668 1628 2837 1692 sicut
2876 1628 3220 1710 Baptismo,

2494 1727 2583 1790 Ex
2641 1727 2741 1789 his
2801 1734 2973 1808 patet
3030 1726 3359 1809 responsio
3414 1727 3493 1790 ad
3550 1727 3635 1802 id,
3686 1735 3923 1790 utrum

798 1828 1198 1910 sanguinem,
1232 1846 1359 1891 non
1399 1826 1717 1890 habebitis
1746 1826 1944 1889 vitam
1985 1827 2048 1888 in
2089 1826 2291 1888 vobis.
2335 1822 2383 1885 B
2410 1831 2705 1907 peccator
2753 1825 3094 1888 manducet
3147 1842 3379 1907 corpus
3426 1825 3655 1889 Christi
3704 1844 3927 1888 sacra-

879 1926 1354 2009 Consequenter
1383 1927 1726 2008 respondet
1753 1925 1833 1987 ad
1866 1925 2046 1998 illud,
2078 1925 2159 1987 de
2188 1925 2301 1986 du-

800 2024 955 2107 plici
987 2024 1182 2104 hujus
1210 2023 1586 2087 sacramenti
1621 2023 2108 2086 manducatione
2129 2041 2143 2084 :
2163 2023 2301 2086 For·

802 2123 986 2185 malis
1029 2122 1262 2186 divisio
1306 2123 1399 2185 rei
1449 2122 1726 2184 sumitur
1773 2139 1969 2203 penes
2019 2121 2082 2183 id
2128 2121 2299 2202 quod

799 2220 1101 2285 convenit
1138 2221 1196 2282 ei
1239 2220 1592 2282 secundum
1637 2237 1728 2293 se,
1761 2227 1825 2282 et
1867 2236 1994 2288 non
2040 2237 2155 2301 per
2197 2237 2298 2280 ac-

799 2319 1038 2382 cidens.
1071 2319 1232 2382 Usus
1272 2325 1485 2381 autem
1526 2318 1617 2381 rei
1657 2336 1772 2400 per
1809 2335 1877 2380 se
1915 2324 1977 2380 et
2015 2335 2144 2380 non
2186 2336 2301 2399 per

796 2415 1117 2491 accidens,
1150 2423 1248 2478 est
1285 2416 1541 2505 quando
1577 2415 1724 2498 quis
1768 2414 1967 2478 utitur
2005 2433 2074 2478 re
2109 2414 2190 2478 ad
2234 2415 2297 2476 id

797 2516 875 2580 ad
906 2515 1078 2598 quod
1107 2522 1204 2578 est
1243 2514 1550 2577 instituta.
1585 2514 1922 2596 Quumque
1961 2513 2299 2577 manduca-

797 2614 888 2676 tio
917 2613 1087 2676 dicat
1125 2631 1314 2676 usum
1353 2612 1730 2676 sacramenti
1775 2612 1981 2686 istius,
2013 2612 2183 2694 quod
2216 2610 2296 2674 ad

797 2713 918 2777 hoc
949 2720 1046 2776 est
1075 2712 1438 2775 institutum
1479 2719 1551 2774 ut
1588 2712 1779 2774 homo
1819 2729 1886 2773 re
1915 2711 2296 2782 sacramenti

799 2810 1080 2894 potiatur
1092 2827 1110 2891 ;
1143 2809 1592 2892 distinguenda
1629 2817 1727 2872 est
1764 2810 2000 2892 duplex
2035 2810 2298 2872 mandu-

797 2908 964 2972 catio
1019 2907 1400 2971 sacramenti
1456 2907 1672 2987 hujus,
1723 2907 2077 2970 secundum
2125 2907 2296 2989 quod

2412 1923 2794 1987 mentaliter.
2829 1924 3085 1987 Constat
3130 1924 3303 1987 enim
3352 1923 3523 2005 quod
3571 1923 3721 1986 imo.
3762 1923 3926 1996 Qui-

2410 2024 2555 2086 dam
2614 2031 2827 2086 tamen
2876 2023 2943 2086 in
2992 2029 3239 2085 tantum
3291 2022 3664 2086 deferebant
3709 2022 3924 2103 hujus

2409 2121 2787 2184 sacramenti
2819 2120 3318 2203 dignitati‚quod
3348 2120 3733 2201 derogabant
3762 2120 3927 2203 ipsi-

2410 2239 2485 2284 us
2536 2220 2805 2294 veritati,
2858 2221 3142 2282 dicentes
3189 2219 3349 2282 illud
3396 2237 3524 2283 non
3570 2219 3774 2302 accipi
3825 2219 3923 2281 ab

2410 2319 2671 2401 iniquia,
2704 2318 2816 2381 sed
2846 2319 3136 2382 desinere
3164 2337 3305 2382 esse
3336 2317 3457 2382 sub
3488 2325 3923 2382 sacramenta-

2410 2417 2578 2480 libus
2610 2416 2947 2500 speciebus
2976 2435 3169 2499 quam
3202 2417 3329 2480 cito
3368 2417 3626 2482 illorum
3662 2416 3926 2480 contin-

2407 2516 2577 2598 gitur
2608 2515 2813 2579 labiis.
2848 2515 3022 2591 Quod
3062 2516 3189 2579 dici
3230 2533 3359 2580 non
3398 2523 3626 2599 potest,
3656 2515 3811 2599 quia
3849 2517 3919 2578 si

2406 2633 2557 2678 vere
2585 2615 2827 2679 exstitit
2864 2631 3097 2696 corpus
3127 2614 3359 2678 Christi
3394 2615 3515 2677 sub
3551 2614 3767 2697 specie
3798 2634 3923 2696 pa-

2404 2715 2507 2778 nis
2537 2733 2651 2797 per
2680 2714 3157 2778 conversionem
3189 2712 3393 2796 ipsius
3422 2715 3605 2796 panis
3634 2715 3699 2776 in
3730 2714 3921 2778 Chri-

2406 2813 2488 2876 sti
2535 2831 2788 2895 corpus,
2820 2831 2947 2876 non
2993 2812 3227 2895 poterit
3272 2821 3639 2877 remanente
3686 2814 3917 2895 specie

2408 2911 2591 2994 panis
2634 2912 2927 2976 desinere
2969 2911 3057 2974 ibi
3096 2929 3237 2974 esse
3280 2911 3492 2993 ipsum
3530 2929 3761 2993 corpus
3798 2911 3919 2976 do-

795 3005 1034 3089 duplex
1072 3013 1170 3070 est
1207 3025 1307 3068 res
1347 3004 1550 3087 ipsius
1594 3022 1608 3066 :
1650 3011 1723 3065 ut
1759 3005 2165 3068 manducatio
2202 3025 2296 3068 sa·
2331 3009 2374 3074 C
2409 3010 2879 3084 minicum‚nisi
2912 3029 3027 3093 per
3051 3010 3333 3092 aliquam
3364 3011 3745 3074 contrariam
3770 3030 3920 3073 mu-

798 3105 1203 3170 cramentalis
1243 3102 1732 3187 correspondeat
1769 3102 1826 3168 ei
1858 3104 2026 3186 quod
2060 3112 2161 3167 est
2196 3123 2296 3167 res

797 3212 863 3268 et
910 3210 1380 3267 sacramentum
1407 3202 1692 3284 (quando
1733 3201 2033 3265 videlicet
2081 3203 2293 3285 ipsum

801 3320 1033 3385 corpus
1064 3301 1297 3366 Christi
1327 3300 1722 3383 suscipitur),
1758 3300 2163 3364 manducatio
2192 3320 2297 3364 ve·

801 3419 872 3464 ro
916 3398 1266 3482 spiritualis
1310 3399 1369 3461 ei
1418 3398 1587 3481 quod
1637 3405 1733 3461 est
1775 3416 1874 3461 res
1923 3405 2191 3461 tantum.
2226 3400 2295 3460 ln

800 3498 942 3563 aliis
978 3505 1194 3561 tamen
1232 3496 1638 3559 sacramentis
1676 3515 1804 3560 non
1842 3497 2187 3559 attenditur
2214 3496 2303 3559 di-

801 3596 1059 3661 stinctio
1087 3595 1302 3677 aliqua
1331 3594 1456 3657 nisi
1485 3614 1563 3658 ex
1595 3601 1772 3677 parte
1803 3594 2193 3676 recipientiS,
2229 3601 2299 3657 ut

803 3696 870 3758 in
899 3695 1244 3778 Baptismo,
1263 3712 1456 3776 quem
1488 3693 1747 3776 quidam
1777 3692 2092 3756 accedunt
2121 3693 2294 3767 ficte,

801 3794 1062 3877 quidam
1091 3810 1219 3856 non
1255 3811 1270 3854 :
1303 3792 1606 3874 quoniam
1635 3791 1908 3855 aliorum
1941 3810 2299 3854 sacramen-

801 3900 1012 3957 torum
1071 3891 1378 3975 perfectio
1425 3892 1490 3954 in
1538 3910 1658 3954 usu
1707 3908 1929 3954 eorum
1983 3891 2293 3955 consistit.

800 3991 1110 4056 Perfectio
1138 4007 1290 4054 vero
1327 3989 1522 4071 hujus
1561 3988 1940 4052 sacramenti
1978 3988 2044 4051 in
2083 4006 2300 4052 conse-

802 4090 1084 4154 cratione
1141 4087 1432 4152 consistit
1489 4086 1769 4150 materiae
1820 4104 1834 4149 :
1891 4087 2034 4150 ideo
2090 4094 2299 4170 potest

2408 3107 2711 3172 tationem
2755 3107 2896 3192 ejus
2925 3109 3095 3192 quod
3135 3107 3259 3172 ruit
3296 3108 3363 3172 in
3401 3126 3632 3192 corpus
3670 3110 3915 3174 Christi

2408 3225 2809 3271 conversum.
2862 3208 2939 3269 Et-
2984 3208 3137 3290 quia
3182 3208 3261 3271 de
3310 3207 3422 3270 illo
3468 3226 3595 3271 non
3644 3217 3921 3271 manent

2409 3305 2534 3368 nisi
2573 3305 2722 3369 solae
2760 3306 3007 3387 species
3046 3324 3157 3368 seu
3202 3304 3424 3369 sormae
3458 3305 3913 3380 accidentaleS,

2410 3422 2551 3485 quae
2580 3403 2657 3466 ad
2689 3410 3025 3485 utramque
3052 3402 3499 3477 substantiam,
3520 3403 3765 3467 scilicet
3800 3424 3919 3486 pa-

2407 3501 2510 3563 nis
2556 3509 2620 3562 et
2676 3501 2981 3583 corporis,
3034 3502 3461 3565 communiter
3507 3501 3742 3564 habent
3788 3520 3913 3581 se;

2411 3600 2647 3664 idcirco
2684 3600 2991 3683 quamdiu
3032 3601 3157 3664 illae
3200 3600 3447 3683 species
3487 3618 3611 3663 non
3657 3606 3917 3663 mutan-

2408 3706 2534 3769 tur,
2584 3717 2985 3780 nequaquam
3040 3698 3275 3761 desinit
3331 3698 3421 3761 ibi
3476 3716 3616 3761 esse
3672 3716 3916 3780 corpus

2410 3796 2659 3860 Christi.
2694 3796 3122 3860 Transmutari
3154 3803 3366 3859 autem
3402 3795 3465 3858 in
3503 3796 3746 3879 aliquid
3775 3814 3913 3861 non

2410 3894 2717 3977 competit
2763 3894 3122 3977 speciebus,
3160 3894 3281 3957 nisi
3332 3896 3686 3961 secundum
3733 3897 3915 3977 quod

2408 3992 2645 4056 habent
2691 3993 2970 4075 aliquam
3011 3993 3462 4076 proprietatem
3510 3993 3910 4068 substantias,

2410 4092 2475 4155 in
2516 4092 2637 4155 hoc
2678 4091 2845 4174 quod
2886 4100 3035 4154 sunt
3076 4091 3216 4155 sine
3254 4090 3564 4172 subjecto.
3600 4092 3774 4155 Unde
3812 4094 3913 4155 nil

801 4208 942 4253 esse
973 4189 1038 4251 in
1081 4206 1158 4252 eo
1195 4187 1522 4250 distinctio
1559 4205 1638 4249 ex
1677 4193 1856 4269 parte
1891 4188 2292 4250 sacramenti.
2328 4191 2379 4254 D
2412 4197 2619 4273 potest
2661 4207 2767 4252 eas
2803 4190 2882 4252 ad
2925 4189 3115 4252 aliam
3158 4198 3580 4253 transmutare
3618 4188 3917 4253 substan-

883 4288 1003 4351 Sed
1033 4287 1229 4368 objici
1272 4293 1500 4368 potest,
1535 4284 1837 4366 quoniam
1877 4285 1942 4347 in
1972 4286 2299 4367 Baptismo

801 4396 898 4451 est
938 4386 1427 4469 suscipientium
1471 4383 1704 4466 triplex
1747 4383 1996 4447 divisio.
2031 4384 2296 4457 Quidam

801 4486 978 4549 enim
1009 4483 1372 4566 suscipiunt
1402 4501 1536 4545 rem
1566 4490 1631 4545 et
1658 4484 2302 4566 sacramentum‚qui-

801 4582 950 4647 dam
997 4589 1464 4645 sacramentum
1521 4588 1586 4643 et
1641 4597 1767 4644 non
1827 4598 1986 4656 rem,
2036 4580 2297 4662 quidam

503 4704 772 4763 dist.1v,q.¹.
805 4701 939 4746 rem
979 4689 1044 4745 et
1081 4698 1210 4745 non
1253 4687 1746 4753 sacramentum,
1778 4678 1946 4741 sicut
1989 4679 2298 4762 praehabi-

803 4790 940 4845 tum
973 4788 1086 4845 est.
1107 4781 1270 4863 Ergo
1299 4788 1362 4843 et
1393 4779 1458 4841 in
1491 4778 1610 4843 isto
1639 4787 2036 4842 sacramento
2065 4797 2301 4861 ponen-

803 4882 924 4945 dus
967 4888 1065 4943 est
1106 4878 1339 4962 triplex
1386 4878 1611 4941 modus
1650 4877 2187 4941 communicandi.
2219 4912 2300 4923 -—

802 4979 880 5043 Et
907 4977 1444 5061 respondendum,
1467 4976 1638 5058 quod
1667 4974 1772 5039 hic
1803 4994 2058 5058 quoque
2090 4985 2301 5058 posset

799 5076 1110 5159 assignari
1140 5075 1374 5158 triplex
1403 5074 1635 5138 divisio
1673 5074 1836 5138 talis.
1870 5075 1940 5138 In
1972 5075 2299 5157 aliquibus

801 5194 1078 5259 namque
1135 5172 1612 5256 conjunguntur
1667 5174 1809 5236 duae
1867 5174 2299 5237 manducatio-

764 5266 936 5350 'neS‚
971 5282 1041 5337 ut
1079 5272 1188 5356 qui
1229 5272 1420 5353 digne
1457 5271 1788 5347 accedunt,
1821 5271 1931 5354 qui
1969 5272 2298 5356 accipiunt

2410 4288 2587 4361 tiam,
2621 4287 2743 4349 nisi
2774 4294 3229 4350 transmutaret
3263 4286 3684 4349 substantiam
3724 4290 3913 4370 panis

2408 4394 2518 4449 aut
2549 4386 2703 4459 vini,
2736 4386 2787 4449 si
2821 4384 2911 4447 ibi
2940 4393 3110 4449 esset
3141 4403 3155 4449 :
3189 4387 3357 4468 quod
3388 4386 3563 4449 solus
3592 4385 3915 4450 labiorum

2410 4492 2613 4547 tactus
2652 4484 2753 4547 vel
2792 4484 3024 4547 divisio
3068 4504 3209 4566 quae
3250 4483 3328 4546 fit
3371 4503 3486 4567 per
3522 4484 3766 4559 denteS‚
3794 4494 3917 4548 aut

2410 4583 2477 4646 in
2506 4589 2795 4646 ventrem
2835 4582 3149 4664 trajectio,
3182 4599 3310 4645 non
3344 4581 3601 4657 faceret,
3634 4583 3745 4647 sed
3772 4585 3915 4647 sola

2410 4681 2697 4763 digestio.
2735 4680 2895 4744 Hinc
2945 4681 3054 4743 illa
3099 4680 3318 4763 opinio
3363 4688 3666 4763 tanquam
3714 4682 3915 4747 haere·

2409 4780 2536 4843 tica
2572 4780 2652 4843 ab
2692 4779 2991 4843 omnibus
3032 4779 3220 4843 modo
3258 4778 3579 4861 abjicitur.
3610 4814 3691 4825 —
3718 4782 3915 4845 Porro

2411 4897 2609 4961 quum
2655 4878 2910 4951 dicitur,
2944 4878 3113 4960 quod
3160 4875 3342 4939 cibus
3387 4878 3507 4940 iste
3547 4897 3661 4941 seu
3707 4898 3917 4943 sacra·

2413 4985 2699 5041 mentum
2740 4976 2859 5039 hoc
2904 4993 3031 5038 non
3074 4976 3301 5039 transit
3343 4976 3410 5038 in
3449 4984 3761 5051 ventrem,
3792 4980 3913 5043 sed

2410 5076 2476 5138 in
2526 5082 2831 5148 mentem,
2866 5074 3229 5157 praepositio
3272 5075 3347 5135 in
3390 5091 3517 5138 non
3566 5082 3743 5139 notat
3786 5084 3917 5139 ter-

2410 5174 2658 5237 minum
2691 5180 2900 5236 motus
2940 5171 3181 5248 localis,
3214 5173 3325 5237 sed
3364 5172 3565 5236 finem
3596 5174 3911 5256 sumptio-

2409 5272 2853 5337 nis.Localiter
2880 5280 3095 5335 autem
3124 5272 3297 5336 vadit
3326 5288 3455 5354 quo
3488 5271 3769 5355 species3
3790 5274 3907 5337 sed
