4267 6250
739 2375 837 2414 11111

874 485 956 550 68
1546 507 1610 553 ΙΝ
1650 507 1872 554 Lunum
1915 507 1974 552 1v
2017 506 2503 553 SENTRNUARUM.
2543 523 2629 560 -,
2664 507 2817 554 nls'r.
2860 507 2922 570 13
2964 507 3188 563 QUAEST.
3232 509 3318 554 vll

875 675 1160 757 corrupit
1187 677 1600 758 parvulorum
1631 695 1997 759 personam:
2018 685 2082 740 et
2112 677 2200 740 ita
2230 693 2371 740 con·
2399 677 2448 739 A
2480 676 2793 739 cationem
2841 694 2854 739 :
2896 683 2962 739 et
2997 678 3326 751 moralem,
3375 675 3677 760 quoniam
3726 675 3852 738 fuit
3896 675 3980 738 si-

875 773 1157 835 cluditur
1193 775 1472 838 circulus
1510 794 1549 837 a
1587 793 1857 858 persona
1896 776 1960 838 in
2007 793 2366 858 personam.

875 869 984 932 Vel
1031 871 1124 934 sic
1167 889 1182 933 ε
1224 873 1376 954 quia
1417 874 1632 936 anima
1674 874 1960 956 corrupit
2001 892 2258 936 carnem
2304 873 2367 934 in

874 969 1267 1050 parentibuS,
1300 980 1364 1034 et
1406 991 1552 1035 caro
1597 980 1933 1055 parentum
1977 991 2234 1035 carnem
2278 990 2371 1033 se·

874 1069 1180 1133 minatam
1210 1071 1273 1133 in
1306 1072 1774 1154 parvuliS,caro
1803 1090 2058 1153 quoque
2087 1070 2369 1132 animam

871 1166 1150 1230 infusam
1187 1169 1251 1230 in
1279 1170 1522 1232 eisdem
1558 1188 1571 1233 :
1607 1170 1827 1251 sicque
1863 1188 2082 1232 rursus
2113 1168 2370 1232 conclu-

870 1265 1044 1328 ditur
1073 1267 1352 1330 circulus
1383 1269 1606 1351 primae
1639 1267 2121 1331 maledictionis,
2140 1303 2218 1312 —
2237 1267 2369 1329 Fie-

870 1363 981 1426 bat
1023 1365 1216 1428 etiam
1267 1367 1674 1430 circumcisio
1723 1367 1790 1429 in
1841 1365 2130 1429 membro
2178 1385 2367 1448 gene·

872 1462 1156 1537 rationis,
1192 1465 1495 1546 quoniam
1529 1465 1618 1527 ibi
1654 1465 1800 1548 plus
1838 1465 2018 1528 saevit
2055 1473 2118 1526 et
2158 1465 2367 1547 primo

871 1561 1225 1643 percipitur
1267 1563 1788 1644 concupiscentia
1835 1563 2062 1626 carnis.
2105 1564 2368 1626 Verum-

869 1665 1084 1720 tamen
1135 1660 1541 1724 circumcisio
1588 1680 1716 1724 non
1765 1659 1965 1725 fiebat
2011 1662 2252 1724 directe
2300 1662 2367 1724 in

869 1775 944 1818 ea
981 1765 1160 1838 parte
1191 1759 1256 1820 in
1287 1778 1414 1841 qua
1446 1759 1810 1822 dominatur
1850 1759 2070 1833 libido,
2106 1768 2260 1841 puta
2300 1759 2365 1821 in

2478 793 2677 856 gnum
2717 775 3021 838 castitatis
3060 776 3417 854 servandae3
3448 783 3513 838 et
3544 774 3979 856 allegoricam,

2483 873 2951 954 praefigurando
2997 874 3442 956 purgationem
3492 892 3607 955 per
3654 871 3979 936 Christum

2482 969 2797 1048 futuram3
2850 977 2913 1033 et
2970 971 3399 1052 anagogicam,
3451 969 3755 1052 quoniam
3814 969 3981 1032 desi-

2478 1068 2697 1148 gnavit
2738 1068 3203 1151 depositionem
3253 1068 3805 1151 corruptibilitatis
3850 1086 3985 1130 car-

2478 1165 2581 1227 nis
2609 1173 2673 1228 et
2702 1166 3029 1248 sanguinis
3062 1167 3127 1229 in
3159 1165 3983 1230 resurrectione.Praetaetas
4022 1227 4033 1234 .

2477 1271 2691 1326 autem
2750 1264 3054 1327 utilitates
3112 1265 3336 1328 habuit
3382 1265 3790 1328 circumcisio
3848 1283 3983 1346 prae

2478 1363 2888 1426 sacramentis
2921 1363 3077 1444 legis
3105 1372 3347 1427 naturae
3380 1381 3393 1426 ε
3427 1363 3667 1426 idcirco
3698 1371 3841 1445 post
3871 1363 3984 1425 illa

2479 1463 2725 1525 institui
2782 1462 3023 1525 debuit.
3076 1463 3266 1527 Poena
3318 1480 3471 1526 vero
3529 1481 3671 1544 quae
3726 1461 3853 1524 fuit
3913 1461 3979 1523 in

2478 1561 2989 1635 circumcisione,
3041 1560 3164 1623 fuit
3210 1567 3459 1622 tantum
3515 1560 3595 1623 ad
3652 1559 3982 1641 significa-

2478 1659 2739 1733 tionem,
2791 1677 2918 1723 non
2965 1660 3047 1723 ad
3096 1658 3620 1735 satisfactionem,
3672 1658 3979 1741 quoniam

2478 1765 2737 1838 peccato
2794 1757 3088 1837 originali
3144 1756 3404 1819 aliunde
3465 1763 3789 1819 contracto
3848 1774 3979 1819 non

868 1854 1075 1936 capite
1113 1855 1328 1936 virgae,
1362 1857 1474 1918 sed
1519 1857 1584 1918 in
1630 1857 1930 1939 pellicula
1967 1875 1980 1919 ε
2014 1877 2157 1939 quae
2195 1865 2259 1919 et
2298 1856 2365 1919 in
2400 1854 2447 1917 B
2477 1854 2746 1916 debetur
2788 1872 2977 1936 poena
3018 1853 3365 1917 sensibiliS.

867 1952 1138 2016 muliere
1185 1964 1398 2035 posset
1441 1954 1703 2017 abscidi.
1740 1955 2175 2019 Periculosum
2215 1973 2367 2018 vero

868 2058 932 2112 et
960 2059 1179 2114 contra
1219 2052 1458 2114 bonum
1500 2053 1697 2135 prolis
1734 2053 1799 2115 in
1833 2053 2238 2116 matrimonio
2268 2053 2367 2115 fu-

869 2149 1614 2222 isset,circumcisionem
1646 2151 1792 2213 fieri
1824 2151 1888 2212 in
1922 2170 2109 2214 carne
2142 2151 2367 2234 capitis

869 2246 1084 2327 virgae.
1137 2248 1312 2310 Unde
1361 2249 1636 2324 elicitur,
1688 2249 1962 2331 qualiter
2009 2249 2367 2331 intelligen-

869 2344 1025 2407 dum
1065 2344 1150 2406 sit
1187 2344 1346 2407 illud
1377 2345 1638 2409 Genesis
1673 2364 1687 2408 :
1723 2346 2204 2410 circumcidetis
2239 2366 2371 2409 car-

870 2460 1022 2504 nem
1080 2444 1376 2526 praeputii
1435 2445 1648 2506 vestri.
1705 2481 1786 2490 —
1843 2445 1985 2508 Haec
2043 2446 2364 2522 Albertus,

871 2541 1057 2621 cujus
1116 2541 1285 2604 dicta
1333 2561 1412 2605 ex
1467 2543 1886 2624 sequentibus
1944 2544 2178 2606 clarius
2233 2544 2367 2625 jam

871 2639 1200 2721 patebunt.

955 2739 1174 2820 Itaque
1238 2740 1510 2804 Thomas
1573 2741 1964 2822 respondens
2026 2741 2107 2804 ad
2170 2741 2363 2816 istud,

869 2845 1086 2900 utrum
1143 2838 1574 2901 necessarium
1634 2839 1877 2900 exstitit
1932 2839 2367 2901 circumcisio-

869 2955 1018 3000 nem
1055 2937 1190 3000 dari
1235 2954 1250 2999 ε
1295 2936 1735 3010 circumcisio,
1779 2937 2008 3019 inquit,
2050 2937 2261 3019 primo
2303 2945 2367 2999 et

2555 1952 2882 2028 Praeterea,
2933 1951 3389 2016 convenienter
3441 1952 3657 2015 datum
3708 1961 3807 2015 est
3854 1952 3978 2014 cir-

2478 2050 2891 2113 cumcisionis
2938 2057 3327 2133 praeceptum
3374 2057 3520 2114 ante
3570 2050 3775 2131 legem
3826 2050 3981 2114 scri-

2478 2154 2675 2230 ptam,
2696 2149 2847 2230 quia
2877 2148 2975 2210 lex
3008 2149 3246 2230 scripta
3274 2166 3401 2211 non
3433 2148 3655 2211 debuit
3682 2149 3816 2211 dari
3850 2148 3979 2211 nisi

2480 2246 2719 2328 populo
2748 2245 2929 2308 fideli
2959 2245 3235 2308 adunato
3265 2253 3329 2308 et
3354 2245 3435 2309 ab
3464 2246 3609 2308 aliis
3638 2246 3975 2309 distincto:

2478 2345 2648 2425 quod
2688 2343 2925 2406 factum
2976 2352 3075 2406 est
3116 2362 3231 2426 per
3278 2344 3535 2424 signum
3583 2343 3981 2407 circumcisi-

2477 2443 2619 2504 onis
2668 2442 2995 2518 sensibile,
3046 2442 3111 2504 in
3164 2461 3290 2524 quo
3339 2442 3982 2506 communicaverunt

2475 2541 2694 2604 Judaei.
2736 2576 2819 2586 —
2860 2541 3324 2604 Convenienter
3371 2541 3564 2604 etiam
3612 2542 3829 2604 datum
3878 2547 3982 2604 est

2478 2647 2869 2720 praeceptum
2926 2639 3047 2702 hoc
3103 2646 3393 2722 tempore
3449 2639 3736 2703 Abrahae.
3798 2640 3980 2702 Tunc

2478 2756 2753 2819 namque
2792 2756 2869 2800 ex
2908 2737 3201 2819 originali
3242 2737 3587 2802 infectione
3630 2738 3981 2801 invalesce-

2479 2856 2545 2900 re
2595 2837 2787 2919 coepit
2845 2836 3221 2912 idololatria,
3272 2845 3333 2899 et
3382 2837 3831 2920 turpissimum
3880 2837 3980 2899 vi-

2475 2935 2637 2996 tium
2688 2942 2907 2997 contra
2964 2944 3275 2998 naturam.
3330 2935 3503 2998 Unde
3550 2943 3705 2998 tunc
3753 2936 3981 3000 debuit

867 3035 1310 3118 principaliter
1365 3035 1720 3097 necessaria
1779 3035 1905 3097 fuit
1953 3043 2212 3117 propter
2260 3055 2367 3098 ex·
2400 3039 2445 3102 C
2478 3033 2660 3116 plebs
2700 3033 2913 3096 fidelis
2956 3033 3037 3095 ab
3081 3033 3331 3096 infideli
3375 3035 3485 3097 tali
3527 3034 3711 3116 signo
3749 3035 3979 3099 distin-

869 3135 1252 3218 pressiorem
1291 3134 1830 3216 significationem
1865 3154 2088 3198 eorum
2119 3154 2260 3217 quae
2288 3135 2366 3198 fi-

869 3234 970 3297 dei
1030 3240 1196 3295 sunt.
1259 3232 1552 3316 Oportuit
1608 3233 1850 3315 quippe
1913 3242 1983 3295 ut
2039 3234 2206 3295 sicut
2264 3252 2365 3296 se-

869 3332 1152 3395 cundum
1182 3331 1490 3414 temporis
1525 3331 1996 3394 incrementum
2026 3332 2367 3413 explicatio

867 3430 1025 3493 fidei
1083 3430 1305 3504 crevit,
1367 3429 1462 3493 sic
1531 3437 1844 3492 cresceret
1899 3431 2368 3493 sacramentali-

871 3548 980 3591 um
1010 3529 1338 3608 signorum
1369 3527 1712 3591 distinctio.
1737 3528 1925 3591 Porro
1955 3528 2363 3591 circumcisio

869 3646 1236 3710 expressam
1286 3626 1778 3689 similitudinem
1831 3626 2055 3689 habuit
2101 3626 2369 3690 ablutio·

870 3726 970 3789 nis
1001 3725 1326 3807 originalis
1358 3726 1600 3807 peccati
1633 3732 1934 3808 quantum
1965 3726 2042 3788 ad
2074 3734 2361 3808 quatuor.

869 3825 1099 3898 Primo,
1133 3832 1442 3907 quantum
1485 3825 1563 3886 ad
1612 3824 1974 3886 membrum
2013 3824 2367 3905 generatio-

867 3924 992 3998 nis,
1026 3942 1140 4006 per
1179 3923 1350 4005 quod
1391 3923 1700 4004 originale
1739 3922 2225 3985 transfunditur.
2261 3923 2367 3986 Se-

867 4022 1097 4095 cund0,
1149 4028 1460 4104 quantum
1515 4021 1593 4083 ad
1653 4021 2031 4083 circularem
2088 4020 2365 4102 figuram

863 4121 1061 4201 (sicut
1101 4120 1462 4202 expositum
1493 4120 1634 4198 est).
1670 4118 1901 4193 Tertio,
1935 4125 2248 4201 quantum
2286 4120 2365 4183 ad

2474 3133 2607 3214 gui,
2649 3141 2712 3196 et
2755 3133 3247 3215 promissionem
3290 3142 3575 3217 apertam
3619 3135 3698 3197 de
3740 3134 3981 3200 Christi

2474 3232 2752 3294 adventu
2782 3232 3131 3314 suscipere,
3156 3234 3221 3295 in
3252 3250 3381 3315 quo
3411 3232 3725 3297 universae
3751 3244 3979 3315 gentes

2476 3329 3029 3405 benedicerentur,
3081 3339 3271 3414 atque
3320 3351 3357 3394 a
3404 3332 3538 3394 suis
3591 3332 3981 3396 criminibus

2476 3437 2917 3510 purgarentur.
2950 3465 3033 3475 —
3068 3430 3378 3511 Denique,
3420 3431 3723 3511 quoniam
3776 3432 3981 3494 Filius

2478 3527 2586 3590 Dei
2631 3527 2823 3609 elegit
2860 3546 2939 3590 ex
2984 3528 3224 3610 populo
3260 3529 3451 3592 Israel
3498 3529 3837 3605 incarnari,
3872 3531 3983 3594 de-

2476 3627 2610 3689 cuit
2648 3627 2957 3709 populum
3004 3626 3187 3689 illum
3233 3646 3364 3710 prae
3406 3628 3635 3691 ceteris
3674 3628 3981 3711 gentibus

2477 3725 2759 3788 decorari
2792 3726 3061 3788 diversis
3098 3726 3316 3807 gratiae
3349 3726 3533 3789 donis
3572 3746 3646 3789 ac
3678 3728 3981 3791 sanctita-

2476 3831 2539 3886 te
2580 3842 2596 3885 :
2640 3824 2783 3887 ideo
2831 3824 2891 3886 ei
2940 3824 3303 3907 specialiter
3344 3824 3751 3889 circumcisio
3794 3826 3983 3907 jussa

2474 3941 2550 3985 ac
2591 3923 2735 3985 data
2774 3930 2888 3985 est.

2556 4022 2622 4084 Si
2662 4028 2875 4083 autem
2906 4029 3245 4102 quaeratur‚
3278 4040 3357 4083 an
3388 4020 3525 4083 dies
3556 4030 3816 4085 octavus
3850 4023 3983 4087 fuit

2476 4120 2554 4182 de
2597 4118 2973 4181 necessitate
3020 4118 3564 4199 circumcisionis3
3602 4120 3978 4196 dicendum,

867 4236 1122 4302 poenam
1153 4237 1295 4300 quae
1329 4216 1455 4280 fuit
1483 4217 1550 4279 in
1589 4217 2104 4294 circumcisione,
2148 4226 2369 4280 contra
2395 4216 2446 4280 D
2477 4216 2645 4300 quod
2677 4215 3086 4279 circumcisio
3115 4215 3239 4277 fuit
3269 4216 3335 4278 in
3374 4225 3713 4301 praecepto,
3744 4226 3810 4281 et
3836 4228 3983 4283 erat

866 4316 1352 4380 delectationem
1383 4316 1938 4397 concupiscentiae,
1959 4316 2025 4378 in
2056 4335 2184 4398 qua
2213 4335 2369 4399 prae-

867 4415 1056 4496 cipue
1103 4413 1277 4495 viget
1324 4413 1566 4476 fomitis
1615 4413 1835 4476 virtus.
1880 4414 2133 4489 Quarto,
2171 4433 2368 4496 quan·

867 4520 1006 4575 tum
1054 4512 1133 4575 ad
1180 4510 1508 4593 sanguinis
1553 4510 1962 4586 effusionem,
2005 4512 2072 4574 in
2115 4532 2242 4594 qua
2284 4512 2366 4575 si-

864 4609 1214 4692 gnificatur
1270 4609 1481 4691 passio
1529 4609 1785 4684 Christi,
1837 4629 1952 4691 per
1999 4629 2191 4693 quam
2251 4628 2367 4693 pro

866 4708 1163 4790 originali
1201 4707 1327 4770 fuit
1363 4706 1905 4770 satisfaciendum.
1943 4708 2021 4770 Et
2053 4716 2366 4790 quantum

867 4809 945 4871 ad
991 4808 1154 4870 hanc
1197 4807 1538 4870 utilitatem
1581 4805 1894 4868 definitur
1934 4806 2363 4881 circumcisiO,

868 4906 1038 4989 quod
1081 4912 1177 4967 est
1219 4905 1619 4987 signaculum
1672 4904 2017 4967 curationis
2058 4905 2140 4967 ab
2182 4906 2369 4985 origi-

868 5004 1017 5068 nali.
1053 5004 1144 5066 Ex
1185 5002 1599 5084 consequenti
1631 5019 1782 5064 vero
1817 5001 2056 5064 utilitas
2099 5002 2369 5064 circum-

869 5103 1132 5165 cisionis
1178 5101 1304 5163 fuit
1349 5100 1675 5164 distinctio
1736 5100 1958 5182 populi
2016 5099 2228 5163 fidelis
2286 5099 2368 5161 ab

869 5202 1143 5276 infideli,
1195 5207 1261 5264 et
1309 5201 1394 5263 ita
1442 5218 1582 5263 eam
1635 5198 1867 5261 definit
1917 5200 2365 5274 Damascenus,

586 5322 838 5381 cs.p.⁶u.
869 5309 941 5366 ut
969 5301 1190 5385 patuit.
1216 5298 1450 5362 Habuit
1476 5316 1731 5381 quoque
1765 5298 2096 5380 mysticam
2126 5297 2370 5379 signifi-

2476 4321 2965 4377 sacramentum.
3034 4314 3267 4396 Sicque
3327 4315 3463 4378 dies
3528 4324 3789 4379 octavus
3850 4316 3985 4381 fuit

2475 4413 2554 4476 de
2584 4413 2962 4476 necessitate
2996 4412 3506 4476 circumcisionis
3543 4422 3855 4497 quantum
3893 4417 3983 4479 ad

2476 4510 2926 4593 obligationem
2970 4512 3294 4594 praecepti,
3329 4510 3413 4574 ita
3452 4513 3619 4594 quod
3663 4532 3811 4575 reus
3854 4513 3989 4578 fuit

2475 4610 2997 4692 transgressionis
3058 4609 3171 4691 qui
3234 4627 3363 4673 non
3428 4610 3791 4674 observavit
3851 4612 3985 4677 hoc

2476 4716 2752 4790 tempus.
2813 4707 2951 4771 Non
3006 4716 3221 4770 tamen
3280 4708 3406 4771 fuit
3460 4709 3539 4771 de
3595 4711 3985 4775 necessitate

2476 4807 2617 4886 ejus
2667 4813 2977 4889 quantum
3027 4807 3107 4870 ad
3154 4806 3514 4870 efficaciam
3564 4810 3981 4885 sacramenti,

2476 4905 2607 4967 imo
2635 4904 2762 4967 alio
2792 4904 2894 4966 die
2922 4904 3109 4979 facta,
3143 4904 3366 4968 habuit
3394 4926 3583 4969 suum
3614 4925 3987 4971 sacramen-

2476 5002 2668 5064 talem
2720 5001 3027 5064 effectum
3080 5022 3095 5065 :
3148 5004 3686 5085 quemadmodum
3738 5005 3989 5070 accidit

2480 5100 2988 5163 ministrantibus
3018 5100 3399 5182 evangelicae
3431 5102 3589 5183 legis
3618 5120 3991 5167 sacramen-

2477 5207 2562 5273 ta,
2613 5199 2725 5280 qui
2774 5198 2827 5260 si
2885 5198 3131 5261 debitas
3187 5197 3461 5261 formam
3511 5201 3987 5285 materiamque

2478 5298 2838 5371 observant,
2878 5296 3116 5359 habent
3152 5306 3547 5361 sacramenta
3586 5318 3777 5363 suum
3820 5300 3993 5365 effe-
