4267 6250
1543 819 2215 942 TITULI

443 1147 592 1200 SEU
665 1147 1045 1200 RUBRICAE
1111 1146 1324 1199 LIBRI
1393 1145 1698 1206 QUARTI
1763 1145 2436 1216 SENTENTIARUM,
2498 1145 2595 1197 ΑΒ
2660 1143 2836 1198 IPSO
2900 1141 3312 1198 MAGISTRO

1359 1272 1687 1324 PRIMUM
1762 1273 1886 1324 SIC
1954 1271 2375 1324 ORDINATI.

318 1705 460 1765 His
500 1701 852 1765 tractatis
894 1715 1054 1777 quoe
1100 1703 1200 1764 aa
1243 1701 1665 1764 doctrinam
1711 1713 1974 1763 rerum
2011 1701 2415 1778 pertinent,
2459 1705 2719 1779 quibu-s·
2750 1701 3149 1776 fruendum
3184 1703 3317 1780 est,
3360 1705 3433 1767 et

460 1821 716 1895 quibus
757 1818 1136 1893 utendum,
1185 1818 1258 1880 et
1312 1831 1472 1894 quoe
1520 1815 1882 1890 fruuntur
1934 1817 2006 1880 et
2047 1818 2388 1895 utuntur,
2440 1823 2538 1884 ad
2581 1809 3003 1884 doctrinam
3046 1823 3433 1897 simorum

461 1940 922 2000 accedamus.

409 2187 786 2250 Drs‘rmcuo
824 2184 878 2246 Ι.
920 2183 1020 2248 De
1063 2181 1510 2248 sacramentis,
1845 2175 1898 2238 A
2015 2183 2229 2257 Quare
2274 2185 2346 2248 in
2392 2202 2564 2266 aqua
2606 2186 2865 2250 tantum
2908 2187 3046 2250 fiat.

409 2293 584 2367 Quid
629 2294 720 2356 sit
765 2293 1272 2356 sacramentum.
2015 2291 2114 2354 De
2152 2291 2597 2374 immersione,
2639 2293 2899 2374 quoties
2933 2294 3075 2359 fieri
3112 2293 3364 2360 debeat.

407 2401 584 2474 Quid
628 2401 719 2464 sit
767 2399 1059 2481 signum.
2016 2397 2292 2471 Quando
2330 2399 2744 2464 circumcisio
2784 2403 3011 2466 amisit
3036 2403 3175 2466 vim
3207 2419 3422 2468 suam.

407 2508 554 2581 Quo
599 2507 860 2571 differat
905 2505 1172 2587 signum
1209 2507 1273 2568 et
1309 2505 1814 2568 sacramentum.
2016 2505 2115 2569 De
2163 2524 2360 2570 causa
2403 2507 2841 2572 institutionis
2886 2509 3232 2590 Baptismi.

406 2616 622 2690 Quare
667 2613 976 2678 instituta
1019 2614 1176 2677 sunt
1219 2613 1647 2676 sacramenta.
2017 2613 2392 2678 D1srmcr10
2438 2613 2533 2678 IV
2540 2662 2553 2677 .
2596 2615 2695 2678 De
2730 2614 2867 2679 illis
2900 2615 3017 2696 qui
3058 2614 3432 2697 suscipiunt

403 2725 503 2788 De
530 2721 903 2786 differentia
929 2721 1488 2784 sacramentorum
1523 2721 1820 2784 veterum
1929 2721 2415 2784 sacramentum
2482 2722 2547 2785 et
2606 2739 2769 2802 rem,
2828 2723 2895 2786 et
2960 2739 3103 2786 rem
3168 2724 3234 2785 et
3295 2738 3437 2785 non.

319 2834 385 2896 et
423 2847 776 2895 novorum.
1930 2829 2438 2908 sacramentum,
2499 2830 2565 2893 et
2628 2829 3113 2908 sacramentum
3178 2830 3244 2893 et
3294 2845 3429 2892 non

405 2939 506 3003 De
552 2934 1076 3000 circumcisione.
1930 2949 2092 2997 rem.

407 3043 602 3120 Quod
627 3042 996 3107 remedium
1029 3040 1127 3103 illi
1163 3039 1533 3105 habuerunt
1569 3039 1684 3122 qui
1719 3039 1824 3103 fu·
2017 3041 2116 3104 De
2162 3041 2311 3106 ficte
2357 3041 2836 3106 accedentibus,

320 3155 513 3219 erunt
557 3156 710 3215 ante
755 3148 1348 3213 circumcisionem.
2019 3150 2367 3223 Quomodo
2402 3149 2808 3231 intelligatur
2844 3150 3009 3214 illud
3042 3172 3056 3213 :
3090 3150 3433 3233 Quotquot

407 3262 506 3324 De
555 3257 971 3322 institutione
1028 3256 1570 3334 circumcisionis,
1623 3257 1689 3319 et
1741 3256 1821 3319 de
1930 3260 2000 3323 in
2045 3257 2307 3322 Christo
2354 3256 2664 3339 baptizati
2718 3259 2901 3339 estis,
2941 3257 3279 3322 Christum
3324 3258 3431 3322 in-

321 3385 537 3432 causa.
1853 3366 1900 3429 B
1931 3365 2192 3429 duistiS.

411 3475 508 3539 De
543 3472 841 3555 parvulis
877 3470 1208 3534 defunctis
1242 3470 1392 3533 ante
1429 3468 1606 3533 diem
1642 3472 1822 3534 octa-
2020 3472 2213 3545 Quod
2248 3472 2468 3553 passio
2516 3472 2780 3553 supplet
2814 3470 3028 3535 vicem
3076 3470 3425 3554 Baptismi,

319 3598 504 3661 vum,
553 3596 688 3661 quo
733 3578 933 3642 fiebat
978 3577 1414 3641 circumcisio.
1931 3582 1997 3644 et
2039 3579 2204 3643 fides
2249 3580 2316 3642 et
2361 3578 2687 3642 contritio.

410 3690 787 3752 Drsrmcno
842 3686 930 3749 11.
986 3686 1084 3749 De
1141 3684 1568 3749 sacramentis
1629 3702 1820 3750 novae
2014 3687 2191 3761 Quid
2230 3686 2441 3767 prosit
2474 3684 2857 3766 Baptismus
2894 3703 3047 3749 cum
3084 3684 3213 3750 fide
3250 3702 3431 3749 acce·

319 3795 506 3876 legis.
1929 3794 2257 3858 dentibus.

409 3902 508 3966 De
553 3900 921 3981 Baptismo.
2020 3900 2195 3974 Quid
2239 3898 2595 3961 dimittitur
2630 3897 2700 3961 in
2736 3897 3078 3980 Baptismo
3109 3896 3332 3978 justis.

411 4010 510 4073 De
585 4006 956 4071 differentia
1033 4004 1346 4087 baptismi
1411 4006 1452 4069 J
1453 4004 1687 4069 oannis
1759 4007 1825 4069 et
2019 4008 2226 4089 Cujus
2260 4006 2357 4070 rei
2402 4004 2490 4069 sit
2524 4006 3005 4069 sacramentum
3046 4004 3429 4087 Baptismus

323 4116 592 4179 Christi.
1931 4132 2132 4197 quem
2178 4113 2411 4195 recipit
2449 4111 2695 4194 justus.

413 4222 588 4297 Quid
632 4221 940 4285 utilitatis
983 4219 1353 4302 baptismus
1396 4220 1436 4281 J
1439 4220 1670 4284 oannis
1710 4220 1827 4283 ha·
2019 4222 2395 4286 Drs‘rmc'no
2448 4218 2530 4283 V.
2574 4220 2767 4294 Quod
2811 4219 3193 4301 Baptismus
3242 4236 3429 4301 aeque

323 4328 491 4393 buit.
1931 4328 2147 4393 bonus
2174 4330 2274 4393 est
2302 4345 2342 4391 a
2368 4327 2542 4392 bono
2580 4327 2685 4391 vel
2722 4344 2761 4391 a
2795 4328 2971 4391 malo
3008 4327 3224 4408 datus,
3254 4327 3430 4391 bono

415 4438 486 4502 Si
531 4437 662 4501 fuit
703 4437 1189 4501 sacramentum
1233 4434 1603 4517 baptismus
1638 4434 1772 4498 ille.
1932 4438 2038 4501 vel
2081 4438 2283 4501 malo.

413 4546 512 4608 De
561 4544 776 4608 forma
817 4542 1130 4625 baptismi
1173 4542 1470 4605 Joannis.
1857 4544 1901 4609 C
2021 4544 2120 4607 De
2157 4542 2480 4624 potestate
2516 4540 2864 4622 Baptismi,
2889 4542 2955 4604 et
2990 4541 3381 4605 ministerio.

415 4652 788 4715 D1srmc‘r10
819 4650 942 4715 ΙΙΙ.
983 4650 1158 4723 Quid
1204 4650 1293 4713 sit
1336 4649 1737 4731 Baptismus
2020 4651 2184 4724 Quae
2216 4650 2343 4713 fuit
2369 4650 2659 4730 potestas
2682 4648 3005 4729 Baptismi
3028 4664 3227 4729 quam
3252 4647 3436 4711 Chri-

415 4760 514 4822 De
563 4758 778 4822 forma
821 4756 1170 4838 Baptismi.
1933 4759 2076 4823 stus
2120 4756 2339 4839 potuit
2382 4756 2535 4819 dare
2576 4755 2809 4835 servis,
2850 4756 2916 4818 et
2962 4771 3097 4817 non
3137 4754 3340 4819 dedit.

415 4865 608 4940 Quod
642 4864 947 4946 Apostoli
995 4864 1064 4927 in
1108 4864 1376 4929 nomine
1423 4863 1666 4929 Christi
1711 4864 1826 4929 ba-
2021 4866 2397 4928 D1s‘rmcr10
2426 4861 2543 4926 VI.
2568 4860 2825 4935 Quibus
2852 4861 3045 4925 liceat
3078 4860 3429 4942 baptizare.

327 4973 760 5055 ptizaverunt.
2023 4972 2094 5037 Si
2140 4967 2583 5051 rebaptizandi
2628 4968 2783 5032 sunt
2819 4966 2901 5030 ab
2945 4967 3270 5031 haereticis
3318 4967 3435 5031 ba-

421 5081 489 5145 Si
525 5081 595 5144 in
631 5078 902 5144 nomine
937 5078 1154 5143 Patris
1192 5080 1445 5143 tantum
1484 5081 1589 5144 vel
1625 5081 1830 5163 Spiri-
1935 5078 2185 5161 ptizati.

329 5190 442 5252 tus
487 5188 710 5253 Sancti
758 5186 969 5269 possit
1015 5186 1184 5256 tradi
1228 5186 1630 5267 Baptismus.
2028 5184 2221 5258 Quod
2268 5183 2493 5248 nullus
2540 5182 2611 5245 in
2647 5182 2941 5245 materno
2983 5180 3170 5245 utero
3219 5180 3436 5263 bapti-

421 5294 518 5359 De
571 5293 989 5359 institutione
1033 5292 1378 5376 Baptismi.
1935 5293 2143 5358 zatur.
