4267 6250
1247 510 1424 557 mna
1463 512 1526 556 iv
1565 509 2050 557 smmrmuu.
2089 526 2173 537 -
2212 510 2367 557 msr.
2408 510 2537 557 xvn
3322 492 3445 557 445

338 683 458 763 qui
495 683 664 747 sciat
703 684 910 765 ligare
949 685 1015 748 et
1049 683 1326 748 solvere.
1357 684 1586 749 Talem
1623 685 1804 749 enim
1839 703 1983 749 esse
2019 686 2279 767 oportet
2312 686 2431 767 qui
2464 684 2745 749 aliorum
2790 685 3066 748 crimina
3100 684 3441 765 dijudicat.

339 798 534 863 Unde
569 799 1040 881 Augustinus:
1073 800 1204 875 Qui
1241 800 1388 863 vult
1423 801 1718 865 confiteri
1755 802 2044 883 peccata,
2073 803 2151 865 ut
2190 800 2483 865 inveniat
2516 802 2817 882 gratiam,
2853 803 3105 882 quaerat
3144 802 3447 865 sacerdo-
3471 824 3581 881 Aug.
3592 824 3741 870 dev.-

336 916 478 978 tem
515 916 634 997 qui
675 917 844 981 sciat
877 916 1082 998 ligare
1117 916 1186 979 et
1218 917 1497 997 solvere,
1527 934 1611 981 ne
1647 934 1856 999 quum
1891 917 2233 999 negligens
2268 917 2439 981 circa
2474 934 2545 981 se
2581 919 2927 997 exstiterit,
2960 918 3330 999 negligatur
3362 918 3447 981 ab
3472 888 3738 993 {meim

339 1047 420 1094 eo
455 1032 569 1113 qui
611 1049 769 1096 eum
807 1031 1318 1097 misericorditer
1353 1034 1578 1096 monet
1607 1035 1674 1097 et
1700 1034 1890 1115 petit,
1921 1051 2004 1097 ne
2041 1034 2238 1097 ambo
2274 1034 2343 1097 in
2378 1033 2638 1098 foveam
2676 1034 2931 1113 cadant,
2964 1050 3163 1115 quam
3200 1032 3447 1096 stultus
3474 1048 3559 1092 ιιι
3560 1051 3691 1095 mm
3694 1065 3736 1101 .

337 1148 588 1212 evitare
630 1148 866 1212 noluit.
909 1149 1120 1212 Tanta
1165 1149 1387 1230 itaque
1433 1150 1538 1213 vis
1587 1148 2022 1214 confessionis
2069 1152 2193 1231 est,
2234 1152 2311 1213 ut
2354 1151 2413 1214 si
2460 1150 2644 1213 deest
2690 1151 3018 1230 sacerdoS,
3063 1116 3495 1225 confiteatur¹
3502 1116 3543 1155 “

337 1264 674 1344 proximo.
709 1265 900 1347 Saepe
937 1264 1116 1329 enim
1153 1265 1496 1347 contingit,
1530 1265 1710 1347 quod
1745 1265 2072 1347 poenitens
2107 1276 2243 1329 non
2278 1267 2497 1347 potest
2523 1266 2944 1330 verecundari
2984 1283 3205 1329 coram
3240 1281 3452 1329 sacer·
3550 1269 3561 1277 '

338 1380 518 1461 dote,
549 1398 752 1463 quem
789 1382 1188 1445 desideranti
1223 1398 1345 1445 nec
1373 1384 1638 1465 tempus
1679 1399 1800 1445 nec
1840 1382 2026 1446 locus
2063 1383 2291 1464 offert-3
2324 1385 2389 1445 et
2417 1384 2475 1445 si
2504 1382 2617 1447 ille
2654 1382 2763 1446 cui
2800 1382 3236 1461 confitebitur,
3268 1383 3451 1463 pote-

337 1498 580 1560 statem
615 1515 753 1561 non
789 1496 1028 1561 habeat
1061 1497 1385 1577 solvendi,
1419 1498 1494 1561 fit
1523 1499 1746 1561 tamen
1781 1498 2022 1579 dignus
2049 1498 2243 1562 venia
2274 1498 2633 1562 sacerdotis
2668 1498 3015 1577 desideri0‚
3050 1498 3166 1579 qui
3202 1498 3451 1562 crimen

339 1607 692 1676 confitetur
725 1614 932 1677 socio.
961 1612 1262 1677 Mundati
1300 1614 1480 1678 enim
1521 1616 1680 1677 sunt
1719 1613 1986 1695 leprosi,
2023 1615 2183 1678 dum
2234 1614 2417 1677 ibant
2453 1614 2794 1678 ostendere
2830 1632 2945 1677 ora
2982 1614 3086 1677 vel
3122 1632 3195 1678 se
3230 1632 3447 1677 saeer-
3500 1630 3606 1676 zue.
3636 1644 3739 1685 ιιι..

337 1726 630 1807 dotibnS,
665 1732 1022 1811 antequam
1059 1728 1144 1791 ad
1179 1746 1294 1793 eos
1331 1730 1748 1811 pervenirent
1779 1749 1794 1791 ε
1827 1730 2002 1794 unde
2037 1731 2217 1811 patet
2252 1730 2467 1793 Deum
2500 1730 2582 1793 ad
2632 1747 2745 1793 cor
2781 1731 3125 1811 inspicere,
3158 1730 3321 1793 dum
3361 1747 3447 1795 ex
3477 1697 3545 1739 ¹⁴‘

337 1846 728 1911 necessitate
765 1846 1200 1928 prohibentur
1237 1846 1322 1909 ad
1359 1846 1732 1910 sacerdotes
1770 1847 2134 1928 pervenire.
2169 1846 2357 1928 Saepe
2394 1846 2663 1926 quidem
2699 1848 3004 1927 quaerunt
3038 1862 3155 1909 eos
3190 1846 3333 1909 sani
3370 1862 3446 1909 ac

338 1958 498 2041 laeti,
550 1962 672 2025 sed
726 1963 890 2027 dum
936 1964 1266 2044 quaerunt,
1313 1964 1666 2044 antequam
1723 1963 2129 2044 perveniant,
2181 1962 2575 2026 moriuntur.
2634 1963 2765 2026 Sed
2818 1962 3267 2026 misericordia
3321 1963 3447 2026 Dei

335 2076 584 2160 ubique
627 2081 751 2160 est,
783 2080 902 2161 qui
938 2081 1004 2143 et
1031 2078 1236 2160 justis
1271 2096 1535 2161 parcere
1573 2079 1782 2159 novit,
1817 2079 1942 2142 etsi
1977 2096 2112 2142 non
2148 2080 2285 2142 tam
2328 2078 2484 2158 cito,
2518 2077 2691 2142 sicut
2724 2079 2783 2141 si
2821 2078 3229 2143 solverentur
3266 2096 3305 2143 a
3339 2096 3447 2143 sa·

339 2193 622 2258 cerdote.
664 2194 796 2268 Qui
824 2212 978 2276 ergo
1017 2195 1366 2259 confltetur
1391 2194 1736 2273 sacerdoti,
1765 2194 2035 2258 omnino
2067 2194 2325 2258 meliori
2365 2211 2561 2275 quam
2594 2196 2813 2276 potest
2840 2190 3247 2259 confiteatur.
3274 2196 3359 2259 Et
3384 2195 3443 2259 si
3472 2214 3738 2271 Αιιμμιι.

337 2312 681 2389 peccatum
711 2311 1044 2374 occultum
1075 2312 1197 2390 ost,
1230 2309 1512 2375 sufficiat
1540 2310 1782 2374 referre
1812 2310 1881 2373 in
1911 2311 2217 2375 notitiam
2254 2310 2632 2375 sacerdotis.
2666 2310 2837 2375 Nam
2864 2312 2935 2373 in
2970 2312 3445 2376 resurrectione
3470 2290 3517 2321 '¹‘
3536 2279 3607 2323 ’θ’

335 2424 489 2489 filiae
545 2426 1051 2509 archisynagogi
1109 2427 1302 2508 pauci
1357 2426 1796 2491 interfuerunt
1843 2428 1960 2508 qui
2009 2427 2367 2491 viderent:
2414 2427 2709 2491 nondum
2756 2428 2931 2492 enim
2979 2429 3118 2492 erat
3162 2429 3443 2511 sepulta,
3527 2448 3705 2492 κιαι..

337 2542 632 2605 nondum
689 2544 876 2607 extra
927 2544 1186 2626 portam
1242 2542 1479 2622 delata,
1529 2544 1828 2607 nondum
1875 2544 2061 2607 extra
2106 2543 2383 2607 domum
2439 2543 2509 2605 in
2564 2543 2866 2608 notitiam
2924 2545 3203 2626 portata.
3254 2543 3443 2609 Intus
3472 2513 3653 2617 ῗιωξζ
3654 2514 3743 2624 ²³⁵·1'

333 2658 777 2739 resuscitavit,
815 2676 1017 2740 quam
1052 2659 1234 2723 intus
1269 2658 1544 2740 invenit,
1578 2658 1824 2723 relictis
1861 2658 2022 2723 solis
2055 2659 2252 2723 Petro
2285 2660 2351 2723 et
2385 2658 2629 2722 Jacobo
2668 2660 2734 2722 et
2767 2660 3019 2723 Joanne
3056 2661 3123 2723 et
3156 2661 3341 2741 patre
3378 2661 3444 2724 et
3470 2638 3539 2748 Ῐξξ
3550 2636 3738 2750 ζ’ζξᾘ*

337 2776 546 2838 matre
601 2776 866 2857 puellae,
907 2776 979 2838 in
1023 2774 1268 2857 quibus
1315 2771 1674 2857 figuraliter
1725 2776 2143 2839 continentur
2187 2776 2557 2840 sacerdotes
2600 2776 2935 2841 Ecclesiae.
2982 2776 3165 2850 Quos
3218 2777 3495 2867 autem³
3468 2774 3559 2867 Ὗ
3564 2774 3652 2813 ·¹¹
3671 2764 3742 2806 ³¹·

339 2892 520 2953 extra
557 2890 836 2970 invenit,
875 2890 1344 2956 advertendum
1391 2893 1493 2955 est
1528 2892 1862 2973 quomodo
1907 2892 2273 2955 suscitavit.
2323 2891 2553 2955 Flebat
2588 2892 2765 2955 enim
2805 2891 2995 2955 turba
3038 2894 3191 2974 post
3229 2892 3445 2957 filium

335 3006 580 3087 viduae,
605 3006 791 3071 flevit
823 3008 1081 3071 Martha
1118 3008 1185 3072 et
1210 3008 1418 3071 Maria
1452 3007 1898 3089 supplicantes
1933 3025 2052 3089 pro
2093 3007 2314 3088 fratre,
2344 3008 2543 3071 flebat
2570 3010 2636 3071 et
2664 3008 2856 3072 turba
2880 3010 3158 3074 Mariam
3194 3012 3439 3074 secuta.

337 3121 410 3186 In
450 3141 583 3206 quo
620 3125 958 3205 docemur,
991 3125 1254 3207 publice
1291 3121 1713 3207 peccantibus
1747 3141 1882 3188 non
1910 3125 2254 3207 proprium
2291 3126 2409 3189 sed
2434 3125 2746 3190 Ecclesiae
2774 3125 3069 3192 sufficere
3104 3128 3440 3192 meritum.

335 3238 620 3304 Laboret
656 3257 810 3322 ergo
847 3241 1176 3323 poenitens
1213 3241 1283 3304 in
1309 3240 1604 3304 Ecclesia
1639 3258 1806 3321 esse,
1839 3242 1906 3305 et
1940 3241 2022 3304 ad
2050 3241 2362 3306 Ecclesiae
2401 3241 2719 3306 unitatem
2759 3243 3067 3307 tendere.
3098 3243 3229 3308 nisi
3266 3245 3445 3308 enim
3472 3266 3585 3371 Aug.
3583 3277 3656 3321 ομ
3659 3267 3736 3310 ιιι

336 3357 556 3420 unitas
601 3357 916 3422 Ecclesiae
977 3358 1338 3437 succurrat,
1388 3357 1521 3420 nisi
1574 3357 1754 3438 quod
1807 3357 1991 3421 deest
2044 3359 2395 3438 peccatori,
2446 3374 2566 3422 sua
2622 3359 2915 3423 oratione
2961 3360 3309 3443 compleat,
3361 3341 3516 3425 de'*

337 3473 644 3538 manibus
693 3475 948 3538 inimici
997 3491 1132 3538 non
1183 3473 1498 3555 eripietur
1542 3472 1764 3537 anima
1815 3474 2080 3536 mortui.
2123 3473 2535 3538 Credendum
2586 3476 2684 3538 est
2733 3475 2934 3554 enim,
2983 3476 3164 3557 quod
3214 3493 3443 3540 omnes

339 3591 666 3654 orationes
695 3591 763 3654 et
788 3591 1226 3672 eleemosynae
1254 3590 1565 3654 Ecclesiae
1604 3590 1669 3654 et
1698 3607 1895 3672 opera
1925 3589 2205 3671 justitiae
2243 3591 2310 3654 et
2336 3590 2803 3655 misericordiae
2840 3593 3225 3655 succurrant
3258 3610 3443 3657 reco-

337 3707 675 3787 gnoscenti
733 3708 1014 3772 mortem
1071 3723 1260 3771 suam
1307 3706 1390 3768 ad
1439 3706 1960 3770 conversionem.
2013 3706 2301 3788 Ideoque
2348 3723 2541 3770 nemo
2588 3706 2785 3788 digne
2833 3709 3151 3790 poenitere
3199 3711 3439 3791 potest,

337 3840 534 3904 quem
569 3841 704 3889 non
753 3824 1076 3888 sustineat
1121 3823 1342 3887 unitas
1383 3821 1716 3886 Ecclesiae.
1757 3822 2044 3904 Ideoque
2096 3840 2293 3887 nemo
2344 3825 2524 3904 petat
2572 3824 2942 3888 sacerdotes
2988 3841 3107 3907 per
3152 3825 3443 3907 aliquam

337 3941 596 4022 culpam
632 3941 717 4005 ab
752 3940 1005 4005 unitate
1031 3939 1344 4002 Ecclesiae
1379 3938 1654 4001 divisos.
1687 3973 1776 3984 -—-
1801 3939 1906 4002 Ex
1941 3939 2049 4003 his
2085 3939 2247 4003 satIS
2274 3939 2566 4020 aperitur
2594 3941 2661 4003 et
2687 3939 3051 4004 absolvitur
3078 3943 3439 4024 praemissae

337 4058 722 4136 quaestionis
770 4057 1110 4120 articulus,
1151 4055 1562 4129 Quaerendus
1602 4057 1703 4118 est
1747 4057 1925 4118 enim
1973 4055 2278 4119 sacerdos
2323 4055 2585 4136 sapiens
2626 4057 2693 4120 et
2736 4056 3081 4137 discretus,
3120 4059 3237 4139 qui
3284 4075 3437 4122 cum

334 4172 655 4251 potestate
691 4170 894 4234 simul
941 4170 1177 4234 habeat
1215 4169 1604 4250 jndicium.
1645 4170 1761 4250 qui
1799 4170 1857 4233 si
1895 4170 2062 4234 forte
2098 4170 2404 4250 defuerit,
2445 4170 2740 4235 confiteri
2777 4171 2971 4236 debet
3013 4173 3217 4236 socio.
3258 4173 3437 4236 Beda
3478 4193 3606 4246 ιιοιι..
3615 4192 3738 4237 ιιιι..

333 4303 486 4350 vero
515 4288 688 4352 inter
723 4287 1206 4352 confessionem
1241 4286 1602 4350 venialium
1631 4287 1698 4350 et
1724 4286 2104 4350 mortalium
2142 4287 2513 4368 distinguit,
2544 4305 2743 4369 super
2778 4288 2967 4353 illum
2996 4289 3239 4370 locum,
3266 4287 3437 4352 Con-
3460 4257 3617 4362 ἶιζῇἷζ
3617 4258 3732 4368 ’ῗι

334 4404 610 4468 fitemini
648 4405 1037 4468 alterutrum
1071 4406 1335 4485 peccata
1371 4403 1612 4466 vestra.
1646 4403 1761 4466 Ait
1787 4402 2014 4465 enim:
2045 4401 2509 4483 Coaequalibus
2544 4405 2929 4486 quotidiana
2963 4408 3030 4470 et
3066 4407 3257 4486 levia,
3288 4423 3436 4488 gra-

331 4521 515 4584 viora
550 4538 707 4585 vero
754 4520 1076 4584 sacerdoti
1113 4520 1504 4601 pandamus,
1539 4521 1605 4583 et
1640 4520 1886 4601 quanto
1928 4517 2203 4598 jusserit
2243 4520 2562 4601 tempore,
2594 4538 2875 4603 purgare
2912 4540 3239 4604 curemuS,
3279 4523 3436 4605 quia

333 4637 471 4702 sine
501 4636 916 4701 confessione
943 4635 1444 4715 emendationis,
1461 4637 1728 4717 peccata
1755 4636 2089 4716 nequeunt
2117 4635 2387 4699 dimitti.
2413 4636 2541 4700 Sed
2569 4637 2636 4700 et
2662 4637 2963 4717 graviora
2992 4639 3437 4720 coaequalibus

332 4753 674 4832 pandenda
717 4753 896 4832 sunt,
937 4769 1146 4833 quum
1195 4751 1379 4816 deest
1421 4751 1726 4815 sacerdos
1773 4753 1838 4814 et
1875 4751 2065 4832 urget
2108 4750 2498 4832 periculum.
2534 4751 2835 4815 Venialia
2871 4769 3049 4833 ver0,
3084 4755 3283 4818 etiam
3324 4773 3434 4819 sa-

333 4868 668 4932 cerdotum
708 4867 926 4933 oblata
972 4867 1182 4948 copia,
1222 4867 1376 4930 licet
1417 4861 1712 4930 confiteri
1754 4866 2094 4947 coaequali,
2135 4868 2201 4930 et
2239 4863 2501 4946 sufficit,
2538 4868 2613 4929 ut
2658 4866 3055 4948 quibusdam
3098 4868 3332 4950 placet,
3373 4871 3432 4934 si

330 4987 550 5048 tamen
587 5003 671 5048 ex
709 4984 1089 5066 contemptu
1127 5000 1263 5047 non
1308 4983 1847 5064 praetermittatur
1882 4982 2207 5046 sacerdos.
2249 4981 2488 5046 Tutius
2532 4984 2633 5046 est
2678 4983 2900 5046 tamen
2944 4985 3011 5047 et
3050 4983 3427 5068 perfectius,

329 5102 673 5182 utriusque
709 5101 967 5181 generis
1002 5101 1270 5181 peccata
1305 5098 1753 5162 sacerdotibus
1788 5098 2094 5178 pandere,
2133 5100 2197 5162 et
2224 5098 2577 5162 consilium
2614 5098 2959 5164 medicinae
2997 5099 3081 5164 ab
3116 5100 3213 5164 eis
3248 5119 3430 5182 quae-

329 5234 491 5296 rere,
533 5217 780 5300 quibus
823 5231 1134 5280 concessa
1177 5217 1277 5280 est
1321 5215 1612 5296 potestas
1657 5213 1904 5295 ligandi
1950 5215 2018 5279 et
2061 5214 2383 5278 solvendi.
2416 5313 2427 5325 υ
