4267 6250
1116 502 1320 549 unul
1359 500 1753 549 mm
1794 500 1947 548 διο
1986 499 2204 555 neu,
2243 501 2338 547 sn*
2375 499 2634 549 mm

3299 486 3418 551 541

316 672 439 735 Sed
476 672 605 735 hec
646 672 1018 755 requiritur,
1052 671 1119 736 iu
1156 682 1469 756 quantum
1510 691 1699 755 poena
1726 691 1821 735 sa·
1848 670 1901 737 A
1929 671 2012 734 da
2038 690 2152 733 seu
2183 670 2902 754 insinuanda,queniam
2931 672 3250 754 poenitcns
3277 673 3424 735 talis

313 770 671 834 tisfacteria
708 780 807 834 est
846 772 915 835 in
954 772 1315 835 remedium
1360 790 1375 833 :
1420 770 1661 834 idcirce
1693 788 1821 833 nen

316 878 413 933 est
450 870 963 953 permittendum
1002 871 1175 953 qued
1214 888 1383 932 unus
1420 886 1539 952 pre
1566 868 1695 932 alie
1730 887 1825 931 sa·

316 968 621 1042 tisfaciat,
660 968 785 1031 nisi
826 970 893 1032 iu
934 969 1063 1032 alie
1106 968 1219 1032 ille
1256 968 1493 1051 aliquis
1534 967 1824 1030 defectus

316 1075 648 1149 appareat,
680 1074 792 1128 aut
818 1066 1191 1148 corporalis,
1226 1084 1339 1149 per
1364 1084 1561 1147 quem
1592 1065 1675 1127 sit
1706 1064 1825 1126 im-

320 1173 551 1247 potens
608 1164 689 1227 ad
746 1164 1141 1246 poenitentiae
1200 1163 1665 1246 impletionem,
1713 1170 1825 1223 ant

318 1262 702 1345 spiritualis,
764 1281 883 1345 per
938 1280 1133 1345 quem
1194 1263 1277 1325 sit
1340 1261 1689 1343 imparatus
1743 1260 1823 1322 ad

320 1378 485 1423 enus
544 1360 943 1443 poenitentiae
1006 1359 1435 1422 subeundum.
1501 1359 1565 1422 ln
1624 1377 1824 1441 quan-

322 1468 459 1521 tum
506 1478 663 1523 vcro
710 1459 1091 1542 poenitentia
1136 1458 1467 1521 ordinatur
1513 1458 1579 1519 in
1622 1475 1825 1519 reme·

322 1557 503 1620 dium
544 1566 767 1621 centra
803 1565 1141 1640 peccatum
1178 1556 1493 1630 futurum,
1524 1556 1619 1617 sic
1646 1556 1825 1617 satis·

324 1656 521 1719 factie
562 1656 757 1719 unius
792 1656 975 1720 alteri
1016 1675 1145 1720 nen
1183 1655 1442 1738 prodest
1472 1672 1487 1717 ε
1520 1654 1823 1737 queniam

322 1774 403 1817 ex
434 1754 630 1817 unius
656 1753 912 1835 jejunio
948 1772 1075 1818 nen
1114 1754 1411 1817 dematur
1438 1752 1700 1816 alterius
1728 1770 1825 1813 ca-

1930 786 2057 831 nen
2084 777 2186 831 est
2213 769 2280 831 in
2309 778 2476 832 statu
2505 788 2634 853 que
2661 770 2863 853 possit
2889 771 3266 834 exteriorem
3297 790 3428 853 poe-

1930 868 2265 930 nitentiam
2299 867 2530 943 facere,
2559 870 2855 951 quamvis
2885 869 3253 933 interiorem
3285 888 3430 953 pes-

1930 965 2013 1027 sit
2058 965 2342 1029 delerem
2388 966 2642 1029 habere.
2685 967 2884 1030 Debet
2925 975 3138 1031 tamen
3181 968 3428 1032 cenfes—

1930 1081 2037 1125 ser
2072 1064 2454 1127 exteriorem
2493 1065 2936 1147 poenitentiam
2977 1066 3120 1147 ejus
3151 1068 3430 1149 peccatis

1930 1162 2238 1236 debitam,
2261 1162 2321 1224 ei
2353 1162 2783 1237 manifestare,
2807 1164 3080 1227 dicende
3103 1181 3119 1226 :
3143 1165 3206 1227 Si
3237 1183 3432 1227 sanus

1930 1260 2329 1335 consisteres,
2353 1262 2792 1343 poenitentiam
2818 1271 3060 1326 tantam
3092 1263 3300 1325 facere
3327 1262 3435 1325 de·

1932 1359 2142 1421 heres.
2195 1359 2274 1421 Et
2317 1359 2509 1421 debet
2563 1360 2908 1425 insinuatio
2959 1362 3078 1424 ista
3124 1360 3268 1424 fieri
3317 1380 3434 1444 per

1934 1458 2196 1521 medum
2227 1458 2700 1533 consolationis,
2719 1460 3082 1523 reducendo
3109 1460 3168 1523 ei
3197 1460 3276 1522 ad
3307 1478 3434 1522 me-

1932 1555 2202 1618 moriam
2251 1555 2573 1619 infinitam
2625 1558 3126 1639 magnitudinem
3177 1559 3432 1640 pietatis

1933 1653 2190 1727 divinae,
2240 1673 2382 1736 quae
2439 1650 2809 1737 frequenter
2855 1656 3125 1718 remittit
3171 1662 3432 1739 peccata

1934 1769 2051 1833 per
2092 1752 2292 1815 selam
2341 1752 2708 1815 interiorem
2751 1754 3225 1827 contritionem,
3272 1773 3431 1836 prae-

324 1871 418 1928 re,
450 1871 574 1916 nec
602 1872 683 1915 ex
716 1852 969 1915 actibus
1006 1852 1199 1915 unius
1234 1852 1399 1915 alius
1436 1852 1601 1914 bene
1638 1868 1825 1931 agere
1858 1850 1906 1914 B
1936 1850 2156 1912 sertim
2206 1851 2362 1913 dum
2409 1868 2536 1914 nen
2582 1851 2762 1913 adest
2806 1851 3073 1915 facultas
3123 1853 3432 1916 satisfaci-

322 1952 713 2025 censuescit,
744 1951 872 2013 nisi
900 1970 1017 2033 per
1048 1951 1370 2025 accidens,
1404 1951 1469 2014 in
1512 1958 1825 2033 quantum

324 2070 495 2111 unus
525 2049 693 2112 bene
722 2050 969 2130 agendo
998 2058 1282 2113 meretur
1314 2049 1499 2113 alteri
1525 2066 1827 2129 augmen-

324 2157 465 2211 tum
494 2148 739 2229 gratiae,
770 2167 915 2231 quae
944 2157 1041 2211 est
1068 2148 1595 2211 efficacissimum
1628 2164 1828 2208 reme—

326 2247 509 2309 dium
560 2246 804 2309 vitandi
853 2254 1131 2328 peccata.
1180 2247 1311 2309 Hoc
1354 2254 1569 2309 tamen
1615 2245 1829 2327 petius

324 2352 423 2407 est
448 2364 570 2429 per
600 2345 863 2408 medum
894 2345 1101 2407 meriti
1132 2363 1325 2427 quam
1356 2342 1824 2407 satisfactionis,

322 2478 405 2493 —
442 2444 591 2507 Haec
634 2442 929 2506 Thomas.

408 2542 768 2606 Cencerdat
807 2543 1051 2617 Petrus»,
1087 2548 1153 2603 et
1190 2540 1367 2604 addit
1404 2557 1419 2601 :
1454 2540 1831 2603 Poenitentia

329 2642 571 2704 dicitur
617 2640 933 2723 condigna
974 2646 1237 2723 peccate
1279 2646 1551 2722 quatuor
1598 2638 1825 2702 mediS.

328 2741 565 2814 Primo,
598 2739 955 2803 secundum
994 2738 1377 2801 taxationem
1418 2737 1617 2800 solius
1646 2737 1831 2817 justi-

328 2840 433 2903 tiae
466 2857 483 2902 :
525 2845 592 2901 et
628 2839 723 2901 sic
762 2838 931 2901 Deus
968 2855 1225 2919 semper
1262 2835 1451 2919 punit
1490 2836 1649 2897 citra
1689 2854 1833 2898 cen-

328 2939 625 3020 dignum,
656 2938 851 2999 etiam
890 2936 959 2998 in
990 2934 1261 2998 inferne.
1290 2933 1604 3007 Secunde,
1634 2950 1833 3016 penes

1934 1949 2083 2011 endi
2139 1948 2439 2011 exterius.
2491 1948 2656 2013 Talis
2707 1949 2950 2032 quippe
3005 1951 3434 2014 manifestatio

1934 2047 2448 2129 desperationem
2485 2047 2790 2123 excludit,
2833 2056 2898 2111 et
2934 2058 3236 2132 provocat
3273 2050 3434 2112 inte-

1937 2146 2172 2207 riorem
2217 2145 2798 2226 compunctionem.

2016 2244 2288 2326 Insuper
2314 2243 2401 2306 ait
2433 2260 2450 2305 ε
2483 2244 2656 2306 Unus
2685 2244 3050 2307 satisfacere
3078 2253 3287 2328 petest
3319 2263 3437 2328 pre

1936 2340 2087 2415 alie,
2106 2341 2456 2405 dummodo
2481 2341 2674 2405 ambe
2703 2342 2833 2405 sint
2862 2341 2926 2405 in
2957 2344 3238 2407 caritate.
3263 2343 3436 2427 Opus

1938 2438 2115 2501 enim
2157 2439 2333 2502 illius
2369 2440 2482 2523 qui
2522 2441 2590 2503 in
2627 2442 2888 2505 caritate
2928 2460 3056 2505 nen
3095 2450 3216 2517 est,
3255 2443 3437 2505 satis·

1940 2536 2280 2600 factorium
2337 2557 2478 2601 esse
2535 2556 2661 2602 nen
2721 2539 2912 2614 valet,
2961 2560 3082 2604 nec
3135 2540 3260 2603 sibi
3317 2560 3436 2603 nec

1940 2636 2126 2715 aliis3
2167 2654 2330 2719 epus
2365 2654 2622 2719 queque
2659 2637 3152 2703 satisfactorium
3193 2639 3434 2703 factum

1941 2735 2007 2797 in
2038 2734 2324 2809 caritate,
2357 2753 2486 2798 nen
2523 2735 2780 2818 prodest
2816 2736 2942 2799 nisi
2983 2737 3242 2801 habenti
3283 2738 3440 2801 cari·

1940 2842 2135 2897 tatem
2167 2842 2232 2896 et
2263 2834 2376 2896 Dei
2405 2834 2652 2909 amicis,
2675 2854 2753 2897 ex
2783 2835 3120 2918 condigne,
3141 2836 3437 2919 quamvis

1942 2930 2021 2995 de
2067 2950 2352 3014 congrue
2399 2933 2600 3015 pessit
2643 2932 2804 2995 alies
2848 2933 3066 3015 alique
3113 2934 3302 2998 mede
3340 2936 3440 3017 ju-

328 3036 719 3099 taxatienem
778 3032 1233 3097 misericordiae
1284 3050 1299 3093 :
1356 3032 1581 3114 sicque
1636 3030 1834 3111 exigit
1860 3032 1905 3096 C
1942 3048 2112 3093 vare.
2147 3032 2484 3113 Quumque
2523 3049 2685 3115 epus
2723 3031 3238 3107 satisfactorium,
3275 3042 3440 3095 cete-

332 3153 593 3218 poenam
640 3133 1043 3215 cendignam.
1096 3132 1217 3195 Sed
1267 3131 1387 3194 hec
1436 3137 1645 3214 petest
1690 3149 1830 3193 esse

330 3233 697 3316 dupliciter.
748 3231 983 3306 Primo,
1032 3229 1387 3294 secundum
1444 3229 1827 3293 taxationem

332 3329 790 3395 misericordiae
836 3331 1135 3393 increatae
1182 3347 1298 3412 per
1342 3345 1411 3390 se
1456 3327 1659 3410 ipsam
1708 3345 1723 3388 :
1768 3334 1833 3388 et

328 3430 423 3492 sic
456 3429 525 3492 in
557 3428 810 3493 inferne
838 3427 1117 3508 exigitur
1143 3434 1333 3508 atque
1365 3424 1679 3506 infligitur
1706 3442 1837 3505 ρω-

331 3548 414 3591 na
458 3527 793 3609 condigna.
844 3525 1157 3598 Secunde,
1204 3542 1403 3606 penes
1449 3523 1835 3586 taxationem

334 3627 795 3692 misericordiae
826 3624 1205 3708 poenitentia
1235 3622 1573 3686 mediante.
1610 3620 1686 3683 Et
1714 3622 1835 3685 hec

332 3725 703 3810 dupliciter,
754 3732 975 3807 utpote
1027 3741 1043 3784 :
1094 3722 1413 3784 mediante
1461 3721 1839 3802 poenitentia

335 3825 651 3898 interiori,
691 3831 801 3886 aut
838 3823 1033 3885 etiam
1072 3819 1475 3884 absolutione
1512 3819 1831 3882 exterieri.

332 3923 548 3987 Prime
590 3922 799 3996 mede,
840 3938 1035 4003 poena
1070 3926 1276 3982 taxata
1324 3925 1469 4002 pest
1513 3917 1837 3980 contritio-

332 4039 485 4084 nem
532 4037 893 4093 remanens,
934 4025 1200 4082 vecatur
1248 4016 1604 4098 cendigna3
1646 4025 1711 4080 et
1757 4018 1837 4079 de

336 4119 457 4183 hec
506 4117 826 4200 condigne
871 4116 1108 4180 virtute
1154 4116 1437 4180 clavium
1492 4115 1840 4178 remittitur

1944 3131 2033 3192 ris
2078 3131 2364 3212 paribuS,
2401 3131 2602 3212 magis
2639 3131 2844 3213 prosit
2879 3131 3138 3214 ipsimet
3181 3131 3441 3196 facienti

1943 3247 2139 3310 quam
2185 3229 2391 3304 alteri,
2441 3229 2610 3295 sicut
2664 3237 2730 3293 et
2775 3228 3110 3294 efficacius
3159 3241 3446 3296 meretur

1944 3326 2138 3391 hemo
2181 3327 2304 3390 sibi
2353 3327 2476 3410 ipsi
2515 3347 2708 3410 quam
2745 3327 2929 3390 alteri
2964 3347 2981 3391 ε
3021 3330 3174 3393 hinc
3212 3331 3442 3394 ceteris

1945 3424 2229 3507 paribus,
2279 3425 2778 3489 satisfacientem
2836 3445 2954 3510 pre
3007 3428 3137 3491 alie
3190 3437 3442 3511 eportet

1944 3524 2091 3606 plus
2139 3523 2349 3586 faeere
2407 3542 2520 3586 seu
2579 3525 2889 3605 majorem
2939 3526 3438 3590 satisfactionem

1944 3622 2274 3686 exsolvere
2302 3641 2492 3705 quam
2525 3641 2643 3705 pre
2675 3642 2765 3685 se.
2798 3624 3250 3687 Verumtamen
3285 3626 3442 3688 cari-

1942 3728 2039 3784 tas
2068 3720 2520 3784 satisfacientis
2549 3739 2666 3804 pre
2692 3721 2820 3784 alie
2851 3723 2918 3785 in
2946 3729 3196 3786 tautum
3227 3733 3445 3807 posset

1944 3819 2252 3883 excedere
2311 3818 2636 3882 caritatem
2697 3819 3150 3883 satisfacientis
3209 3840 3326 3905 pre
3373 3842 3443 3886 se

1947 3919 2108 4000 ipse,
2142 3917 2312 4000 qued
2353 3935 2478 3980 nen
2521 3925 2840 3999 oporteret
2881 3938 3030 3982 eum
3073 3921 3155 3983 ad
3196 3921 3442 3984 satisfa-

1944 4017 2250 4079 ciendum
2299 4033 2414 4098 pre
2468 4015 2596 4078 alie
2655 4016 2964 4099 maJerem
3013 4018 3262 4082 solvere
3309 4038 3440 4102 poe·

1946 4133 2119 4184 nam,
2153 4132 2348 4195 quam
2375 4113 2540 4177 alius
2569 4114 2678 4177 ille
2708 4115 2984 4180 solveret
3013 4135 3128 4199 pre
3158 4137 3226 4181 se
3259 4119 3438 4201 ipse:

336 4218 601 4301 aliquid.
644 4217 939 4279 Secunde
976 4216 1188 4291 mede,
1228 4233 1419 4297 poena
1456 4233 1597 4296 quae
1636 4232 1837 4277 rema-
1866 4217 1917 4278 D
1947 4213 2253 4295 queniam
2309 4230 2472 4295 epus
2527 4212 2772 4277 benum
2829 4222 3006 4278 tante
3061 4215 3228 4298 pluS,
3279 4225 3445 4280 cete-

338 4324 445 4378 net
489 4322 635 4398 pest
674 4314 1121 4378 remissionem
1164 4313 1393 4395 eulpae,
1434 4312 1671 4376 virtute
1712 4312 1837 4375 cla-

338 4415 519 4477 vium
550 4412 808 4486 factam,
826 4412 1141 4494 condigna
1168 4419 1285 4486 est,
1308 4419 1373 4475 et
1400 4411 1645 4474 solvere
1674 4411 1837 4474 hanc

338 4519 631 4596 opertet3
664 4518 729 4574 et
757 4511 1252 4574 determinatum
1282 4519 1381 4572 est
1409 4509 1577 4592 apud
1610 4509 1836 4587 Deum,

337 4619 655 4695 quantum
698 4610 939 4673 virtute
982 4609 1261 4672 clavium
1304 4609 1681 4671 remittatur.
1728 4609 1841 4673 Be-

338 4711 508 4774 nitas
545 4726 699 4772 vere
734 4727 847 4770 seu
886 4707 1127 4770 malitia
1164 4707 1612 4770 indiscretieve
1652 4708 1839 4770 mini-

340 4811 459 4874 stri
509 4827 637 4874 nen
683 4815 888 4871 mutat
922 4807 1301 4870 sacramenti
1336 4806 1641 4870 effectum
1684 4825 1700 4871 t
1748 4809 1841 4872 id-

340 4928 423 4973 ee
469 4916 667 4973 tetam
712 4907 889 4970 illam
930 4905 1177 4970 solvere
1218 4913 1317 4968 est
1361 4924 1643 4970 necesse.
1695 4907 1839 4971 Haec

342 5010 585 5073 Petrus,

415 5107 765 5171 Richardus
788 5122 1045 5188 queque
1068 5103 1435 5186 praehabitis
1458 5120 1837 5168 consonans:

342 5205 685 5271 Poeuitenti
724 5203 992 5286 (inquit)
1032 5203 1099 5264 in
1140 5201 1409 5264 articulo
1452 5202 1673 5265 mertis
1714 5220 1841 5267 nen

345 5313 445 5372 est
472 5303 853 5389 poenitentia
880 5300 1289 5384 iniungenda,
1306 5301 1417 5364 sed
1450 5300 1843 5366 innotescen-

1948 4313 2037 4375 ris
2076 4311 2360 4394 paribus,
2391 4310 2885 4376 satisfactorium
2917 4314 3444 4398 meritoriumque

1950 4410 2262 4486 consistit,
2295 4419 2531 4493 quante
2561 4430 2638 4474 ex
2671 4411 2896 4493 majori
2927 4413 3186 4478 caritate
3225 4433 3443 4497 prece·

1950 4510 2062 4572 dit.
2096 4545 2178 4556 --
2211 4510 2356 4573 Haec
2393 4509 2762 4573 Richardus.
2796 4510 3192 4576 Ceucerdant
3227 4513 3444 4577 Alber-

1950 4618 2074 4682 ωε,
2106 4609 2569 4683 Benaventura,
2602 4609 2842 4691 aliique
2883 4613 3328 4675 communiter.

2028 4709 2109 4770 At
2161 4725 2309 4770 vere
2355 4707 2526 4770 circa
2580 4708 2912 4772 materiam
2969 4709 3164 4790 hujus
3217 4711 3442 4774 distin·

1950 4806 2180 4870 ctienis
2230 4805 2512 4888 loquitur
2552 4805 2776 4870 Seetus
2823 4825 2838 4869 :
2885 4808 3262 4871 Poenitentia
3299 4829 3442 4892 quae

1950 4905 2170 4968 haberi
2215 4904 2468 4966 videtur
2513 4905 2582 4968 in
2629 4906 2955 4979 extremiS,
3000 4907 3107 4969 vix
3154 4915 3249 4970 est
3297 4927 3448 4971 vera

1951 5003 2326 5088 poenitentia
2351 5002 2686 5066 sufficiens
2713 5004 2792 5067 ad
2823 5005 3267 5088 salutem,quia
3293 5015 3447 5069 tunc

1952 5103 2301 5187 impeditur
2357 5121 2514 5166 usus
2573 5102 2756 5166 liberi
2812 5103 3060 5166 arbitrii
3117 5123 3230 5167 seu
3279 5105 3447 5169 liber

1953 5223 2105 5266 usus
2165 5201 2426 5265 rationis
2483 5220 2556 5264 ac
2614 5201 2975 5266 veluntatis.
3025 5204 3094 5265 In
3142 5203 3444 5267 extremis

1948 5309 2164 5365 autem
2208 5300 2354 5364 dice
2393 5317 2543 5363 eum
2593 5299 2660 5384 iu
2705 5317 2832 5382 que
2869 5309 3180 5384 apparent
3221 5301 3444 5384 preba-
