4267 6250
828 476 909 542 78
1022 533 1029 541 .
1506 500 1571 546 m
1611 500 1835 547 naam(
1875 500 1938 546 iv
1978 498 2464 547 sumn-mauu.
2503 517 2584 529 —
2623 500 2776 547 nis-r.
2820 500 2879 562 13
2923 500 3147 557 ounsr.
3191 500 3255 547 ix

827 665 1021 748 hujus
1052 686 1130 731 ex
1160 668 1576 750 praeallegatis
1607 669 1913 733 elucescit
1940 668 2322 733 doctoribus.
2355 669 2407 733 A
2437 676 2574 733 tum
2623 669 2864 733 bonum
2922 670 3363 744 intrinsecum,
3415 687 3544 732 non
3589 675 3806 731 tamen
3865 666 3934 729 in

826 765 961 829 Imo
1008 774 1071 828 et
1122 766 1287 830 fides
1336 786 1521 830 suasa
1570 768 1889 831 interdum
1938 767 2188 831 obtinet
2234 768 2328 830 di-

826 863 1065 926 vinitus
1126 863 1269 927 fieri
1331 866 1638 929 miracula
1693 866 1771 928 ad
1820 866 2093 929 aliorum
2157 883 2330 929 com-

829 963 1089 1025 modum
1140 964 1277 1027 sive
1329 964 1833 1037 incommodum,
1886 971 1956 1026 ut
2006 964 2214 1047 patuit
2261 964 2327 1026 in

827 1060 1182 1125 Alexandro
1230 1062 1471 1144 Magno,
1524 1063 1602 1125 ad
1654 1062 1838 1144 cujus
1889 1081 2111 1145 preces
2160 1063 2327 1126 Deus

828 1160 1141 1222 conclusit
1180 1160 1435 1243 Caspios
1476 1168 1747 1235 monteS,
1780 1168 1843 1223 et
1881 1161 2192 1224 exercitui
2236 1180 2330 1223 re·

826 1258 922 1339 gis
970 1259 1269 1341 providit,
1324 1266 1393 1321 ut
1436 1260 1749 1342 Josephus
1796 1267 1862 1322 et
1908 1259 2202 1342 Magister
2261 1259 2326 1321 in

826 1356 1110 1419 historiis
1166 1365 1618 1421 contestantur.
1672 1393 1753 1403 —
1798 1357 2103 1430 Tertium,
2157 1356 2326 1439 quod

826 1455 1003 1529 dicit,
1039 1456 1463 1519 necessariam
1504 1455 1703 1519 luisse
1746 1454 1944 1518 fidem
1990 1455 2326 1518 formatam

826 1554 904 1614 ad
949 1554 1195 1635 parvuli
1236 1554 1785 1635 justificationem.
1832 1554 2027 1635 Cujus
2069 1552 2326 1637 opposi-

828 1657 964 1712 tum
1004 1651 1329 1713 declarant
1356 1652 1645 1714 doctores
1686 1650 1953 1725 inducti,
1989 1657 2059 1712 ut
2097 1651 2324 1734 patuit,

825 1750 1179 1831 praesertim
1227 1750 1529 1832 quoniam
1580 1749 1742 1813 fides
1794 1750 1904 1812 illa
1944 1749 2328 1833 operabatur

2439 768 2724 851 parvulis
2764 788 2877 851 per
2905 769 3236 851 proprium
3279 775 3522 830 motum
3565 784 3678 829 seu
3715 772 3934 828 actum

2437 883 2658 929 eorum
2693 884 2707 929 ε
2743 884 2893 948 ergo
2932 886 3047 950 per
3085 874 3298 929 actum
3341 866 3623 948 aliquem
3658 864 3936 927 aliorum

2437 965 2609 1027 circa
2639 965 2830 1046 ipsos.
2868 965 3005 1027 Non
3035 972 3248 1028 autem
3281 964 3489 1047 potuit
3517 981 3656 1025 esse
3686 970 3936 1024 certum

2437 1063 2606 1145 quod
2636 1071 2816 1126 actus
2845 1063 3106 1126 alterius
3138 1063 3374 1125 relatus
3404 1062 3482 1124 ad
3513 1080 3780 1144 puerum
3809 1059 3941 1123 suf-

2438 1161 2662 1225 ficeret
2689 1162 2772 1235 ei,
2806 1162 2930 1224 nisi
2971 1162 3091 1225 hoc
3125 1168 3293 1224 esset
3317 1180 3355 1223 a
3386 1161 3514 1223 Deo
3545 1160 3934 1222 institutum.

2435 1259 2662 1322 Nullus
2720 1260 2958 1323 etenim
3027 1266 3235 1343 potest
3291 1277 3429 1321 esse
3497 1266 3708 1321 certus
3763 1257 3939 1339 quod

2436 1357 2582 1439 quis
2622 1376 2736 1440 per
2773 1357 3015 1439 aliquid
3057 1358 3325 1438 attingat
3361 1357 3438 1418 ad
3481 1356 3774 1427 salutem,
3809 1355 3938 1417 nisi

2436 1456 2520 1517 sit
2566 1463 2776 1518 certus
2823 1457 2994 1537 quod
3042 1456 3208 1518 Deus
3257 1454 3417 1516 illud
3466 1460 3754 1536 acceptet
3797 1461 3936 1515 tan-

2436 1573 2620 1636 quam
2649 1554 2979 1617 sussiciens
2999 1554 3077 1615 ad
3110 1553 3470 1635 hujusmodi
3503 1551 3940 1626 finemQuum-

2435 1672 2562 1734 que
2603 1670 2728 1716 non
2775 1652 2983 1715 solum
3019 1652 3278 1727 adultis,
3311 1652 3421 1714 sed
3462 1651 3743 1734 parvulis
3780 1668 3939 1733 quo-

2438 1769 2563 1832 que
2613 1750 2964 1833 providerit
3020 1750 3186 1813 Deus
3245 1750 3324 1812 de
3379 1749 3602 1812 salutis
3650 1749 3938 1813 remedio

827 1848 1036 1930 potius
1084 1868 1161 1911 ex
1204 1849 1439 1912 virtute
1486 1848 1721 1930 obJecti
1773 1867 1965 1931 quam
2020 1868 2097 1911 ex
2147 1855 2324 1931 parte
2361 1846 2409 1909 B
2437 1849 2530 1929 (et
2577 1849 2655 1911 de
2697 1849 2979 1911 remedio
3023 1849 3101 1910 de
3149 1866 3278 1930 quo
3327 1855 3618 1929 parentes
3674 1856 3940 1929 possent

825 1946 1119 2028 subjecti.
1170 1984 1253 1995 —
1308 1948 1635 2023 Quartum,
1692 1948 1862 2029 quod
1919 1947 2097 2018 dicit,
2155 1946 2326 2028 quod

826 2046 1042 2107 nullus
1085 2046 1249 2126 gerit
1293 2063 1627 2128 personam
1671 2045 1969 2109 Ecclesiae
2008 2044 2144 2107 solo
2179 2052 2324 2106 actu

828 2144 1134 2206 interiori.
1170 2145 1472 2207 Sacerdos
1513 2162 1790 2226 namque
1820 2150 2030 2227 potest
2058 2143 2193 2206 sola
2233 2143 2326 2205 in-

826 2243 1043 2305 teriori
1081 2243 1366 2305 oratione
1403 2261 1583 2305 orare
1615 2261 1690 2305 ac
1721 2242 2140 2324 spiritualiter
2167 2241 2328 2303 cele-

826 2339 1032 2413 brare,
1075 2348 1145 2402 ut
1191 2341 1484 2403 minister
1525 2348 1588 2404 et
1629 2340 1953 2403 officiatus
2001 2340 2322 2414 Ecclesiae,

825 2440 1120 2521 quamvis
1153 2440 1271 2502 hoc
1304 2440 1609 2522 proximis
1642 2456 1767 2502 non
1802 2439 2176 2511 innotescat,
2202 2437 2325 2500 nisi

823 2557 941 2621 per
984 2546 1199 2601 actum
1242 2546 1351 2601 aut
1392 2538 1647 2619 signum
1690 2538 2144 2600 extrinsecum.
2192 2538 2326 2601 lmo

824 2646 885 2701 et
935 2637 1209 2720 quilibet
1256 2637 1651 2701 Christianus
1697 2636 1976 2711 adultus,
2027 2637 2324 2718 quamvis

828 2736 891 2799 in
926 2736 1173 2798 mortali
1205 2736 1539 2809 exsisten3‚
1573 2743 1781 2819 potest
1812 2736 1875 2797 in
1910 2751 2180 2817 persona
2210 2734 2322 2797 Ec-

826 2833 1036 2897 clesiae
1080 2835 1245 2896 intra
1288 2854 1355 2897 se
1394 2835 1607 2897 dicere
1649 2833 2007 2898 Orationem
2049 2833 2322 2896 domini-

827 2951 965 2995 cam
998 2939 1061 2994 et
1089 2931 1461 3015 Symbolum
1488 2932 1937 3013 Apostolorum
1968 2932 2107 2994 sine
2149 2950 2323 2995 men-

2437 1966 2576 2010 esse
2623 1947 2776 2009 certi
2824 1965 2940 2029 pro
2980 1947 3263 2030 parvulis
3313 1946 3504 2027 suis);
3547 1946 3689 2009 ideo
3733 1947 3938 2027 magis

2436 2044 2768 2127 probabile
2817 2054 2933 2116 est,
2983 2046 3152 2127 quod
3199 2046 3278 2107 ad
3337 2044 3458 2107 hoc
3506 2043 3628 2106 fuit
3673 2044 3936 2126 aliquod

2435 2144 2690 2224 signum
2730 2143 3036 2206 sensibile
3065 2162 3258 2225 quam
3299 2144 3554 2224 signum
3591 2143 3796 2206 solum
3839 2144 3936 2205 in-

2435 2242 2818 2314 tellectuale,
2851 2242 3001 2323 quia
3044 2259 3158 2324 pro
3195 2250 3326 2305 toto
3363 2249 3527 2304 statu
3569 2248 3806 2305 naturae
3847 2241 3936 2304 la-

2438 2360 2566 2423 psae
2622 2348 2981 2421 congruunt
3037 2340 3284 2403 homini
3343 2339 3672 2403 sensibilia
3727 2340 3931 2421 signa.

2436 2438 2577 2501 Haec
2617 2438 2860 2501 ScotuS.

2515 2536 2582 2598 ln
2627 2536 2865 2618 quibus
2913 2537 3108 2599 etiam
3156 2536 3349 2599 sentit
3392 2536 3722 2619 probabile
3765 2555 3933 2611 esse,

2435 2635 2606 2717 quod
2639 2634 2902 2698 interior
2935 2634 3091 2697 fidei
3124 2642 3304 2698 actus
3337 2652 3452 2717 pro
3482 2635 3765 2717 parvulis
3801 2652 3937 2697 non

2435 2731 2696 2796 suffecit
2725 2733 2864 2795 sine
2897 2734 3080 2814 signo
3113 2733 3430 2796 exteriori.
3467 2733 3687 2796 Sobrie
3715 2741 3938 2796 tamen

2436 2832 2719 2915 loquitur
2757 2833 2895 2895 sine
2929 2834 3181 2895 incauta
3218 2834 3586 2897 assertione.
3621 2834 3838 2916 Atque·
3855 2834 3938 2896 ad

2434 2932 2715 3012 Gregorii
2753 2932 3191 2994 auctoritatem
3225 2932 3586 3013 respondet,
3618 2932 3789 3014 quod
3821 2950 3942 3014 per

826 3032 1009 3094 dacio
1066 3037 1130 3093 et
1187 3038 1466 3113 peccato.
1519 3031 1694 3104 Quod
1753 3030 1807 3092 si
1863 3030 2158 3093 sacerdos
2213 3036 2322 3092 aut
2360 3030 2402 3094 C
2433 3029 2632 3092 solam
2665 3028 2862 3092 fidem
2893 3047 3020 3092 non
3053 3030 3348 3111 intelligit
3379 3030 3586 3093 solum
3617 3029 3936 3105 habitum,

826 3129 990 3192 alius
1030 3127 1146 3190 fiat
1184 3136 1421 3202 mutus,
1455 3135 1664 3212 potest
1699 3128 1905 3190 adhuc
1946 3127 2011 3189 in
2054 3146 2322 3210 persona

828 3228 1127 3290 Ecclesiae
1160 3227 1521 3290 mentaliter
1552 3225 1899 3308 deprecari.
1918 3225 2321 3300 —Quintum

828 3333 945 3400 est,
967 3326 1137 3409 quod
1167 3325 1345 3398 dicit,
1370 3325 1743 3407 Gregorium
1774 3323 1971 3386 fuisse
2001 3324 2323 3407 opinionis

828 3424 1024 3499 illius,
1058 3442 1175 3487 nec
1206 3431 1497 3507 oportere
1528 3442 1676 3485 eum
1708 3431 1948 3497 tenere,
1980 3424 2150 3505 quod
2183 3441 2326 3485 cen-

827 3529 1004 3584 setur
1048 3521 1315 3585 verbum
1367 3521 1741 3584 indecentiae
1794 3539 2055 3602 magnae,
2102 3538 2185 3582 ne
2231 3521 2323 3582 di-

828 3639 969 3683 cam
1011 3629 1075 3683 et
1112 3620 1320 3683 stultae
1363 3620 1662 3695 audaciae,
1704 3638 1905 3702 quum
1948 3628 2012 3682 et
2050 3619 2324 3702 Spiritus

827 3718 1083 3782 divinus
1116 3719 1183 3782 B.
1219 3718 1519 3801 Gregorio
1549 3726 1677 3780 tam
1713 3717 1914 3780 multa
1948 3718 2326 3780 revelaverit

825 3818 1061 3892 abdita,
1095 3826 1165 3880 ut
1204 3819 1397 3881 etiam
1438 3817 1736 3880 Albertus
1779 3825 1842 3880 et
1884 3818 2327 3880 Bonaventura

826 3925 1159 3992 testantur,
1213 3917 1564 4000 praesertim
1626 3917 1689 3977 in
1742 3916 1861 3979 ista
1920 3916 2205 3990 materia,
2259 3916 2326 3977 in

826 4036 952 4099 qua
996 4016 1426 4098 praeclariores
1466 4017 1755 4077 doctores
1795 4015 2096 4077 Sanctum
2141 4014 2324 4076 illum

828 4115 1226 4178 concorditer
1262 4121 1710 4195 assequuntur,
1743 4113 1853 4194 qui
1894 4111 2019 4173 fuit
2058 4112 2157 4174 vir
2198 4129 2325 4174 non

2432 3148 2550 3191 nec
2596 3128 2760 3192 forte
2810 3136 3056 3191 tantum
3117 3136 3326 3192 actum
3381 3129 3769 3204 interiorem,
3821 3130 3937 3193 sed

2435 3247 2582 3290 cum
2621 3235 2766 3290 actu
2806 3228 3102 3290 exteriori
3147 3227 3437 3290 sensibili
3488 3227 3684 3292 fidem
3729 3237 3938 3312 prote·

2433 3334 2656 3388 stante.
2683 3361 2764 3372 —-
2791 3327 2866 3388 Et
2897 3326 2949 3388 si
2981 3325 3342 3407 objiciatur,
3375 3327 3544 3408 quod
3575 3345 3938 3390 sacramen-

2436 3432 2574 3486 tum
2615 3443 2740 3487 non
2784 3431 2992 3506 potest
3029 3423 3276 3487 institui
3323 3425 3448 3486 nisi
3489 3425 3860 3488 immediate
3899 3446 3939 3489 a

2437 3524 2605 3602 Deo;
2641 3523 3003 3604 respondet,
3036 3523 3204 3604 quod
3241 3524 3408 3586 Deus
3449 3524 3657 3606 potuit
3685 3524 3809 3587 tale
3841 3543 3942 3588 sa-

2437 3629 2834 3684 cramentum
2875 3621 3010 3683 sive
3050 3621 3408 3684 remedium
3445 3620 3639 3684 alicui
3679 3629 3940 3704 patrum

2437 3738 2586 3782 cum
2629 3737 2756 3802 quo
2786 3727 2939 3782 tunc
2971 3718 3373 3802 frequentius
3411 3719 3812 3802 loquebatur,
3847 3739 3946 3784 re-

2440 3818 2670 3892 velare,
2713 3819 2824 3881 sed
2865 3818 2969 3880 cui
3015 3825 3079 3880 et
3120 3819 3397 3900 quando,
3440 3819 3768 3901 Scriptura
3809 3838 3942 3883 non

2437 3915 2762 3998 exprimit,
2805 3916 2958 3998 quia
3003 3915 3086 3977 ab
3124 3916 3324 3978 Adam
3375 3935 3578 3998 usque
3623 3917 3702 3979 ad
3743 3916 3946 3980 Abra-

2437 4015 2584 4076 ham
2636 4015 2960 4077 succincte
3005 4015 3309 4097 procedit.
3354 4016 3487 4077 lmo
3532 4035 3734 4097 quum
3775 4017 3944 4080 Scri-

2440 4121 2626 4196 ptura
2655 4120 2945 4188 testetur,
2979 4113 3298 4176 sacril'icia
3328 4121 3582 4197 patrum
3613 4114 3742 4178 Deo
3771 4133 3948 4180 com-

828 4210 1037 4272 solum
1094 4210 1455 4293 apostolieae
1507 4209 1922 4283 auctoritatiS,
1973 4209 2083 4271 sed
2132 4209 2324 4271 etiam
2357 4211 2406 4273 D
2440 4211 2778 4295 placuisse,
2831 4213 2983 4274 satis
3043 4212 3325 4274 insinuat
3366 4212 3538 4294 quod
3595 4231 3674 4275 ex
3719 4213 3946 4278 divina

829 4308 1191 4389 apostolicae
1228 4307 1602 4370 sanctitatis,

910 4408 988 4468 At
1018 4425 1167 4469 vero
1196 4409 1420 4469 Scotus
1452 4407 1623 4469 circa
1664 4407 1795 4469 haec
1834 4405 2059 4469 scribit
2092 4423 2105 4468 :
2139 4405 2328 4469 Nullo

828 4513 1115 4587 tempore
1155 4505 1450 4588 permisit
1479 4506 1646 4568 Deus
1684 4505 1959 4567 cultores
2000 4522 2148 4568 suos
2187 4522 2327 4567 esse

828 4605 967 4666 sine
1010 4604 1293 4667 remedio
1342 4603 1699 4666 necessario
1744 4604 1821 4665 ad
1866 4603 2174 4682 salutem3
2215 4603 2326 4665 sed

827 4703 1001 4765 omni
1032 4709 1318 4785 tempore
1350 4709 1493 4785 post
1521 4701 1793 4785 lapsum,
1820 4703 2175 4765 necessaria
2205 4700 2329 4764 suit

822 4802 1143 4884 originalis
1184 4801 1425 4884 peccati
1465 4800 1738 4864 deletio:
1772 4818 1921 4881 ergo
1956 4819 2214 4884 semper
2249 4805 2325 4866 ad

826 4901 947 4964 hoc
1009 4900 1267 4984 aliquod
1334 4899 1688 4964 remedium
1752 4898 1986 4962 efficax
2045 4899 2186 4962 fuit.
2253 4902 2328 4964 Et

828 4999 1120 5084 quamvis
1162 4999 1228 5062 in
1270 4997 1505 5061 adultis
1550 4997 1758 5079 potuit
1794 4996 1992 5059 deleri
2041 5017 2156 5079 per
2197 5016 2328 5061 mo-

2441 4309 2856 4393 inspiratione
2886 4329 2998 4372 seu
3031 4310 3415 4373 revelatione
3451 4311 3574 4392 ipsi
3611 4320 3820 4394 patres
3851 4321 3946 4375 ta-

2442 4409 2525 4470 lia
2571 4417 2977 4492 acceperunt,
3019 4409 3174 4472 alias
3226 4409 3476 4472 incaute
3525 4411 3824 4492 egissent.
3855 4447 3944 4460 -

2439 4507 2888 4570 Verumtamen
2932 4527 3058 4571 non
3088 4508 3488 4572 obstantibus
3529 4509 3650 4584 his,
3683 4510 3946 4574 videtur

2442 4605 2672 4688 positio
2701 4605 2810 4668 illa
2839 4607 3116 4681 Thomae,
3135 4607 3499 4670 Bonaventu
3509 4627 3613 4682 rae,
3632 4609 3821 4684 Petri,
3839 4611 3946 4672 Ri-

2441 4705 2681 4781 chardi,
2715 4705 2926 4768 verior
2955 4725 3116 4780 esse,
3152 4706 3238 4768 ita
3266 4707 3437 4788 quod
3479 4707 3742 4770 interior
3784 4708 3946 4770 l'idei

2439 4810 2618 4866 actus
2647 4803 2906 4868 suffecit
2930 4821 3046 4887 pro
3069 4806 3366 4888 parvulo;
3389 4806 3679 4888 quamvis
3703 4824 3828 4870 non
3857 4807 3954 4870 vi-

2441 4902 2664 4964 deatur
2702 4904 3060 4983 negandum
3103 4904 3260 4985 quin
3298 4904 3670 4986 frequenter
3702 4905 3946 4987 aliquis

2439 5009 2618 5066 actus
2649 5000 2924 5064 exterior
2952 5021 2988 5064 a
3019 5002 3393 5086 parentibus
3423 5004 3864 5068 adhibebatur.
