4267 6250
565 478 779 535 QUAEST.
824 479 893 525 111
936 479 951 525 Ξ
992 478 1079 525 ΑΝ
1116 478 1331 527 vmws
1372 477 1903 526 saunaumonmt
1944 477 2039 525 sn·
2079 476 2418 524 munuum
2457 478 2502 524 A
2543 476 2781 525 CHRISTI
2821 476 3117 524 PAssloNE
3301 456 3381 521 87

330 648 456 713 bilis
482 670 676 734 neque
704 649 1045 725 instabilis,
1068 651 1237 732 quod
1266 649 1518 713 diversa
1550 667 1781 732 praece-
1809 647 1861 711 A
1889 647 2115 711 Omnia
2159 647 2442 729 (asserit)
2481 664 2660 711 novae
2703 647 2862 730 legis
2907 653 3302 711 sacramenta
3346 663 3384 707 a

330 757 421 829 pta
457 750 738 831 proponit
778 769 912 813 suae
950 748 1209 812 familiae
1256 766 1372 831 pro
1416 754 1780 831 temporum

330 847 616 923 varietate,
646 848 769 911 alia
818 849 1055 923 hieme,
1084 848 1211 910 alia
1252 847 1487 928 jubens
1529 853 1779 925 oestate3

329 946 405 1009 sic
443 954 499 1008 et
532 947 645 1009 alia
685 954 1119 1028 congruerunt
1151 946 1368 1027 gratiae
1406 944 1777 1027 figurandae,

328 1045 431 1107 alia
466 1046 668 1127 gratiae
707 1045 843 1127 jam
885 1044 1205 1108 exhibitae.
1236 1044 1381 1107 Haec
1426 1042 1615 1105 idem.

396 1144 681 1207 Consonat
712 1145 933 1207 Petrus
969 1160 983 1204 :
1018 1143 1243 1208 Omnia
1278 1142 1554 1223 (dicens)
1582 1160 1783 1204 sacra·

332 1250 515 1304 menta
540 1250 683 1303 sunt
718 1241 1004 1304 remedia
1041 1249 1259 1303 contra
1296 1239 1637 1303 defectum.
1672 1240 1784 1301 Re-

328 1340 493 1402 medii
522 1357 665 1403 vero
694 1346 953 1423 tempus
991 1338 1231 1421 incepit
1268 1357 1305 1400 a
1343 1337 1546 1421 lapsu,
1580 1337 1785 1420 profe-

328 1437 401 1501 cit
423 1438 479 1500 in
508 1438 653 1519 lege,
668 1445 1175 1501 consummatum
1204 1444 1300 1499 est
1329 1436 1394 1499 in
1425 1436 1779 1517 Evangelio.

328 1536 451 1599 Ideo
502 1537 618 1599 tria
670 1544 963 1619 tempora
1023 1536 1132 1599 illa
1192 1544 1337 1619 apta
1400 1534 1784 1598 institutioni

328 1644 829 1699 sacramentorum
859 1634 1139 1697 fuerunt.
1163 1634 1406 1717 Nempe
1436 1633 1785 1697 secundum

330 1740 531 1794 statum
561 1733 764 1796 morbi
794 1740 860 1796 et
888 1733 1371 1815 dispositionem
1404 1731 1647 1794 infirmi
1680 1732 1785 1794 de-

330 1830 459 1893 bent
484 1832 754 1895 remedia
784 1832 1082 1913 coaptari.
1116 1832 1272 1894 Nam
1304 1831 1371 1893 in
1402 1831 1585 1893 initio
1624 1848 1785 1893 mor·
1820 1833 1868 1896 B

329 1928 381 1989 bi
408 1929 745 1993 adhibenda
773 1936 926 1993 sunt
955 1929 1192 1993 leviora
1222 1937 1285 1993 et
1315 1930 1788 2011 imperfectiora

330 2028 595 2103 remedia,
628 2036 691 2091 ct
720 2028 787 2090 in
831 2028 1227 2091 incremento
1258 2027 1461 2091 morbi
1495 2028 1787 2110 perfecti-

330 2143 437 2207 pra,
464 2134 643 2209 atque
684 2128 752 2188 in
799 2145 1061 2189 excessu
1113 2126 1253 2208 ejus
1297 2125 1781 2208 perfectissima.

330 2223 733 2299 Conformiter,
785 2224 1051 2287 infirmo
1098 2224 1433 2308 incipienti
1490 2232 1553 2287 et
1605 2226 1785 2307 quasi

328 2321 524 2385 infanti
554 2323 941 2387 conveniunt
972 2324 1253 2386 remedia
1283 2322 1613 2398 debiliora,
1646 2342 1787 2407 pro-

328 2419 540 2484 ficienti
591 2430 653 2485 et
708 2422 893 2505 quasi
948 2422 1335 2485 adolescenti
1384 2420 1785 2503 perfectiora,

330 2519 583 2599 perfecto
626 2520 925 2602 perfecta.
961 2519 1299 2602 Quumque
1345 2527 1475 2582 tam
1526 2520 1788 2583 morbus

329 2636 491 2697 quam
552 2618 844 2680 infirmus
903 2618 1159 2680 initium
1218 2617 1559 2680 habuerint
1620 2618 1789 2681 circa

328 2714 683 2798 principium
724 2715 883 2797 legis
924 2724 1187 2789 naturae,
1221 2715 1577 2797 profectum
1619 2716 1788 2778 circa

326 2814 680 2897 principium
714 2815 872 2897 legis
902 2814 1169 2897 scriptae,
1183 2814 1643 2897 perfectionem
1674 2816 1789 2877 eir·

325 2930 385 2973 ca
409 2914 781 2996 principium
813 2913 1138 2995 Evangelii
1168 2913 1482 2995 (morbus,
1499 2912 1783 2995 inquam,

1866 745 2139 809 -Christo
2168 753 2234 809 et
2262 746 2328 808 in
2367 753 2656 829 tempore
2685 745 2918 809 Christi
2950 753 3101 807 sunt
3129 742 3384 807 institu-

1889 852 1951 907 ta
1990 845 2208 927 aliquo
2250 845 2460 919 mode,
2492 851 2709 928 utpote
2747 842 3128 926 simpliciter
3170 848 3236 905 et
3275 840 3384 904 ab·

1890 943 2116 1017 solute,
2149 950 2260 1005 aut
2295 942 2710 1025 approbative
2749 950 2820 1005 ut
2859 948 3028 1023 patet
3063 941 3140 1003 de
3177 938 3386 1003 Matri-

1891 1042 2396 1124 monio,quando
2425 1042 2585 1104 dixit
2604 1042 2806 1116 :Quod
2838 1042 3003 1104 Deus
3033 1038 3380 1121 conjunxit,
3413 1056 3563 1102 Marc.
3583 1060 3678 1111 ηε.

1889 1142 2081 1204 homo
2124 1158 2252 1203 non
2295 1148 2563 1224 separet.
2611 1141 2755 1203 Haec
2795 1138 3293 1221 Argentinensis.

2313 1457 2785 1533 QUAESTIO
2843 1457 2967 1520 III

2032 1731 2207 1793 Ertio
2291 1730 2619 1812 quaeritur,
2705 1731 2838 1797 An
2917 1732 3190 1797 virtus
3271 1744 3388 1795 sa·

2051 1831 2640 1897 crementorum
2682 1828 2796 1896 sit
2840 1827 3300 1896 immediate
3342 1843 3391 1895 a

1896 1927 2206 1995 Christi
2248 1930 2636 2011 passione.

1975 2025 2240 2089 Videtur
2268 2027 2437 2108 quod
2473 2043 2623 2097 non,
2655 2025 2958 2107 quoniam
2997 2024 3236 2088 dictum
3270 2031 3389 2100 est,
3419 2042 3677 2099 pxnneu.

1896 2124 2063 2206 quod
2094 2143 2211 2207 per
2236 2124 2432 2187 fidem
2465 2125 2663 2187 virtus
2693 2132 3222 2188 sacramentorum
3253 2142 3396 2206 ope-

1897 2229 2083 2283 ratur·
2113 2223 2180 2285 in
2225 2221 2430 2285 nobis.
2476 2222 2728 2286 Dictum
2775 2231 2872 2285 est
2913 2240 3189 2304 quoque,
3223 2223 3392 2304 quod
3421 2240 3524 2285 dist.
3543 2254 3570 2291 ι,
3587 2243 3684 2299 μ.

1896 2322 2100 2384 virtus
2130 2330 2674 2385 sacramentorum
2713 2340 2894 2385 novae
2932 2321 3090 2403 legis
3129 2321 3213 2383 sit
3250 2338 3392 2403 pro-

1897 2420 2075 2503 prius
2118 2420 2238 2491 Dei
2274 2419 2565 2483 effectus.

1979 2519 2099 2581 Sed
2130 2519 2283 2600 quia
2311 2519 2389 2581 de
2421 2519 2542 2581 isto
2568 2519 2698 2599 jam
2731 2518 2965 2600 saepius
3003 2525 3242 2580 tactum
3273 2525 3391 2592 est,
3423 2544 3686 2600 damme,

1897 2616 2177 2679 breviter
2225 2617 2760 2699 respondendum,
2809 2616 2978 2698 quod
3024 2616 3124 2698 (ut
3169 2616 3397 2678 asserit

1897 2716 2196 2795 Thomas)
2239 2715 2736 2777 instrumentum
2780 2714 3082 2777 virtutem
3128 2732 3254 2777 non
3299 2733 3394 2777 re-

1896 2814 2056 2897 cipit
2083 2813 2208 2875 nisi
2238 2814 2588 2876 secundum
2615 2814 2780 2895 quod
2811 2813 3151 2896 principali
3181 2812 3393 2895 agenti

1897 2913 2326 2986 continuatur,
2360 2919 2432 2973 ut
2470 2912 2672 2974 virtus
2711 2912 2852 2992 ejus
2899 2912 2965 2974 in
3013 2911 3394 2975 instrumen-

327 3029 421 3090 pcr
455 3012 879 3075 dilatationem
918 3012 984 3073 in
1025 3010 1197 3073 vitiis
1236 3018 1300 3073 et
1344 3011 1655 3092 personiS,
1698 3010 1787 3072 in·
1822 3014 1865 3077 C
1894 3018 2033 3073 tum
2082 3010 2552 3092 quodammodo
2610 3010 3108 3072 transfundatur.
3160 3010 3394 3073 Princi-

324 3107 525 3173 firmus
580 3129 731 3174 vero
796 3130 909 3193 per
964 3109 1353 3192 agnitionem
1413 3108 1786 3172 necessariae

328 3209 623 3273 medicinae
660 3217 853 3292 atque
894 3208 1351 3289 infirmitatis);
1392 3208 1536 3270 ideo
1577 3207 1785 3290 primo

327 3305 579 3370 instituta
606 3316 757 3370 sunt
784 3315 1179 3370 sacramenta
1212 3306 1541 3380 debiliora,
1575 3307 1785 3369 medio

324 3411 574 3488 tempore
602 3414 997 3470 sacramenta
1027 3405 1423 3488 perfectiora,
1436 3407 1625 3468 tertio
1653 3424 1787 3488 per·

324 3501 653 3567 rectissima.
700 3495 845 3568 Haec
888 3505 1125 3567 Petrus,

390 3601 719 3666 Concordat
749 3602 1404 3684 RicharduS,allegans
1433 3602 1781 3683 Hugonem,

326 3699 503 3778 primo
529 3701 693 3763 libro
726 3701 804 3762 de
834 3699 1257 3763 Sacramentis
1290 3700 1607 3762 dicentem
1646 3717 1659 3762 :
1696 3700 1783 3762 Ex

324 3814 431 3876 quo
473 3799 678 3882 lapsus
730 3807 825 3861 est
874 3799 1065 3862 homo
1114 3817 1150 3860 a
1198 3799 1407 3881 primo
1456 3805 1621 3860 statu
1670 3798 1785 3860 im-

324 3898 710 3972 mortalitatiS,
754 3915 870 3980 per
909 3896 1353 3960 mortalitatem
1406 3897 1471 3958 in
1521 3914 1783 3979 corpore

324 4000 375 4053 ct
399 4014 499 4076 per
526 3996 927 4078 iniquitatem
960 3995 1026 4056 in
1054 3995 1270 4058 anima
1298 3995 1493 4078 coepit
1530 4003 1785 4076 aegrota-

322 4109 396 4165 re,
424 4101 481 4155 et
506 4095 807 4157 continuo
837 4094 1004 4156 Deus
1043 4094 1395 4175 reparando
1432 4112 1784 4156 sacramen-

1896 3109 2039 3194 pale
2068 3116 2282 3173 autem
2315 3116 2380 3172 et
2409 3129 2524 3191 per
2552 3129 2620 3171 se
2658 3128 2850 3191 agens
2879 3109 2957 3171 ad
2989 3107 3392 3189 justificatio-

1896 3227 2067 3284 nem,
2118 3216 2216 3271 est
2272 3209 2438 3271 Deus
2495 3207 2662 3270 sicut
2714 3226 2904 3270 causa
2961 3206 3278 3282 efficienS‚
3329 3215 3393 3270 et

1896 3308 2105 3390 passio
2157 3307 2389 3370 Christi
2437 3306 2606 3368 sicut
2653 3306 2978 3368 meritoria
3023 3325 3231 3368 causa.
3276 3305 3390 3370 Cui

1894 3412 2363 3468 sacramentum
2412 3404 2821 3467 continuatur
2866 3423 2984 3487 per
3027 3403 3228 3467 fidem
3277 3405 3390 3468 Ec-

1894 3503 2123 3578 clesiae,
2157 3523 2299 3586 quae
2343 3502 2539 3565 refert
2581 3501 3077 3566 instrumentum
3118 3504 3197 3565 ad
3245 3522 3391 3566 cau-

1892 3622 2029 3666 sam
2070 3601 2512 3684 principalem,
2547 3608 2611 3664 et
2649 3601 2902 3683 signum
2933 3603 3010 3665 ad
3043 3602 3384 3684 signatum.

1892 3701 2052 3762 Hinc
2102 3699 2397 3763 efficacia
2443 3718 2556 3762 seu
2597 3699 2800 3762 virtus
2847 3710 3389 3764 sacramentorum

1893 3799 2186 3861 consistit
2214 3817 2290 3860 ex
2321 3797 2528 3859 tribus
2564 3815 2577 3860 :
2613 3797 2842 3879 primo,
2876 3817 2953 3860 ex
2988 3798 3388 3862 institutione

1892 3897 2108 3960 divina
2151 3897 2318 3959 sicut
2345 3915 2423 3958 ex
2455 3914 2644 3958 causa
2675 3895 3050 3977 principali3
3082 3898 3385 3971 secundo,

1892 4015 1969 4058 ex
1999 3995 2295 4079 passione
2326 3994 2556 4058 Christi
2595 3994 2760 4055 sicut
2798 4012 2874 4056 ex
2906 4011 3095 4056 causa
3133 3994 3388 4058 merito-

1891 4095 1988 4157 ria
2013 4093 2332 4176 generali3
2365 4093 2572 4166 tertie,
2607 4111 2684 4154 ex
2720 4092 2852 4154 fide
2894 4091 3192 4156 Ecclesiae
3221 4093 3388 4156 sicut

324 4190 389 4252 tis
415 4193 534 4255 suis
564 4192 944 4275 praeparavit
971 4191 1352 4254 medicinam
1381 4210 1395 4254 :
1420 4212 1561 4274 quae
1594 4201 1784 4274 prout
1813 4193 1861 4255 D
1890 4213 1968 4256 ex
2009 4191 2484 4255 continuatione
2525 4191 2931 4254 instrumenti
2971 4210 3117 4253 cum
3154 4191 3389 4273 princi-

322 4289 458 4352 ratio
492 4289 847 4372 postulabat
885 4297 949 4352 et
984 4308 1195 4363 causa,
1227 4289 1496 4353 diversis
1538 4299 1782 4373 tempo-

324 4385 475 4450 ribus
518 4397 577 4452 et
621 4388 777 4452 locis
820 4388 899 4450 ad
948 4388 1340 4450 curationem
1389 4389 1562 4451 illius
1612 4389 1784 4452 exhi-

324 4481 459 4559 buit,
494 4488 613 4550 alia
658 4494 803 4550 ante
855 4486 1081 4568 legem,
1120 4485 1248 4548 alia
1294 4486 1413 4548 sub
1465 4487 1622 4569 lege,
1660 4488 1783 4550 alia

323 4583 425 4645 sub
449 4587 653 4666 gratia.
674 4586 1011 4667 Quumque
1040 4593 1434 4648 sacramenta
1464 4586 1620 4667 legis
1649 4605 1784 4667 gra-

322 4680 407 4744 tiae
451 4684 570 4745 sint
622 4683 927 4767 perfecta,
980 4683 1227 4746 institui
1286 4701 1413 4746 non
1466 4683 1783 4747 debebant

321 4780 427 4842 nisi
454 4783 827 4864 evangelicae
858 4783 1015 4863 legis
1053 4781 1254 4863 gratia
1294 4789 1686 4856 coruscante,
1720 4791 1785 4845 et

322 4881 812 4944 manuducendus
839 4881 965 4943 fuit
994 4881 1185 4943 homo
1216 4899 1330 4963 per
1359 4880 1786 4962 imperfectio-

324 4995 379 5037 ra
402 4979 471 5040 ad
500 4979 894 5060 perfectiora,
927 4986 998 5040 ut
1026 4979 1277 5059 cognita
1312 4999 1427 5041 sua
1462 4979 1783 5042 defectuo—

324 5074 500 5149 sitate,
528 5077 788 5140 omnino
824 5077 904 5139 ad
944 5076 1204 5139 Deitatis
1243 5077 1615 5159 confugeret
1650 5097 1785 5159 gra-

328 5170 471 5234 tiam.
510 5175 647 5239 Haec
686 5175 1058 5239 RicharduS.

393 5271 849 5354 Argentinensis
898 5273 1157 5336 demum
1206 5273 1307 5335 his
1360 5291 1713 5337 consonans
1766 5291 1780 5336 ε

1892 4291 2020 4375 pali
2050 4297 2294 4372 agente.
2314 4290 2458 4353 Haec
2489 4289 2554 4351 in
2585 4289 2851 4371 Scripto.
2870 4289 3202 4352 —Eadem
3234 4291 3387 4353 scri·

1890 4390 1987 4452 bit
2034 4389 2101 4451 in
2146 4389 2327 4452 tertia
2373 4396 2566 4470 parte,
2601 4387 2949 4469 quaestione
2998 4388 3388 4470 sexagesima

1890 4489 2209 4552 secunda:
2234 4507 2374 4569 quae
2405 4494 2468 4548 et
2497 4486 2854 4548 introducta
2889 4494 3038 4548 sunt
3067 4487 3381 4568 superius.
3431 4512 3679 4568 ffi.2,.‚q,0,

1971 4587 2162 4649 Porro
2211 4586 2274 4647 in
2319 4586 2580 4648 Summa
2627 4592 2846 4647 contra
2889 4585 3181 4666 gentileS,
3222 4585 3387 4649 libro
3413 4575 3680 4630 ¹³·⁶⁵⁰'⁰²⁸·

1892 4693 2117 4768 quarto
2175 4691 2461 4757 testatur,
2513 4683 2678 4765 quod
2738 4683 2950 4764 passio
3001 4684 3234 4747 Christi
3293 4693 3390 4746 est
3442 4722 3536 4764 0⁸1³-
3557 4713 3627 4754 ω,

1894 4781 2272 4846 universalis
2301 4799 2490 4842 causa
2520 4780 2842 4843 meritoria
2870 4782 3126 4844 virtutis
3155 4790 3219 4845 et
3254 4802 3389 4864 gra-

1891 4881 1995 4945 tiae
2044 4880 2336 4942 omnium
2384 4886 2747 4940 sanctorum
2795 4897 2975 4943 novae
3021 4879 3199 4961 legiS,
3247 4900 3388 4962 quae

1894 4997 2009 5061 per
2048 4985 2294 5060 septem
2333 4984 2726 5039 sacramenta
2765 4976 2942 5057 quasi
2988 4996 3102 5058 per
3132 4977 3390 5040 medici-

1891 5076 2060 5139 nalia
2088 5095 2238 5138 vasa
2273 5074 2628 5157 applicatur
2664 5073 3032 5137 hominibus
3074 5075 3390 5138 mediante

1894 5175 2046 5248 fide,
2082 5174 2162 5235 ad
2205 5172 2618 5254 particulares
2658 5191 2732 5234 ac
2775 5171 3058 5234 diversos
3092 5172 3384 5236 effectuS.

1976 5273 2053 5334 Et
2080 5271 2256 5334 addit
2283 5269 2632 5332 Richardus
2667 5287 2680 5332 :
2713 5270 2783 5331 In
2825 5270 3246 5334 instrumento
3275 5272 3388 5334 du-
