4267 6250
787 476 909 543 426

1445 499 1512 547 m
1551 500 1773 547 mmm!
1813 500 1874 547 IV
1917 498 2399 547 summanum.
2441 517 2524 529 —-
2559 501 2719 548 msr.
2756 500 2904 565 xvl;
2946 502 3171 558 QUAEST.
3214 502 3235 549 1

788 669 1181 751 subjectivae,
1205 679 1315 734 aut
1342 672 1700 754 integrales,
1723 672 1861 735 Non
1891 679 2105 735 autem
2138 679 2287 734 sunt
2314 670 2364 735 A
2394 671 2648 754 positio,
2680 680 2747 735 et
2787 690 2915 736 non
2967 672 3121 736 facit
3161 674 3517 738 secundum
3558 674 3757 751 aliud,
3798 694 3893 739 re-

787 776 998 851 partes
1029 770 1422 852 subiectivae,
1446 772 1748 853 quoniam
1779 770 2127 835 satisfactio
2156 789 2285 834 non

785 874 884 930 est
927 868 1316 950 poenitentiae
1359 871 1628 952 specieS,
1669 889 1865 952 quum
1911 870 2287 953 poenitentia

788 983 915 1028 non
956 966 1338 1049 praedicetur
1367 969 1445 1031 de
1475 968 1907 1032 satisfactione
1942 987 1956 1033 :
1993 970 2121 1033 imo
2154 986 2285 1051 poe-

787 1064 1056 1127 nitentia
1095 1074 1402 1141 cessante,
1436 1067 1783 1130 satisfactio
1818 1075 2121 1131 remanet.
2156 1067 2286 1130 Nec

787 1170 938 1224 sunt
981 1169 1190 1244 partes
1240 1165 1632 1247 poenitentiae
1677 1166 2038 1247 integraleS,
2083 1185 2283 1248 quum

791 1261 1167 1342 poenitentia
1204 1262 1287 1325 sit
1324 1264 1478 1346 quid
1518 1264 1848 1346 spirituale
1885 1272 1950 1327 et
1985 1264 2281 1347 simpleX,

791 1361 895 1423 cui
926 1368 1054 1423 non
1087 1362 1393 1444 competit
1420 1380 1497 1424 ex
1530 1362 1823 1444 pluribus
1853 1362 2173 1444 integrari.
2206 1398 2287 1412 —--

791 1461 948 1522 Item
989 1468 1199 1542 partes
1242 1460 1333 1523 rei
1375 1460 1712 1542 integrales
1748 1469 1897 1523 sunt
1925 1461 2141 1536 simul,
2174 1461 2286 1524 sed

790 1578 992 1621 unum
1027 1558 1224 1621 trium
1267 1559 1534 1623 istorum
1579 1560 1879 1642 praecedit
1915 1560 2088 1623 aliud
2127 1567 2284 1624 tem-

789 1675 962 1739 pore.
1000 1658 1308 1721 Contritio
1351 1678 1628 1740 namque
1676 1659 1851 1741 prior
1897 1666 1994 1722 est
2037 1659 2285 1723 confes-

790 1756 988 1830 sione,
1025 1762 1088 1817 et
1128 1756 1356 1819 horum
1401 1764 1744 1839 utrumque
1787 1756 2284 1822 satisfactionem

2392 770 2643 852 cipiunt
2704 781 2910 833 totum
2963 779 3027 835 et
3084 793 3296 844 omne,
3350 773 3895 856 quemadmodum

2394 890 2719 935 numerus.
2766 871 2923 934 Nam
2974 873 3329 936 secundum
3370 874 3541 955 quod
3589 892 3898 937 numerus

2393 976 2491 1031 est
2521 969 2865 1032 multitudo
2896 977 3227 1032 numerata
3258 989 3372 1053 per
3404 990 3627 1047 unum,
3660 971 3899 1034 dicitur

2393 1067 2605 1131 omnis
2633 1085 2978 1147 numerus;
3016 1069 3370 1132 secundum
3401 1087 3553 1133 vero
3582 1070 3752 1152 quod
3782 1090 3899 1132 nu-

2395 1173 2675 1229 moratur
2702 1165 2953 1229 binario
2981 1174 3091 1228 aut
3120 1166 3415 1241 ternario,
3432 1166 3498 1230 in
3527 1167 3767 1250 quibus
3796 1187 3898 1232 or-

2394 1265 2475 1329 do
2513 1263 2667 1327 facit
2705 1263 3162 1338 diversitatem,
3194 1264 3430 1327 dicitur
3468 1272 3638 1329 totus
3676 1285 3901 1329 nume-

2395 1384 2503 1427 rus
2536 1383 2551 1428 ε
2588 1363 2730 1426 ideo
2772 1363 3057 1425 medium
3098 1370 3196 1426 est
3225 1364 3390 1426 inter
3428 1364 3898 1447 homogeneum

2394 1470 2459 1525 et
2506 1462 3020 1543 heterogeneum.
3067 1461 3170 1524 Sic
3212 1480 3469 1545 quoque
3518 1463 3625 1525 hic
3673 1464 3898 1527 dicen·

2394 1561 2548 1623 dum
2592 1559 2868 1634 videtur,
2914 1560 3085 1642 quod
3134 1567 3343 1642 partes
3392 1562 3530 1626 istae
3575 1561 3901 1643 recipiunt

2393 1660 2911 1743 praedicationem
2952 1659 3145 1721 totius
3186 1660 3541 1722 secundum
3579 1660 3750 1743 quod
3788 1661 3901 1723 do-

2396 1758 2491 1822 lor
2518 1759 2718 1839 gratia
2750 1756 3149 1831 informatus,
3178 1758 3308 1839 agit
3338 1757 3403 1820 in
3434 1758 3735 1823 omnibus
3766 1759 3898 1839 eis;

786 1854 1106 1936 praecedit.
1140 1856 1485 1917 —lterum
1529 1854 1901 1937 poenitentia
1944 1863 2040 1919 est
2080 1874 2284 1919 sacra·
2320 1856 2368 1918 B
2396 1857 2749 1921 secundum
2809 1855 3179 1919 relationem
3232 1875 3384 1920 vero
3433 1858 3512 1920 ad
3562 1856 3897 1931 effectum,

793 1959 1102 2023 mentum,
1135 1960 1198 2015 et
1228 1960 1696 2015 sacramentum
1736 1960 1834 2015 est
1861 1952 2167 2016 sensibile
2207 1953 2286 2016 si-

788 2069 986 2132 gnum
1021 2050 1361 2114 invisibilis
1393 2050 1484 2113 rei
1521 2071 1535 2115 ε
1569 2052 1737 2134 quod
1771 2070 1888 2115 nec
1918 2052 2284 2115 contritioni

791 2149 1087 2213 convenit
1131 2167 1249 2211 nec
1292 2149 1728 2213 satisfactioni.

872 2347 1052 2411 Circa
1100 2347 1235 2410 haec
1283 2346 1509 2409 scribit
1552 2346 1847 2410 Albertus
1893 2366 1908 2410 :
1955 2347 2283 2423 Contriti0‚

791 2444 1129 2521 confessio,
1161 2445 1530 2521 satisfactio,
1563 2452 1712 2509 sunt
1742 2446 1943 2528 ipsius
1973 2447 2285 2529 poeniten-

789 2545 894 2609 tite
923 2552 1134 2627 partes
1166 2544 1575 2626 potestativae.
1602 2544 1979 2608 Poenitentia
2009 2564 2285 2628 namque

787 2650 888 2709 est
933 2643 1250 2727 quoddam
1299 2661 1569 2726 operans
1625 2644 1704 2706 ad
1764 2644 1972 2707 morbi
2019 2644 2285 2708 actualis

789 2743 1289 2807 destructionem
1316 2760 1330 2804 :
1360 2742 1471 2824 qui
1502 2742 1762 2806 morbus
1793 2760 1920 2805 non
1951 2743 2159 2805 solum
2190 2750 2287 2807 est

789 2842 1002 2925 culpa,
1034 2842 1145 2904 sed
1181 2848 1245 2903 et
1275 2849 1484 2903 reatus
1523 2841 1775 2923 culpam
1819 2859 2128 2925 sequens3
2163 2850 2285 2905 est-

790 2960 916 3023 que
945 2938 1292 3002 difficultas
1322 2938 1401 3001 ad
1431 2939 1696 3013 bonum,
1719 2959 1798 3002 ex
1827 2941 2287 3004 consuetudine

2396 1956 2827 2019 diversitatem
2876 1972 3001 2017 non
3048 1954 3312 2037 capiunt
3351 1973 3365 2017 :
3409 1956 3562 2038 quia
3608 1974 3728 2019 nec
3766 1964 3901 2019 tota

2393 2053 2770 2137 poenitentia
2811 2059 2909 2116 est
2946 2052 3011 2115 in
3056 2052 3458 2129 contritione,
3494 2073 3610 2117 nec
3653 2060 3784 2117 tota
3826 2053 3895 2117 in

2394 2152 2817 2227 confessione,
2852 2170 2970 2214 nec
3007 2159 3137 2215 tota
3186 2152 3251 2213 in
3294 2151 3747 2228 satisfactione,
3780 2154 3897 2216 sed

2396 2252 2461 2313 in
2505 2249 2805 2314 omnibus
2848 2249 3041 2312 simul
3086 2250 3377 2332 sumptis,

2475 2350 2565 2412 Ex
2608 2348 2843 2432 quibus
2886 2348 3117 2431 partim
3156 2356 3328 2432 patet
3366 2348 3600 2413 solutio
3637 2350 3897 2433 quaesti-

2393 2448 2534 2511 onis
2584 2467 2709 2530 qua
2751 2447 3079 2530 quaeritur,
3124 2465 3203 2510 an
3255 2448 3631 2530 poenitentia
3668 2449 3901 2530 praedi-

2394 2554 2576 2609 cetur
2617 2546 2695 2609 de
2742 2545 2948 2608 tribus
2995 2546 3097 2608 his
3145 2545 3337 2608 simul
3385 2553 3494 2609 aut
3542 2546 3895 2628 sigillatim.

2394 2643 2657 2708 Videtur
2699 2643 2943 2727 quippe
2985 2643 3353 2719 dicendum,
3384 2644 3554 2727 quod
3595 2644 3719 2707 tria
3758 2644 3900 2709 haec

2394 2750 2545 2805 sunt
2574 2750 2783 2824 partes
2814 2741 3208 2825 potestativae
3239 2741 3653 2824 poenitentiae,
3670 2751 3735 2806 et
3761 2760 3901 2806 om-

2396 2861 2509 2905 nes
2549 2841 2741 2903 simul
2786 2847 3132 2922 operantur
3172 2840 3238 2903 in
3281 2859 3377 2915 ea,
3408 2849 3474 2903 et
3512 2842 3705 2904 etiam
3750 2860 3898 2904 suc—

2396 2940 2659 3004 cessive.
2702 2938 2907 3002 Simul
2950 2937 3210 3021 quidem
3258 2955 3504 3013 omnes,
3537 2940 3897 3002 secundum

790 3046 856 3102 et
894 3037 1422 3121 dispositionibus
1466 3038 1708 3119 peccati
1749 3046 2062 3118 generata.
2097 3039 2287 3103 Porro
2319 3040 2362 3103 C
2396 3039 2564 3121 quod
2612 3056 2737 3101 una
2774 3044 2871 3099 est
2912 3036 2978 3098 in
3022 3044 3188 3111 actu,
3227 3044 3291 3100 et
3332 3037 3473 3101 duae
3510 3037 3611 3100 vel
3656 3057 3783 3100 una
3826 3037 3897 3101 in

792 3146 1002 3201 reatus
1046 3155 1462 3220 consequenS,
1496 3136 1728 3218 triplex
1772 3143 1885 3198 est.
1930 3138 2101 3201 Unus
2140 3156 2286 3202 con-

789 3237 1050 3318 junctus
1093 3245 1191 3300 est
1234 3236 1461 3319 culpae,
1505 3235 1565 3299 id
1609 3243 1706 3298 est
1747 3235 2032 3298 debitum
2082 3255 2286 3319 poenae

791 3344 1041 3400 aeternae
1088 3356 1103 3400 :
1149 3354 1276 3418 quo
1325 3336 1553 3411 soluto,
1601 3343 1814 3398 manet
1859 3335 2065 3398 adhuc
2113 3335 2287 3398 debi-

789 3443 928 3498 tum
959 3451 1071 3496 seu
1108 3440 1315 3496 reatus
1350 3433 1428 3496 ad
1463 3432 1808 3515 purgatorii
1846 3451 2123 3514 poenam,
2156 3450 2283 3495 non

790 3533 1326 3617 proportionatam
1372 3531 1620 3593 viribus
1667 3530 2056 3613 poenitentis.
2101 3531 2283 3593 Solu-

786 3640 978 3714 toque
1023 3630 1153 3704 illo,
1197 3628 1401 3692 nihilo
1443 3628 1657 3690 minus
1704 3636 1916 3691 manet
1953 3637 2162 3692 reatus
2203 3631 2283 3693 ad

788 3748 1043 3813 poenam
1107 3728 1544 3811 temporalem,
1604 3727 1852 3790 viribus
1914 3729 2282 3810 poenitentis

785 3828 1348 3912 proportionatam,
1381 3827 1493 3889 sed
1533 3834 1740 3908 potest
1775 3826 1982 3889 adhuc
2027 3846 2283 3891 manere

785 3928 1135 3992 difficultas
1184 3926 1347 3989 bene
1393 3925 1640 4007 agendi.
1688 3926 1903 4008 ltaque
1949 3926 2028 3988 ad
2077 3933 2281 3990 totum

785 4028 958 4090 hunc
1009 4025 1305 4089 morbum
1353 4023 1718 4096 delendum,
1770 4024 1892 4086 tria
1950 4025 2287 4106 requirun-

784 4134 909 4199 tur,
929 4132 1116 4208 puta:
1137 4122 1434 4187 contritio
1462 4120 1682 4184 delens
1713 4120 2018 4204 primum,
2042 4129 2104 4184 et
2135 4140 2282 4185 con-

2395 3146 2543 3202 voto
2575 3156 2589 3200 ε
2624 3137 2791 3199 sicut
2820 3154 3020 3218 quum
3060 3137 3359 3199 contritio
3392 3143 3490 3199 est
3522 3137 3588 3199 in
3628 3144 3794 3212 actu,
3830 3144 3899 3201 et

2396 3236 2713 3300 confessio
2760 3243 2823 3298 et
2872 3233 3221 3298 satisfactio
3280 3242 3431 3298 sunt
3480 3235 3547 3298 in
3594 3242 3779 3315 voto;
3830 3245 3899 3300 et

2395 3355 2595 3418 quum
2636 3333 2953 3398 confessio
2982 3340 3079 3395 est
3110 3333 3175 3395 in
3214 3340 3383 3408 actu,
3418 3334 3621 3397 virtus
3659 3334 3898 3397 contri-

2394 3433 2588 3496 tionis
2618 3441 2715 3496 est
2746 3433 2810 3495 in
2846 3433 3003 3514 ipsa,
3036 3439 3101 3494 et
3134 3431 3483 3495 satisfactio
3516 3432 3581 3494 in
3614 3439 3794 3512 voto;
3830 3441 3904 3495 et

2394 3551 2593 3614 quum
2625 3530 2973 3594 satisfactio
3006 3537 3103 3592 est
3134 3529 3197 3591 in
3228 3538 3397 3603 actu,
3421 3530 3519 3594 vis
3549 3529 3900 3593 confessio-

2392 3631 2493 3693 nis
2532 3637 2626 3693 est
2657 3630 2723 3691 in
2754 3648 2829 3692 ea
2866 3629 3220 3691 secundum
3260 3629 3430 3710 quod
3474 3628 3761 3711 injuncta
3792 3637 3899 3692 est

2394 3747 2509 3812 pro
2550 3727 2849 3810 peccatis,
2884 3734 2948 3790 et
2976 3727 3073 3789 vis
3105 3727 3507 3790 contritionis
3548 3727 3755 3809 quoad
3784 3727 3899 3790 do-

2394 3825 2591 3889 lorem
2622 3833 2685 3888 et
2713 3825 2955 3907 peccati
2988 3825 3487 3888 detestationem.
3504 3824 3733 3907 Sicque
3762 3844 3901 3888 una

2394 3943 2520 3988 non
2561 3930 2889 4006 separatur
2916 3922 2997 3984 ab
3028 3923 3172 3997 alia,
3206 3941 3323 3985 nec
3354 3923 3476 3986 ista
3508 3930 3893 4005 repugnant.

2391 4023 2549 4086 Nam
2584 4029 2650 4085 et
2679 4021 3028 4084 satisfactio
3066 4021 3144 4083 ad
3186 4021 3400 4084 minus
3436 4021 3616 4084 adest
3646 4021 3711 4083 in
3743 4029 3900 4085 voto

2393 4140 2466 4183 ac
2513 4120 2799 4183 interiori
2844 4120 3163 4199 lamento;
3205 4119 3649 4183 erubescentia
3692 4119 3897 4184 etiam

784 4224 982 4287 fessio
1010 4222 1229 4285 delens
1260 4219 1999 4292 secundum,satisfactio
2028 4238 2283 4304 quoque
2314 4220 2363 4283 D
2394 4227 2457 4282 et
2498 4218 2865 4281 lamentatio
2909 4216 3294 4280 confessioni
3337 4217 3675 4298 adjunctae,
3708 4218 3900 4281 redu·

785 4322 1004 4386 delens
1035 4321 1316 4384 tertium.
1352 4319 1714 4382 Difficultas
1743 4337 1894 4382 vero
1923 4321 2001 4383 ad
2041 4320 2282 4384 bonum

787 4421 1032 4484 tollitur
1062 4419 1522 4484 consuetudine
1562 4417 1713 4481 boni
1756 4418 1820 4480 in
1862 4419 2163 4482 omnibus
2204 4419 2284 4482 is-

788 4519 890 4583 tis.
925 4518 1158 4600 Sicque
1198 4524 1472 4599 potestas
1515 4517 1906 4599 poenitentiae
1950 4517 2286 4599 perficitur

786 4617 994 4681 tribus
1036 4616 1195 4688 istis,
1230 4622 1293 4677 et
1335 4615 1472 4679 sine
1516 4615 1615 4677 his
1665 4633 1792 4678 non
1839 4622 1937 4678 est
1980 4615 2279 4698 perfecta.

790 4717 951 4780 Sunt
978 4732 1127 4796 ergo
1157 4713 1257 4777 hae
1286 4720 1495 4795 partes
1526 4715 1934 4796 potestativae.
1951 4715 2028 4776 Et
2057 4714 2108 4776 si
2142 4715 2286 4796 quis

789 4813 1111 4879 subtiliter
1153 4811 1530 4886 consideret,
1565 4820 1715 4875 sunt
1756 4821 1964 4895 partes
2011 4813 2158 4876 talis
2198 4821 2289 4876 to-

787 4915 916 4978 tius
956 4912 1126 4996 quod
1167 4911 1448 4974 medium
1491 4918 1586 4973 est
1626 4911 1790 4973 inter
1819 4911 2287 4994 homogeneum

789 5021 851 5077 et
891 5013 1407 5092 heterogeneum.
1441 5009 1570 5072 Nec
1607 5010 1730 5072 hoc
1773 5028 2009 5091 ponere
2046 5017 2144 5073 est
2183 5009 2290 5072 ab·

789 5110 1077 5183 surdum,
1129 5107 1280 5190 quia
1325 5107 1746 5189 Philosophus
1793 5107 2019 5189 quinto
2067 5107 2289 5172 Primae

792 5206 1212 5292 philosophiae
1257 5211 1526 5268 testatur
1567 5222 1581 5267 :
1622 5206 1691 5267 In
1740 5204 1890 5269 totis
1939 5205 2005 5268 in
2053 5204 2290 5287 quibus

796 5306 1230 5369 diversitatem
1261 5303 1613 5366 secundum
1641 5303 1876 5386 aliquid
1909 5303 2062 5366 facit
2091 5311 2291 5366 trans-

2394 4325 2629 4381 euntur
2656 4315 2733 4378 ad
2764 4314 3285 4390 satisfactionem,
3319 4323 3385 4378 et
3411 4322 3560 4377 sunt
3598 4315 3897 4398 quaedam

2394 4415 2829 4479 satisfactoriae
2872 4432 3094 4496 poenae.
3122 4414 3273 4478 Haec
3313 4413 3632 4476 Albertus.

2474 4515 2623 4588 Quae
2652 4513 2925 4577 Thomas
2956 4513 3188 4575 clarius
3227 4513 3609 4594 depromens
3644 4529 3658 4574 :
3693 4512 3901 4575 Poeni-

2395 4613 2614 4687 tentia,
2648 4611 2879 4694 inquit,
2910 4610 3229 4674 offensam
3259 4610 3465 4693 culpae
3492 4610 3706 4674 abolet
3735 4630 3897 4693 prae-

2397 4709 2681 4775 cedentis
2740 4728 2855 4791 per
2916 4709 3179 4772 modum
3238 4727 3689 4791 recompensas.
3742 4710 3897 4783 Qum

2396 4807 2617 4873 differt
2650 4826 2687 4870 a
2726 4805 3314 4889 recompensatione
3350 4806 3755 4870 vindicativae
3791 4807 3899 4888 ju-

2395 4907 2585 4969 stitiae
2620 4923 2633 4968 τ
2668 4905 2899 4988 primo,
2933 4904 3085 4986 quia
3122 4905 3189 4967 in
3220 4904 3607 4968 vindicativa
3641 4904 3897 4986 justitia

2398 5025 2545 5069 reus
2588 5023 2656 5068 se
2696 5003 2890 5066 habet
2931 5010 3001 5064 ut
3042 5003 3312 5086 patiens,
3344 5003 3723 5067 sustinendo
3766 5023 3898 5086 poe-

2400 5123 2546 5168 nam
2577 5123 2721 5186 quae
2749 5101 2810 5164 ei
2849 5119 2965 5184 pro
2993 5101 3183 5184 culpa
3220 5120 3335 5164 sua
3372 5101 3719 5183 infligitur3
3754 5102 3898 5166 ideo

2399 5203 2478 5266 ad
2518 5202 2693 5265 illam
2737 5201 3395 5283 recompensationem
3436 5217 3563 5263 non
3611 5218 3896 5282 praesup-

2403 5301 2663 5384 ponitur
2702 5300 2767 5362 in
2807 5300 2917 5362 illo
2946 5298 3126 5363 dolor
3156 5298 3233 5362 de
3263 5300 3454 5381 culpa
3490 5316 3626 5373 sua,
3660 5299 3773 5362 sed
3816 5317 3895 5360 ex
