4267 6250
89 879 230 925 Aeta-m,
241 879 300 919 Π.

867 492 1073 540 mm(
1113 490 1380 539 mlsm
1421 489 1900 538 snmnmwu
1939 489 2034 536 81⁹1*
2075 485 2584 536 coumuunoms
2623 485 2897 534 ΙΔἸἝΒῙΑ

3315 461 3432 526 187

329 680 488 724 usus
527 669 628 724 est
677 662 768 726 ibi
827 662 1190 726 chrismate.
1243 660 1526 745 Apostoli
1575 678 1830 743 quoque
1859 661 1912 726 A
1937 659 2044 740 jus
2073 657 2495 740 competebat,
2520 656 2815 720 videlicet
2846 662 2988 738 post
3016 653 3275 739 plenam
3303 652 3438 736 Spi-

327 759 803 824 confirmabant
831 781 1060 824 manus
1089 761 1496 844 imponend0‚
1515 777 1642 822 non
1673 758 1834 821 chri-

329 878 470 921 sma
496 859 903 941 applicando,
919 860 1104 941 juxta
1131 858 1290 922 illud
1319 859 1594 921 Actuum
1617 875 1632 918 :
1655 857 1831 919 Tunc

331 957 752 1039 imponebant
805 977 1035 1021 manus
1091 976 1286 1040 super
1343 956 1508 1031 illos,
1558 962 1623 1018 et
1667 954 1830 1018 acci-

329 1055 596 1137 piebant
639 1055 953 1139 Spiritum
1001 1057 1323 1120 Sanctum.
1373 1090 1455 1102 —
1502 1055 1660 1117 Item
1712 1071 1832 1115 nec

330 1152 610 1216 chrisma
663 1171 784 1216 nec
831 1153 1046 1216 oleum
1093 1152 1410 1216 olivarum
1467 1159 1618 1214 sunt
1661 1150 1831 1233 apud

329 1269 574 1326 omnes,
617 1270 737 1315 nec
777 1253 858 1314 ad
900 1251 1298 1335 Baptismum
1339 1248 1698 1314 necessaria
1737 1255 1836 1311 est

331 1367 496 1431 aqua
522 1358 912 1424 consecrata,
945 1367 1098 1431 ergo
1128 1367 1250 1414 nec
1281 1349 1360 1412 ad
1391 1346 1831 1412 confirmatio-

331 1465 480 1511 nem
521 1447 897 1528 hujusmodi
939 1447 1238 1512 chrisma.

409 1645 504 1708 Ad
541 1644 679 1709 haec
709 1645 982 1709 Thomas
1021 1645 1362 1728 respondet
1394 1661 1410 1706 :
1441 1642 1700 1707 Materia
1735 1661 1830 1706 sa-

335 1743 636 1806 cramenti
668 1743 904 1806 dicitur
933 1763 1034 1807 res
1063 1743 1173 1806 illa
1195 1742 1470 1806 visibilis
1501 1741 1620 1804 sub
1645 1742 1831 1823 cujus

1938 758 2094 820 ritus
2120 757 2333 820 Sancti
2364 754 3133 837 missionem—Denique
3154 751 3439 836 Apostoli

1943 873 2070 917 non
2109 853 2581 920 confirmabant
2618 854 2755 916 sine
2794 852 3080 928 materia,
3112 851 3239 914 nisi
3277 850 3440 914 forte

1945 954 2198 1036 quando
2226 954 2483 1036 (praeter
2518 953 2723 1034 legem
2754 951 3193 1033 communem)
3220 949 3441 1014 visibi-

1944 1051 2114 1114 libus
2150 1051 2349 1133 signis
2380 1051 2653 1134 Spiritus
2683 1049 2951 1113 Sanctus
2979 1047 3309 1112 descendit
3336 1067 3438 1110 su-

1944 1169 2060 1233 per
2095 1167 2205 1212 eos
2252 1149 2485 1231 quibus
2521 1148 2807 1231 Apostoli
2851 1166 3112 1210 manum
3156 1147 3439 1229 imposu-

1941 1254 2147 1311 erunt.
2172 1248 2347 1310 Tunc
2376 1265 2653 1329 namque
2683 1245 2957 1309 visibilis
2984 1244 3299 1329 apparitio
3330 1243 3440 1306 illa

1942 1345 2269 1428 supplevit
2312 1345 2523 1409 locum
2566 1343 2854 1426 corporei
2900 1342 3223 1406 elementi.
3260 1342 3437 1416 Quod

1943 1463 2096 1510 vero
2144 1443 2486 1527 aliquando
2542 1442 2808 1506 materia
2864 1449 3215 1514 uterentur,
3264 1447 3439 1523 patet

1945 1563 2058 1626 per
2105 1543 2397 1606 divinum
2445 1542 2817 1626 Dionysium
2874 1547 3101 1624 quarto
3158 1539 3439 1622 capitulo

1941 1641 2401 1706 Ecclesiasticae
2458 1640 2827 1703 hierarchiae
2882 1639 3202 1703 dicentem
3254 1655 3270 1701 ε
3331 1637 3443 1700 Est

1941 1741 2231 1823 quaedam
2263 1738 2663 1803 divinissima
2690 1738 2993 1821 operatio,
3021 1755 3213 1821 quam
3244 1737 3439 1800 duces

335 1849 700 1924 tegumento
747 1842 965 1905 divina
1005 1843 1210 1905 virtus
1255 1841 1562 1906 secretius
1611 1858 1830 1924 opera·
1867 1841 1914 1903 Β
1945 1838 2167 1914 nostri,
2201 1838 2264 1901 id
2298 1847 2397 1902 est
2423 1837 2729 1920 Apostoli,
2762 1836 3123 1900 chrismatis
3163 1835 3437 1898 hostiam

336 1949 435 2002 tur
469 1941 765 2004 salutem.
801 1940 1042 2004 Idcirco
1073 1941 1150 2004 ad
1189 1940 1312 2004 hoc
1343 1939 1702 2003 necessaria
1735 1947 1832 2020 est

337 2039 714 2102 sacramenti
779 2039 1064 2109 materia,
1125 2045 1196 2100 ut
1251 2039 1330 2101 ad
1389 2037 1695 2100 effectum
1751 2039 1830 2100 ad

337 2155 524 2218 quem
573 2137 782 2200 virtus
839 2136 1120 2199 humana
1165 2135 1530 2199 nullatenus
1580 2137 1833 2216 attingit

337 2254 450 2298 nec
487 2236 816 2318 operando
855 2254 974 2299 nec
1015 2235 1434 2318 cooperando,
1466 2235 1683 2297 divina
1709 2234 1836 2296 vir-

335 2340 434 2396 tus
477 2334 544 2396 in
589 2353 660 2396 re
702 2334 944 2397 visibili
990 2352 1258 2418 operans
1306 2335 1632 2416 perducat.
1673 2333 1833 2395 Hinc

339 2433 398 2494 in
430 2433 813 2522 Poenitentia
842 2441 906 2496 et
933 2432 1354 2508 Matrimonio,
1377 2450 1650 2515 quorum
1680 2431 1836 2495 effe-

337 2539 470 2593 ctus
499 2531 722 2614 aliquo
751 2531 941 2594 modo
968 2531 1333 2612 dependent
1360 2549 1436 2593 ex
1467 2531 1834 2612 operatione

339 2631 636 2702 humana,
666 2638 827 2712 puta
864 2629 1082 2693 dolore
1125 2629 1524 2692 contritionis
1567 2629 1646 2693 de
1688 2647 1832 2711 pec-

337 2736 494 2802 cato,
525 2735 594 2790 et
623 2745 941 2791 consensu
976 2727 1040 2790 in
1075 2727 1372 2810 copulam
1407 2727 1831 2808 conjugalem,

339 2843 460 2888 non
501 2825 854 2906 requiritur
881 2824 1024 2888 talis
1065 2824 1345 2887 materia.
1378 2824 1714 2907 Quumque
1744 2824 1832 2888 ef-

339 2923 538 2985 fectus
587 2922 1132 2996 confirmationiS,
1182 2923 1295 3004 qui
1350 2931 1447 2986 est
1503 2923 1836 3006 plenitudo

1943 1945 2193 2010 vocant,
2244 1955 2360 2019 per
2406 1935 2679 1999 hostiam
2732 1934 3157 1998 communiter
3204 1931 3437 1996 intelli-

1943 2053 2098 2116 gens
2154 2053 2411 2098 omnem
2469 2034 2665 2096 ritum
2724 2031 3119 2096 sacramenti.
3169 2067 3251 2077 -
3306 2030 3437 2093 Hoc

1944 2150 2200 2216 quoque
2246 2133 2603 2208 sciendum,
2653 2131 2823 2215 quod
2870 2131 3037 2192 sicut
3082 2148 3437 2192 sacramen-

1943 2239 2082 2295 tum
2144 2231 2452 2315 Baptismi
2514 2231 2757 2313 incepit
2812 2230 2878 2292 in
2936 2228 3167 2292 Christi
3230 2227 3437 2311 bapti-

1945 2349 2104 2404 sm0,
2148 2331 2241 2394 sic
2289 2337 2757 2393 sacramentum
2803 2327 3320 2392 confirmationis
3371 2326 3437 2390 in

1944 2431 2221 2492 adventu
2269 2429 2543 2512 Spiritus
2589 2427 2801 2490 Sancti
2848 2445 3041 2509 super
3083 2425 3435 2508 Apostolos

1944 2529 2281 2611 Quumque
2336 2526 2654 2610 principia
2708 2545 2921 2589 rerum
2980 2523 3253 2588 debeant
3300 2543 3439 2587 esse

1945 2627 2301 2700 notissima,
2353 2627 2496 2690 ideo
2554 2625 2893 2707 utrobique
2950 2623 3225 2706 Spiritus
3282 2623 3437 2686 San-

1947 2734 2086 2790 ctus
2133 2727 2462 2789 evidente-r
2514 2723 2831 2806 apparuit,
2882 2723 2949 2784 in
3008 2721 3325 2804 baptismo
3372 2721 3437 2784 in

1945 2825 2152 2889 forma
2188 2823 2525 2896 columbae,
2560 2823 2622 2884 in
2664 2819 3152 2884 confirmatione
3180 2820 3441 2901 Aposto-

1946 2923 2155 2986 lorum
2186 2923 2253 2986 in
2284 2921 2487 3004 igneis
2518 2920 2753 3001 linguis
2780 2939 2793 2984 :
2831 2919 2973 2982 ideo
3003 2936 3130 2982 non
3160 2917 3441 3001 oportuit

341 3021 610 3104 Spiritus
649 3020 886 3096 Sancti,
919 3039 1031 3084 seu
1075 3021 1278 3102 gratia
1315 3021 1456 3103 ejus
1497 3023 1576 3084 ad
1615 3021 1831 3096 robur,
1867 3024 1909 3087 c
1947 3020 2038 3083 ihi
2083 3040 2221 3084 esse
2270 3020 2597 3083 materiam
2645 3018 2835 3080 aliam
2888 3018 2950 3080 in
3000 3036 3128 3100 qua
3168 3015 3441 3100 Spiritus

339 3119 418 3182 sit
443 3120 704 3203 penitus
733 3118 815 3182 ab
843 3119 1222 3195 extrinsece,
1257 3138 1384 3184 non
1415 3140 1528 3204 per
1553 3119 1832 3202 aliquam

341 3220 772 3301 operationem
821 3219 1188 3293 humanam,
1231 3226 1476 3281 certum
1526 3227 1624 3282 est
1664 3221 1833 3302 quod

343 3317 400 3379 in
451 3324 856 3381 sacramento
900 3316 1418 3381 confirmationis
1478 3319 1837 3399 requiratur

344 3416 621 3478 materia.
673 3415 865 3479 Porro
922 3415 1254 3497 plenitudo
1301 3415 1576 3497 Spiritus
1623 3416 1836 3479 Sancti

344 3531 462 3577 non
509 3522 648 3576 erat
693 3513 902 3576 danda
955 3520 1102 3576 ante
1149 3512 1380 3577 Christi
1429 3514 1838 3577 resurrectio-

346 3632 484 3675 nem
523 3618 591 3675 et
626 3611 1092 3686 ascensionem,
1120 3611 1305 3693 juxta
1340 3611 1499 3674 illud
1527 3612 1786 3675 Ioannis
1820 3632 1833 3676 :

311 3710 614 3793 ¹Spiritus
667 3711 956 3775 nondum
1009 3717 1147 3773 erat
1201 3711 1406 3783 datm,
1464 3709 1619 3791 quia
1676 3728 1836 3773 non-

348 3809 488 3872 dum
515 3816 652 3871 erat
677 3808 860 3873 Iesus
886 3807 1298 3890 glorificatus.
1312 3809 1460 3871 ldeo
1489 3808 1838 3871 secundum

347 3926 528 3970 unam
569 3906 964 3989 opinionem,
998 3926 1074 3970 ea
1109 3926 1252 3989 quae
1287 3908 1366 3969 ad
1397 3905 1836 3971 confirmatio-

345 4005 440 4066 nis
485 4004 813 4087 pertinent
856 4012 1348 4079 sacramentum,
1400 4023 1530 4067 non
1577 4004 1836 4067 fuerunt

345 4110 480 4165 ante
519 4101 755 4166 Christi
794 4102 1229 4165 ascensionem
1272 4103 1680 4165 instituenda.
1715 4102 1837 4165 Sed

1947 3119 2215 3184 Sanctus
2256 3117 2561 3182 secretius
2604 3123 2991 3200 operaretur.

2027 3218 2327 3300 Sequitur
2372 3215 2703 3298 responsio
2750 3214 2830 3277 ad
2876 3214 3228 3277 secundum
3280 3233 3295 3277 ε
3346 3214 3443 3277 ln-

1947 3335 2142 3399 super
2184 3322 2651 3378 sacramentum
2690 3314 2833 3389 hoc,
2867 3311 3143 3394 sumpsit
3186 3311 3441 3374 initium

1947 3415 2014 3477 in
2055 3414 2332 3477 adventu
2375 3413 2651 3495 Spiritus
2694 3411 2907 3475 Sancti
2954 3411 3021 3473 in
3066 3409 3438 3493 discipulos,

1947 3512 2057 3595 qui
2088 3512 2380 3594 quamvis
2406 3510 2539 3592 jam
2567 3518 2715 3574 ante
2743 3509 3105 3572 habuerunt
3133 3508 3441 3591 Spiritum

1946 3611 2247 3673 Sanctum
2278 3609 2345 3671 in
2376 3628 2639 3672 munere
2667 3608 2884 3690 gratiae
2913 3607 2992 3670 ad
3020 3606 3444 3671 exercendum

1947 3707 2333 3791 pertinentia
2378 3708 2454 3769 ad
2504 3705 2917 3788 particulares
2958 3722 3182 3768 eorum
3232 3722 3446 3787 perso-

1949 3826 2083 3881 naS,
2113 3814 2330 3869 tamen
2374 3805 2439 3868 in
2478 3806 2584 3869 die
2621 3805 3017 3868 Pentecostes
3058 3811 3445 3885 acceperunt

1948 3904 2256 3987 Spiritum
2300 3904 2601 3967 Sanctum
2644 3902 2709 3965 in
2752 3921 3019 3967 munere
3054 3901 3273 3983 gratiae
3315 3919 3444 3983 quo

1949 4002 2454 4087 perficiebantur
2507 4002 2587 4064 ad
2650 4000 3223 4083 promulgationem
3284 4000 3442 4063 fidei

1949 4102 2181 4165 Christi
2221 4102 2299 4163 ad
2331 4100 2603 4163 aliorum
2638 4100 2925 4162 salutem.
2959 4100 3118 4162 Hinc
3146 4098 3444 4181 apparuit

345 4200 552 4283 aliquo
587 4200 779 4263 modo
813 4199 1296 4282 praefiguratum
1326 4200 1450 4263 fuit
1479 4201 1598 4264 hoc
1633 4220 1836 4263 sacra·
1866 4202 1917 4265 D
1947 4200 2223 4283 Spiritus
2271 4200 2537 4263 Sanctus
2578 4216 2774 4281 super
2820 4214 2927 4261 eos
2970 4198 3037 4259 in
3080 4197 3283 4279 igneis
3328 4197 3445 4259 lin-

347 4306 627 4363 mentum
679 4297 745 4360 in
795 4297 1205 4380 impositione
1257 4316 1561 4361 manuum
1605 4300 1834 4363 Christi

345 4416 530 4479 super
557 4396 880 4479 parvulos,
895 4396 1190 4479 quamvis
1221 4396 1331 4459 illa
1361 4396 1686 4479 impositio
1716 4418 1840 4461 ma-

347 4514 536 4558 nuum
585 4495 790 4575 magis
839 4495 1040 4577 possit
1088 4494 1312 4558 referri
1360 4496 1438 4557 ad
1488 4496 1837 4578 impositio-

349 4612 486 4655 nem
533 4612 844 4655 manuum
903 4610 1100 4675 super
1147 4594 1656 4657 catechumenos.
1709 4595 1837 4658 Nec

349 4690 532 4754 refert
567 4711 648 4753 an
692 4690 1002 4754 Dominus
1045 4710 1162 4774 per
1198 4710 1266 4753 se
1307 4691 1520 4774 ipsum
1562 4692 1840 4755 instituit

348 4788 530 4863 istud,
569 4809 652 4852 an
695 4789 982 4872 Apostoli
1031 4808 1109 4852 ex
1155 4790 1297 4871 ejus
1345 4799 1682 4875 praecepto.
1735 4793 1840 4855 Se-

351 4888 620 4951 cundum
671 4886 864 4949 aliam
913 4887 1307 4969 opinionem,
1357 4888 1644 4951 Christus
1696 4908 1837 4972 per-

353 4986 640 5049 sonaliter
691 4984 1024 5048 materiam
1074 4987 1452 5050 sacramenti
1499 4987 1695 5069 hujus
1747 4987 1840 5051 in·

355 5082 564 5159 stituit,
604 5083 772 5147 sicut
814 5091 881 5147 et
917 5084 1262 5147 adventum
1308 5085 1581 5168 Spiritus
1625 5087 1838 5150 Sancti

355 5181 632 5261 promisit
675 5181 1032 5265 Apostolis3
1082 5189 1296 5246 tamen
1355 5184 1678 5247 commisit
1734 5186 1836 5249 de-

357 5279 766 5343 nuntiandum
814 5280 1071 5363 quando
1115 5300 1266 5343 usus
1305 5282 1684 5345 sacramenti
1725 5282 1836 5345 hu-

1944 4298 2110 4381 guiS,
2157 4298 2293 4361 loco
2342 4316 2614 4380 quarum
2665 4295 2757 4358 nil
2805 4295 3015 4379 aptius
3056 4315 3195 4360 esse
3237 4296 3445 4379 potuit

1948 4414 2064 4478 pro
2122 4395 2387 4458 materia
2445 4393 2963 4457 confirmationis
3022 4412 3213 4476 quam
3272 4393 3442 4456 chri·

1946 4514 2104 4569 sma,
2138 4494 2201 4557 id
2236 4500 2335 4557 est
2374 4494 2586 4557 oleum
2626 4491 3049 4555 balsamatum
3082 4509 3097 4554 t
3139 4491 3441 4573 quoniam

1945 4593 2160 4656 oleum
2211 4592 2401 4665 lucet,
2453 4600 2517 4654 et
2568 4592 3034 4654 nutrimentum
3090 4598 3187 4653 est
3234 4589 3440 4672 ignis3

1949 4690 2183 4772 linguae
2226 4709 2377 4754 vero
2434 4690 2791 4754 balsamum
2850 4688 3155 4771 competit
3204 4707 3318 4771 per
3363 4690 3444 4752 si-

1947 4788 2451 4870 gnificationem,
2503 4790 2803 4871 quoniam
2860 4788 3028 4851 sicut
3084 4786 3442 4851 balsamum

1945 4895 2043 4951 est
2087 4887 2295 4950 dulcis
2342 4887 2577 4960 odoris,
2620 4887 2704 4948 ita
2752 4904 2867 4967 per
2915 4885 3147 4966 linguae
3196 4885 3443 4948 confes-

1946 4988 2192 5050 sionem
2230 5006 2305 5049 ac
2345 4985 2859 5068 praedicationem
2893 4984 3048 5047 odor
3088 4983 3294 5047 bonus
3333 5001 3443 5047 no-

1945 5086 2102 5149 titiae
2131 5085 2242 5148 Dei
2274 5084 2515 5168 ubique
2544 5081 2819 5147 diffusus
2858 5089 2973 5145 est.
3007 5082 3245 5163 ltaque,
3277 5081 3445 5145 sicut

1943 5182 2222 5247 visibilis
2269 5182 2579 5265 apparitio
2627 5180 2899 5264 Spiritus
2946 5179 3156 5243 Sancti
3205 5178 3332 5241 fuit
3375 5179 3441 5242 in

1947 5282 2094 5363 igne
2134 5280 2409 5362 figuram
2454 5279 2685 5360 linguae
2724 5278 3017 5353 habente,
3051 5277 3139 5341 ita
3176 5278 3441 5342 materia
