4267 6250
124 2633 234 2707 Reor.
257 2679 320 2716 ru,

233 4253 323 4293 ιιιιι

859 509 948 558 ΔΝ
987 509 1052 558 m
1091 509 1240 558 som
1278 507 1442 555 rm
1481 505 1756 555 mureto
1795 505 2195 554 cumcurm
2234 504 2460 554 conus
2500 505 2761 564 cmusn,
2798 503 2928 552 mc.

3326 480 3447 548 297

338 679 490 744 dius
537 699 614 743 ac
671 680 1006 744 decentius
1063 699 1258 764 quam
1318 685 1529 742 cetera
1585 676 1850 740 alimen·
1878 675 1931 739 A
1963 673 2084 739 Sed
2115 673 2281 738 inter
2309 673 2526 738 omnia
2552 673 2676 738 alia
2704 671 3097 756 hujusmodi,
3129 671 3275 755 plus
3307 689 3455 736 con-

339 785 428 840 ta.
480 778 742 854 Quarto,
791 799 871 843 ex
919 776 1388 861 significatione
1431 775 1710 858 duplicis
1755 775 1850 838 rei

341 878 734 940 sacramenti
763 878 969 940 istius.
1001 876 1186 940 Panis
1215 893 1492 957 namque
1522 893 1600 937 ex
1631 874 1850 936 multis

339 975 560 1056 granis
599 974 968 1050 conficitur,
999 982 1064 1039 et
1091 974 1315 1037 vinum
1355 993 1434 1036 ex
1473 971 1694 1035 multis
1729 972 1852 1035 aci-

339 1074 444 1136 nis
475 1073 756 1137 confluit
789 1091 804 1137 :
838 1074 1008 1157 quod
1039 1073 1346 1156 competit
1373 1073 1451 1136 ad
1485 1070 1852 1152 significan-

343 1173 497 1234 dum
539 1190 780 1256 corpus
823 1172 1056 1236 Christi
1099 1189 1322 1235 verum
1365 1189 1440 1234 ac
1484 1169 1844 1254 mysticum.

341 1271 602 1346 Quinto,
625 1291 704 1335 ex
737 1271 1294 1354 repraesentatione
1322 1270 1464 1352 ejus
1493 1270 1664 1352 quod
1693 1287 1850 1351 prae-

343 1369 552 1432 cessit.
563 1369 778 1433 Grana
807 1388 1080 1452 namque
1109 1369 1178 1432 in
1205 1387 1352 1432 area
1379 1368 1848 1441 conculcantur,

343 1467 526 1548 panis
575 1467 646 1528 in
685 1467 946 1531 fornace
988 1467 1387 1550 decoquitur,
1420 1473 1484 1529 et
1518 1465 1744 1528 vinum
1783 1463 1848 1527 in

343 1564 652 1628 torculari
683 1565 1066 1647 exprimitur
1099 1581 1114 1626 :
1148 1572 1214 1627 et
1253 1565 1339 1626 ita
1369 1582 1487 1646 per
1513 1581 1588 1626 ea
1617 1562 1849 1626 Christi

341 1664 556 1747 passio
604 1665 994 1746 designatur.
1029 1700 1109 1709 —
1137 1663 1426 1745 Denique
1469 1680 1596 1726 non
1636 1661 1852 1724 decuit

343 1770 818 1825 sacramentum
875 1761 1258 1844 evangelicae
1303 1761 1463 1841 legis
1520 1759 1588 1822 in
1635 1759 1848 1841 aliqua

1961 774 2160 848 venit,
2195 774 2471 837 maxime
2510 775 2576 837 in
2616 773 2845 855 figura,
2877 772 2975 836 far
3016 791 3165 835 cum
3200 770 3455 850 tritico;

1961 872 2260 935 similiter
2291 872 2357 935 in
2387 872 2617 936 colore.
2640 872 2801 933 Hinc
2832 889 2909 934 ex
2942 870 3271 933 identitate
3297 869 3461 951 figu-

1963 989 2046 1034 rae
2076 989 2203 1034 non
2236 978 2444 1054 potest
2472 969 2718 1044 haberi,
2740 970 2911 1051 quod
2940 968 3197 1051 aliquod
3230 968 3458 1032 horum

1961 1069 2046 1132 sit
2091 1069 2383 1151 ejusdem
2432 1068 2671 1152 speciei
2724 1087 2872 1130 cum
2919 1067 3171 1146 tritico;
3220 1067 3330 1129 sed
3380 1084 3457 1128 ex

1961 1167 2086 1230 alio
2122 1167 2331 1250 accipi
2370 1174 2579 1250 potest
2616 1165 3127 1248 experimentum
3167 1163 3459 1227 identita-

1959 1266 2044 1328 tis
2072 1266 2408 1348 specificae.
2425 1265 2745 1328 Generans
2774 1283 3047 1346 namque
3076 1270 3141 1326 et
3168 1263 3455 1344 genitum

1960 1364 2353 1427 conveniunt
2398 1364 2477 1426 de
2520 1363 2897 1426 necessitate
2944 1361 3011 1424 in
3059 1361 3295 1444 specie,
3328 1375 3455 1423 non

1963 1461 2027 1525 in
2069 1462 2533 1537 accidentibuS,
2565 1462 2697 1525 imo
2738 1460 3095 1524 accidentia
3131 1460 3458 1524 variantur

1959 1581 2036 1625 ex
2081 1561 2291 1624 causis
2335 1560 2727 1624 extrinsecis,
2761 1561 3098 1642 Quumque
3140 1578 3219 1622 ex
3258 1576 3456 1640 grano

1956 1659 2177 1736 tritici,
2238 1658 2631 1741 ubicumque
2688 1657 3062 1732 seminetur,
3124 1675 3455 1739 nunquam

1958 1766 2254 1822 nascatur
2296 1757 2498 1838 spelta
2544 1764 2655 1819 aut
2690 1756 2789 1819 far
2834 1756 2937 1818 vel
2982 1756 3294 1819 hordeum
3342 1773 3455 1817 seu

343 1861 559 1944 specie
599 1869 716 1922 aut
755 1860 1017 1923 materia
1051 1859 1338 1923 Mosaicae
1379 1858 1534 1941 legis
1573 1857 1843 1933 institui,
1879 1855 1927 1918 B
1959 1855 2201 1938 aliquid
2232 1854 2377 1928 tale,
2410 1855 2699 1938 sequitur
2728 1853 2899 1936 quod
2928 1853 3145 1917 omnia
3184 1853 3302 1915 ista
3339 1851 3459 1914 dif-

345 1966 412 2020 ut
457 1959 826 2040 signaretur
865 1957 1134 2021 cessatio
1175 1956 1643 2020 sacrificiorum
1691 1956 1846 2038 legis

343 2057 540 2131 illius,
575 2057 768 2138 cujus
797 2055 1224 2118 sacerdotium
1259 2053 1696 2138 imperfectius
1725 2053 1850 2116 fuit

343 2155 702 2218 sacerdotio
748 2153 980 2218 Christi
1027 2170 1040 2214 :
1085 2152 1228 2216 ideo
1276 2153 1730 2216 convenienter
1769 2153 1847 2214 ad

346 2254 486 2316 illas
517 2253 776 2336 species
821 2253 886 2314 in
930 2269 1098 2314 novo
1136 2251 1535 2315 Testamento
1583 2251 1846 2326 reditur,

343 2351 582 2434 quibus
627 2351 988 2414 ostenditur
1022 2350 1444 2413 sacerdotium
1487 2349 1719 2412 Christi
1758 2368 1850 2413 sa-

345 2449 630 2514 cerdotio
667 2449 952 2512 Levitico
994 2449 1434 2531 praeeminere,
1465 2450 1586 2512 hoc
1621 2458 1739 2523 est,
1769 2450 1848 2511 ad

347 2549 682 2612 materiam
711 2547 1051 2611 oblationis
1079 2547 1540 2610 Melchisedech
1570 2548 1710 2629 (qui
1739 2547 1850 2610 ob-

347 2647 490 2709 tulit
513 2665 752 2729 panem
777 2653 843 2709 et
865 2646 1132 2727 vinum),
1149 2653 1220 2708 ut
1242 2645 1466 2728 probat
1488 2646 1845 2728 Apostolus.

423 2745 740 2808 Convenit
777 2762 1033 2827 quoque
1065 2753 1136 2806 ut
1170 2745 1253 2806 sit
1292 2744 1474 2826 panis
1517 2743 1846 2822 triticeus3

349 2844 474 2906 imo
517 2862 640 2907 nec
681 2842 920 2906 confici
964 2849 1172 2925 potest
1213 2842 1337 2905 nisi
1377 2843 1444 2904 in
1487 2860 1652 2924 pane
1689 2841 1850 2904 triti-

347 2959 456 3006 ceo
489 2959 506 3004 :
541 2941 736 3023 cujus
763 2959 954 3003 causa
983 2949 1080 3003 est
1110 2940 1426 3002 institutio
1459 2940 1595 3015 Dei,
1628 2940 1738 3022 qui
1781 2941 1847 3003 in

1956 1955 2173 2017 ferunt
2210 1973 2249 2017 a
2288 1954 2500 2018 tritico
2540 1954 2777 2037 specie.

2037 2055 2306 2136 Insuper
2334 2054 2489 2116 dum
2521 2054 2849 2137 quaeritur,
2875 2074 2957 2117 an
2988 2052 3222 2117 confici
3251 2051 3460 2116 valeat

1959 2171 2037 2216 ex
2068 2171 2233 2234 pane
2264 2152 2465 2215 mixto
2492 2152 2571 2216 de
2601 2152 2814 2216 tritico
2842 2161 2906 2216 et
2942 2153 3069 2216 alio
3096 2169 3334 2234 grano;
3364 2151 3457 2213 di-

1960 2251 2259 2325 cendum,
2310 2252 2479 2333 quod
2529 2251 2648 2314 ista
2705 2252 3012 2315 admixtio
3064 2258 3271 2334 potest
3318 2269 3459 2312 esse

1959 2349 2322 2432 dupliciter.
2374 2349 2606 2425 Primo,
2659 2352 2828 2433 quod
2878 2358 3250 2415 extraneum
3301 2348 3457 2412 mix·

1959 2457 2098 2511 tum
2129 2449 2334 2513 solvat
2362 2449 2641 2532 speciem
2673 2449 2815 2531 ejus
2846 2450 2949 2513 cui
2985 2450 3313 2524 miscetur,
3332 2456 3456 2511 tra·

1959 2547 2171 2610 hendo
2200 2547 2359 2610 illud
2388 2548 2465 2609 ad
2498 2548 2780 2629 speciem
2810 2566 3014 2623 suam,
3039 2555 3151 2610 aut
3178 2547 3454 2610 mediam

1959 2644 2241 2728 speciem
2269 2645 2575 2720 faciendo,
2600 2655 2672 2708 ut
2699 2646 2850 2709 dum
2883 2655 3225 2728 utrumque
3253 2665 3459 2728 aequa-

1960 2744 2105 2807 liter
2145 2745 2424 2828 ponitur,
2458 2746 2549 2808 sic
2586 2754 2801 2808 tamen
2850 2753 2921 2808 ut
2966 2745 3291 2828 aequalitas
3328 2764 3457 2810 non

1959 2844 2167 2906 solum
2199 2862 2395 2927 penes
2433 2844 2873 2926 quantitatem,
2906 2845 3017 2916 sed
3058 2844 3252 2907 etiam
3276 2844 3459 2926 juxta

1959 2941 2216 3005 virtutis
2274 2943 2751 3025 proportionem
2808 2951 3114 3007 servetur.
3166 2943 3459 3008 Secundo

345 3040 462 3102 hoc
500 3058 671 3122 pane
714 3037 1007 3101 confecit.
1041 3038 1376 3120 Potestque
1416 3039 1648 3120 triplex
1687 3039 1848 3102 ratio
1882 3042 1926 3106 C
1959 3039 2075 3112 sic,
2110 3041 2279 3122 quod
2325 3041 2571 3123 species
2614 3059 2743 3105 non
2788 3042 3091 3118 solvatur,
3124 3043 3234 3106 sed
3284 3042 3457 3105 addi·

346 3138 522 3201 tradi.
559 3137 772 3200 Prima
803 3155 878 3199 ex
908 3136 1168 3211 effectu,
1202 3137 1354 3219 quia
1382 3136 1489 3199 hic
1519 3137 1702 3219 panis
1731 3157 1846 3199 nu·

347 3237 724 3299 trimentum
757 3235 988 3297 melius
1019 3234 1265 3298 confert
1295 3252 1310 3297 t
1344 3235 1514 3297 unde
1545 3236 1850 3318 competit

346 3335 420 3397 ad
451 3332 956 3416 significandum
987 3333 1431 3397 excellentiam
1461 3334 1678 3415 gratiae
1705 3354 1848 3417 quae

346 3434 410 3497 in
450 3434 578 3497 isto
617 3440 1014 3496 sacramento
1053 3439 1406 3515 praestatur.
1443 3432 1732 3495 Secunda
1769 3452 1847 3496 ex

347 3552 486 3607 usu,
519 3532 826 3615 quoniam
861 3531 1045 3613 panis
1073 3529 1362 3594 triticeus
1396 3530 1464 3593 in
1495 3531 1712 3594 cibum
1742 3551 1846 3595 ve-

346 3632 441 3694 nit
497 3629 910 3694 communius
949 3646 967 3707 3
1025 3628 1134 3691 alii
1192 3636 1405 3692 autem
1463 3649 1660 3712 panes
1717 3648 1846 3693 non

347 3728 513 3793 fiunt
561 3728 690 3791 nisi
739 3734 1000 3810 propter
1044 3727 1367 3790 defectum
1417 3728 1634 3791 tritici.
1686 3728 1848 3791 Hinc

347 3828 528 3911 panis
559 3826 942 3909 simpliciter
969 3825 1202 3900 dictuS,
1235 3826 1615 3909 intelligitur
1638 3827 1716 3889 de
1745 3826 1848 3889 tri-

345 3926 492 4000 tico,
524 3924 1070 4008 quemadmodum
1099 3924 1314 3986 oleum
1345 3924 1424 3987 de
1461 3924 1666 3987 olivis.
1701 3926 1845 3987 Ter-

349 4025 432 4087 tia
475 4042 554 4086 ex
601 4041 670 4086 re
715 4029 1033 4095 contenta,
1065 4041 1208 4105 quae
1251 4031 1349 4084 est
1394 4022 1702 4097 Christus,
1734 4023 1846 4106 qui

347 4141 414 4185 se
467 4138 670 4205 grano
727 4120 1032 4183 frumenti
1091 4120 1504 4203 comparavit,
1558 4120 1776 4184 dicens
1828 4137 1842 4184 ε

1958 3146 2093 3202 tum
2141 3140 2425 3202 trahatur
2463 3141 2540 3203 ad
2580 3142 2858 3223 speciem
2900 3142 3042 3223 ejus
3081 3142 3187 3206 cui
3230 3142 3457 3205 misce·

1957 3244 2084 3311 tur,
2117 3245 2190 3299 ut
2228 3238 2283 3299 si
2328 3238 2653 3301 modicum
2700 3259 2881 3321 aquae
2928 3240 3127 3303 multo
3164 3240 3317 3303 vino
3352 3240 3458 3303 ad·

1959 3336 2320 3398 misceatur.
2356 3336 2421 3399 Si
2450 3354 2601 3419 ergo
2630 3345 2878 3400 tantum
2912 3339 3214 3401 miscetur
3242 3338 3456 3402 tritico

1957 3433 2126 3515 quod
2174 3426 2419 3516 species
2466 3436 2663 3497 tritici
2712 3436 3167 3519 corrumpitur,
3201 3454 3328 3499 non
3378 3436 3457 3499 fit

1957 3532 2350 3595 consecratio
2398 3532 2465 3595 in
2516 3551 2680 3616 pane
2729 3534 2877 3598 inde
2925 3534 3214 3598 formato.
3251 3535 3329 3597 Et
3374 3536 3455 3598 de

1958 3629 2078 3692 hoc
2121 3636 2330 3710 potest
2372 3629 2591 3693 haberi
2632 3631 2948 3712 judicium
2994 3652 3070 3695 ex
3119 3650 3345 3714 sapore
3391 3640 3456 3695 et

1955 3725 2397 3789 accidentibus
2444 3728 2589 3791 aliis
2631 3745 2646 3791 ε
2689 3730 2990 3813 quoniam
3046 3738 3205 3793 teste
3253 3730 3457 3794 Philo-

1959 3826 2161 3908 sopho
2218 3825 2427 3908 primo
2482 3827 2560 3889 de
2616 3827 2866 3902 Anima,
2917 3828 3270 3892 accidentia
3329 3848 3455 3892 ma-

1957 3941 2145 4003 gnam
2178 3922 2517 3986 conferunt
2556 3933 2799 4007 partem
2829 3926 2907 3990 ad
2941 3927 3450 4007 cognoscendum

1957 4021 2126 4103 quod
2171 4020 2325 4104 quid
2369 4030 2483 4085 est.
2529 4023 2592 4085 Si
2641 4032 2854 4087 autem
2896 4026 3113 4107 specie
3158 4032 3453 4089 manente

1956 4128 2257 4201 appareat
2304 4120 2639 4204 dispositio
2686 4123 2763 4185 ad
2814 4124 3311 4206 corruptionem,
3345 4141 3452 4207 po-

347 4220 478 4283 Nisi
525 4238 802 4303 granum
861 4218 1166 4281 frumenti
1217 4219 1448 4281 cadens
1498 4218 1563 4280 in
1611 4226 1843 4281 terram
1877 4223 1926 4284 D
1957 4225 2080 4280 test
2116 4219 2325 4281 adhuc
2365 4220 2511 4283 inde
2550 4220 2808 4297 confici,
2841 4223 3133 4304 quamvis
3175 4223 3452 4305 graviter

349 4326 673 4381 mortuum
714 4316 932 4392 fuerit,
965 4324 1084 4379 etc.
1119 4352 1196 4361 —
1228 4316 1448 4379 Omnis
1486 4324 1696 4380 autem
1739 4338 1844 4400 pa-

345 4418 444 4479 nis
485 4434 619 4478 non
663 4422 763 4478 est
801 4416 980 4478 omni
1027 4416 1177 4497 pani
1222 4414 1286 4477 in
1329 4414 1542 4497 specie
1589 4415 1842 4491 similis,

344 4515 509 4578 sicut
537 4514 750 4578 omnis
780 4533 948 4596 aqua
975 4512 1150 4577 omni
1180 4533 1360 4596 aquae
1390 4514 1646 4596 proprie
1675 4534 1847 4578 sum-

343 4622 482 4695 ptae.
535 4613 689 4676 Ideo
736 4611 802 4673 in
859 4611 1036 4675 omni
1087 4631 1252 4695 aqua
1311 4611 1586 4675 conferri
1638 4621 1844 4695 potest

337 4712 723 4794 Baptismus.
759 4708 972 4792 Aliqui
1009 4727 1160 4773 vero
1193 4709 1544 4785 affirmant,
1575 4712 1744 4793 quod
1775 4712 1843 4774 in

337 4810 584 4893 spelteo
621 4828 790 4891 pane
829 4808 1064 4871 confici
1103 4817 1297 4891 queat
1333 4815 1594 4891 propter
1621 4808 1844 4872 simili·

339 4908 629 4971 tudinem
663 4906 806 4988 ejus
835 4924 983 4968 cum
1023 4906 1254 4969 tritico.
1290 4907 1523 4970 Verum
1566 4915 1636 4970 ut
1671 4916 1844 4990 patet

337 5006 638 5077 intuenti,
673 5012 984 5087 quantum
1015 5006 1094 5067 ad
1124 5004 1423 5086 figuram,
1446 5006 1592 5088 plus
1620 5025 1844 5089 appro-

338 5105 610 5188 pinquat
652 5103 962 5167 hordeum
1001 5103 1080 5166 ad
1119 5103 1609 5167 similitudinem
1644 5104 1840 5168 tritici

339 5224 530 5287 quam
581 5203 810 5286 spelta,
861 5210 1074 5265 amoto
1131 5202 1366 5265 cortice
1415 5201 1496 5265 ab
1544 5210 1838 5287 utroque,

341 5303 638 5386 quamvis
669 5302 736 5365 in
767 5300 979 5366 colore
1009 5300 1211 5384 spelta
1244 5299 1443 5384 magis
1480 5302 1833 5365 conveniat.

1956 4326 2175 4399 peccet
2227 4318 2373 4381 inde
2422 4319 2795 4397 conficienS,
2846 4329 3105 4405 propter
3160 4340 3451 4385 reveren-

1954 4416 2106 4478 tiam
2154 4418 2554 4481 sacramenti.
2588 4419 2776 4484 Porro
2818 4421 2987 4503 quod
3030 4421 3276 4503 species
3326 4440 3452 4484 ma-

1955 4520 2122 4589 neat,
2157 4522 2366 4596 potest
2403 4518 2699 4598 cognosci
2739 4537 2817 4581 ex
2859 4520 3001 4595 hoc,
3044 4521 3213 4601 quod
3256 4520 3453 4583 conti-

1955 4611 2167 4674 nuitas
2210 4630 2337 4676 non
2380 4622 2478 4677 est
2520 4614 2746 4690 soluta,
2779 4634 2897 4678 nec
2939 4617 3064 4679 alia
3100 4618 3455 4681 accidentia

1953 4710 2219 4773 omnino
2257 4711 2483 4775 ablata.
2518 4714 2853 4796 Quumque
2890 4716 3176 4778 amidum
3220 4717 3339 4779 fiat
3374 4718 3453 4781 de

1955 4808 2160 4871 farina
2198 4810 2468 4885 triticea,
2501 4831 2643 4894 quae
2682 4832 2795 4895 per
2833 4814 3221 4877 attritionem
3252 4823 3318 4879 et
3345 4836 3453 4880 ex·

1953 4908 2331 4971 colationem
2364 4917 2555 4991 atque
2585 4911 2837 4993 vaporis
2867 4912 3324 4976 admixtionem
3364 4915 3454 4977 vi-

1951 5007 2139 5070 detur
2168 5007 2450 5090 speciem
2481 5008 2701 5071 farinae
2731 5008 3041 5085 amisisse,
3075 5011 3177 5073 vel
3205 5012 3284 5074 ad
3316 5030 3451 5075 cor·

1951 5107 2317 5188 ruptionem
2354 5107 2617 5169 omnino
2656 5126 2795 5169 esse
2830 5108 3175 5191 disposita3
3208 5110 3449 5174 idcirco

1951 5222 2029 5266 ex
2067 5221 2145 5266 eo
2182 5203 2657 5267 conficiendum
2696 5222 2825 5268 non
2864 5214 2980 5281 est,
3015 5207 3144 5270 imo
3181 5226 3301 5271 nec
3340 5228 3450 5291 po-

1950 5310 2093 5379 test,
2155 5304 2507 5368 secundum
2572 5306 2899 5389 quosdam.
2961 5306 3175 5390 Aliqui
3228 5316 3442 5374 autem
