4267 6250
319 1049 868 1118 CELEBERRIHIS,
913 1049 1406 1118 PERITlssmls,
1450 1049 1792 1110 FIDEIQUE
1828 1050 2281 1100 CHRISTIANAE
2318 1051 2795 1102 DEDITISSIMIS
2832 1051 3052 1121 VIRIS,
3090 1051 3417 1120 RECTORI,

449 1175 714 1226 SACRAE
773 1175 1204 1225 THEOLOGIAE
1263 1176 1355 1226 Ac
1413 1176 1744 1226 ALIARUM
1813 1177 2348 1228 PROFESSIONUM
2420 1178 2883 1247 DOCTomBUS,
2950 1177 3416 1245 LICENTIATIS,

449 1299 1028 1368 BACCALAUREIS,
1095 1299 1516 1368 DISCIPULIS,
1584 1300 2020 1360 CETERISQUE
2079 1301 2404 1351 MEMBRIS
2464 1302 2777 1352 OMNIBUS
2836 1302 3422 1352 FLORENTISSIMAE

447 1425 1004 1475 UNIVERSITATIS
1063 1425 1534 1475 LOVANIENSIS
1587 1425 1603 1474 :
1667 1426 1735 1474 F.
1782 1425 2275 1477 THEODORICUS
2331 1426 2514 1476 LOER
2575 1428 2622 1477 A
2676 1428 2987 1494 STRATIS,
3050 1427 3421 1478 CARTUSIAE

445 1549 1000 1601 AGRIPPINENSIS
1051 1550 1414 1620 vamUS,
1472 1551 1826 1602 SALUTEM.

533 1971 918 2051 poteramus
964 1966 1173 2030 videri
1220 1967 1462 2046 conati,
1512 1966 1626 2047 qui
1677 1966 1760 2030 D.
1809 1966 2116 2046 Dionysii
2170 1967 2379 2030 nostri
2426 1967 2769 2050 hucusque
2826 1970 3097 2034 latentia
3150 1971 3417 2052 scripta,

525 2077 804 2158 jamque
839 2075 1038 2138 tineis
1074 2075 1140 2137 et
1183 2073 1409 2137 blattis
1446 2090 1648 2154 prope
1686 2075 2098 2155 consumpta,
2150 2074 2795 2157 exsuscitaverimus,
2841 2076 3421 2158 studuerimusque

309 2186 554 2267 ingenti
600 2201 754 2248 cum
793 2183 1014 2246 labore
1053 2181 1208 2245 huic
1237 2181 1374 2244 tam
1405 2197 1574 2244 vano
1617 2183 1884 2263 tamque
1921 2181 2300 2245 turbulento
2329 2182 2574 2246 saeculo
2612 2199 2939 2264 exponere
2975 2184 3041 2246 et
3090 2199 3424 2248 commen-

309 2293 456 2357 dare
491 2313 507 2355 ε
541 2291 674 2355 nisi
704 2308 858 2373 spes
889 2290 1083 2368 esset,
1107 2288 1459 2371 aliquando
1489 2288 1756 2352 tandem
1785 2287 2027 2352 Christi
2059 2305 2320 2370 gregem
2348 2289 2433 2352 ad
2460 2306 2573 2353 cor
2599 2290 2989 2371 rediturum,
3012 2309 3133 2355 nec
3160 2308 3423 2373 semper

311 2417 422 2480 pro
460 2400 638 2463 veris
675 2397 865 2479 falsa,
899 2413 1018 2478 pro
1055 2396 1187 2478 piis
1222 2395 1450 2477 impia,
1485 2412 1604 2477 pro
1643 2396 1840 2460 certis
1876 2413 2066 2476 vana,
2107 2395 2190 2458 ab
2216 2395 2692 2477 impostoribus
2720 2399 3158 2480 recepturum.
3188 2398 3422 2462 Emer-

312 2508 470 2586 gunt
511 2506 761 2588 passim
805 2503 1060 2567 fructus
1105 2504 1220 2585 qui
1258 2503 1340 2567 de
1377 2502 1730 2566 seminario
1779 2502 2241 2567 haereticorum
2283 2504 2644 2567 nascuntur
2684 2524 2699 2564 ε
2740 2520 2937 2568 nemo
2986 2503 3240 2569 fructus
3282 2522 3419 2568 non

311 2613 600 2694 damnat,
637 2628 836 2676 nemo
881 2628 1017 2675 non
1061 2610 1514 2692 abominatur3
1544 2609 1882 2691 probabile
1921 2610 2020 2674 est
2059 2610 2322 2674 tandem
2360 2611 2617 2674 semina
2652 2609 3136 2693 reprobaturos,
3177 2611 3420 2692 quibus

311 2720 374 2782 in
429 2721 690 2783 tantum
749 2718 1004 2783 fructus
1053 2716 1466 2799 displiceant.
1525 2717 1812 2781 Proinde
1866 2734 2257 2799 persuasum
2314 2716 2508 2781 nobis
2565 2718 2688 2800 est,
2740 2719 3083 2800 ‘quomodo
3136 2718 3419 2782 aliorum

311 2829 684 2909 temporum
721 2827 1034 2906 haereses,
1066 2825 1160 2888 ita
1195 2826 1261 2888 et
1297 2825 1460 2888 istas
1493 2825 1847 2906 aliquando
1884 2825 2238 2907 praestante
2283 2824 2570 2889 Domino
2602 2825 3018 2905 emorituras‚
3060 2826 3125 2888 et
3160 2826 3420 2890 suamet

311 2935 560 2998 malitia
586 2933 990 2998 concisuras.
1032 2931 1270 2998 Omnis
1305 2933 1484 2996 enim
1515 2931 1688 2996 furia
1714 2949 1786 2996 se
1813 2933 2149 2996 consumit
2184 2933 2420 3014 ipsam.
2461 2932 2757 2996 Fuerunt
2792 2931 3127 3013 quondam
3159 2932 3412 3012 Ariani,

313 3041 733 3105 simulatione
767 3039 1159 3118 sanctitatiS,
1191 3039 1486 3119 potentia
1521 3039 2076 3121 multitudineque
2113 3039 2261 3104 istis
2298 3039 2493 3121 longe
2534 3039 2907 3120 superiores
2947 3058 2963 3100 :
3005 3040 3075 3103 at
3112 3039 3227 3104 ubi
3264 3041 3421 3104 sunt

313 3148 548 3214 hodie?
585 3148 882 3212 Fuerunt
907 3146 1278 3226 Manichaei,
1309 3146 1670 3229 Pelagiani,
1703 3148 1744 3211 J
1747 3148 2061 3228 oviniani,
2092 3146 2439 3229 vigilantii
2476 3149 2542 3211 et
2576 3146 2818 3211 infiniti
2847 3146 2961 3211 alii
2990 3148 3131 3211 suis
3158 3148 3421 3213 saeculis

313 3256 829 3334 celebratissimi,
873 3254 988 3319 sed
1041 3268 1327 3335 quorum
1375 3254 1646 3317 nomina
1703 3254 1900 3336 paulo
1958 3256 2110 3336 post
2156 3271 2289 3317 non
2339 3254 2482 3319 sine
2538 3254 2813 3319 infamia
2870 3256 2934 3318 et
2985 3254 3418 3319 detestatione

315 3363 692 3427 audirentur
725 3379 802 3426 ac
827 3362 1348 3427 nominarentur.
1389 3360 1799 3425 confidimus
1836 3362 1902 3424 et
1935 3378 2060 3425 nos
2087 3378 2353 3444 quoque
2389 3379 2507 3443 per
2538 3360 2664 3425 Dei
2700 3362 2977 3442 gratiam
3009 3361 3193 3426 brevi
3230 3362 3418 3425 futu-

315 3486 458 3533 rum
499 3472 766 3551 tempus
807 3487 942 3551 quo
969 3469 1170 3550 vulgo
1210 3468 1489 3549 dicatur,
1525 3468 1654 3532 Ubi
1691 3470 1848 3533 sunt
1881 3486 2056 3532 nunc
2103 3472 2400 3533 monstra
2436 3468 2551 3532 illa
2570 3468 2601 3531 ⁴?
2630 3485 2893 3550 quoque
2938 3470 3125 3533 nefas
3161 3470 3271 3550 sit,
3312 3469 3418 3533 vel

315 3575 674 3640 Lutherum
714 3576 820 3641 vel
855 3576 1259 3657 Zuinglium,
1295 3572 1401 3638 vel
1437 3588 1838 3654 quemquam
1881 3572 2307 3652 praesentium
2336 3572 2795 3637 haereticorum
2832 3572 3231 3636 nominasse.
3272 3573 3419 3636 Hoc

317 3684 628 3748 saeculum
657 3699 864 3764 quum
909 3684 1084 3746 certo
1116 3697 1481 3763 speremuS,
1524 3679 1968 3761 exspectatam
1997 3696 2219 3742 rerum
2256 3680 2689 3743 mutationem
2740 3679 2876 3743 laeti
2922 3681 3413 3761 praecurrimuS,

317 3792 376 3853 et
409 3790 713 3853 divinum
748 3789 1136 3870 scriptorem
1175 3786 1542 3869 opportune
1587 3784 1950 3865 importuni
1988 3784 2307 3849 studiosis
2341 3785 2809 3866 benevolisque
2848 3785 3158 3850 omnibus
3196 3786 3419 3868 legen·
3502 3812 3509 3821 ·

317 3896 468 3960 dum
523 3896 925 3979 aptavimus,
984 3910 1338 3976 pravorum
1393 3892 1746 3955 hominum
1788 3907 2070 3973 quorum
2122 3892 2337 3954 adhuc
2389 3891 2562 3955 bona
2607 3909 2759 3973 pars
2806 3895 3129 3974 superest,
3164 3892 3417 3973 judicio

315 4004 470 4068 nihil
508 4004 805 4068 deterriti
836 4023 854 4064 τ
887 4002 1198 4083 tanquam
1239 4002 1310 4064 in
1349 4000 1475 4063 hoc
1511 3999 1936 4081 potissimum
1974 3998 2383 4080 provinciam
2414 4000 2581 4062 hanc
2618 3999 3009 4081 ceperimus,
3036 4017 3170 4081 quo
3198 4000 3420 4082 pateat

315 4127 422 4175 eos
447 4111 698 4193 passim
733 4110 806 4172 in
843 4108 1294 4189 contemptum
1326 4107 1571 4186 venire,
1615 4106 1682 4169 et
1717 4104 1960 4169 frustra
1995 4106 2337 4187 hucusque
2376 4108 2601 4171 contra
2638 4108 3118 4171 sacrosanctam
3157 4107 3417 4172 theolo-

316 4219 480 4301 giam
527 4216 1006 4297 debacchatos3
1059 4216 1264 4296 utque
1321 4214 1636 4277 virtutem
1685 4212 1973 4293 videant,
2028 4211 2563 4295 intabescantque
2610 4212 2916 4277 videndo,
2964 4214 3215 4279 Iterum
3260 4232 3415 4298 ergo

316 4325 690 4408 reponimus
723 4322 920 4387 bonis
955 4321 1263 4386 omnibus
1299 4322 1653 4386 salutarem
1681 4320 1873 4383 illum
1903 4319 2099 4384 verbi.
2122 4319 2247 4383 Dei
2286 4320 2531 4399 cibum,
2563 4321 2705 4385 sine
2743 4337 2874 4401 quo
2911 4338 3125 4402 neque
3154 4317 3416 4387 infirma

317 4435 530 4499 anima
556 4432 796 4513 curari,
827 4447 1042 4513 neque
1069 4447 1230 4495 sana
1255 4431 1490 4493 durare
1526 4428 1742 4509 potest
1775 4448 1790 4489 ε
1830 4443 1964 4490 non
1994 4429 2401 4509 corruptum,
2432 4428 2610 4510 quod
2649 4428 2941 4493 haeretici
2985 4427 3254 4510 faciunt,
3296 4431 3412 4495 sed

315 4559 568 4623 purum,
603 4540 960 4621 integrum,
993 4540 1345 4604 sincerum.
1377 4537 1464 4601 Et
1517 4553 1650 4600 non
1705 4537 1952 4599 mirum
2001 4536 2059 4599 si
2111 4535 2343 4599 multis
2388 4536 2720 4617 insipidus
2770 4554 2904 4617 prae
2952 4537 3411 4602 haereticorum

316 4666 472 4730 pane
521 4648 824 4711 videatur
863 4667 879 4707 z
922 4646 1145 4710 suavis
1201 4647 1303 4710 est
1347 4644 1548 4724 enim,
1598 4646 1672 4707 ut
1716 4643 2029 4707 Salomon
2076 4643 2192 4724 ait,
2244 4642 2501 4706 homini
2559 4644 2749 4724 panis
2798 4643 3146 4708 mendacii.
3200 4644 3415 4710 Sanus

317 4758 522 4821 tamen
551 4758 656 4819 est
683 4756 750 4818 et
785 4754 1022 4818 salsus.
1049 4752 1458 4817 Promittunt
1491 4750 1784 4817 haeretici
1821 4767 2056 4832 panem
2094 4751 2249 4814 dare
2286 4749 2593 4814 eumdem
2623 4767 2823 4832 quem
2851 4749 3174 4831 Christus,
3206 4769 3416 4833 quum

315 4864 512 4927 solam
551 4866 892 4927 externam
936 4860 1215 4924 formam
1255 4860 1585 4941 affingant,
1633 4857 2071 4922 substantiam
2108 4856 2366 4921 tollant.
2417 4855 2507 4919 At
2542 4856 2611 4918 in
2653 4856 2780 4919 hoc
2824 4858 3048 4920 nostro
3091 4857 3415 4939 Dionysio

315 4966 468 5029 nihil
491 4966 732 5048 praeter
759 4964 1044 5027 formam
1081 4964 1410 5028 mutatum
1450 4964 1571 5027 est.
1612 4961 1807 5035 Quod
1835 4961 1994 5025 olim
2026 4979 2146 5043 per
2179 4960 2441 5026 sanctos
2478 4962 2707 5028 Patres
2743 4966 2809 5027 et
2834 4962 3221 5045 Prophetas,
3255 4983 3415 5030 mox

315 5089 422 5153 per
445 5090 516 5137 se
544 5075 792 5154 ipsum,
816 5088 894 5135 ac
923 5071 1306 5135 novissimis
1333 5069 1744 5151 temporibus
1772 5086 1890 5151 per
1905 5067 2287 5150 Apostolos,
2311 5086 2429 5151 per
2454 5072 2717 5135 sanctos
2745 5069 3055 5135 Ecclesiae
3082 5072 3406 5155 doctores,

318 5197 422 5260 per
455 5180 888 5245 scholasticos
915 5179 1280 5261 theologos,
1319 5178 1878 5260 praesentissimus
1913 5176 2217 5240 Christus
2253 5176 2563 5241 Ecclesiae
2602 5194 2739 5241 suae
2773 5177 3063 5259 tradidit,
3096 5179 3413 5260 praebebit

319 5287 418 5353 hic
449 5290 671 5354 noster
703 5284 1094 5368 Dionysius.
1135 5284 1322 5350 Idem
1358 5284 1605 5367 ubique
1642 5284 1917 5351 verbum
1964 5284 2112 5364 Dei,
2161 5284 2337 5349 idem
2378 5285 2592 5367 paniS,
2634 5284 2941 5368 idemque
2987 5288 3203 5369 potus,
3256 5289 3411 5355 licet

550 5428 616 5479 Τ.
651 5426 732 5479 24.
2119 5446 2124 5452 ·
3126 5426 3155 5479 1

311 1861 740 2138 LONGE
776 1859 1240 1924 difficillimum
1271 1859 1906 1940 inutilissimumque
1937 1875 2127 1940 opus,
2168 1859 2699 1941 praestantissimi
2734 1861 3234 1944 doctissimique
3262 1863 3413 1944 viri,
