4267 6250
599 1769 752 1814 Jacob.

565 1835 629 1876 w.

852 471 974 538 266

1519 491 1584 538 m
1623 491 1848 539 mmmm
1889 493 1950 538 1v
1992 491 2477 540 SENTENTIARUH.
2518 510 2599 522 —
2639 494 2791 541 msr.
2830 494 2914 558 13
2957 493 3181 551 Qmsssr.
3224 496 3284 541 1v

853 663 1136 727 cundum
1169 664 1339 747 quod
1370 662 1754 747 participant
1783 664 2134 728 claritatem
2169 664 2351 728 intel·
2378 663 2431 726 A
2461 664 2652 729 domo
2702 666 2868 730 sicut
2920 667 2985 730 in
3036 687 3264 749 magna
3293 685 3311 747 ;
3374 668 3672 731 similiter
3718 669 3963 744 radius,

854 764 1056 826 lectus
1087 762 1308 836 divini,
1326 763 1544 825 vident
1573 782 1646 826 ea
1674 783 1816 846 quae
1847 764 2355 846 supernaturalia

854 870 1005 924 sunt
1031 881 1146 944 per
1177 862 1490 924 visionem
1529 862 1760 925 divinae
1791 863 2101 926 essen'tiae.
2135 861 2231 924 Ab
2263 862 2355 924 in·

855 960 1112 1024 tellectu
1141 968 1355 1023 autem
1387 960 1646 1023 viatoris
1679 961 1964 1043 conspici
1995 961 2221 1044 nequit
2256 959 2355 1022 ni-

853 1059 908 1121 si
952 1077 1067 1141 per
1109 1058 1328 1132 fidem,
1364 1059 1531 1120 sicut
1571 1078 1689 1122 nec
1728 1067 1938 1122 cetera
1977 1067 2352 1142 supernatu—

854 1157 1027 1220 ralia.
1089 1157 1218 1220 Nec
1274 1157 1634 1220 intellectus
1691 1158 2016 1240 angelicus
2075 1176 2191 1240 per
2240 1177 2353 1220 sua

855 1256 1168 1319 naturalia
1197 1255 1443 1318 sufficit
1471 1257 1548 1318 ad
1579 1257 1700 1320 hoc
1741 1257 2141 1319 intuendum.
2177 1257 2353 1320 Unde

855 1375 973 1418 nec
1014 1356 1333 1419 daemones
1383 1363 1628 1437 queunt
1670 1374 1785 1438 per
1830 1355 2227 1418 intellectum
2263 1355 2353 1418 vi-

856 1455 1006 1516 dere
1045 1453 1364 1517 Christum
1407 1453 1472 1516 in
1511 1463 1926 1529 sacramento,
1960 1455 2082 1516 nisi
2128 1474 2243 1537 ρει·
2278 1453 2354 1516 fi-

856 1553 1036 1631 dem3
1069 1553 1173 1614 cui
1211 1570 1337 1615 uon
1382 1552 1788 1616 consentiunt
1832 1552 2208 1627 voluntarie,
2243 1553 2353 1615 sed

856 1651 1182 1732 signorum
1249 1651 1568 1714 evidentia
1627 1651 2116 1725 convincuntur,
2175 1651 2355 1731 juxta

782 1784 824 1823 u,
858 1749 1016 1812 illud
1044 1749 1259 1813 Jacobi
1297 1767 1310 1812 ε
1345 1750 1674 1814 Daemones
1713 1751 1983 1813 credunt
2015 1758 2078 1814 et
2109 1757 2355 1812 contre-

2460 762 2595 826 sive
2634 763 2943 847 dirigatur
2988 766 3054 828 in
3103 765 3546 849 longinquum,
3580 767 3717 830 sive
3761 767 3831 829 in
3874 768 3967 831 lo-

2460 879 2608 924 cum
2651 863 3107 946 propinquum.
3153 864 3273 928 Sed
3318 865 3487 928 istud
3537 865 3967 948 impertinens

2460 967 2578 1035 est,
2610 981 2811 1044 quum
2844 962 2951 1024 lux
2984 981 3110 1026 non
3142 963 3225 1026 sit
3254 981 3485 1046 corpus
3517 982 3636 1026 nec
3669 982 3972 1047 corpora-

2461 1059 2540 1122 lis
2570 1059 2889 1136 defluxus,
2923 1061 3033 1123 sed
3073 1061 3345 1144 qualitas
3382 1062 3680 1145 simplex,
3715 1082 3860 1144 quae
3898 1063 3969 1125 in

2461 1174 2578 1219 suo
2634 1156 2926 1239 subJecto
2986 1167 3268 1222 arctatur
3322 1159 3458 1222 sive
3518 1161 3887 1223 extenditur
3948 1178 3966 1223 :

2462 1256 2632 1338 quod
2660 1257 2911 1339 corpori
2942 1257 3174 1320 Christi
3204 1276 3333 1322 non
3363 1259 3685 1341 competit.
3719 1259 3971 1322 Idcirco

2462 1354 2829 1431 dicendum,
2860 1356 3030 1439 quod
3062 1357 3423 1420 intellectus
3461 1365 3677 1422 noster
3705 1375 3833 1421 non
3864 1377 3971 1421 ca·

2464 1454 2581 1536 pit,
2633 1473 2752 1517 nec
2811 1473 3038 1538 capere
3086 1463 3293 1540 potest
3343 1457 3775 1520 exsistentiam
3833 1477 3972 1522 cor·

2464 1553 2635 1635 poris
2670 1553 2903 1616 Christi
2946 1554 3069 1616 sub
3109 1563 3525 1630 sacramento,
3558 1556 3681 1619 nisi
3717 1556 3971 1620 lumine

2466 1650 2619 1714 fidei
2659 1652 3017 1733 adjuvetur.
3062 1653 3297 1716 Sensus
3341 1653 3600 1735 quidem
3640 1662 3706 1718 et
3742 1655 3973 1736 imagi-

2466 1749 2639 1812 natio
2669 1748 3038 1832 frequenter
3067 1751 3446 1830 reclamant3
3471 1752 3833 1816 intellectus
3860 1773 3974 1816 ve-

859 1848 1155 1910 miscunt.
1203 1849 1412 1923 Porro,
1459 1849 1807 1931 corporalis
1853 1848 2077 1911 oculus
2122 1847 2353 1911 Christi
2389 1848 2436 1910 B
2471 1867 2540 1912 ro
2588 1848 2721 1910 fide
2762 1856 2827 1911 et
2865 1848 3068 1930 gratia
3114 1849 3225 1912 Dei
3272 1850 3550 1931 adjutuS,
3586 1851 3830 1914 resistit
3870 1853 3973 1915 eis

857 1946 1032 2009 videt
1074 1967 1142 2009 se
1187 1947 1399 2029 ipsum
1443 1947 1564 2010 sub
1612 1954 2008 2010 sacramento
2052 1946 2357 2009 exsisten-

857 2055 1002 2120 tem,
1041 2063 1168 2109 non
1217 2053 1431 2109 tamen
1480 2047 1648 2109 valet
1694 2047 1910 2109 videre
1961 2046 2173 2127 ipsum
2224 2063 2355 2108 mo-

856 2145 1010 2208 dum
1042 2144 1294 2207 essendi
1339 2163 1467 2227 quo
1510 2153 1606 2208 est
1634 2145 1755 2208 sub
1793 2151 2210 2219 sacramento,
2241 2143 2354 2226 qui

856 2246 932 2308 ad
967 2243 1173 2308 solum
1209 2244 1487 2326 pertinet
1525 2243 1940 2307 intellectum.
1976 2243 2104 2306 Nec
2144 2250 2240 2306 est
2278 2242 2356 2305 si-

859 2342 1011 2406 mile
1053 2343 1130 2405 de
1173 2342 1298 2405 alio
1347 2343 1530 2406 oculo
1578 2343 1874 2424 glorioso,
1908 2341 2060 2425 quia
2107 2347 2171 2404 et
2218 2341 2355 2423 ipse

855 2442 1080 2505 oculus
1112 2441 1344 2505 Christi
1383 2449 1481 2505 est
1519 2441 1639 2504 sub
1678 2442 1798 2504 hoc
1837 2447 2255 2514 sacramento,
2288 2440 2354 2502 in

855 2559 985 2624 quo
1023 2559 1152 2603 non
1193 2539 1627 2603 conformatur
1664 2540 1723 2602 ei
1761 2540 1925 2602 alius
1965 2539 2189 2603 oculus
2225 2539 2357 2620 glo-

855 2639 1080 2703 riosus.
1127 2638 1272 2702 Haec
1314 2639 1484 2701 idem
1529 2639 1594 2700 in
1639 2639 1918 2701 Summa.

937 2738 1286 2802 Concordat
1316 2737 1557 2811 PetruS,
1590 2738 1702 2819 qui
1741 2744 1952 2800 tamen
1987 2737 2187 2819 magis
2218 2754 2357 2798 sen-

855 2837 974 2900 tire
1003 2837 1456 2918 videtur,quod
1489 2836 1772 2900 Christus
1803 2836 2158 2898 secundum
2190 2835 2353 2917 quod

858 2938 925 2999 in
957 2937 1078 2999 isto
1109 2942 1205 2998 est
1234 2942 1649 3008 sacramentO,
1683 2953 1810 2998 non
1842 2935 2016 2998 videt
2043 2953 2111 2998 se
2143 2935 2356 3017 ipsum

2466 1967 2541 2010 ac
2573 1947 2892 2030 praevalet,
2912 1954 3273 2030 respectum
3300 1948 3541 2012 habens
3569 1950 3648 2012 ad
3678 1951 3977 2033 omnipo-

2467 2045 2731 2108 tentiam
2782 2045 2913 2121 Dei,
2957 2064 3083 2109 non
3133 2046 3213 2110 ad
3256 2066 3478 2110 causas
3528 2048 3850 2112 naturales
3896 2069 3977 2112 ac

2469 2144 2821 2207 inferiores,

2547 2243 2880 2305 Durandus
2929 2243 3190 2305 demum
3244 2260 3599 2307 consonans
3648 2245 3978 2328 praeindu·

2468 2341 2609 2410 ctis,
2673 2340 2907 2403 fatetur
2966 2341 3031 2403 in
3094 2341 3216 2404 hoc
3278 2349 3672 2407 sacramento
3734 2361 3977 2426 corpus

2468 2439 2699 2503 Christi
2742 2457 2868 2502 non
2898 2439 3103 2502 videri
3141 2439 3223 2502 ab
3261 2440 3449 2504 oculo
3487 2459 3603 2504 suo
3641 2460 3855 2524 neque
3888 2441 3975 2504 ab

2465 2538 2676 2601 alieno
2704 2537 2786 2601 ob
2818 2556 3072 2601 causam
3105 2538 3539 2620 praehabitam,
3572 2540 3679 2602 sed
3710 2539 3793 2602 ab
3824 2541 3977 2603 uni-

2466 2638 2667 2700 versis
2715 2636 2923 2699 Beatis
2961 2637 3148 2700 oculo
3191 2637 3627 2712 intellectuali,
3658 2639 3975 2721 quoniam

2468 2736 2696 2798 merito
2744 2735 2898 2798 fidei
2956 2735 3242 2798 succedit
3296 2736 3627 2819 praemium
3674 2737 3972 2801 visionis.

2466 2835 2667 2909 Quum
2696 2852 2847 2916 ergo
2884 2833 3219 2896 credamus
3250 2834 3573 2897 Christum
3612 2835 3679 2896 in
3719 2835 3841 2898 hoc
3872 2855 3979 2898 sa-

2466 2941 2791 2997 cramento
2820 2951 2959 2996 esse
2992 2932 3563 3014 realiter,sequitur
3592 2933 3760 3015 quod
3792 2935 3979 2997 Beati

857 3034 1043 3100 oculo
1073 3033 1419 3117 corporali;
1450 3032 1802 3096 dubitative
1832 3041 2046 3096 tamen
2077 3033 2359 3116 loquitur
2386 3029 2432 3094 C
2468 3034 2635 3096 clare
2666 3032 2787 3096 hoc
2827 3031 3047 3094 vident
3078 3031 3141 3094 in
3172 3032 3293 3094 hoc
3327 3039 3723 3096 sacramento
3754 3035 3979 3114 cogni-

859 3134 1026 3196 inde.

926 3232 1272 3296 Richardus
1303 3249 1455 3294 vero
1488 3249 1600 3313 per
1630 3230 1843 3294 omnia
1875 3238 2178 3294 consonat
2207 3230 2359 3294 Tho·

858 3352 996 3395 mae.
1033 3332 1111 3393 Et
1150 3329 1346 3404 addit,
1380 3331 1549 3411 quod
1588 3330 1812 3393 oculus
1853 3330 2199 3412 corporalis
2238 3349 2357 3393 nec

856 3452 972 3516 per
1011 3437 1326 3504 naturam,
1362 3448 1569 3512 neque
1609 3448 1724 3511 per
1761 3429 2052 3511 gloriam,
2087 3448 2205 3492 nec
2244 3448 2359 3511 per

857 3530 1238 3594 miraculum
1272 3536 1478 3611 potest
1513 3528 1728 3591 videre
1765 3547 1997 3611 corpus
2027 3528 2256 3593 Christi
2293 3528 2357 3590 in

857 3635 1274 3701 sacramente,
1307 3628 1474 3689 sicut
1517 3645 1634 3689 nec
1679 3627 2020 3689 essentiam
2061 3626 2353 3708 spiritua-

859 3728 1020 3790 lium
1071 3726 1594 3800 substantiarum,
1629 3726 1934 3807 quoniam
1985 3744 2183 3807 capax
2232 3742 2357 3787 non

857 3834 956 3890 est
985 3844 1104 3889 nec
1133 3823 1464 3889 elevabilis
1493 3824 1569 3887 ad
1598 3824 1791 3887 talem
1827 3823 2147 3897 intuitum,
2163 3842 2360 3905 quum

855 3925 1071 3988 videre
1125 3923 1216 3986 nil
1265 3924 1471 3986 valeat
1517 3922 1642 3985 nisi
1703 3941 1816 4005 per
1868 3921 2357 3983 similitudinem

856 4023 1270 4106 corporalem.
1318 4022 1560 4104 Corpus
1606 4028 1821 4084 autem
1872 4020 2102 4084 Christi
2154 4020 2220 4082 in
2270 4039 2362 4081 sa-

856 4130 1180 4185 cramento
1224 4128 1320 4183 est
1361 4139 1477 4203 per
1524 4120 1784 4182 modum
1830 4120 2217 4182 substantiae.

2466 3132 2639 3196 tione
2682 3129 3168 3213 supernaturali.

2544 3231 2848 3293 Praeterea
2879 3228 3102 3292 Scotus
3132 3228 3303 3292 circa
3333 3228 3467 3292 haec
3502 3228 3784 3311 loquitur
3817 3246 3833 3292 :
3865 3231 3979 3293 vi-

2465 3330 2615 3392 dere
2672 3344 2798 3390 uno
2862 3327 3052 3390 modo
3110 3327 3408 3409 importat
3467 3325 3979 3392 intellectionem

2466 3426 2855 3501 intuitivam,
2880 3433 3065 3507 prout
3097 3424 3510 3507 distinguitur
3538 3432 3757 3488 contra
3786 3423 3980 3488 intel-

2467 3526 2804 3589 lectionem
2852 3523 3321 3587 abstractivam.
3357 3523 3709 3586 Intellectio
3747 3531 3977 3587 autem

2469 3623 2785 3697 intuitiva,
2809 3630 2906 3685 est
2934 3622 3026 3684 rei
3057 3630 3129 3684 ut
3160 3622 3225 3684 in
3256 3640 3324 3684 se
3355 3640 3633 3704 praesens
3661 3629 3794 3700 est3
3824 3620 3979 3684 abs·

2465 3722 2733 3785 tractiva
2780 3737 2931 3783 vero
2980 3728 3187 3802 potest
3234 3738 3373 3783 esse
3422 3719 3563 3801 ejus
3611 3720 3981 3783 secundum

2468 3821 2639 3903 quod
2682 3819 2923 3883 relucet
2972 3820 3037 3881 in
3084 3818 3299 3902 aliqua
3346 3818 3792 3892 similitudine,
3824 3838 3982 3901 quae

2470 3926 2678 4001 potest
2720 3936 2860 3981 esse
2897 3917 3261 3981 exsistentis
3305 3924 3369 3979 et
3412 3934 3537 3980 nou
3576 3916 3976 3992 exsistenti8‚

2468 4024 2530 4080 et
2581 4017 2733 4078 item
2779 4016 3111 4098 praesentis
3159 4022 3224 4078 et
3270 4031 3397 4078 non
3442 4015 3789 4098 praesentis.
3822 4014 3981 4079 Haec

2471 4115 2683 4198 itaque
2713 4114 2980 4198 quaestio
3011 4121 3107 4177 est
3136 4114 3214 4176 de
3248 4113 3608 4196 cognitione
3647 4112 3976 4176 intuitiva.

934 4221 1374 4283 Bonaventura
1405 4218 1665 4281 demum
1698 4217 1798 4279 his
1831 4235 2207 4291 consonans,
2232 4216 2363 4300 opi·
2392 4218 2442 4281 D
2471 4213 2549 4276 Et
2584 4214 2749 4287 dico,
2782 4212 2950 4295 quod
2996 4211 3355 4275 intellectus
3394 4218 3609 4276 noster
3648 4228 3763 4293 pro
3801 4218 3981 4275 statu

857 4320 1116 4381 nionem
1165 4325 1379 4379 narrat
1422 4316 1844 4399 quorumdam
1881 4334 1895 4377 ε
1929 4315 2220 4389 Quidam,
2268 4316 2360 4377 in-

857 4417 1106 4499 quiens,
1148 4414 1490 4478 voluerunt
1534 4412 1639 4475 hic
1687 4413 2001 4475 subtiliari
2050 4413 2356 4488 dicenteS‚

858 4515 1029 4599 quod
1077 4512 1446 4577 exsistentia
1496 4512 1615 4574 ista
1664 4512 1946 4594 corporis
1996 4512 2230 4575 Christi
2278 4513 2361 4576 sit

857 4614 1074 4697 aliquo
1108 4613 1294 4675 modo
1335 4609 1780 4692 intelligibilis,
1815 4610 1902 4673 ita
1939 4612 2108 4693 quod
2140 4630 2359 4694 quam-

858 4715 958 4778 vis
1011 4714 1094 4776 sit
1149 4731 1342 4794 supra
1399 4718 1690 4774 naturam
1752 4712 2036 4794 corporis
2093 4712 2359 4774 humani

861 4830 986 4876 non
1019 4808 1383 4893 glorificati,
1418 4827 1545 4872 non
1582 4817 1796 4871 tamen
1835 4828 2027 4891 supra
2065 4815 2355 4871 naturam

862 4909 1146 4991 corporis
1202 4907 1466 4970 humani
1525 4906 1890 4989 glorificati,
1941 4906 2112 4988 quod
2169 4906 2363 4970 habet

863 5016 1154 5072 naturam
1202 5006 1787 5089 proprietatemque
1838 5004 2021 5078 luciS,
2064 5024 2206 5086 quae
2255 5022 2363 5086 po-

863 5113 987 5169 test
1015 5124 1154 5169 esse
1185 5105 1250 5167 in
1281 5104 1487 5187 spatio
1517 5102 1743 5185 majori
1773 5110 1964 5185 atque
1997 5102 2252 5177 minori,
2278 5104 2364 5165 ita

865 5204 1034 5288 quod
1068 5204 1204 5286 ipsa
1233 5221 1361 5266 non
1402 5202 1484 5265 sit
1513 5201 1719 5283 major
1747 5209 1812 5264 et
1851 5201 2060 5265 minor
2095 5220 2108 5264 :
2144 5221 2363 5283 quem-

865 5302 1208 5368 admodum
1251 5301 1358 5364 lux
1399 5301 1676 5365 candelae
1714 5306 1890 5363 tanta
1931 5308 2028 5362 est
2066 5299 2130 5362 in
2171 5317 2366 5382 parva

2470 4312 2611 4387 viae,
2652 4329 2777 4373 non
2821 4318 3029 4394 potest
3060 4310 3433 4373 naturaliter
3475 4309 3692 4373 videre
3736 4327 3981 4391 corpus

2472 4409 2701 4475 Christi
2736 4417 2807 4472 ut
2834 4416 2930 4472 est
2958 4410 3024 4471 in
3054 4416 3443 4471 sacramento
3474 4408 3799 4482 exsistens,
3816 4408 3985 4490 quia

2471 4528 2597 4572 non
2632 4507 2931 4591 intelligit
2968 4507 3094 4571 nisi
3132 4526 3210 4570 ex
3250 4506 3684 4570 sensibilibus,
3719 4506 3979 4571 Intelle-

2472 4617 2611 4671 ctus
2649 4625 2802 4671 vero
2840 4624 2967 4670 non
3005 4604 3301 4688 alligatus
3342 4606 3593 4687 corpori
3638 4623 3750 4668 seu
3788 4624 3981 4688 sepa-

2472 4714 2665 4780 ratus,
2700 4712 2771 4768 ut
2800 4704 3163 4767 intellectus
3192 4703 3400 4785 angeli
3440 4710 3504 4766 et
3532 4702 3762 4767 animae
3790 4722 3982 4786 sepa-

2472 4811 2620 4867 ratae
2668 4823 2742 4866 ac
2795 4802 3026 4865 mentis
3074 4802 3297 4876 beatae,
3346 4800 3717 4864 naturaliter
3762 4809 3981 4884 potest

2469 4902 2689 4966 videre
2732 4901 3134 4984 praesentiam
3182 4918 3297 4963 seu
3354 4899 3789 4963 exsistentiam
3840 4917 3985 4963 cor-

2472 5000 2645 5083 poris
2676 4998 2906 5063 Christi
2950 4998 3016 5061 in
3056 5005 3453 5061 sacramento
3488 5014 3502 5059 t
3535 4996 3837 5080 quoniam
3880 4996 3985 5061 in-

2471 5098 2764 5162 tellectus
2807 5116 2875 5161 se
2911 5096 3155 5159 habens
3194 5095 3271 5158 ad
3313 5094 3744 5177 intelligibilia
3786 5105 3985 5177 prout

2475 5199 2539 5260 in
2574 5216 2641 5261 se
2671 5195 2828 5280 ipsis
2860 5202 3010 5257 sunt
3048 5192 3501 5275 intelligibilia,
3533 5192 3713 5276 prius
3745 5192 3983 5257 intelli-

2474 5296 2565 5379 git
2595 5296 2657 5358 id
2688 5294 2858 5377 quod
2900 5292 3079 5376 prius
3109 5292 3175 5355 in
3210 5310 3278 5354 se
3316 5299 3413 5355 est
3452 5291 3882 5375 intelligibile,
3914 5300 3981 5355 et
