<?xml version="1.0" encoding="UTF-8"?>
<!DOCTYPE html PUBLIC "-//W3C//DTD XHTML 1.0 Transitional//EN"
    "http://www.w3.org/TR/xhtml1/DTD/xhtml1-transitional.dtd">
<html xmlns="http://www.w3.org/1999/xhtml" xml:lang="en" lang="en">
 <head>
  <title>
</title>
<meta http-equiv="Content-Type" content="text/html;charset=utf-8" />
  <meta name='ocr-system' content='tesseract 3.04.00' />
  <meta name='ocr-capabilities' content='ocr_page ocr_carea ocr_par ocr_line ocrx_word'/>
</head>
<body>
  <div class='ocr_page' id='page_1' title='image "./doctorisecstati04unkngoog_0166.png"; bbox 0 0 4267 6250; ppageno 0'>
   <div class='ocr_carea' id='block_1_1' title="bbox 552 3451 823 3872">
    <p class='ocr_par' dir='ltr' id='par_1_1' title="bbox 552 3451 823 3872">
     <span class='ocr_line' id='line_1_1' title="bbox 552 3451 823 3510; baseline -0.015 -12"><span class='ocrx_word' id='word_1_1' title='bbox 552 3451 823 3510; x_wconf 64' lang='lat' dir='ltr'><strong>Hungum·</strong></span> 
     </span>
     <span class='ocr_line' id='line_1_2' title="bbox 553 3515 790 3560; baseline -0.013 0"><span class='ocrx_word' id='word_1_2' title='bbox 553 3530 626 3560; x_wconf 75' lang='lat' dir='ltr'><strong>ma</strong></span> <span class='ocrx_word' id='word_1_3' title='bbox 669 3515 790 3558; x_wconf 77' lang='lat' dir='ltr'><strong>Seut.</strong></span> 
     </span>
     <span class='ocr_line' id='line_1_3' title="bbox 556 3579 819 3626; baseline -0.011 -3"><span class='ocrx_word' id='word_1_4' title='bbox 556 3579 819 3626; x_wconf 79' lang='lat' dir='ltr'><strong>tract.v‚c.8.</strong></span> 
     </span>
     <span class='ocr_line' id='line_1_4' title="bbox 567 3639 823 3684; baseline -0.008 0"><span class='ocrx_word' id='word_1_5' title='bbox 567 3641 736 3684; x_wconf 79' lang='lat' dir='ltr'><strong>lsid.dc</strong></span> <span class='ocrx_word' id='word_1_6' title='bbox 746 3639 823 3683; x_wconf 81' lang='lat' dir='ltr'><strong>Ec-</strong></span> 
     </span>
     <span class='ocr_line' id='line_1_5' title="bbox 554 3703 820 3746; baseline -0.008 0"><span class='ocrx_word' id='word_1_7' title='bbox 554 3703 658 3746; x_wconf 72' lang='lat' dir='ltr'><strong>cloe.</strong></span> <span class='ocrx_word' id='word_1_8' title='bbox 711 3703 820 3745; x_wconf 78' lang='lat' dir='ltr'><strong>offic.</strong></span> 
     </span>
     <span class='ocr_line' id='line_1_6' title="bbox 555 3766 821 3818; baseline -0.004 -9"><span class='ocrx_word' id='word_1_9' title='bbox 555 3766 631 3809; x_wconf 84' lang='lat' dir='ltr'><strong>lib.</strong></span> <span class='ocrx_word' id='word_1_10' title='bbox 644 3779 688 3818; x_wconf 88' lang='grc' dir='ltr'><strong>ιι,</strong></span> <span class='ocrx_word' id='word_1_11' title='bbox 700 3778 739 3809; x_wconf 90' lang='lat' dir='ltr'><strong>c.</strong></span> <span class='ocrx_word' id='word_1_12' title='bbox 753 3768 821 3816; x_wconf 77' lang='lat'><strong>2⁵.</strong></span> 
     </span>
     <span class='ocr_line' id='line_1_7' title="bbox 552 3831 657 3872; baseline -0.01 0"><span class='ocrx_word' id='word_1_13' title='bbox 552 3842 599 3872; x_wconf 88' lang='lat' dir='ltr'><strong>n.</strong></span> <span class='ocrx_word' id='word_1_14' title='bbox 616 3831 657 3871; x_wconf 79' lang='lat'><strong>9.</strong></span> 
     </span>
    </p>
   </div>
   <div class='ocr_carea' id='block_1_2' title="bbox 553 3918 827 4032">
    <p class='ocr_par' dir='ltr' id='par_1_2' title="bbox 553 3918 827 4032">
     <span class='ocr_line' id='line_1_8' title="bbox 555 3918 827 3964; baseline 0.007 -2"><span class='ocrx_word' id='word_1_15' title='bbox 555 3919 616 3962; x_wconf 84' lang='lat' dir='ltr'><strong>De</strong></span> <span class='ocrx_word' id='word_1_16' title='bbox 630 3918 827 3964; x_wconf 73' lang='lat' dir='ltr'><strong>Consecr-</strong></span> 
     </span>
     <span class='ocr_line' id='line_1_9' title="bbox 553 3983 823 4032; baseline 0 -6"><span class='ocrx_word' id='word_1_17' title='bbox 553 3983 823 4032; x_wconf 48' lang='lat' dir='ltr'><strong>distineat).</strong></span> 
     </span>
    </p>
   </div>
   <div class='ocr_carea' id='block_1_3' title="bbox 583 4385 823 4429">
    <p class='ocr_par' dir='ltr' id='par_1_3' title="bbox 583 4385 823 4429">
     <span class='ocr_line' id='line_1_10' title="bbox 583 4385 823 4429; baseline 0 -1"><span class='ocrx_word' id='word_1_18' title='bbox 583 4385 689 4429; x_wconf 88' lang='lat' dir='ltr'><strong>lbid.</strong></span> <span class='ocrx_word' id='word_1_19' title='bbox 703 4398 742 4429; x_wconf 88' lang='lat' dir='ltr'><strong>c.</strong></span> <span class='ocrx_word' id='word_1_20' title='bbox 757 4388 800 4428; x_wconf 79' lang='lat'><strong>5¹</strong></span> <span class='ocrx_word' id='word_1_21' title='bbox 813 4417 823 4429; x_wconf 93' lang='lat'><strong>.</strong></span> 
     </span>
    </p>
   </div>
   <div class='ocr_carea' id='block_1_4' title="bbox 553 4732 822 4916">
    <p class='ocr_par' dir='ltr' id='par_1_4' title="bbox 553 4732 822 4916">
     <span class='ocr_line' id='line_1_11' title="bbox 618 4732 785 4789; baseline -0.012 -12"><span class='ocrx_word' id='word_1_22' title='bbox 618 4732 785 4789; x_wconf 73' lang='lat' dir='ltr'><strong>Dialog.</strong></span> 
     </span>
     <span class='ocr_line' id='line_1_12' title="bbox 556 4795 771 4842; baseline 0 -2"><span class='ocrx_word' id='word_1_23' title='bbox 556 4795 680 4842; x_wconf 78' lang='lat' dir='ltr'><strong>Oros.</strong></span> <span class='ocrx_word' id='word_1_24' title='bbox 726 4799 771 4840; x_wconf 76' lang='lat' dir='ltr'><strong>et</strong></span> 
     </span>
     <span class='ocr_line' id='line_1_13' title="bbox 553 4861 822 4916; baseline -0.015 -10"><span class='ocrx_word' id='word_1_25' title='bbox 553 4861 665 4916; x_wconf 74' lang='lat' dir='ltr'><strong>Aug.</strong></span> <span class='ocrx_word' id='word_1_26' title='bbox 683 4874 728 4916; x_wconf 82' lang='lat' dir='ltr'><strong>q.</strong></span> <span class='ocrx_word' id='word_1_27' title='bbox 754 4861 822 4902; x_wconf 79' lang='lat'><strong>59.</strong></span> 
     </span>
    </p>
   </div>
   <div class='ocr_carea' id='block_1_5' title="bbox 552 5235 817 5350">
    <p class='ocr_par' dir='ltr' id='par_1_5' title="bbox 552 5235 817 5350">
     <span class='ocr_line' id='line_1_14' title="bbox 552 5235 817 5290; baseline 0 -12"><span class='ocrx_word' id='word_1_28' title='bbox 552 5235 662 5290; x_wconf 75' lang='lat' dir='ltr'><strong>Aug.</strong></span> <span class='ocrx_word' id='word_1_29' title='bbox 680 5235 817 5290; x_wconf 76' lang='lat' dir='ltr'><strong>Epist.</strong></span> 
     </span>
     <span class='ocr_line' id='line_1_15' title="bbox 552 5300 737 5350; baseline 0.005 -10"><span class='ocrx_word' id='word_1_30' title='bbox 552 5300 619 5350; x_wconf 81' lang='lat'><strong>23,</strong></span> <span class='ocrx_word' id='word_1_31' title='bbox 636 5311 681 5341; x_wconf 88' lang='lat' dir='ltr'><strong>n.</strong></span> <span class='ocrx_word' id='word_1_32' title='bbox 696 5300 737 5341; x_wconf 84' lang='lat'><strong>2.</strong></span> 
     </span>
    </p>
   </div>
   <div class='ocr_carea' id='block_1_6' title="bbox 840 467 959 535">
    <p class='ocr_par' dir='ltr' id='par_1_6' title="bbox 840 467 959 535">
     <span class='ocr_line' id='line_1_16' title="bbox 840 467 959 535; baseline 0.017 -2"><span class='ocrx_word' id='word_1_33' title='bbox 840 467 959 535; x_wconf 67' lang='lat'><strong>1250</strong></span> 
     </span>
    </p>
   </div>
   <div class='ocr_carea' id='block_1_7' title="bbox 1781 490 3005 539">
    <p class='ocr_par' dir='ltr' id='par_1_7' title="bbox 1781 490 3005 539">
     <span class='ocr_line' id='line_1_17' title="bbox 1781 490 3005 539; baseline 0.002 -4"><span class='ocrx_word' id='word_1_34' title='bbox 1781 490 1958 539; x_wconf 75' lang='lat' dir='ltr'><strong>Lmlm</strong></span> <span class='ocrx_word' id='word_1_35' title='bbox 1996 492 2059 538; x_wconf 80' lang='lat' dir='ltr'><strong>lv</strong></span> <span class='ocrx_word' id='word_1_36' title='bbox 2100 490 2586 539; x_wconf 66' lang='lat' dir='ltr'><strong>sunmmanuu.</strong></span> <span class='ocrx_word' id='word_1_37' title='bbox 2624 508 2706 519; x_wconf 91' lang='lat'><strong>—</strong></span> <span class='ocrx_word' id='word_1_38' title='bbox 2745 491 2900 537; x_wconf 81' lang='lat' dir='ltr'><strong>msT.</strong></span> <span class='ocrx_word' id='word_1_39' title='bbox 2940 492 3005 537; x_wconf 78' lang='lat' dir='ltr'><strong>vl</strong></span> 
     </span>
    </p>
   </div>
   <div class='ocr_carea' id='block_1_8' title="bbox 841 659 3945 745">
    <p class='ocr_par' dir='ltr' id='par_1_8' title="bbox 841 659 3945 745">
     <span class='ocr_line' id='line_1_18' title="bbox 841 659 3945 745; baseline 0.001 -23"><span class='ocrx_word' id='word_1_40' title='bbox 841 659 1145 741; x_wconf 87' lang='lat' dir='ltr'><strong>quoniam</strong></span> <span class='ocrx_word' id='word_1_41' title='bbox 1180 679 1381 723; x_wconf 90' lang='lat' dir='ltr'><strong>unum</strong></span> <span class='ocrx_word' id='word_1_42' title='bbox 1418 660 1640 723; x_wconf 81' lang='lat' dir='ltr'>debuit</span> <span class='ocrx_word' id='word_1_43' title='bbox 1668 679 1807 724; x_wconf 90' lang='lat' dir='ltr'><strong>esse</strong></span> <span class='ocrx_word' id='word_1_44' title='bbox 1834 662 2180 745; x_wconf 89' lang='lat' dir='ltr'><strong>Baptisma,</strong></span> <span class='ocrx_word' id='word_1_45' title='bbox 2213 662 2338 723; x_wconf 92' lang='lat' dir='ltr'><strong>sic-</strong></span> <span class='ocrx_word' id='word_1_46' title='bbox 2363 660 2414 725; x_wconf 80' lang='lat' dir='ltr'><strong>A</strong></span> <span class='ocrx_word' id='word_1_47' title='bbox 2442 660 2621 725; x_wconf 87' lang='lat' dir='ltr'><strong>venit</strong></span> <span class='ocrx_word' id='word_1_48' title='bbox 2666 660 2910 743; x_wconf 79' lang='lat' dir='ltr'><strong>angelis</strong></span> <span class='ocrx_word' id='word_1_49' title='bbox 2959 662 3194 725; x_wconf 90' lang='lat' dir='ltr'><strong>sanctis</strong></span> <span class='ocrx_word' id='word_1_50' title='bbox 3241 680 3321 725; x_wconf 88' lang='lat' dir='ltr'><strong>ex</strong></span> <span class='ocrx_word' id='word_1_51' title='bbox 3366 660 3650 743; x_wconf 86' lang='lat' dir='ltr'><strong>generali</strong></span> <span class='ocrx_word' id='word_1_52' title='bbox 3693 659 3945 735; x_wconf 77' lang='lat' dir='ltr'><strong>officie,</strong></span> 
     </span>
    </p>
   </div>
   <div class='ocr_carea' id='block_1_9' title="bbox 839 760 2343 1806">
    <p class='ocr_par' dir='ltr' id='par_1_9' title="bbox 839 760 2343 1806">
     <span class='ocr_line' id='line_1_19' title="bbox 841 760 2338 843; baseline 0.001 -23"><span class='ocrx_word' id='word_1_53' title='bbox 841 764 914 820; x_wconf 88' lang='lat' dir='ltr'><strong>ut</strong></span> <span class='ocrx_word' id='word_1_54' title='bbox 942 765 1039 821; x_wconf 89' lang='lat' dir='ltr'><strong>est</strong></span> <span class='ocrx_word' id='word_1_55' title='bbox 1074 778 1203 822; x_wconf 88' lang='lat' dir='ltr'><strong>una</strong></span> <span class='ocrx_word' id='word_1_56' title='bbox 1240 760 1452 842; x_wconf 79' lang='lat' dir='ltr'><strong>passio</strong></span> <span class='ocrx_word' id='word_1_57' title='bbox 1480 760 1819 823; x_wconf 84' lang='lat' dir='ltr'><strong>Salvatoris</strong></span> <span class='ocrx_word' id='word_1_58' title='bbox 1860 780 2001 843; x_wconf 79' lang='lat' dir='ltr'><strong>quae</strong></span> <span class='ocrx_word' id='word_1_59' title='bbox 2039 767 2338 843; x_wconf 86' lang='lat' dir='ltr'><strong>operatur</strong></span> 
     </span>
     <span class='ocr_line' id='line_1_20' title="bbox 840 855 2335 941; baseline 0.003 -24"><span class='ocrx_word' id='word_1_60' title='bbox 840 855 909 917; x_wconf 92' lang='lat' dir='ltr'><strong>in</strong></span> <span class='ocrx_word' id='word_1_61' title='bbox 952 874 1048 931; x_wconf 88' lang='lat' dir='ltr'><strong>eo,</strong></span> <span class='ocrx_word' id='word_1_62' title='bbox 1083 864 1147 919; x_wconf 88' lang='lat' dir='ltr'><strong>et</strong></span> <span class='ocrx_word' id='word_1_63' title='bbox 1188 876 1389 920; x_wconf 91' lang='lat' dir='ltr'><strong>unum</strong></span> <span class='ocrx_word' id='word_1_64' title='bbox 1433 857 1741 939; x_wconf 81' lang='lat' dir='ltr'>originale</span> <span class='ocrx_word' id='word_1_65' title='bbox 1790 866 2123 941; x_wconf 89' lang='lat' dir='ltr'><strong>peccatum</strong></span> <span class='ocrx_word' id='word_1_66' title='bbox 2167 858 2335 939; x_wconf 90' lang='lat' dir='ltr'><strong>quod</strong></span> 
     </span>
     <span class='ocr_line' id='line_1_21' title="bbox 841 954 2336 1040; baseline 0.002 -25"><span class='ocrx_word' id='word_1_67' title='bbox 841 954 907 1016; x_wconf 91' lang='lat' dir='ltr'><strong>in</strong></span> <span class='ocrx_word' id='word_1_68' title='bbox 953 955 1092 1037; x_wconf 91' lang='lat' dir='ltr'><strong>ipso</strong></span> <span class='ocrx_word' id='word_1_69' title='bbox 1136 963 1411 1018; x_wconf 89' lang='lat' dir='ltr'><strong>curatur.</strong></span> <span class='ocrx_word' id='word_1_70' title='bbox 1455 956 1767 1030; x_wconf 89' lang='lat' dir='ltr'><strong>Secundo,</strong></span> <span class='ocrx_word' id='word_1_71' title='bbox 1802 963 1873 1019; x_wconf 93' lang='lat' dir='ltr'><strong>ut</strong></span> <span class='ocrx_word' id='word_1_72' title='bbox 1914 964 2190 1040; x_wconf 90' lang='lat' dir='ltr'><strong>potestas</strong></span> <span class='ocrx_word' id='word_1_73' title='bbox 2232 976 2336 1019; x_wconf 89' lang='lat' dir='ltr'><strong>ex-</strong></span> 
     </span>
     <span class='ocr_line' id='line_1_22' title="bbox 840 1052 2341 1130; baseline 0.001 -15"><span class='ocrx_word' id='word_1_74' title='bbox 840 1052 1153 1117; x_wconf 81' lang='lat' dir='ltr'><strong>cellentiae</strong></span> <span class='ocrx_word' id='word_1_75' title='bbox 1211 1055 1571 1117; x_wconf 88' lang='lat' dir='ltr'><strong>attendatur</strong></span> <span class='ocrx_word' id='word_1_76' title='bbox 1628 1054 1693 1117; x_wconf 92' lang='lat' dir='ltr'><strong>in</strong></span> <span class='ocrx_word' id='word_1_77' title='bbox 1752 1062 1919 1130; x_wconf 92' lang='lat' dir='ltr'><strong>actu,</strong></span> <span class='ocrx_word' id='word_1_78' title='bbox 1970 1062 2041 1117; x_wconf 91' lang='lat' dir='ltr'><strong>ut</strong></span> <span class='ocrx_word' id='word_1_79' title='bbox 2093 1055 2341 1118; x_wconf 91' lang='lat' dir='ltr'><strong>scilicet</strong></span> 
     </span>
     <span class='ocr_line' id='line_1_23' title="bbox 842 1152 2340 1236; baseline 0.001 -23"><span class='ocrx_word' id='word_1_80' title='bbox 842 1152 983 1214; x_wconf 91' lang='lat' dir='ltr'><strong>sine</strong></span> <span class='ocrx_word' id='word_1_81' title='bbox 1013 1152 1139 1213; x_wconf 90' lang='lat' dir='ltr'><strong>ritu</strong></span> <span class='ocrx_word' id='word_1_82' title='bbox 1172 1152 1478 1234; x_wconf 87' lang='lat' dir='ltr'><strong>Baptismi</strong></span> <span class='ocrx_word' id='word_1_83' title='bbox 1518 1153 1663 1235; x_wconf 92' lang='lat' dir='ltr'><strong>quis</strong></span> <span class='ocrx_word' id='word_1_84' title='bbox 1696 1154 1898 1236; x_wconf 86' lang='lat' dir='ltr'><strong>possit</strong></span> <span class='ocrx_word' id='word_1_85' title='bbox 1935 1153 2266 1217; x_wconf 87' lang='lat' dir='ltr'><strong>absolvere</strong></span> <span class='ocrx_word' id='word_1_86' title='bbox 2303 1171 2340 1214; x_wconf 92' lang='lat' dir='ltr'><strong>a</strong></span> 
     </span>
     <span class='ocr_line' id='line_1_24' title="bbox 839 1250 2333 1334; baseline 0 -22"><span class='ocrx_word' id='word_1_87' title='bbox 839 1258 1357 1333; x_wconf 89' lang='lat' dir='ltr'><strong>peccato,utpote</strong></span> <span class='ocrx_word' id='word_1_88' title='bbox 1388 1250 1527 1313; x_wconf 86' lang='lat' dir='ltr'><strong>sine</strong></span> <span class='ocrx_word' id='word_1_89' title='bbox 1558 1251 1735 1313; x_wconf 88' lang='lat' dir='ltr'><strong>clave</strong></span> <span class='ocrx_word' id='word_1_90' title='bbox 1768 1271 2032 1333; x_wconf 84' lang='lat' dir='ltr'><strong>regnum</strong></span> <span class='ocrx_word' id='word_1_91' title='bbox 2064 1251 2333 1334; x_wconf 88' lang='lat' dir='ltr'><strong>aperire.</strong></span> 
     </span>
     <span class='ocr_line' id='line_1_25' title="bbox 841 1346 2341 1424; baseline 0.001 -14"><span class='ocrx_word' id='word_1_92' title='bbox 841 1346 921 1410; x_wconf 89' lang='lat' dir='ltr'><strong>Et</strong></span> <span class='ocrx_word' id='word_1_93' title='bbox 965 1349 1129 1411; x_wconf 89' lang='lat' dir='ltr'><strong>hanc</strong></span> <span class='ocrx_word' id='word_1_94' title='bbox 1168 1348 1391 1411; x_wconf 92' lang='lat' dir='ltr'><strong>dicunt</strong></span> <span class='ocrx_word' id='word_1_95' title='bbox 1438 1349 1557 1411; x_wconf 93' lang='lat' dir='ltr'><strong>soli</strong></span> <span class='ocrx_word' id='word_1_96' title='bbox 1608 1350 1856 1413; x_wconf 89' lang='lat' dir='ltr'><strong>Christo</strong></span> <span class='ocrx_word' id='word_1_97' title='bbox 1896 1350 2213 1424; x_wconf 89' lang='lat' dir='ltr'><strong>collatam,</strong></span> <span class='ocrx_word' id='word_1_98' title='bbox 2259 1368 2341 1411; x_wconf 87' lang='lat' dir='ltr'><strong>ne</strong></span> 
     </span>
     <span class='ocr_line' id='line_1_26' title="bbox 841 1446 2343 1530; baseline 0.002 -22"><span class='ocrx_word' id='word_1_99' title='bbox 841 1446 972 1509; x_wconf 89' lang='lat' dir='ltr'><strong>sint</strong></span> <span class='ocrx_word' id='word_1_100' title='bbox 1000 1446 1185 1529; x_wconf 89' lang='lat' dir='ltr'><strong>plura</strong></span> <span class='ocrx_word' id='word_1_101' title='bbox 1209 1447 1505 1511; x_wconf 83' lang='lat' dir='ltr'><strong>Ecclesiae</strong></span> <span class='ocrx_word' id='word_1_102' title='bbox 1536 1448 1755 1530; x_wconf 85' lang='lat' dir='ltr'><strong>capita.</strong></span> <span class='ocrx_word' id='word_1_103' title='bbox 1772 1449 1913 1511; x_wconf 83' lang='lat' dir='ltr'><strong>Haec</strong></span> <span class='ocrx_word' id='word_1_104' title='bbox 1939 1448 2343 1511; x_wconf 89' lang='lat' dir='ltr'><strong>Albertus.—</strong></span> 
     </span>
     <span class='ocr_line' id='line_1_27' title="bbox 841 1544 2342 1627; baseline 0.002 -20"><span class='ocrx_word' id='word_1_105' title='bbox 841 1545 912 1607; x_wconf 92' lang='lat' dir='ltr'><strong>In</strong></span> <span class='ocrx_word' id='word_1_106' title='bbox 944 1544 1045 1607; x_wconf 88' lang='lat' dir='ltr'><strong>his</strong></span> <span class='ocrx_word' id='word_1_107' title='bbox 1074 1546 1314 1619; x_wconf 82' lang='lat' dir='ltr'><strong>PetruS,</strong></span> <span class='ocrx_word' id='word_1_108' title='bbox 1338 1546 1709 1621; x_wconf 76' lang='lat' dir='ltr'><strong>Richardu8‚</strong></span> <span class='ocrx_word' id='word_1_109' title='bbox 1731 1547 2085 1621; x_wconf 80' lang='lat' dir='ltr'><strong>DuranduS,</strong></span> <span class='ocrx_word' id='word_1_110' title='bbox 2108 1548 2342 1627; x_wconf 86' lang='lat' dir='ltr'><strong>Argen—</strong></span> 
     </span>
     <span class='ocr_line' id='line_1_28' title="bbox 842 1642 2268 1725; baseline 0.001 -22"><span class='ocrx_word' id='word_1_111' title='bbox 842 1642 1131 1717; x_wconf 80' lang='lat' dir='ltr'><strong>tinensiS,</strong></span> <span class='ocrx_word' id='word_1_112' title='bbox 1158 1644 1397 1725; x_wconf 89' lang='lat' dir='ltr'><strong>aliique</strong></span> <span class='ocrx_word' id='word_1_113' title='bbox 1437 1645 1863 1707; x_wconf 87' lang='lat' dir='ltr'><strong>communiter</strong></span> <span class='ocrx_word' id='word_1_114' title='bbox 1902 1653 2268 1708; x_wconf 83' lang='lat' dir='ltr'><strong>consonant.</strong></span> 
     </span>
     <span class='ocr_line' id='line_1_29' title="bbox 920 1740 2340 1806; baseline 0.002 -4"><span class='ocrx_word' id='word_1_115' title='bbox 920 1740 1134 1803; x_wconf 87' lang='lat' dir='ltr'><strong>Nihilo</strong></span> <span class='ocrx_word' id='word_1_116' title='bbox 1168 1742 1381 1804; x_wconf 90' lang='lat' dir='ltr'><strong>minus</strong></span> <span class='ocrx_word' id='word_1_117' title='bbox 1419 1743 1628 1805; x_wconf 90' lang='lat' dir='ltr'><strong>adhuc</strong></span> <span class='ocrx_word' id='word_1_118' title='bbox 1664 1742 1834 1805; x_wconf 90' lang='lat' dir='ltr'><strong>circa</strong></span> <span class='ocrx_word' id='word_1_119' title='bbox 1863 1743 2340 1806; x_wconf 82' lang='lat' dir='ltr'><strong>distinctionem</strong></span> 
     </span>
    </p>
   </div>
   <div class='ocr_carea' id='block_1_10' title="bbox 2444 759 3953 1827">
    <p class='ocr_par' dir='ltr' id='par_1_10' title="bbox 2444 759 3953 1827">
     <span class='ocr_line' id='line_1_30' title="bbox 2444 759 3950 843; baseline -0.001 -20"><span class='ocrx_word' id='word_1_120' title='bbox 2444 761 2555 823; x_wconf 93' lang='lat' dir='ltr'><strong>sed</strong></span> <span class='ocrx_word' id='word_1_121' title='bbox 2601 760 2766 823; x_wconf 91' lang='lat' dir='ltr'><strong>bene</strong></span> <span class='ocrx_word' id='word_1_122' title='bbox 2803 778 2881 823; x_wconf 84' lang='lat' dir='ltr'><strong>ex</strong></span> <span class='ocrx_word' id='word_1_123' title='bbox 2923 759 3186 843; x_wconf 89' lang='lat' dir='ltr'><strong>speciali</strong></span> <span class='ocrx_word' id='word_1_124' title='bbox 3231 759 3543 823; x_wconf 89' lang='lat' dir='ltr'><strong>mandato.</strong></span> <span class='ocrx_word' id='word_1_125' title='bbox 3587 760 3764 823; x_wconf 90' lang='lat' dir='ltr'><strong>Unde</strong></span> <span class='ocrx_word' id='word_1_126' title='bbox 3806 760 3950 841; x_wconf 87' lang='lat' dir='ltr'><strong>qui-</strong></span> 
     </span>
     <span class='ocr_line' id='line_1_31' title="bbox 2445 858 3947 940; baseline -0.001 -18"><span class='ocrx_word' id='word_1_127' title='bbox 2445 860 2590 922; x_wconf 90' lang='lat' dir='ltr'><strong>dam</strong></span> <span class='ocrx_word' id='word_1_128' title='bbox 2636 859 2848 921; x_wconf 86' lang='lat' dir='ltr'><strong>Sancti</strong></span> <span class='ocrx_word' id='word_1_129' title='bbox 2895 859 3192 940; x_wconf 85' lang='lat' dir='ltr'><strong>leguntur</strong></span> <span class='ocrx_word' id='word_1_130' title='bbox 3229 877 3267 921; x_wconf 98' lang='lat' dir='ltr'><strong>a</strong></span> <span class='ocrx_word' id='word_1_131' title='bbox 3303 858 3506 922; x_wconf 87' lang='lat' dir='ltr'><strong>beatis</strong></span> <span class='ocrx_word' id='word_1_132' title='bbox 3553 858 3798 940; x_wconf 79' lang='lat' dir='ltr'><strong>angelis</strong></span> <span class='ocrx_word' id='word_1_133' title='bbox 3839 858 3947 921; x_wconf 84' lang='lat' dir='ltr'><strong>ba—</strong></span> 
     </span>
     <span class='ocr_line' id='line_1_32' title="bbox 2446 956 3946 1039; baseline -0.001 -20"><span class='ocrx_word' id='word_1_134' title='bbox 2446 956 2684 1039; x_wconf 91' lang='lat' dir='ltr'><strong>ptizati.</strong></span> <span class='ocrx_word' id='word_1_135' title='bbox 2721 957 2798 1019; x_wconf 87' lang='lat' dir='ltr'><strong>Et</strong></span> <span class='ocrx_word' id='word_1_136' title='bbox 2838 956 3248 1021; x_wconf 88' lang='lat' dir='ltr'><strong>beatissimus</strong></span> <span class='ocrx_word' id='word_1_137' title='bbox 3289 956 3555 1020; x_wconf 84' lang='lat' dir='ltr'><strong>Michael</strong></span> <span class='ocrx_word' id='word_1_138' title='bbox 3603 956 3946 1019; x_wconf 89' lang='lat' dir='ltr'><strong>ecclesiam</strong></span> 
     </span>
     <span class='ocr_line' id='line_1_33' title="bbox 2446 1054 3950 1136; baseline 0 -19"><span class='ocrx_word' id='word_1_139' title='bbox 2446 1074 2627 1117; x_wconf 88' lang='lat' dir='ltr'><strong>suam</strong></span> <span class='ocrx_word' id='word_1_140' title='bbox 2677 1056 2743 1118; x_wconf 93' lang='lat' dir='ltr'><strong>in</strong></span> <span class='ocrx_word' id='word_1_141' title='bbox 2794 1063 3009 1119; x_wconf 90' lang='lat' dir='ltr'><strong>monte</strong></span> <span class='ocrx_word' id='word_1_142' title='bbox 3053 1055 3336 1136; x_wconf 84' lang='lat' dir='ltr'><strong>Gargano</strong></span> <span class='ocrx_word' id='word_1_143' title='bbox 3378 1054 3713 1118; x_wconf 86' lang='lat' dir='ltr'><strong>dedicavit.</strong></span> <span class='ocrx_word' id='word_1_144' title='bbox 3759 1056 3950 1117; x_wconf 90' lang='lat' dir='ltr'><strong>Deni-</strong></span> 
     </span>
     <span class='ocr_line' id='line_1_34' title="bbox 2448 1154 3953 1237; baseline -0.001 -21"><span class='ocrx_word' id='word_1_145' title='bbox 2448 1173 2572 1236; x_wconf 88' lang='lat' dir='ltr'><strong>que</strong></span> <span class='ocrx_word' id='word_1_146' title='bbox 2622 1154 3012 1237; x_wconf 82' lang='lat' dir='ltr'><strong>dispensatio</strong></span> <span class='ocrx_word' id='word_1_147' title='bbox 3063 1162 3604 1217; x_wconf 87' lang='lat' dir='ltr'><strong>sacramentorum</strong></span> <span class='ocrx_word' id='word_1_148' title='bbox 3663 1172 3792 1216; x_wconf 87' lang='lat' dir='ltr'><strong>non</strong></span> <span class='ocrx_word' id='word_1_149' title='bbox 3849 1162 3953 1217; x_wconf 85' lang='lat' dir='ltr'><strong>est</strong></span> 
     </span>
     <span class='ocr_line' id='line_1_35' title="bbox 2449 1252 3950 1334; baseline -0.001 -18"><span class='ocrx_word' id='word_1_150' title='bbox 2449 1253 2791 1316; x_wconf 89' lang='lat' dir='ltr'><strong>commissa</strong></span> <span class='ocrx_word' id='word_1_151' title='bbox 2828 1252 2953 1315; x_wconf 79' lang='lat' dir='ltr'><strong>nisi</strong></span> <span class='ocrx_word' id='word_1_152' title='bbox 2990 1252 3383 1327; x_wconf 80' lang='lat' dir='ltr'><strong>hominibuS,</strong></span> <span class='ocrx_word' id='word_1_153' title='bbox 3415 1252 3528 1334; x_wconf 90' lang='lat' dir='ltr'><strong>qui</strong></span> <span class='ocrx_word' id='word_1_154' title='bbox 3559 1271 3707 1315; x_wconf 90' lang='lat' dir='ltr'><strong>cum</strong></span> <span class='ocrx_word' id='word_1_155' title='bbox 3738 1252 3950 1315; x_wconf 89' lang='lat' dir='ltr'><strong>Verbo</strong></span> 
     </span>
     <span class='ocr_line' id='line_1_36' title="bbox 2451 1350 3952 1430; baseline -0.001 -18"><span class='ocrx_word' id='word_1_156' title='bbox 2451 1350 2776 1413; x_wconf 90' lang='lat' dir='ltr'><strong>incarnato</strong></span> <span class='ocrx_word' id='word_1_157' title='bbox 2825 1351 3216 1414; x_wconf 89' lang='lat' dir='ltr'><strong>conveniunt</strong></span> <span class='ocrx_word' id='word_1_158' title='bbox 3264 1352 3330 1413; x_wconf 90' lang='lat' dir='ltr'><strong>in</strong></span> <span class='ocrx_word' id='word_1_159' title='bbox 3381 1358 3626 1423; x_wconf 88' lang='lat' dir='ltr'><strong>natura,</strong></span> <span class='ocrx_word' id='word_1_160' title='bbox 3675 1370 3712 1412; x_wconf 89' lang='lat' dir='ltr'><strong>a</strong></span> <span class='ocrx_word' id='word_1_161' title='bbox 3759 1350 3952 1430; x_wconf 85' lang='lat' dir='ltr'><strong>cujus</strong></span> 
     </span>
     <span class='ocr_line' id='line_1_37' title="bbox 2449 1447 3949 1531; baseline 0.001 -22"><span class='ocrx_word' id='word_1_162' title='bbox 2449 1448 2742 1531; x_wconf 87' lang='lat' dir='ltr'><strong>passione</strong></span> <span class='ocrx_word' id='word_1_163' title='bbox 2773 1456 3161 1511; x_wconf 87' lang='lat' dir='ltr'><strong>sacramenta</strong></span> <span class='ocrx_word' id='word_1_164' title='bbox 3188 1447 3548 1511; x_wconf 81' lang='lat' dir='ltr'><strong>efficaciam</strong></span> <span class='ocrx_word' id='word_1_165' title='bbox 3577 1448 3949 1511; x_wconf 81' lang='lat' dir='ltr'><strong>sortiunt-ur.</strong></span> 
     </span>
     <span class='ocr_line' id='line_1_38' title="bbox 2449 1546 3950 1627; baseline -0.001 -17"><span class='ocrx_word' id='word_1_166' title='bbox 2449 1548 2578 1611; x_wconf 86' lang='lat' dir='ltr'><strong>Nec</strong></span> <span class='ocrx_word' id='word_1_167' title='bbox 2609 1565 2754 1608; x_wconf 90' lang='lat' dir='ltr'><strong>cum</strong></span> <span class='ocrx_word' id='word_1_168' title='bbox 2785 1547 3196 1609; x_wconf 82' lang='lat' dir='ltr'><strong>sacramentis</strong></span> <span class='ocrx_word' id='word_1_169' title='bbox 3222 1546 3614 1609; x_wconf 90' lang='lat' dir='ltr'><strong>conveniunt</strong></span> <span class='ocrx_word' id='word_1_170' title='bbox 3637 1546 3848 1627; x_wconf 86' lang='lat' dir='ltr'><strong>angeli</strong></span> <span class='ocrx_word' id='word_1_171' title='bbox 3881 1546 3950 1609; x_wconf 90' lang='lat' dir='ltr'><strong>in</strong></span> 
     </span>
     <span class='ocr_line' id='line_1_39' title="bbox 2451 1645 3950 1727; baseline -0.001 -18"><span class='ocrx_word' id='word_1_172' title='bbox 2451 1646 2836 1709; x_wconf 89' lang='lat' dir='ltr'><strong>continendo</strong></span> <span class='ocrx_word' id='word_1_173' title='bbox 2874 1646 2940 1707; x_wconf 93' lang='lat' dir='ltr'><strong>in</strong></span> <span class='ocrx_word' id='word_1_174' title='bbox 2983 1664 3050 1708; x_wconf 91' lang='lat' dir='ltr'><strong>se</strong></span> <span class='ocrx_word' id='word_1_175' title='bbox 3087 1645 3331 1726; x_wconf 89' lang='lat' dir='ltr'><strong>aliquid</strong></span> <span class='ocrx_word' id='word_1_176' title='bbox 3373 1646 3721 1727; x_wconf 83' lang='lat' dir='ltr'><strong>corporale,</strong></span> <span class='ocrx_word' id='word_1_177' title='bbox 3755 1652 3950 1727; x_wconf 87' lang='lat' dir='ltr'><strong>atque</strong></span> 
     </span>
     <span class='ocr_line' id='line_1_40' title="bbox 2453 1743 3950 1827; baseline -0.001 -20"><span class='ocrx_word' id='word_1_178' title='bbox 2453 1745 2520 1807; x_wconf 86' lang='lat' dir='ltr'><strong>in</strong></span> <span class='ocrx_word' id='word_1_179' title='bbox 2569 1745 2681 1808; x_wconf 91' lang='lat' dir='ltr'><strong>illo</strong></span> <span class='ocrx_word' id='word_1_180' title='bbox 2729 1744 3126 1827; x_wconf 88' lang='lat' dir='ltr'><strong>spiritualem</strong></span> <span class='ocrx_word' id='word_1_181' title='bbox 3178 1744 3480 1807; x_wconf 84' lang='lat' dir='ltr'><strong>virtutem</strong></span> <span class='ocrx_word' id='word_1_182' title='bbox 3531 1761 3544 1805; x_wconf 74' lang='grc' dir='ltr'>ε</span> <span class='ocrx_word' id='word_1_183' title='bbox 3599 1743 3722 1826; x_wconf 88' lang='lat' dir='ltr'><strong>ipsi</strong></span> <span class='ocrx_word' id='word_1_184' title='bbox 3771 1744 3950 1807; x_wconf 87' lang='lat' dir='ltr'><strong>enim</strong></span> 
     </span>
    </p>
   </div>
   <div class='ocr_carea' id='block_1_11' title="bbox 843 1840 3954 1925">
    <p class='ocr_par' dir='ltr' id='par_1_11' title="bbox 843 1840 3954 1925">
     <span class='ocr_line' id='line_1_41' title="bbox 843 1840 3954 1925; baseline 0.001 -24"><span class='ocrx_word' id='word_1_185' title='bbox 843 1840 1007 1902; x_wconf 89' lang='lat' dir='ltr'><strong>hanc</strong></span> <span class='ocrx_word' id='word_1_186' title='bbox 1051 1840 1379 1921; x_wconf 81' lang='lat' dir='ltr'><strong>quaeritur,</strong></span> <span class='ocrx_word' id='word_1_187' title='bbox 1420 1860 1499 1903; x_wconf 89' lang='lat' dir='ltr'><strong>an</strong></span> <span class='ocrx_word' id='word_1_188' title='bbox 1544 1842 1770 1923; x_wconf 85' lang='lat' dir='ltr'><strong>angelo</strong></span> <span class='ocrx_word' id='word_1_189' title='bbox 1812 1841 1979 1905; x_wconf 90' lang='lat' dir='ltr'><strong>bono</strong></span> <span class='ocrx_word' id='word_1_190' title='bbox 2022 1850 2131 1904; x_wconf 88' lang='lat' dir='ltr'><strong>aut</strong></span> <span class='ocrx_word' id='word_1_191' title='bbox 2175 1843 2340 1906; x_wconf 89' lang='lat' dir='ltr'><strong>malo</strong></span> <span class='ocrx_word' id='word_1_192' title='bbox 2376 1844 2425 1907; x_wconf 89' lang='lat' dir='ltr'><strong>B</strong></span> <span class='ocrx_word' id='word_1_193' title='bbox 2453 1851 2603 1905; x_wconf 91' lang='lat' dir='ltr'><strong>sunt</strong></span> <span class='ocrx_word' id='word_1_194' title='bbox 2640 1844 2904 1925; x_wconf 88' lang='lat' dir='ltr'><strong>spiritus</strong></span> <span class='ocrx_word' id='word_1_195' title='bbox 2943 1841 3288 1924; x_wconf 75' lang='lat' dir='ltr'><strong>simplices</strong></span> <span class='ocrx_word' id='word_1_196' title='bbox 3331 1842 3465 1905; x_wconf 91' lang='lat' dir='ltr'><strong>Illis</strong></span> <span class='ocrx_word' id='word_1_197' title='bbox 3503 1842 3696 1907; x_wconf 87' lang='lat' dir='ltr'><strong>etiam</strong></span> <span class='ocrx_word' id='word_1_198' title='bbox 3735 1843 3954 1905; x_wconf 88' lang='lat' dir='ltr'><strong>decuit</strong></span> 
     </span>
    </p>
   </div>
   <div class='ocr_carea' id='block_1_12' title="bbox 843 1938 2342 2511">
    <p class='ocr_par' dir='ltr' id='par_1_12' title="bbox 843 1938 2342 2511">
     <span class='ocr_line' id='line_1_42' title="bbox 844 1938 2339 2022; baseline 0.002 -22"><span class='ocrx_word' id='word_1_199' title='bbox 844 1938 1184 2001; x_wconf 89' lang='lat' dir='ltr'><strong>convenire</strong></span> <span class='ocrx_word' id='word_1_200' title='bbox 1235 1939 1441 2001; x_wconf 85' lang='lat' dir='ltr'><strong>valcat</strong></span> <span class='ocrx_word' id='word_1_201' title='bbox 1486 1939 1850 2021; x_wconf 90' lang='lat' dir='ltr'><strong>baptizandi</strong></span> <span class='ocrx_word' id='word_1_202' title='bbox 1901 1947 2196 2022; x_wconf 77' lang='lat' dir='ltr'><strong>potestas,</strong></span> <span class='ocrx_word' id='word_1_203' title='bbox 2247 1941 2339 2003; x_wconf 87' lang='lat' dir='ltr'><strong>Ad</strong></span> 
     </span>
     <span class='ocr_line' id='line_1_43' title="bbox 845 2036 2338 2120; baseline 0.003 -23"><span class='ocrx_word' id='word_1_204' title='bbox 845 2036 1015 2118; x_wconf 89' lang='lat' dir='ltr'><strong>quod</strong></span> <span class='ocrx_word' id='word_1_205' title='bbox 1058 2036 1345 2098; x_wconf 90' lang='lat' dir='ltr'><strong>omnium</strong></span> <span class='ocrx_word' id='word_1_206' title='bbox 1394 2055 1655 2100; x_wconf 87' lang='lat' dir='ltr'><strong>concors</strong></span> <span class='ocrx_word' id='word_1_207' title='bbox 1698 2038 1945 2100; x_wconf 84' lang='lat' dir='ltr'><strong>exsistit</strong></span> <span class='ocrx_word' id='word_1_208' title='bbox 1988 2040 2338 2120; x_wconf 87' lang='lat' dir='ltr'><strong>responsio,</strong></span> 
     </span>
     <span class='ocr_line' id='line_1_44' title="bbox 843 2134 2341 2218; baseline 0.003 -23"><span class='ocrx_word' id='word_1_209' title='bbox 843 2134 1009 2215; x_wconf 88' lang='lat' dir='ltr'><strong>quod</strong></span> <span class='ocrx_word' id='word_1_210' title='bbox 1039 2134 1260 2214; x_wconf 86' lang='lat' dir='ltr'><strong>angelo</strong></span> <span class='ocrx_word' id='word_1_211' title='bbox 1286 2134 1451 2197; x_wconf 89' lang='lat' dir='ltr'><strong>malo</strong></span> <span class='ocrx_word' id='word_1_212' title='bbox 1480 2135 1840 2197; x_wconf 88' lang='lat' dir='ltr'><strong>nullatenus</strong></span> <span class='ocrx_word' id='word_1_213' title='bbox 1872 2143 2208 2218; x_wconf 86' lang='lat' dir='ltr'><strong>competat,</strong></span> <span class='ocrx_word' id='word_1_214' title='bbox 2223 2156 2341 2199; x_wconf 88' lang='lat' dir='ltr'><strong>nec</strong></span> 
     </span>
     <span class='ocr_line' id='line_1_45' title="bbox 845 2230 2340 2321; baseline 0.003 -29"><span class='ocrx_word' id='word_1_215' title='bbox 845 2250 924 2293; x_wconf 87' lang='lat' dir='ltr'><strong>ex</strong></span> <span class='ocrx_word' id='word_1_216' title='bbox 955 2230 1195 2321; x_wconf 81' lang='lat' dir='ltr'><strong>officio,</strong></span> <span class='ocrx_word' id='word_1_217' title='bbox 1230 2250 1347 2294; x_wconf 89' lang='lat' dir='ltr'><strong>nec</strong></span> <span class='ocrx_word' id='word_1_218' title='bbox 1378 2252 1454 2294; x_wconf 87' lang='lat' dir='ltr'><strong>ex</strong></span> <span class='ocrx_word' id='word_1_219' title='bbox 1489 2233 1747 2315; x_wconf 89' lang='lat' dir='ltr'><strong>speciali</strong></span> <span class='ocrx_word' id='word_1_220' title='bbox 1792 2234 2105 2308; x_wconf 86' lang='lat' dir='ltr'><strong>mandato,</strong></span> <span class='ocrx_word' id='word_1_221' title='bbox 2141 2254 2340 2317; x_wconf 92' lang='lat' dir='ltr'><strong>quum</strong></span> 
     </span>
     <span class='ocr_line' id='line_1_46' title="bbox 846 2329 2341 2407; baseline 0.002 -14"><span class='ocrx_word' id='word_1_222' title='bbox 846 2347 973 2393; x_wconf 91' lang='lat' dir='ltr'><strong>non</strong></span> <span class='ocrx_word' id='word_1_223' title='bbox 1028 2329 1112 2392; x_wconf 92' lang='lat' dir='ltr'><strong>sit</strong></span> <span class='ocrx_word' id='word_1_224' title='bbox 1162 2330 1453 2393; x_wconf 87' lang='lat' dir='ltr'><strong>minister</strong></span> <span class='ocrx_word' id='word_1_225' title='bbox 1498 2331 1865 2394; x_wconf 81' lang='lat' dir='ltr'><strong>officiorum</strong></span> <span class='ocrx_word' id='word_1_226' title='bbox 1926 2333 2171 2407; x_wconf 80' lang='lat' dir='ltr'><strong>salutiS,</strong></span> <span class='ocrx_word' id='word_1_227' title='bbox 2223 2352 2341 2396; x_wconf 91' lang='lat' dir='ltr'><strong>nec</strong></span> 
     </span>
     <span class='ocr_line' id='line_1_47' title="bbox 847 2428 2342 2511; baseline 0.004 -22"><span class='ocrx_word' id='word_1_228' title='bbox 847 2428 1127 2509; x_wconf 76' lang='lat' dir='ltr'><strong>aliquem</strong></span> <span class='ocrx_word' id='word_1_229' title='bbox 1170 2448 1440 2511; x_wconf 83' lang='lat' dir='ltr'><strong>purgare</strong></span> <span class='ocrx_word' id='word_1_230' title='bbox 1476 2430 1777 2493; x_wconf 90' lang='lat' dir='ltr'><strong>intendat.</strong></span> <span class='ocrx_word' id='word_1_231' title='bbox 1813 2431 1941 2495; x_wconf 90' lang='lat' dir='ltr'><strong>Nec</strong></span> <span class='ocrx_word' id='word_1_232' title='bbox 1972 2432 2164 2494; x_wconf 90' lang='lat' dir='ltr'><strong>etiam</strong></span> <span class='ocrx_word' id='word_1_233' title='bbox 2197 2450 2342 2494; x_wconf 91' lang='lat' dir='ltr'><strong>con-</strong></span> 
     </span>
    </p>
   </div>
   <div class='ocr_carea' id='block_1_13' title="bbox 2449 1941 3955 2515">
    <p class='ocr_par' dir='ltr' id='par_1_13' title="bbox 2449 1941 3955 2515">
     <span class='ocr_line' id='line_1_48' title="bbox 2452 1941 3952 2023; baseline -0.001 -19"><span class='ocrx_word' id='word_1_234' title='bbox 2452 1950 2994 2004; x_wconf 88' lang='lat' dir='ltr'><strong>sacramentorum</strong></span> <span class='ocrx_word' id='word_1_235' title='bbox 3041 1942 3582 2023; x_wconf 85' lang='lat' dir='ltr'><strong>dispensationem</strong></span> <span class='ocrx_word' id='word_1_236' title='bbox 3633 1941 3952 2004; x_wconf 89' lang='lat' dir='ltr'><strong>committi</strong></span> 
     </span>
     <span class='ocr_line' id='line_1_49' title="bbox 2451 2039 3952 2121; baseline 0 -20"><span class='ocrx_word' id='word_1_237' title='bbox 2451 2057 2724 2121; x_wconf 88' lang='lat' dir='ltr'><strong>quorum</strong></span> <span class='ocrx_word' id='word_1_238' title='bbox 2774 2047 2870 2101; x_wconf 89' lang='lat' dir='ltr'><strong>est</strong></span> <span class='ocrx_word' id='word_1_239' title='bbox 2912 2040 3308 2102; x_wconf 89' lang='lat' dir='ltr'><strong>conversatio</strong></span> <span class='ocrx_word' id='word_1_240' title='bbox 3355 2058 3503 2101; x_wconf 89' lang='lat' dir='ltr'><strong>cum</strong></span> <span class='ocrx_word' id='word_1_241' title='bbox 3551 2039 3952 2113; x_wconf 87' lang='lat' dir='ltr'><strong>hominibus,</strong></span> 
     </span>
     <span class='ocr_line' id='line_1_50' title="bbox 2451 2130 3954 2221; baseline 0.002 -22"><span class='ocrx_word' id='word_1_242' title='bbox 2451 2146 2514 2199; x_wconf 88' lang='lat' dir='ltr'><strong>et</strong></span> <span class='ocrx_word' id='word_1_243' title='bbox 2544 2138 2654 2220; x_wconf 91' lang='lat' dir='ltr'><strong>qui</strong></span> <span class='ocrx_word' id='word_1_244' title='bbox 2687 2130 2955 2220; x_wconf 86' lang='lat' dir='ltr'><strong>possunt</strong></span> <span class='ocrx_word' id='word_1_245' title='bbox 2985 2138 3049 2200; x_wconf 91' lang='lat' dir='ltr'><strong>in</strong></span> <span class='ocrx_word' id='word_1_246' title='bbox 3084 2146 3378 2221; x_wconf 90' lang='lat' dir='ltr'><strong>prompto</strong></span> <span class='ocrx_word' id='word_1_247' title='bbox 3416 2137 3659 2213; x_wconf 89' lang='lat' dir='ltr'><strong>haberi,</strong></span> <span class='ocrx_word' id='word_1_248' title='bbox 3691 2157 3765 2200; x_wconf 88' lang='lat' dir='ltr'><strong>ac</strong></span> <span class='ocrx_word' id='word_1_249' title='bbox 3808 2156 3954 2221; x_wconf 89' lang='lat' dir='ltr'><strong>pro-</strong></span> 
     </span>
     <span class='ocr_line' id='line_1_51' title="bbox 2451 2236 3955 2319; baseline 0.001 -20"><span class='ocrx_word' id='word_1_250' title='bbox 2451 2236 2958 2319; x_wconf 86' lang='lat' dir='ltr'><strong>portionabiliter</strong></span> <span class='ocrx_word' id='word_1_251' title='bbox 2994 2236 3366 2299; x_wconf 89' lang='lat' dir='ltr'><strong>hominibus</strong></span> <span class='ocrx_word' id='word_1_252' title='bbox 3403 2237 3713 2319; x_wconf 89' lang='lat' dir='ltr'><strong>applicari</strong></span> <span class='ocrx_word' id='word_1_253' title='bbox 3751 2255 3765 2298; x_wconf 93' lang='lat'>:</span> <span class='ocrx_word' id='word_1_254' title='bbox 3809 2256 3955 2318; x_wconf 82' lang='lat' dir='ltr'><strong>quae</strong></span> 
     </span>
     <span class='ocr_line' id='line_1_52' title="bbox 2450 2334 3954 2417; baseline 0 -21"><span class='ocrx_word' id='word_1_255' title='bbox 2450 2352 2578 2397; x_wconf 92' lang='lat' dir='ltr'><strong>non</strong></span> <span class='ocrx_word' id='word_1_256' title='bbox 2628 2334 3034 2417; x_wconf 85' lang='lat' dir='ltr'><strong>simplicibus</strong></span> <span class='ocrx_word' id='word_1_257' title='bbox 3078 2334 3206 2396; x_wconf 91' lang='lat' dir='ltr'><strong>illis</strong></span> <span class='ocrx_word' id='word_1_258' title='bbox 3249 2334 3606 2417; x_wconf 83' lang='lat' dir='ltr'><strong>spiritibuS,</strong></span> <span class='ocrx_word' id='word_1_259' title='bbox 3658 2335 3770 2397; x_wconf 88' lang='lat' dir='ltr'><strong>sed</strong></span> <span class='ocrx_word' id='word_1_260' title='bbox 3813 2352 3954 2397; x_wconf 89' lang='lat' dir='ltr'><strong>cor-</strong></span> 
     </span>
     <span class='ocr_line' id='line_1_53' title="bbox 2449 2432 3761 2515; baseline 0 -21"><span class='ocrx_word' id='word_1_261' title='bbox 2449 2432 2660 2515; x_wconf 91' lang='lat' dir='ltr'><strong>poreis</strong></span> <span class='ocrx_word' id='word_1_262' title='bbox 2703 2440 2951 2496; x_wconf 87' lang='lat' dir='ltr'><strong>constat</strong></span> <span class='ocrx_word' id='word_1_263' title='bbox 2991 2432 3332 2496; x_wconf 88' lang='lat' dir='ltr'><strong>convenire</strong></span> <span class='ocrx_word' id='word_1_264' title='bbox 3371 2432 3761 2496; x_wconf 87' lang='lat' dir='ltr'><strong>hominibus.</strong></span> 
     </span>
    </p>
   </div>
   <div class='ocr_carea' id='block_1_14' title="bbox 1810 2866 2970 2980">
    <p class='ocr_par' dir='ltr' id='par_1_14' title="bbox 1810 2866 2970 2980">
     <span class='ocr_line' id='line_1_54' title="bbox 1810 2866 2970 2980; baseline 0.001 -4"><span class='ocrx_word' id='word_1_265' title='bbox 1810 2866 2726 2980; x_wconf 89' lang='lat' dir='ltr'><strong>DISTINCTIO</strong></span> <span class='ocrx_word' id='word_1_266' title='bbox 2817 2868 2970 2978; x_wconf 93' lang='lat' dir='ltr'><strong>Vl</strong></span> 
     </span>
    </p>
   </div>
   <div class='ocr_carea' id='block_1_15' title="bbox 1849 3193 2946 3272">
    <p class='ocr_par' dir='ltr' id='par_1_15' title="bbox 1849 3193 2946 3272">
     <span class='ocr_line' id='line_1_55' title="bbox 1849 3193 2946 3272; baseline 0.002 -14"><span class='ocrx_word' id='word_1_267' title='bbox 1849 3193 1930 3258; x_wconf 89' lang='lat' dir='ltr'><strong>A.</strong></span> <span class='ocrx_word' id='word_1_268' title='bbox 1972 3198 2237 3264; x_wconf 79' lang='lat' dir='ltr'><strong>Quibus</strong></span> <span class='ocrx_word' id='word_1_269' title='bbox 2276 3198 2500 3260; x_wconf 79' lang='lat' dir='ltr'><strong>liceat</strong></span> <span class='ocrx_word' id='word_1_270' title='bbox 2536 3199 2946 3272; x_wconf 72' lang='lat' dir='ltr'><strong>baptizare.</strong></span> 
     </span>
    </p>
   </div>
   <div class='ocr_carea' id='block_1_16' title="bbox 850 3543 3960 5025">
    <p class='ocr_par' dir='ltr' id='par_1_16' title="bbox 1134 3543 3960 3632">
     <span class='ocr_line' id='line_1_56' title="bbox 1134 3543 3960 3632; baseline 0.002 -24"><span class='ocrx_word' id='word_1_271' title='bbox 1134 3561 1353 3608; x_wconf 89' lang='lat' dir='ltr'><strong>smum</strong></span> <span class='ocrx_word' id='word_1_272' title='bbox 1398 3543 1559 3607; x_wconf 89' lang='lat' dir='ltr'><strong>solis</strong></span> <span class='ocrx_word' id='word_1_273' title='bbox 1596 3543 2042 3608; x_wconf 88' lang='lat' dir='ltr'><strong>sacerdotibus</strong></span> <span class='ocrx_word' id='word_1_274' title='bbox 2082 3562 2226 3608; x_wconf 89' lang='lat' dir='ltr'><strong>esse</strong></span> <span class='ocrx_word' id='word_1_275' title='bbox 2265 3544 2618 3626; x_wconf 83' lang='lat' dir='ltr'><strong>traditum3</strong></span> <span class='ocrx_word' id='word_1_276' title='bbox 2657 3545 2932 3628; x_wconf 89' lang='lat' dir='ltr'><strong>ejusque</strong></span> <span class='ocrx_word' id='word_1_277' title='bbox 2975 3548 3416 3612; x_wconf 86' lang='lat' dir='ltr'><strong>ministerium</strong></span> <span class='ocrx_word' id='word_1_278' title='bbox 3455 3567 3574 3613; x_wconf 90' lang='lat' dir='ltr'><strong>nec</strong></span> <span class='ocrx_word' id='word_1_279' title='bbox 3611 3551 3776 3632; x_wconf 91' lang='lat' dir='ltr'><strong>ipsis</strong></span> <span class='ocrx_word' id='word_1_280' title='bbox 3814 3551 3960 3615; x_wconf 89' lang='lat' dir='ltr'><strong>dia-</strong></span> 
     </span>
    </p>

    <p class='ocr_par' dir='ltr' id='par_1_17' title="bbox 850 3659 3959 5025">
     <span class='ocr_line' id='line_1_57' title="bbox 1127 3659 3957 3748; baseline 0.002 -25"><span class='ocrx_word' id='word_1_281' title='bbox 1127 3660 1401 3724; x_wconf 91' lang='lat' dir='ltr'><strong>conibus</strong></span> <span class='ocrx_word' id='word_1_282' title='bbox 1438 3660 1714 3741; x_wconf 90' lang='lat' dir='ltr'><strong>implere</strong></span> <span class='ocrx_word' id='word_1_283' title='bbox 1752 3661 1851 3723; x_wconf 91' lang='lat' dir='ltr'><strong>est</strong></span> <span class='ocrx_word' id='word_1_284' title='bbox 1890 3659 2148 3722; x_wconf 90' lang='lat' dir='ltr'><strong>licitum</strong></span> <span class='ocrx_word' id='word_1_285' title='bbox 2187 3660 2433 3740; x_wconf 87' lang='lat' dir='ltr'><strong>absque</strong></span> <span class='ocrx_word' id='word_1_286' title='bbox 2471 3661 2779 3743; x_wconf 90' lang='lat' dir='ltr'><strong>episcopo</strong></span> <span class='ocrx_word' id='word_1_287' title='bbox 2816 3663 2919 3725; x_wconf 89' lang='lat' dir='ltr'><strong>vel</strong></span> <span class='ocrx_word' id='word_1_288' title='bbox 2956 3664 3362 3746; x_wconf 84' lang='lat' dir='ltr'><strong>presbytero,</strong></span> <span class='ocrx_word' id='word_1_289' title='bbox 3408 3665 3538 3728; x_wconf 91' lang='lat' dir='ltr'><strong>nisi</strong></span> <span class='ocrx_word' id='word_1_290' title='bbox 3574 3666 3680 3730; x_wconf 89' lang='lat' dir='ltr'><strong>his</strong></span> <span class='ocrx_word' id='word_1_291' title='bbox 3721 3668 3957 3748; x_wconf 88' lang='lat' dir='ltr'><strong>procul</strong></span> 
     </span>
     <span class='ocr_line' id='line_1_58' title="bbox 852 3775 3950 3862; baseline 0.001 -20"><span class='ocrx_word' id='word_1_292' title='bbox 852 3777 1233 3842; x_wconf 84' lang='lat' dir='ltr'><strong>absentibus</strong></span> <span class='ocrx_word' id='word_1_293' title='bbox 1268 3776 1503 3839; x_wconf 89' lang='lat' dir='ltr'><strong>ultima</strong></span> <span class='ocrx_word' id='word_1_294' title='bbox 1530 3775 1867 3856; x_wconf 83' lang='lat' dir='ltr'><strong>languoris</strong></span> <span class='ocrx_word' id='word_1_295' title='bbox 1896 3777 2085 3856; x_wconf 91' lang='lat' dir='ltr'><strong>cogat</strong></span> <span class='ocrx_word' id='word_1_296' title='bbox 2112 3777 2468 3839; x_wconf 88' lang='lat' dir='ltr'><strong>necessitas</strong></span> <span class='ocrx_word' id='word_1_297' title='bbox 2497 3796 2510 3837; x_wconf 91' lang='lat'>:</span> <span class='ocrx_word' id='word_1_298' title='bbox 2537 3777 2712 3856; x_wconf 91' lang='lat' dir='ltr'><strong>quod</strong></span> <span class='ocrx_word' id='word_1_299' title='bbox 2745 3779 2944 3840; x_wconf 87' lang='lat' dir='ltr'><strong>etiam</strong></span> <span class='ocrx_word' id='word_1_300' title='bbox 2971 3779 3155 3842; x_wconf 89' lang='lat' dir='ltr'><strong>laicis</strong></span> <span class='ocrx_word' id='word_1_301' title='bbox 3183 3776 3486 3844; x_wconf 88' lang='lat' dir='ltr'><strong>fidelibus</strong></span> <span class='ocrx_word' id='word_1_302' title='bbox 3521 3783 3950 3862; x_wconf 83' lang='lat' dir='ltr'><strong>permittitur.</strong></span> 
     </span>
     <span class='ocr_line' id='line_1_59' title="bbox 852 3892 3958 3980; baseline 0.001 -20"><span class='ocrx_word' id='word_1_303' title='bbox 852 3896 1021 3960; x_wconf 88' lang='lat' dir='ltr'><strong>Item</strong></span> <span class='ocrx_word' id='word_1_304' title='bbox 1059 3913 1137 3958; x_wconf 84' lang='lat' dir='ltr'><strong>ex</strong></span> <span class='ocrx_word' id='word_1_305' title='bbox 1180 3893 1455 3956; x_wconf 92' lang='lat' dir='ltr'><strong>concilio</strong></span> <span class='ocrx_word' id='word_1_306' title='bbox 1495 3892 1988 3973; x_wconf 85' lang='lat' dir='ltr'><strong>Carthaginensi</strong></span> <span class='ocrx_word' id='word_1_307' title='bbox 2027 3894 2260 3974; x_wconf 88' lang='lat' dir='ltr'><strong>quarto</strong></span> <span class='ocrx_word' id='word_1_308' title='bbox 2303 3913 2316 3954; x_wconf 93' lang='lat'>:</span> <span class='ocrx_word' id='word_1_309' title='bbox 2359 3892 2596 3956; x_wconf 87' lang='lat' dir='ltr'><strong>Mulier</strong></span> <span class='ocrx_word' id='word_1_310' title='bbox 2633 3895 2936 3974; x_wconf 89' lang='lat' dir='ltr'><strong>quamvis</strong></span> <span class='ocrx_word' id='word_1_311' title='bbox 2972 3898 3217 3974; x_wconf 89' lang='lat' dir='ltr'><strong>sancta,</strong></span> <span class='ocrx_word' id='word_1_312' title='bbox 3252 3896 3578 3978; x_wconf 79' lang='lat' dir='ltr'><strong>baptIzare</strong></span> <span class='ocrx_word' id='word_1_313' title='bbox 3617 3916 3750 3962; x_wconf 90' lang='lat' dir='ltr'><strong>non</strong></span> <span class='ocrx_word' id='word_1_314' title='bbox 3784 3917 3958 3980; x_wconf 81' lang='lat' dir='ltr'><strong>prae-</strong></span> 
     </span>
     <span class='ocr_line' id='line_1_60' title="bbox 852 4008 3959 4094; baseline 0.001 -18"><span class='ocrx_word' id='word_1_315' title='bbox 852 4013 1095 4092; x_wconf 90' lang='lat' dir='ltr'><strong>sumat‚</strong></span> <span class='ocrx_word' id='word_1_316' title='bbox 1118 4010 1248 4074; x_wconf 91' lang='lat' dir='ltr'><strong>nisi</strong></span> <span class='ocrx_word' id='word_1_317' title='bbox 1278 4010 1663 4073; x_wconf 85' lang='lat' dir='ltr'><strong>necessitate</strong></span> <span class='ocrx_word' id='word_1_318' title='bbox 1702 4009 1993 4089; x_wconf 87' lang='lat' dir='ltr'><strong>cogente.</strong></span> <span class='ocrx_word' id='word_1_319' title='bbox 2018 4043 2109 4054; x_wconf 89' lang='lat'><strong>—-</strong></span> <span class='ocrx_word' id='word_1_320' title='bbox 2146 4008 2245 4072; x_wconf 91' lang='lat' dir='ltr'><strong>De</strong></span> <span class='ocrx_word' id='word_1_321' title='bbox 2275 4008 2409 4072; x_wconf 92' lang='lat' dir='ltr'><strong>illis</strong></span> <span class='ocrx_word' id='word_1_322' title='bbox 2437 4026 2592 4072; x_wconf 86' lang='lat' dir='ltr'><strong>vero</strong></span> <span class='ocrx_word' id='word_1_323' title='bbox 2623 4011 2736 4090; x_wconf 88' lang='lat' dir='ltr'><strong>qui</strong></span> <span class='ocrx_word' id='word_1_324' title='bbox 2775 4009 2857 4072; x_wconf 89' lang='lat' dir='ltr'><strong>ab</strong></span> <span class='ocrx_word' id='word_1_325' title='bbox 2895 4011 3220 4076; x_wconf 82' lang='lat' dir='ltr'><strong>haereticis</strong></span> <span class='ocrx_word' id='word_1_326' title='bbox 3257 4012 3689 4094; x_wconf 86' lang='lat' dir='ltr'><strong>baptizantur,</strong></span> <span class='ocrx_word' id='word_1_327' title='bbox 3730 4017 3959 4080; x_wconf 88' lang='lat' dir='ltr'><strong>utrum</strong></span> 
     </span>
     <span class='ocr_line' id='line_1_61' title="bbox 850 4123 3956 4213; baseline 0.002 -23"><span class='ocrx_word' id='word_1_328' title='bbox 850 4126 1295 4209; x_wconf 89' lang='lat' dir='ltr'><strong>rebaptizandi</strong></span> <span class='ocrx_word' id='word_1_329' title='bbox 1336 4126 1490 4202; x_wconf 86' lang='lat' dir='ltr'><strong>sint,</strong></span> <span class='ocrx_word' id='word_1_330' title='bbox 1532 4123 1741 4205; x_wconf 84' lang='lat' dir='ltr'><strong>quaeri</strong></span> <span class='ocrx_word' id='word_1_331' title='bbox 1787 4124 1975 4186; x_wconf 89' lang='lat' dir='ltr'><strong>solet.</strong></span> <span class='ocrx_word' id='word_1_332' title='bbox 2019 4124 2123 4186; x_wconf 87' lang='lat' dir='ltr'><strong>Ad</strong></span> <span class='ocrx_word' id='word_1_333' title='bbox 2161 4125 2337 4205; x_wconf 89' lang='lat' dir='ltr'><strong>quod</strong></span> <span class='ocrx_word' id='word_1_334' title='bbox 2385 4124 2670 4188; x_wconf 88' lang='lat' dir='ltr'><strong>breviter</strong></span> <span class='ocrx_word' id='word_1_335' title='bbox 2715 4126 3022 4208; x_wconf 80' lang='lat' dir='ltr'><strong>dicimUS‚</strong></span> <span class='ocrx_word' id='word_1_336' title='bbox 3063 4127 3220 4208; x_wconf 89' lang='lat' dir='ltr'><strong>quia</strong></span> <span class='ocrx_word' id='word_1_337' title='bbox 3262 4129 3664 4211; x_wconf 87' lang='lat' dir='ltr'><strong>quicumque</strong></span> <span class='ocrx_word' id='word_1_338' title='bbox 3701 4131 3791 4194; x_wconf 86' lang='lat' dir='ltr'><strong>sit</strong></span> <span class='ocrx_word' id='word_1_339' title='bbox 3837 4133 3956 4213; x_wconf 89' lang='lat' dir='ltr'><strong>qui</strong></span> 
     </span>
     <span class='ocr_line' id='line_1_62' title="bbox 850 4240 3954 4330; baseline 0.002 -24"><span class='ocrx_word' id='word_1_340' title='bbox 850 4243 1156 4325; x_wconf 87' lang='lat' dir='ltr'><strong>baptizet,</strong></span> <span class='ocrx_word' id='word_1_341' title='bbox 1200 4243 1259 4305; x_wconf 92' lang='lat' dir='ltr'><strong>si</strong></span> <span class='ocrx_word' id='word_1_342' title='bbox 1304 4243 1602 4305; x_wconf 87' lang='lat' dir='ltr'><strong>servatur</strong></span> <span class='ocrx_word' id='word_1_343' title='bbox 1648 4240 1860 4303; x_wconf 86' lang='lat' dir='ltr'><strong>forma</strong></span> <span class='ocrx_word' id='word_1_344' title='bbox 1902 4256 1941 4302; x_wconf 89' lang='lat' dir='ltr'><strong>a</strong></span> <span class='ocrx_word' id='word_1_345' title='bbox 1980 4240 2240 4304; x_wconf 88' lang='lat' dir='ltr'><strong>Christo</strong></span> <span class='ocrx_word' id='word_1_346' title='bbox 2283 4241 2544 4318; x_wconf 87' lang='lat' dir='ltr'><strong>tradita,</strong></span> <span class='ocrx_word' id='word_1_347' title='bbox 2587 4260 2815 4306; x_wconf 84' lang='lat' dir='ltr'><strong>verum</strong></span> <span class='ocrx_word' id='word_1_348' title='bbox 2863 4243 3282 4326; x_wconf 87' lang='lat' dir='ltr'><strong>Baptismum</strong></span> <span class='ocrx_word' id='word_1_349' title='bbox 3325 4246 3436 4308; x_wconf 89' lang='lat' dir='ltr'><strong>dat</strong></span> <span class='ocrx_word' id='word_1_350' title='bbox 3481 4266 3497 4307; x_wconf 74' lang='grc' dir='ltr'><strong><em>ε</em></strong></span> <span class='ocrx_word' id='word_1_351' title='bbox 3537 4248 3604 4310; x_wconf 90' lang='lat' dir='ltr'><strong>et</strong></span> <span class='ocrx_word' id='word_1_352' title='bbox 3651 4248 3797 4311; x_wconf 90' lang='lat' dir='ltr'><strong>ideo</strong></span> <span class='ocrx_word' id='word_1_353' title='bbox 3836 4250 3954 4330; x_wconf 89' lang='lat' dir='ltr'><strong>qui</strong></span> 
     </span>
     <span class='ocr_line' id='line_1_63' title="bbox 854 4355 3952 4446; baseline 0.002 -25"><span class='ocrx_word' id='word_1_354' title='bbox 854 4359 1043 4422; x_wconf 91' lang='lat' dir='ltr'><strong>illum</strong></span> <span class='ocrx_word' id='word_1_355' title='bbox 1084 4357 1310 4437; x_wconf 91' lang='lat' dir='ltr'><strong>sumit,</strong></span> <span class='ocrx_word' id='word_1_356' title='bbox 1353 4374 1485 4419; x_wconf 87' lang='lat' dir='ltr'><strong>non</strong></span> <span class='ocrx_word' id='word_1_357' title='bbox 1523 4356 1715 4420; x_wconf 88' lang='lat' dir='ltr'><strong>debet</strong></span> <span class='ocrx_word' id='word_1_358' title='bbox 1757 4355 2165 4436; x_wconf 87' lang='lat' dir='ltr'><strong>rebaptizari.</strong></span> <span class='ocrx_word' id='word_1_359' title='bbox 2199 4357 2387 4420; x_wconf 88' lang='lat' dir='ltr'><strong>Unde</strong></span> <span class='ocrx_word' id='word_1_360' title='bbox 2430 4357 2607 4421; x_wconf 88' lang='lat' dir='ltr'><strong>Beda</strong></span> <span class='ocrx_word' id='word_1_361' title='bbox 2641 4379 2654 4419; x_wconf 92' lang='lat'><strong>:</strong></span> <span class='ocrx_word' id='word_1_362' title='bbox 2689 4359 2842 4422; x_wconf 86' lang='lat' dir='ltr'><strong>Sive</strong></span> <span class='ocrx_word' id='word_1_363' title='bbox 2884 4360 3253 4440; x_wconf 83' lang='lat' dir='ltr'><strong>haereticuS‚</strong></span> <span class='ocrx_word' id='word_1_364' title='bbox 3287 4362 3427 4426; x_wconf 88' lang='lat' dir='ltr'><strong>sive</strong></span> <span class='ocrx_word' id='word_1_365' title='bbox 3464 4363 3952 4446; x_wconf 74' lang='lat' dir='ltr'><strong>schismaticu3‚</strong></span> 
     </span>
     <span class='ocr_line' id='line_1_64' title="bbox 852 4473 3954 4562; baseline 0.002 -23"><span class='ocrx_word' id='word_1_366' title='bbox 852 4477 993 4539; x_wconf 89' lang='lat' dir='ltr'><strong>sive</strong></span> <span class='ocrx_word' id='word_1_367' title='bbox 1032 4474 1441 4537; x_wconf 86' lang='lat' dir='ltr'><strong>facinorosus</strong></span> <span class='ocrx_word' id='word_1_368' title='bbox 1476 4473 1756 4553; x_wconf 85' lang='lat' dir='ltr'><strong>quisque</strong></span> <span class='ocrx_word' id='word_1_369' title='bbox 1794 4473 1863 4534; x_wconf 91' lang='lat' dir='ltr'><strong>in</strong></span> <span class='ocrx_word' id='word_1_370' title='bbox 1893 4473 2302 4537; x_wconf 87' lang='lat' dir='ltr'><strong>confessione</strong></span> <span class='ocrx_word' id='word_1_371' title='bbox 2339 4476 2578 4538; x_wconf 88' lang='lat' dir='ltr'><strong>sanctae</strong></span> <span class='ocrx_word' id='word_1_372' title='bbox 2608 4475 2947 4538; x_wconf 83' lang='lat' dir='ltr'><strong>Trinitatis</strong></span> <span class='ocrx_word' id='word_1_373' title='bbox 2983 4475 3288 4558; x_wconf 84' lang='lat' dir='ltr'><strong>baptizet,</strong></span> <span class='ocrx_word' id='word_1_374' title='bbox 3320 4496 3452 4541; x_wconf 91' lang='lat' dir='ltr'><strong>non</strong></span> <span class='ocrx_word' id='word_1_375' title='bbox 3486 4479 3660 4543; x_wconf 84' lang='lat' dir='ltr'><strong>valet</strong></span> <span class='ocrx_word' id='word_1_376' title='bbox 3689 4480 3799 4543; x_wconf 88' lang='lat' dir='ltr'><strong>ille</strong></span> <span class='ocrx_word' id='word_1_377' title='bbox 3837 4484 3954 4562; x_wconf 88' lang='lat' dir='ltr'><strong>qui</strong></span> 
     </span>
     <span class='ocr_line' id='line_1_65' title="bbox 851 4588 3955 4673; baseline 0.002 -18"><span class='ocrx_word' id='word_1_378' title='bbox 851 4592 1219 4673; x_wconf 88' lang='lat' dir='ltr'><strong>baptizatus</strong></span> <span class='ocrx_word' id='word_1_379' title='bbox 1268 4591 1388 4670; x_wconf 87' lang='lat' dir='ltr'><strong>est,</strong></span> <span class='ocrx_word' id='word_1_380' title='bbox 1430 4607 1468 4652; x_wconf 91' lang='lat' dir='ltr'><strong>a</strong></span> <span class='ocrx_word' id='word_1_381' title='bbox 1508 4589 1701 4653; x_wconf 90' lang='lat' dir='ltr'><strong>bonis</strong></span> <span class='ocrx_word' id='word_1_382' title='bbox 1746 4588 2103 4653; x_wconf 89' lang='lat' dir='ltr'><strong>Catholicis</strong></span> <span class='ocrx_word' id='word_1_383' title='bbox 2156 4589 2563 4673; x_wconf 86' lang='lat' dir='ltr'><strong>rebaptizari,</strong></span> <span class='ocrx_word' id='word_1_384' title='bbox 2615 4610 2696 4655; x_wconf 88' lang='lat' dir='ltr'><strong>ne</strong></span> <span class='ocrx_word' id='word_1_385' title='bbox 2747 4592 3071 4656; x_wconf 87' lang='lat' dir='ltr'><strong>confessio</strong></span> <span class='ocrx_word' id='word_1_386' title='bbox 3119 4596 3186 4657; x_wconf 89' lang='lat' dir='ltr'><strong>et</strong></span> <span class='ocrx_word' id='word_1_387' title='bbox 3231 4593 3574 4659; x_wconf 87' lang='lat' dir='ltr'><strong>Trinitatis</strong></span> <span class='ocrx_word' id='word_1_388' title='bbox 3623 4596 3955 4662; x_wconf 86' lang='lat' dir='ltr'><strong>invocatio</strong></span> 
     </span>
     <span class='ocr_line' id='line_1_66' title="bbox 853 4706 3952 4792; baseline 0.002 -22"><span class='ocrx_word' id='word_1_389' title='bbox 853 4707 1155 4771; x_wconf 85' lang='lat' dir='ltr'><strong>videatur</strong></span> <span class='ocrx_word' id='word_1_390' title='bbox 1198 4706 1544 4770; x_wconf 87' lang='lat' dir='ltr'><strong>annullari.</strong></span> <span class='ocrx_word' id='word_1_391' title='bbox 1579 4707 1745 4769; x_wconf 89' lang='lat' dir='ltr'><strong>Item</strong></span> <span class='ocrx_word' id='word_1_392' title='bbox 1777 4706 2191 4786; x_wconf 81' lang='lat' dir='ltr'><strong>Augustinus</strong></span> <span class='ocrx_word' id='word_1_393' title='bbox 2224 4726 2238 4767; x_wconf 75' lang='grc' dir='ltr'>ε</span> <span class='ocrx_word' id='word_1_394' title='bbox 2274 4707 2593 4780; x_wconf 89' lang='lat' dir='ltr'><strong>Quamvis</strong></span> <span class='ocrx_word' id='word_1_395' title='bbox 2629 4724 2837 4769; x_wconf 91' lang='lat' dir='ltr'><strong>unum</strong></span> <span class='ocrx_word' id='word_1_396' title='bbox 2875 4708 2963 4770; x_wconf 89' lang='lat' dir='ltr'><strong>sit</strong></span> <span class='ocrx_word' id='word_1_397' title='bbox 2991 4708 3331 4789; x_wconf 87' lang='lat' dir='ltr'><strong>Baptisma</strong></span> <span class='ocrx_word' id='word_1_398' title='bbox 3367 4711 3431 4773; x_wconf 87' lang='lat' dir='ltr'><strong>et</strong></span> <span class='ocrx_word' id='word_1_399' title='bbox 3468 4711 3952 4792; x_wconf 87' lang='lat' dir='ltr'><strong>haereticorum,</strong></span> 
     </span>
     <span class='ocr_line' id='line_1_67' title="bbox 852 4820 3954 4905; baseline 0.002 -18"><span class='ocrx_word' id='word_1_400' title='bbox 852 4823 1104 4888; x_wconf 86' lang='lat' dir='ltr'><strong>scilicet</strong></span> <span class='ocrx_word' id='word_1_401' title='bbox 1132 4838 1359 4885; x_wconf 88' lang='lat' dir='ltr'><strong>eorum</strong></span> <span class='ocrx_word' id='word_1_402' title='bbox 1398 4820 1512 4901; x_wconf 89' lang='lat' dir='ltr'><strong>qui</strong></span> <span class='ocrx_word' id='word_1_403' title='bbox 1552 4820 1621 4883; x_wconf 92' lang='lat' dir='ltr'><strong>in</strong></span> <span class='ocrx_word' id='word_1_404' title='bbox 1658 4820 1925 4884; x_wconf 87' lang='lat' dir='ltr'><strong>nomine</strong></span> <span class='ocrx_word' id='word_1_405' title='bbox 1954 4821 2171 4883; x_wconf 86' lang='lat' dir='ltr'><strong>Patris</strong></span> <span class='ocrx_word' id='word_1_406' title='bbox 2209 4821 2273 4884; x_wconf 91' lang='lat' dir='ltr'><strong>et</strong></span> <span class='ocrx_word' id='word_1_407' title='bbox 2305 4820 2454 4883; x_wconf 85' lang='lat' dir='ltr'><strong>Filii</strong></span> <span class='ocrx_word' id='word_1_408' title='bbox 2492 4822 2557 4884; x_wconf 91' lang='lat' dir='ltr'><strong>et</strong></span> <span class='ocrx_word' id='word_1_409' title='bbox 2585 4821 2871 4902; x_wconf 86' lang='lat' dir='ltr'><strong>Spiritus</strong></span> <span class='ocrx_word' id='word_1_410' title='bbox 2903 4823 3125 4886; x_wconf 88' lang='lat' dir='ltr'><strong>Sancti</strong></span> <span class='ocrx_word' id='word_1_411' title='bbox 3161 4822 3514 4905; x_wconf 85' lang='lat' dir='ltr'><strong>baptizant,</strong></span> <span class='ocrx_word' id='word_1_412' title='bbox 3549 4827 3614 4888; x_wconf 91' lang='lat' dir='ltr'><strong>et</strong></span> <span class='ocrx_word' id='word_1_413' title='bbox 3641 4827 3954 4893; x_wconf 86' lang='lat' dir='ltr'><strong>Ecclesiae</strong></span> 
     </span>
     <span class='ocr_line' id='line_1_68' title="bbox 851 4936 3957 5025; baseline 0.001 -23"><span class='ocrx_word' id='word_1_414' title='bbox 851 4938 1222 5016; x_wconf 83' lang='lat' dir='ltr'><strong>catholicae3</strong></span> <span class='ocrx_word' id='word_1_415' title='bbox 1264 4937 1485 4999; x_wconf 89' lang='lat' dir='ltr'><strong>tamen</strong></span> <span class='ocrx_word' id='word_1_416' title='bbox 1534 4937 1649 5018; x_wconf 90' lang='lat' dir='ltr'><strong>qui</strong></span> <span class='ocrx_word' id='word_1_417' title='bbox 1701 4936 1861 5000; x_wconf 90' lang='lat' dir='ltr'><strong>foris</strong></span> <span class='ocrx_word' id='word_1_418' title='bbox 1910 4937 2272 5000; x_wconf 87' lang='lat' dir='ltr'><strong>Ecclesiam</strong></span> <span class='ocrx_word' id='word_1_419' title='bbox 2319 4936 2751 5019; x_wconf 88' lang='lat' dir='ltr'><strong>baptizantur,</strong></span> <span class='ocrx_word' id='word_1_420' title='bbox 2795 4956 2928 5001; x_wconf 91' lang='lat' dir='ltr'><strong>non</strong></span> <span class='ocrx_word' id='word_1_421' title='bbox 2974 4941 3247 5002; x_wconf 87' lang='lat' dir='ltr'><strong>sumunt</strong></span> <span class='ocrx_word' id='word_1_422' title='bbox 3288 4939 3371 5002; x_wconf 87' lang='lat' dir='ltr'><strong>ad</strong></span> <span class='ocrx_word' id='word_1_423' title='bbox 3411 4940 3693 5005; x_wconf 86' lang='lat' dir='ltr'><strong>salutem</strong></span> <span class='ocrx_word' id='word_1_424' title='bbox 3731 4942 3957 5025; x_wconf 89' lang='lat' dir='ltr'><strong>Bapti—</strong></span> 
     </span>
    </p>
   </div>
   <div class='ocr_carea' id='block_1_17' title="bbox 850 5053 3952 5248">
    <p class='ocr_par' dir='ltr' id='par_1_18' title="bbox 850 5053 3952 5248">
     <span class='ocr_line' id='line_1_69' title="bbox 850 5053 3952 5140; baseline 0.002 -22"><span class='ocrx_word' id='word_1_425' title='bbox 850 5072 1096 5132; x_wconf 84' lang='lat' dir='ltr'><strong>smnm,</strong></span> <span class='ocrx_word' id='word_1_426' title='bbox 1137 5054 1252 5117; x_wconf 91' lang='lat' dir='ltr'><strong>sed</strong></span> <span class='ocrx_word' id='word_1_427' title='bbox 1300 5054 1382 5117; x_wconf 91' lang='lat' dir='ltr'><strong>ad</strong></span> <span class='ocrx_word' id='word_1_428' title='bbox 1430 5055 1811 5136; x_wconf 88' lang='lat' dir='ltr'><strong>perniciem,</strong></span> <span class='ocrx_word' id='word_1_429' title='bbox 1854 5053 2171 5118; x_wconf 87' lang='lat' dir='ltr'><strong>habentes</strong></span> <span class='ocrx_word' id='word_1_430' title='bbox 2222 5054 2502 5118; x_wconf 86' lang='lat' dir='ltr'><strong>formam</strong></span> <span class='ocrx_word' id='word_1_431' title='bbox 2557 5057 2972 5135; x_wconf 87' lang='lat' dir='ltr'><strong>sacramenti,</strong></span> <span class='ocrx_word' id='word_1_432' title='bbox 3011 5056 3322 5120; x_wconf 89' lang='lat' dir='ltr'><strong>virtutem</strong></span> <span class='ocrx_word' id='word_1_433' title='bbox 3369 5057 3590 5121; x_wconf 90' lang='lat' dir='ltr'><strong>autem</strong></span> <span class='ocrx_word' id='word_1_434' title='bbox 3638 5059 3785 5140; x_wconf 90' lang='lat' dir='ltr'><strong>ejus</strong></span> <span class='ocrx_word' id='word_1_435' title='bbox 3833 5060 3952 5124; x_wconf 88' lang='lat' dir='ltr'><strong>ab—</strong></span> 
     </span>
     <span class='ocr_line' id='line_1_70' title="bbox 851 5161 3948 5248; baseline 0.002 -24"><span class='ocrx_word' id='word_1_436' title='bbox 851 5163 1163 5244; x_wconf 86' lang='lat' dir='ltr'><strong>negantes</strong></span> <span class='ocrx_word' id='word_1_437' title='bbox 1206 5182 1220 5224; x_wconf 91' lang='lat'>:</span> <span class='ocrx_word' id='word_1_438' title='bbox 1264 5163 1329 5226; x_wconf 90' lang='lat' dir='ltr'><strong>et</strong></span> <span class='ocrx_word' id='word_1_439' title='bbox 1366 5162 1512 5225; x_wconf 87' lang='lat' dir='ltr'><strong>ideo</strong></span> <span class='ocrx_word' id='word_1_440' title='bbox 1550 5161 1843 5225; x_wconf 87' lang='lat' dir='ltr'><strong>Ecclesia</strong></span> <span class='ocrx_word' id='word_1_441' title='bbox 1886 5179 2020 5225; x_wconf 87' lang='lat' dir='ltr'><strong>non</strong></span> <span class='ocrx_word' id='word_1_442' title='bbox 2066 5179 2180 5226; x_wconf 92' lang='lat' dir='ltr'><strong>eos</strong></span> <span class='ocrx_word' id='word_1_443' title='bbox 2217 5162 2595 5244; x_wconf 86' lang='lat' dir='ltr'><strong>rebaptizat,</strong></span> <span class='ocrx_word' id='word_1_444' title='bbox 2636 5163 2792 5244; x_wconf 89' lang='lat' dir='ltr'><strong>quia</strong></span> <span class='ocrx_word' id='word_1_445' title='bbox 2833 5165 2902 5226; x_wconf 91' lang='lat' dir='ltr'><strong>in</strong></span> <span class='ocrx_word' id='word_1_446' title='bbox 2950 5165 3216 5228; x_wconf 88' lang='lat' dir='ltr'><strong>nomine</strong></span> <span class='ocrx_word' id='word_1_447' title='bbox 3253 5164 3594 5229; x_wconf 89' lang='lat' dir='ltr'><strong>Trinitatis</strong></span> <span class='ocrx_word' id='word_1_448' title='bbox 3639 5166 3948 5248; x_wconf 88' lang='lat' dir='ltr'><strong>baptizati</strong></span> 
     </span>
    </p>
   </div>
   <div class='ocr_carea' id='block_1_18' title="bbox 845 5279 3948 5363">
    <p class='ocr_par' dir='ltr' id='par_1_19' title="bbox 845 5279 3948 5363">
     <span class='ocr_line' id='line_1_71' title="bbox 845 5279 3948 5363; baseline 0.001 -20"><span class='ocrx_word' id='word_1_449' title='bbox 845 5281 1021 5357; x_wconf 89' lang='lat' dir='ltr'><strong>sunt,</strong></span> <span class='ocrx_word' id='word_1_450' title='bbox 1065 5281 1129 5342; x_wconf 91' lang='lat' dir='ltr'><strong>et</strong></span> <span class='ocrx_word' id='word_1_451' title='bbox 1166 5279 1309 5360; x_wconf 86' lang='lat' dir='ltr'><strong>ipsa</strong></span> <span class='ocrx_word' id='word_1_452' title='bbox 1346 5280 1445 5343; x_wconf 90' lang='lat' dir='ltr'><strong>est</strong></span> <span class='ocrx_word' id='word_1_453' title='bbox 1482 5279 1693 5341; x_wconf 86' lang='lat' dir='ltr'><strong>forma</strong></span> <span class='ocrx_word' id='word_1_454' title='bbox 1728 5279 2142 5342; x_wconf 87' lang='lat' dir='ltr'><strong>sacramenti.</strong></span> <span class='ocrx_word' id='word_1_455' title='bbox 2176 5280 2346 5342; x_wconf 88' lang='lat' dir='ltr'><strong>Item</strong></span> <span class='ocrx_word' id='word_1_456' title='bbox 2381 5299 2394 5340; x_wconf 91' lang='lat'>:</span> <span class='ocrx_word' id='word_1_457' title='bbox 2428 5279 2856 5361; x_wconf 89' lang='lat' dir='ltr'><strong>Rebaptizare</strong></span> <span class='ocrx_word' id='word_1_458' title='bbox 2893 5281 3278 5345; x_wconf 81' lang='lat' dir='ltr'><strong>haereticum</strong></span> <span class='ocrx_word' id='word_1_459' title='bbox 3315 5283 3430 5363; x_wconf 88' lang='lat' dir='ltr'><strong>qui</strong></span> <span class='ocrx_word' id='word_1_460' title='bbox 3477 5283 3619 5347; x_wconf 84' lang='lat' dir='ltr'><strong>haec</strong></span> <span class='ocrx_word' id='word_1_461' title='bbox 3661 5284 3948 5348; x_wconf 85' lang='lat' dir='ltr'><strong>sanctifi-</strong></span> 
     </span>
    </p>
   </div>
   <div class='ocr_carea' id='block_1_19' title="bbox 853 3426 3958 3727">
    <p class='ocr_par' dir='ltr' id='par_1_20' title="bbox 853 3426 3958 3727">
     <span class='ocr_line' id='line_1_72' title="bbox 853 3426 3958 3727; baseline 0.003 -237"><span class='ocrx_word' id='word_1_462' title='bbox 853 3426 1273 3727; x_wconf 87' lang='lat' dir='ltr'><strong>NUNC</strong></span> <span class='ocrx_word' id='word_1_463' title='bbox 1311 3427 1555 3508; x_wconf 89' lang='lat' dir='ltr'><strong>quibus</strong></span> <span class='ocrx_word' id='word_1_464' title='bbox 1594 3427 1787 3491; x_wconf 89' lang='lat' dir='ltr'><strong>liceat</strong></span> <span class='ocrx_word' id='word_1_465' title='bbox 1829 3427 2156 3510; x_wconf 89' lang='lat' dir='ltr'><strong>baptizare</strong></span> <span class='ocrx_word' id='word_1_466' title='bbox 2203 3428 2544 3493; x_wconf 86' lang='lat' dir='ltr'><strong>addamus.</strong></span> <span class='ocrx_word' id='word_1_467' title='bbox 2585 3429 2684 3494; x_wconf 90' lang='lat' dir='ltr'><strong>De</strong></span> <span class='ocrx_word' id='word_1_468' title='bbox 2721 3431 2847 3494; x_wconf 93' lang='lat' dir='ltr'><strong>hoc</strong></span> <span class='ocrx_word' id='word_1_469' title='bbox 2885 3431 3178 3496; x_wconf 90' lang='lat' dir='ltr'><strong>Isidorus</strong></span> <span class='ocrx_word' id='word_1_470' title='bbox 3215 3433 3309 3496; x_wconf 82' lang='lat' dir='ltr'><strong>ait</strong></span> <span class='ocrx_word' id='word_1_471' title='bbox 3349 3453 3364 3495; x_wconf 91' lang='lat'><strong>:</strong></span> <span class='ocrx_word' id='word_1_472' title='bbox 3405 3433 3678 3498; x_wconf 87' lang='lat' dir='ltr'><strong>Constat</strong></span> <span class='ocrx_word' id='word_1_473' title='bbox 3725 3435 3958 3518; x_wconf 89' lang='lat' dir='ltr'><strong>Bapti-</strong></span> 
     </span>
    </p>
   </div>
  </div>
 </body>
</html>
