4267 6250
1330 511 1471 567 oms
1510 512 1717 559 POSSU'
1756 512 2198 561 mummius
2238 512 2474 563 uem

349 699 429 744 ea
468 701 615 764 quae
654 692 809 745 sunt
849 682 1357 765 congregationis
1396 689 1461 745 et
1500 682 1697 765 hujus
1744 683 1853 747 ho-
1881 682 1934 747 A
2040 684 2356 758 Quaeritur
2379 704 2658 768 quoque,
2689 706 2772 749 an
2799 687 3104 751 diaconus
3133 687 3336 771 possit
3364 687 3458 750 in-

348 780 571 855 minis‚
604 781 719 844 sed
762 800 891 845 non
935 782 1347 844 convertitur.
1389 782 1525 845 lmo
1566 800 1685 845 nec
1727 782 1855 865 pri-

348 898 457 942 ma
518 880 1022 943 communicatio
1080 898 1199 943 nec
1258 882 1539 943 secunda
1594 890 1855 945 vocatur

350 978 777 1059 indulgentia,
798 979 911 1041 sed
940 978 1151 1041 solum
1180 980 1389 1053 tertia,
1414 987 1676 1061 propter
1702 980 1848 1043 duo.

347 1076 585 1151 Primo,
620 1096 770 1139 nam
800 1078 1095 1159 quamvis
1133 1078 1327 1141 homo
1356 1097 1471 1160 per
1508 1078 1649 1141 illas
1682 1096 1854 1141 eom-

350 1175 821 1238 municationes
850 1176 1133 1238 solvatur
1152 1196 1189 1238 a
1218 1184 1396 1239 reatu
1426 1194 1631 1258 poenae
1660 1195 1855 1258 quan-

348 1280 489 1334 tum
527 1272 609 1334 ad
640 1274 865 1347 Deum,
894 1281 1107 1337 tamen
1150 1291 1277 1337 non
1316 1274 1587 1338 solvitur
1610 1293 1647 1336 a
1676 1274 1853 1337 debi—

348 1378 417 1433 to
465 1369 747 1433 faciendi
794 1371 1297 1435 satisfactionem
1344 1372 1722 1453 injunctam,
1770 1373 1853 1434 ad

350 1490 547 1552 quam
580 1470 897 1553 obligatus
929 1479 1029 1534 est
1054 1490 1134 1535 ex
1172 1480 1491 1555 praecepto
1520 1472 1849 1553 Ecelesiae3

348 1588 465 1651 per
496 1569 755 1633 tertiam
785 1587 937 1632 vero
974 1570 1621 1634 communicationem
1658 1570 1853 1631 homo

348 1668 543 1730 etiam
597 1687 634 1729 a
681 1667 901 1730 debito
948 1667 1069 1731 isto
1115 1668 1485 1732 absolvitur.
1536 1668 1849 1741 Secundo,

348 1766 503 1849 quia
544 1766 611 1827 in
652 1786 781 1829 una
820 1784 1091 1849 persona
1117 1775 1181 1830 et
1211 1788 1337 1831 una
1366 1767 1852 1848 congregatione

1963 782 2319 865 dulgentias
2357 783 2585 847 facere.
2619 785 2882 848 Videtur
2913 787 3084 868 quod
3123 805 3272 861 non,
3304 788 3457 870 quia

1965 883 2348 965 paroehialis
2385 884 2678 948 sacerdos
2707 902 2835 947 non
2866 892 3075 967 potest
3102 886 3222 949 hoc
3256 903 3271 948 :
3305 904 3458 967 ergo

1966 982 2180 1043 minus
2215 982 2542 1056 diaconus,
2574 1002 2776 1065 quum
2819 984 3112 1047 sacerdos
3151 984 3235 1047 sit
3269 984 3457 1047 altior

1966 1079 2075 1142 illo
2105 1080 2172 1141 in
2200 1081 2400 1160 gradu
2429 1089 2494 1143 et
2521 1082 2744 1144 ordine
2777 1082 3222 1146 ecclesiasticae
3251 1083 3455 1165 digni-

1964 1178 2130 1241 tatis.
2165 1178 2242 1241 Et
2271 1180 2808 1261 respondendum,
2841 1182 3010 1263 quod
3051 1188 3326 1265 potestas
3365 1181 3454 1243 fa-

1963 1276 2174 1340 ciendi
2233 1278 2658 1359 indulgentias
2716 1280 3006 1363 sequitur
3060 1279 3454 1362 jurisdictio—

1963 1394 2134 1449 nem,
2167 1395 2359 1458 quam
2405 1378 2558 1459 quia
2597 1378 2902 1441 diaconus
2941 1386 3006 1441 et
3043 1378 3302 1461 quidam
3345 1378 3454 1441 alii

1963 1492 2091 1538 non
2120 1475 2480 1539 sacerdotes
2509 1475 2744 1540 babere
2773 1484 3060 1559 possunt,
3085 1484 3260 1559 patet
3284 1477 3456 1559 quod

1964 1572 2389 1655 indulgentias
2429 1573 2640 1637 faeere
2670 1582 2906 1657 queant
2939 1593 2954 1636 ε
2988 1582 3059 1636 ut
3089 1576 3144 1637 si
3184 1574 3458 1637 habeant

1959 1671 2470 1752 jurisdictionem
2533 1674 2962 1745 commissam,
3014 1673 3182 1736 sicut
3243 1673 3452 1755 legati,

1962 1769 2063 1831 vel
2094 1770 2504 1843 ordinariam,
2523 1779 2595 1833 ut
2623 1770 2828 1833 electi.
2853 1772 3155 1845 Quamvis
3183 1790 3335 1853 ergo
3363 1791 3456 1835 sa—

349 1865 723 1949 particulari
782 1883 906 1928 non
956 1874 1055 1928 est
1102 1866 1539 1929 indeficientia
1596 1866 1851 1929 merito—
1886 1869 1935 1932 B
1964 1870 2186 1931 cerdos
2215 1869 2299 1931 sit
2327 1870 2594 1932 diacono
2621 1869 2808 1933 altior
2839 1878 3150 1953 potestate
3185 1872 3452 1945 ordinis,

350 1983 520 2037 rum,
566 1964 653 2025 ita
692 1971 764 2026 ut
808 1963 937 2026 sibi
985 1971 1050 2026 et
1094 1964 1395 2027 omnibus
1451 1963 1593 2027 aliis
1652 1964 1853 2047 possit

352 2061 567 2125 valere
600 2082 617 2126 :
651 2063 803 2125 hinc
848 2062 987 2143 ipse
1028 2081 1153 2125 non
1200 2062 1555 2125 absolvitur
1588 2083 1627 2126 a
1665 2082 1855 2145 poena

350 2161 570 2223 debita
610 2179 725 2243 pro
758 2168 911 2235 toto,
945 2161 1069 2224 nisi
1100 2169 1347 2223 tantum
1388 2179 1505 2243 pro
1540 2180 1617 2225 eo
1649 2163 1851 2225 deter-

354 2259 595 2321 minate
643 2258 760 2321 fiat
813 2266 1127 2341 quantum
1186 2260 1323 2341 ipse
1368 2259 1613 2322 debeat.
1663 2261 1853 2323 Porro

350 2357 415 2420 in
461 2364 595 2420 tota
644 2356 929 2421 Ecclesia
974 2366 1071 2420 est
1113 2357 1551 2421 indeficientia
1598 2360 1851 2422 merito-

350 2475 519 2528 rum,
554 2456 877 2538 praecipue
915 2465 1176 2538 propter
1224 2457 1523 2520 meritum
1568 2457 1797 2521 Christi
1832 2478 1849 2523 :

350 2555 497 2617 ideo
542 2554 717 2617 solus
768 2555 879 2617 ille
922 2556 1032 2638 qui
1082 2555 1433 2637 praeficitur
1474 2556 1587 2619 toti
1638 2557 1855 2621 Eccle-

348 2654 481 2727 siae,
518 2660 730 2735 potest
758 2653 979 2736 plenas
1008 2662 1073 2716 et
1102 2653 1495 2716 universales
1524 2655 1853 2736 indulgen-

348 2752 471 2813 tias
517 2751 748 2815 facere.
788 2788 873 2797 —-
909 2751 1143 2814 Verum
1188 2772 1390 2835 quum
1440 2752 1725 2815 Ecclesia
1770 2754 1851 2815 sit

350 2850 759 2932 congregatio
802 2850 1119 2923 fidelium,
1152 2852 1555 2933 congregatio
1597 2870 1853 2935 quoque

351 2948 689 3011 bominum
734 2950 972 3032 duplex
1008 2950 1111 3023 sit,
1145 2958 1299 3033 puta
1336 2953 1750 3025 oeconomica,
1784 2960 1854 3014 ut

1962 1985 2089 2030 non
2130 1975 2342 2030 tamen
2383 1967 2870 2049 jurisdictioniS,
2900 1969 2982 2031 ad
3018 1988 3212 2051 quam
3262 1970 3453 2052 perti-

1962 2072 2072 2127 net
2111 2066 2540 2148 indulgentias
2578 2066 2899 2129 exhibere.

2042 2163 2135 2227 Ad
2184 2166 2520 2247 episcopos
2566 2183 2718 2228 vero
2762 2166 3039 2247 pertinet
3083 2173 3264 2229 actus
3312 2167 3450 2230 iste.

1960 2262 2127 2345 Papa
2155 2264 2389 2346 quippe
2420 2264 2882 2346 plenitudinem
2911 2264 3103 2327 habet
3131 2265 3462 2347 pontifica-

1964 2361 2043 2424 lis
2082 2362 2434 2444 potestatis,
2467 2361 2634 2424 sicut
2666 2382 2773 2425 rex
2809 2364 2874 2425 in
2909 2381 3120 2444 regno.
3156 2364 3456 2449 Episcopi

1962 2460 2210 2524 veroin
2251 2468 2496 2543 partem
2533 2470 2948 2524 assumuntur
2980 2462 3452 2539 sollicitudiniS,

1960 2559 2143 2642 quasi
2188 2558 2440 2639 judices
2487 2558 2756 2639 singulis
2799 2560 3164 2623 civitatibus
3211 2582 3456 2646 praepo·

1961 2657 2066 2719 siti
2103 2674 2117 2719 :
2153 2664 2411 2739 propter
2438 2657 2608 2739 quod
2638 2658 2800 2739 Papa
2832 2659 2898 2720 in
2929 2659 3155 2722 litteris
3183 2660 3318 2722 suis
3345 2678 3456 2723 eos

1962 2756 2129 2819 solos
2171 2756 2454 2819 nominat
2491 2755 2739 2830 fratreS,
2769 2756 2928 2820 alios
2959 2776 3110 2820 vero
3147 2758 3318 2822 filios
3347 2776 3455 2821 vo-

1963 2863 2082 2917 cat.
2116 2856 2278 2918 Hinc
2307 2862 2585 2937 potestas
2614 2855 2891 2918 faciendi
2931 2856 3357 2939 indulgentias
3387 2858 3454 2920 in

1963 2954 2099 3017 solo
2136 2954 2302 3036 Papa
2343 2955 2576 3017 residet
2613 2954 2825 3036 plene,
2857 2955 3160 3037 quoniam
3202 2956 3367 3019 inest
3395 2957 3454 3019 ei

350 3054 505 3109 sunt
544 3047 921 3111 exsistentes
960 3049 1039 3112 de
1078 3068 1205 3111 una
1242 3049 1509 3123 familia,
1541 3058 1606 3112 et
1644 3050 1853 3135 politi-
1883 3054 1927 3117 C
1962 3060 2239 3136 potestas
2279 3052 2554 3115 faciendi
2600 3054 3026 3136 indulgentias
3071 3062 3259 3138 prout
3295 3056 3453 3128 vult,

352 3163 447 3220 ca,
492 3155 564 3208 ut
606 3147 719 3228 qui
760 3149 841 3210 de
886 3166 1013 3211 uno
1054 3157 1207 3210 sunt
1252 3149 1520 3231 popul03
1571 3149 1855 3212 Ecclesia

350 3244 747 3307 assimilatur
783 3247 1252 3328 congregationi
1298 3247 1595 3330 politieae,
1628 3248 1851 3330 quoni-

350 3363 455 3406 am
504 3343 643 3426 ipse
687 3345 965 3427 populus
1007 3345 1289 3408 Ecclesia
1329 3346 1721 3428 appellatur3
1759 3347 1852 3408 di-

350 3442 526 3505 versi
556 3461 710 3506 vero
738 3452 1091 3506 conventus
1128 3463 1243 3506 seu
1282 3445 1599 3526 parochiae
1628 3445 1690 3508 in
1728 3465 1855 3508 una

351 3541 619 3605 dioecesi
664 3542 1102 3605 assimilantur
1142 3543 1739 3625 congregationibus
1787 3546 1853 3607 in

350 3639 627 3702 diversis
671 3639 935 3703 familiis
984 3641 1083 3702 vel
1145 3641 1210 3703 in
1264 3642 1535 3705 diversis
1593 3642 1850 3706 officiis.

352 3740 507 3802 Ideo
554 3739 727 3802 solus
776 3740 1117 3822 episeopus
1175 3741 1431 3823 proprie
1492 3743 1855 3805 nominatur

352 3837 655 3919 praelatus
695 3837 995 3901 Ecclesiae
1029 3858 1043 3902 ε
1078 3846 1337 3920 propter
1376 3841 1545 3922 quod
1588 3841 1724 3924 ipse
1758 3859 1854 3904 so-

356 3937 457 3999 lus
500 3944 805 4017 tanquam
854 3954 1149 4018 sponsus,
1193 3937 1495 4002 Ecclesiae
1543 3939 1855 4001 annulum

355 4033 605 4116 recipit.
642 4033 801 4097 Hinc
842 4034 1015 4097 solus
1056 4035 1193 4116 ipse
1232 4036 1425 4099 habet
1456 4034 1707 4119 plenam
1749 4055 1857 4120 po-

358 4139 653 4196 testatem
684 4133 750 4194 in
782 4133 1257 4215 dispensatione
1288 4145 1853 4212 sacramentorum,

1962 3152 2308 3215 exsistente
2353 3160 2566 3214 tamen
2619 3153 2898 3234 legitima
2944 3173 3152 3217 causa.
3205 3155 3277 3217 In
3323 3155 3458 3237 epi·

1962 3253 2174 3333 scopis
2205 3269 2358 3314 vero
2385 3258 2592 3314 taxata
2630 3261 2727 3314 est
2765 3253 2883 3315 ista
2922 3261 3200 3335 potestas
3237 3273 3460 3316 secun-

1964 3351 2117 3412 dum
2168 3350 2348 3432 Papae
2405 3350 2870 3413 ordinationem
2924 3369 2938 3412 :
2993 3352 3136 3415 ideo
3192 3360 3460 3434 possunt

1964 3448 2392 3529 indulgentias
2422 3447 2632 3511 facere
2664 3449 3018 3512 secundum
3058 3451 3228 3532 quod
3256 3451 3462 3513 deter-

1965 3547 2280 3609 minatum
2323 3552 2420 3608 est
2460 3547 2552 3609 eis
2593 3565 2631 3609 a
2673 3546 2857 3628 Papa,
2891 3565 3018 3610 non
3061 3548 3356 3630 amplius.

2043 3645 2357 3719 Quaeritur
2384 3645 2602 3718 etiam,
2635 3663 2716 3706 an
2747 3645 3058 3710 exsistens
3093 3645 3160 3706 in
3201 3652 3462 3729 peccato

1966 3744 2216 3807 mortali
2266 3743 2692 3824 indulgentias
2734 3743 2948 3806 facere
2985 3752 3193 3830 queat.
3238 3745 3461 3808 Dicen-

1965 3842 2119 3904 dum
2154 3841 2322 3922 quod
2356 3841 2506 3914 ime,
2538 3841 2842 3923 quoniam
2874 3860 2988 3924 per
3019 3843 3284 3927 mortale
3315 3862 3460 3925 pec-

1966 3949 2180 4003 catum
2208 3939 2723 4021 jurisdictionem
2755 3957 2883 4002 non
2909 3941 3140 4024 perdit,
3158 3925 3460 4024 adquam

1966 4038 2394 4120 indulgentias
2424 4039 2574 4100 dare
2608 4046 2869 4120 spectat.
2905 4041 3170 4102 Tantum
3203 4058 3461 4123 quoque

1966 4137 2182 4200 valent
2211 4137 2367 4201 datae
2396 4156 2433 4198 a
2461 4136 2571 4198 tali
2609 4136 2774 4198 sicut
2803 4155 2842 4198 a
2869 4145 3108 4212 sancto,
3142 4139 3294 4220 quia
3331 4158 3460 4202 non

356 4238 420 4294 et
462 4230 979 4312 jurisdictionem
1038 4232 1104 4294 in
1152 4233 1291 4296 foro
1338 4252 1673 4297 causarum
1723 4244 1856 4298 tan-
1887 4233 1936 4296 D
1966 4237 2198 4298 dantur
2237 4236 2301 4297 in
2333 4235 2566 4298 virtute
2604 4242 2668 4297 et
2699 4235 2943 4298 meritis
2981 4236 3144 4317 ejuS,
3178 4237 3287 4300 sed
3329 4257 3458 4300 me—

354 4347 549 4411 qnam
582 4328 845 4410 publica
872 4331 1297 4411 persona3alii
1328 4350 1479 4395 vero
1505 4334 1857 4396 secundum

355 4427 529 4510 quod
569 4425 651 4489 ab
694 4444 773 4492 eo
815 4427 973 4511 ipsis
1018 4430 1456 4491 committitur.
1490 4430 1857 4495 Sacerdotes

352 4533 571 4588 autem
603 4526 713 4607 qui
745 4526 1045 4609 plebibus
1074 4527 1677 4608 praeficiuntur,non
1708 4539 1857 4592 sunt

357 4624 602 4706 praelati
641 4624 1045 4706 simpliciter,
1078 4626 1190 4688 sed
1222 4627 1403 4708 quasi
1432 4628 1849 4708 coadjutores.

352 4723 618 4805 Propter
647 4725 819 4804 quod
852 4723 917 4786 in
949 4725 1425 4788 consecratione
1454 4728 1853 4790 sacerdotum

354 4822 699 4904 episeopus
730 4821 922 4886 dicit:
947 4822 1191 4896 Quanto
1221 4824 1575 4906 fragiliores
1606 4844 1851 4900 sumus,

354 4928 530 4983 tanto
578 4918 725 5003 plus
772 4920 873 4983 his
930 4921 1187 4984 auxiliis
1244 4923 1625 5005 indigemus.
1680 4925 1854 4988 Unde

354 5037 475 5081 nec
514 5018 735 5082 omnia
778 5027 1172 5083 sacramenta
1212 5021 1601 5104 dispensant.
1637 5024 1853 5106 Itaque

352 5117 712 5180 sacerdotes
758 5118 1153 5201 parochiales
1196 5128 1258 5182 et
1301 5120 1583 5196 abbateS‚
1614 5123 1852 5204 aliique

353 5214 750 5297 hujusmodi,
782 5234 909 5279 non
945 5227 1215 5300 possunt
1240 5220 1606 5301 hujusmodi
1644 5221 1851 5284 indul-

352 5315 599 5396 gentias
639 5316 869 5379 facere.

1965 4334 2107 4397 ritis
2149 4335 2491 4398 reconditis
2534 4335 2600 4397 in
2644 4335 2960 4398 thesauris
3002 4334 3323 4399 Ecclesiae.

2043 4435 2180 4497 Jam
2231 4435 2557 4516 quaeritur,
2603 4434 2840 4516 quibus
2888 4435 3134 4517 prosint
3183 4455 3198 4499 :
3251 4436 3462 4517 primo

1964 4551 2045 4594 an
2105 4533 2206 4595 his
2253 4532 2372 4614 qui'
2413 4542 2562 4594 sunt
2609 4533 2674 4595 in
2735 4542 2996 4615 peccato
3043 4534 3314 4596 mortali.
3366 4535 3460 4597 Ad

1965 4632 2136 4710 quod
2194 4630 2392 4711 aliqui
2443 4631 2687 4703 dieunt,
2740 4631 2912 4712 quod
2960 4632 3253 4712 quamvis
3301 4632 3461 4713 ipsis

1964 4746 2093 4791 non
2145 4727 2391 4810 prosint
2436 4728 2512 4789 ad
2562 4728 3004 4791 dimissionem
3055 4748 3279 4810 poenae,
3319 4750 3462 4813 quae

1964 4826 2129 4888 nulli
2167 4824 2513 4887 dimittitur
2561 4825 2684 4887 nisi
2733 4825 2837 4886 cui
2889 4826 3236 4890 remittitur
3280 4829 3460 4911 prius

1964 4926 2175 5009 culpa,
2212 4926 2468 5008 prodest
2497 4933 2708 4988 tamen
2747 4925 2903 5008 ipsis
2932 4926 3010 4987 ad
3043 4926 3308 5007 gratiam
3346 4927 3463 4990 im-

1964 5024 2334 5106 petrandam
2385 5043 2497 5086 seu
2547 5024 3054 5105 promerendam.
3107 5025 3281 5098 Quod
3331 5044 3458 5089 non

1960 5123 2234 5185 videtur.
2262 5121 2418 5184 Nam
2451 5121 2746 5204 quamvis
2779 5121 2888 5185 illa
2921 5122 3146 5185 merita
3172 5141 3314 5204 quae
3345 5141 3460 5205 per

1961 5221 2424 5302 indulgentiam
2462 5221 3042 5294 communicantur,
3073 5221 3320 5302 possint
3357 5241 3460 5284 va·

1962 5317 2091 5380 lere
2118 5316 2200 5380 ad
2236 5317 2503 5398 gratiam
2542 5317 3050 5398 promerendam,
3082 5335 3210 5380 non
3239 5325 3453 5384 tamen
