4267 6250
98 2483 325 2539 cfipsiu.

918 534 1006 580 Art
1048 534 1334 583 :mansu
1374 534 1581 582 Possit
1620 534 1699 581 AG
1740 534 1979 581 ΒΕΒΒΔΤ
2016 534 2354 593 emona!
2391 536 2906 585 xxconumcanss

3339 515 3464 581 515

352 700 705 783 episcopus
748 722 787 765 a
842 701 1105 767 subdito
1158 721 1279 767 sno
1332 703 1703 767 absolvitur.
1754 704 1867 767 Re-
1892 706 1945 769 A
1974 724 2198 769 causas
2241 724 2256 769 τ
2297 715 2360 770 et
2396 716 2550 771 tunc
2597 715 2693 771 tot
2737 716 2887 770 sunt
2927 705 3316 790 principales
3360 723 3466 767 ex·

352 798 733 881 spondetur,
766 801 935 883 quod
965 801 1283 865 absolutio
1318 810 1511 885 atque
1552 802 1767 883 ligatio
1798 802 1865 865 in

352 896 499 960 foro
558 898 957 979 poenitentiae
1010 908 1107 962 est
1161 901 1603 964 tantummodo
1654 901 1861 983 quoad

352 992 587 1065 Deum,
618 996 791 1078 apud
829 1014 1025 1079 quem
1066 1017 1233 1059 unus
1272 998 1559 1061 redditur
1600 997 1865 1059 inferior

352 1091 481 1154 alio
525 1111 645 1175 per
686 1102 1063 1176 peccatum3
1094 1096 1673 1159 excommunicatio
1710 1113 1861 1158 vero

353 1198 451 1251 est
496 1190 561 1252 in
608 1190 749 1254 foro
790 1192 1115 1265 exteriori,
1148 1194 1217 1256 in
1260 1210 1391 1275 quo
1436 1194 1632 1257 homo
1676 1213 1863 1276 supe-

352 1288 709 1352 rioritatem
762 1308 881 1373 per
922 1298 1257 1373 peccatum
1306 1310 1433 1355 non
1477 1292 1734 1375 perdit:
1768 1292 1861 1354 id-

351 1404 429 1449 eo
478 1404 607 1449 non
652 1394 753 1450 est
794 1389 1027 1452 simile.
1060 1390 1513 1453 Verumtamen
1556 1391 1749 1454 bomo
1790 1410 1859 1454 se

352 1484 569 1567 ipsum
604 1505 731 1549 non
764 1495 973 1569 potest
1000 1487 1331 1551 absolvere
1354 1489 1421 1551 in
1452 1488 1591 1552 foro
1618 1488 1861 1552 confes·

352 1583 597 1663 sionis3
636 1585 771 1648 imo
809 1604 927 1648 nec
970 1586 1367 1669 superiorem
1412 1606 1615 1669 neque
1656 1607 1863 1670 aequa-

356 1684 505 1757 lem‚
538 1684 619 1747 de
666 1684 941 1759 mortali,
974 1685 1099 1747 nisi
1141 1704 1219 1748 ex
1258 1687 1731 1750 commissione.
1766 1687 1855 1749 De

352 1782 717 1845 venialibus
763 1800 919 1845 vero
964 1792 1193 1865 potest,
1234 1786 1537 1866 quoniam
1581 1786 1857 1848 venialia

1974 806 2608 879 communicationeS,
2669 811 2824 887 quot
2882 813 3033 867 sunt
3085 823 3294 867 causae
3348 820 3466 885 pro

1972 901 2209 983 quibus
2255 905 2864 967 excommunicatur.
2895 940 2977 949 —
3004 902 3148 965 Haec
3193 902 3466 964 Thomas

1974 999 2039 1061 in
2082 1000 2350 1083 Scripto.

2050 1096 2169 1171 Qui
2215 1106 2282 1160 et
2328 1099 2454 1162 alia
2503 1100 2794 1181 quaedam
2846 1100 3017 1161 circa
3058 1098 3194 1161 haec
3245 1096 3464 1159 scisci-

1970 1202 2162 1269 tatur,
2212 1214 2355 1278 quae
2409 1196 2691 1260 breviter
2737 1198 2909 1277 tangi
2966 1202 3252 1279 possunt.
3303 1194 3464 1257 Nam

1970 1294 2220 1374 quaerit,
2253 1302 2470 1357 utrum
2499 1295 2688 1358 liceat
2715 1294 3264 1357 excommunicato
3291 1309 3464 1355 com·

1972 1393 2299 1455 municare
2361 1394 2428 1455 in
2489 1412 2650 1476 pure
2716 1392 3194 1476 corporalibus3
3257 1396 3322 1453 et
3379 1410 3462 1453 an

1968 1492 2452 1554 communicans
2490 1492 3060 1565 excommunicato,
3091 1491 3176 1553 sit
3212 1507 3463 1552 excom-

1970 1590 2366 1669 municatus3
2395 1608 2477 1654 an
2516 1590 2710 1653 etiam
2749 1590 3129 1673 participare
3166 1607 3315 1651 cum
3352 1606 3460 1650 ex-

1967 1688 2436 1752 communicato
2466 1690 2530 1751 in
2561 1690 2814 1752 casibus
2843 1708 2972 1752 non
3001 1689 3343 1763 concessis,
3375 1688 3458 1750 sit

1968 1806 2224 1868 semper
2280 1795 2613 1870 peccatum
2677 1788 2961 1851 mortale.
3014 1787 3110 1849 Ad
3173 1788 3455 1869 primum

352 1899 431 1942 ex
460 1879 865 1962 quibuslibet
898 1883 1315 1945 sacramentis
1342 1884 1609 1964 gratiam
1642 1882 1855 1946 confe-
1890 1886 1937 1948 B
1969 1885 2198 1947 horum
2243 1887 2438 1948 trium
2487 1887 2826 1969 respondet
2867 1903 2882 1947 ε
2925 1886 3170 1967 Duplex
3211 1892 3308 1947 est
3349 1904 3458 1947 ex-

352 1978 645 2041 rentibus
700 1979 1120 2042 remittuntur
1170 1998 1186 2042 :
1236 1980 1459 2063 sicque
1504 1966 1895 2043 venialium'

351 2076 651 2140 remissio
700 2078 1119 2161 consequitur
1156 2078 1403 2141 ordinis
1453 2086 1849 2160 potestatem.

428 2176 702 2259 Insuper
728 2177 931 2259 quatri
961 2184 1190 2259 potest,
1224 2186 1441 2240 utrum
1470 2177 1683 2259 aliqua
1714 2178 1852 2240 uni-

352 2274 623 2337 versitas
670 2294 783 2338 seu
844 2283 977 2339 tota
1022 2276 1451 2337 communitas
1498 2275 1704 2338 valeat
1749 2295 1855 2339 ex-

354 2374 839 2435 communicari.
858 2374 935 2435 Et
962 2374 1477 2456 respondendum
1504 2374 1673 2455 quod
1706 2392 1852 2449 non,

352 2471 507 2552 quia
532 2472 634 2549 (ut
664 2471 907 2533 dictum
950 2473 1075 2551 est)
1112 2471 1691 2535 excommunicatio
1726 2490 1855 2535 non

352 2577 450 2631 est
498 2568 857 2650 infligenda
913 2570 1037 2633 nisi
1086 2588 1201 2653 pro
1258 2579 1521 2653 peccato
1578 2572 1853 2647 mortali,

352 2668 521 2749 quod
556 2668 849 2730 consistit
880 2668 945 2730 in
986 2676 1153 2730 actu.
1186 2669 1483 2731 Actiones
1515 2688 1666 2733 vero
1704 2680 1856 2733 sunt

352 2765 779 2847 singularium
836 2783 1279 2848 personarum,
1334 2776 1407 2829 ut
1459 2768 1850 2850 frequenter,

352 2880 477 2927 non
529 2864 1031 2926 communitatis.
1068 2864 1143 2927 Et
1192 2868 1486 2948 quamvis
1532 2866 1851 2930 interdum

351 2961 569 3044 plures
600 2962 667 3024 in
696 2962 921 3025 eadem
958 2963 1211 3026 actione
1249 2965 1751 3039 communicent,
1786 2974 1855 3027 ut

1966 1984 2484 2059 communicati0‚
2509 1994 2578 2047 ut
2606 1985 2848 2047 dictum
2877 1991 2977 2047 est
3001 1982 3154 2064 jam.
3179 1984 3314 2047 Una
3342 1984 3457 2045 mi·
3481 2004 3750 2061 enpsuaz

1964 2100 2102 2158 nor,
2145 2102 2446 2165 separans
2492 2104 2530 2147 a
2576 2083 3060 2166 participatione
3101 2101 3454 2145 sacramen-

1963 2189 2222 2260 torum;
2261 2190 2326 2244 et
2371 2182 2593 2263 maj0r,
2631 2202 2775 2264 quae
2824 2181 2990 2244 ultra
3036 2181 3157 2243 boc
3207 2188 3458 2263 separat

1964 2298 2003 2340 a
2048 2280 2502 2343 communione
2547 2278 2858 2342 fidelium.
2898 2280 3458 2342 Excommunicato

1964 2380 2624 2442 excommunicatione
2683 2379 2912 2442 minori
2973 2379 3120 2441 licet
3174 2396 3460 2441 commu-

1967 2477 2200 2551 nicare,
2255 2494 2382 2539 non
2440 2485 2654 2539 tamen
2704 2485 3100 2540 sacramenta
3155 2476 3454 2539 conferri.

1966 2575 2530 2638 Excommunicato
2555 2582 2770 2638 autem
2799 2576 3458 2639 excommunicatione

1966 2673 2192 2754 majori
2237 2691 2362 2737 non
2413 2674 2563 2736 licet
2601 2674 3096 2736 communicare.
3131 2674 3459 2736 Verumta-

1963 2772 2294 2853 men,quia
2325 2771 2606 2833 Ecclesia
2635 2772 3352 2833 excommunicationem
3377 2772 3458 2834 ad

1965 2869 2302 2944 medelam,
2352 2886 2480 2932 non
2535 2870 2618 2931 ad
2663 2869 3135 2931 damnationem
3194 2869 3455 2952 infligit,

1962 2967 2376 3050 excipiuntur
2403 2968 2695 3050 quaedam
2727 2968 2793 3029 in
2823 2967 3058 3050 quibus
3085 2967 3334 3031 licitum
3361 2976 3460 3031 est

350 3068 525 3143 patet
570 3060 652 3122 de
702 3060 1101 3125 trahentibus
1155 3081 1405 3138 navem,
1458 3080 1584 3126 non
1638 3071 1851 3128 tamen
1888 3068 1932 3134 C
1960 3066 2533 3131 excommunicatis
2599 3066 3100 3142 communicare,
3169 3075 3326 3151 puta
3391 3067 3460 3131 in

350 3166 444 3222 est
472 3159 829 3222 verisimile
858 3161 1029 3242 quod
1066 3161 1285 3243 aliqua
1322 3161 1706 3225 universitas
1736 3182 1850 3226 seu

350 3258 779 3320 communitas
812 3258 897 3320 ita
926 3265 1056 3322 tota
1084 3259 1440 3321 consentiat
1470 3259 1535 3321 in
1566 3269 1848 3342 peccato,

350 3364 420 3417 ut
458 3355 627 3417 nulli
678 3355 747 3416 in
790 3374 865 3418 ea
915 3355 1047 3418 sint
1096 3356 1564 3419 dissentientes.
1606 3358 1851 3421 Idcirco

351 3452 637 3516 Ecclesia
666 3453 929 3534 provide
958 3455 1200 3529 statuit,
1232 3463 1302 3517 ut
1332 3473 1459 3518 non
1488 3467 1853 3519 excommu-

351 3551 605 3614 nicetur
640 3553 1089 3626 communitas,
1120 3570 1202 3615 ne
1241 3553 1526 3616 collectis
1569 3555 1848 3629 zizaniiS,

352 3648 545 3712 simul
596 3651 956 3713 eradicetur
1002 3659 1067 3713 et
1112 3651 1399 3714 triticum
1440 3669 1456 3714 z
1499 3653 1851 3735 praesertim

352 3748 505 3829 quia
532 3747 817 3811 Ecclesia
844 3748 1035 3811 debet
1065 3767 1181 3832 pro
1210 3767 1397 3831 posse
1428 3750 1538 3813 Dei
1581 3751 1679 3813 sui
1714 3751 1853 3814 imi-

352 3847 467 3909 tari
496 3846 843 3927 judicium,
874 3847 954 3909 de
992 3865 1123 3928 quo
1160 3847 1473 3930 scriptum
1504 3855 1601 3911 est
1639 3849 1707 3911 in
1736 3849 1851 3913 Ge-

312 3944 489 4014 ,nesi
542 3962 557 4007 :
608 3945 745 4009 Non
795 3952 891 4008 est
938 3944 1059 4008 hoc
1107 3953 1289 4008 tuum
1350 3955 1421 4008 ut
1466 3947 1852 4010 condemnes

347 4043 597 4125 justum
643 4063 790 4106 cum
836 4045 1057 4128 impio.
1090 4081 1173 4090 —
1202 4045 1267 4107 Si
1305 4052 1516 4108 autem
1558 4045 1847 4127 objiciaS,

348 4143 520 4225 quod
564 4142 887 4206 interdum
939 4150 1070 4207 tota
1122 4143 1346 4206 civitas
1394 4163 1508 4207 seu
1560 4163 1848 4208 commu-

1963 3164 2436 3246 pertinentibus
2473 3166 2550 3227 ad
2597 3166 2892 3241 salutem,
2925 3173 2989 3229 et
3029 3166 3204 3248 loqui
3249 3167 3343 3230 eis
3380 3168 3460 3229 de

1961 3262 2220 3336 talibus,
2251 3281 2324 3325 ac
2365 3263 2492 3325 alia
2535 3265 2824 3345 quaedam
2862 3263 3030 3326 bona
3069 3264 3264 3326 verba
3302 3265 3463 3327 inse-
3523 3323 3536 3330 -

1960 3379 2121 3434 rere,
2163 3368 2478 3443 quatenus
2519 3360 2716 3422 verba
2757 3360 3038 3422 salubria
3078 3379 3155 3423 ex
3195 3360 3462 3424 familia·-

1961 3458 2145 3522 ritate
2184 3458 2438 3522 facilius
2481 3458 2914 3540 recipiantur3
2957 3465 3021 3520 et
3055 3458 3248 3520 etiam
3289 3479 3457 3541 quae-

1962 3557 2107 3619 dam
2147 3573 2434 3640 personae
2471 3557 2551 3619 ad
2589 3575 2750 3638 quas
2785 3555 3150 3638 specialiter
3181 3557 3459 3639 pertinet

1965 3656 2248 3736 provisio
2302 3654 2862 3728 excommunicati,
2913 3653 3216 3717 videlicet
3273 3672 3454 3728 uxor,

1963 3751 2422 3827 servus,filius,
2438 3753 2714 3815 rusticus
2743 3760 2808 3814 et
2835 3753 3138 3815 serviens,
3153 3753 3328 3828 Quod
3362 3753 3456 3816 in-

1961 3850 2378 3932 telligendum
2410 3856 2505 3912 est
2535 3850 2742 3912 solum
2783 3851 2864 3912 de
2893 3848 3052 3912 filiis
3081 3869 3208 3914 non
3237 3870 3460 3915 eman-

1959 3950 2188 4032 cipatis
2207 3967 2225 4030 ;
2257 3956 2322 4012 et
2359 3949 2438 4012 de
2466 3948 2634 4022 aliis,
2665 3948 2721 4011 si
2759 3955 2906 4010 ante
2943 3950 3456 4012 excommunica-

1959 4048 2198 4110 tionem
2247 4047 2669 4110 subdiderunt
2717 4065 2784 4110 se
2831 4047 2914 4119 ei,
2959 4065 3087 4110 non
3135 4055 3348 4110 autem
3399 4049 3454 4111 si

1958 4154 2119 4227 post.
2155 4145 2278 4207 Alii
2309 4144 2554 4219 dicunt,
2587 4146 2759 4228 quod
2789 4145 3152 4228 superiores
3186 4155 3456 4228 possunt

348 4241 513 4304 nitas
570 4240 977 4304 interdicitur
1008 4258 1027 4322 3
1088 4242 1627 4325 respondendum,
1677 4243 1847 4326 quod
1879 4244 1928 4306 D
1959 4243 2131 4307 licite
2163 4243 2636 4308 communicare
2663 4242 3184 4320 inferioribuS‚ut
3209 4244 3452 4308 dictum

348 4337 687 4422 suspensio
750 4339 895 4403 talis
954 4358 1083 4405 non
1140 4348 1239 4404 est
1299 4348 1471 4404 tanta
1534 4360 1723 4424 poena
1780 4350 1851 4405 ut

347 4438 947 4514 excommunicatio,
985 4441 1137 4522 quia
1183 4441 1475 4523 suspensi
1524 4439 1847 4522 suffragiis

347 4537 650 4601 Ecclesiae
690 4555 819 4600 non
860 4537 1254 4602 fraudantur.
1288 4538 1465 4601 Unde
1504 4539 1697 4602 etiam
1734 4538 1847 4602 ali-

345 4636 491 4718 quis
540 4636 681 4698 sine
726 4635 917 4718 culpa
964 4655 1079 4698 sua
1120 4636 1555 4719 suspenditur,
1588 4657 1701 4700 seu
1752 4638 1847 4700 in-

346 4735 615 4798 terdicto
663 4734 1049 4817 supponitur
1090 4752 1207 4817 pro
1253 4743 1515 4818 peccato
1560 4735 1842 4813 alterius,

344 4841 415 4894 ut
458 4840 663 4897 totum
708 4851 977 4914 regnum
1018 4851 1137 4916 pro
1179 4835 1345 4915 regis
1387 4852 1671 4897 excessu.

424 4931 555 4994 Hoc
589 4931 743 4994 item
775 4933 1133 5007 sciendum,
1164 4933 1335 5015 quod
1366 4933 1562 4996 semel
1592 4952 1843 4998 excom-

346 5030 735 5104 municatuS,
784 5038 994 5113 potest
1040 5031 1251 5095 denuo
1300 5033 1843 5096 excommunicari

346 5146 461 5209 per
502 5127 799 5208 ejusdem
847 5129 1527 5193 excommunicationis
1575 5131 1845 5194 iteratio-

347 5244 519 5300 nem,
550 5226 630 5287 ad
664 5226 971 5307 majorem
1004 5227 1105 5289 sui
1136 5227 1601 5302 confusionem,
1637 5236 1708 5290 ut
1742 5230 1843 5291 vel

344 5324 437 5386 sic
463 5342 501 5386 a
530 5331 799 5407 peccato
826 5341 943 5388 suo
970 5324 1231 5401 resiliat,
1262 5325 1364 5387 vel
1402 5333 1663 5408 propter
1688 5326 1843 5390 alias

1958 4349 2051 4406 est
2098 4344 2178 4406 de
2218 4341 2549 4416 uxoribuS‚
2591 4343 2792 4406 servis
2829 4349 2894 4406 et
2930 4341 3111 4418 filiis,
3151 4350 3307 4422 etc.;
3342 4343 3452 4408 alii

1957 4440 2181 4505 dicunt
2209 4440 2618 4503 contrarium.
2653 4440 2776 4504 Sed
2813 4441 2891 4504 ad
2925 4441 3140 4504 minus
3173 4460 3454 4506 commu-

1956 4539 2170 4602 nicare
2201 4539 2296 4601 eis
2326 4538 2563 4602 debent
2591 4539 2656 4601 in
2687 4539 2788 4602 his
2817 4541 2883 4601 in
2914 4540 3150 4622 quibus
3179 4541 3276 4603 eis
3305 4549 3456 4605 sunt

1954 4636 2217 4717 obligati
2253 4655 2266 4699 :
2299 4638 2603 4720 quoniam
2650 4639 2818 4700 sicut
2857 4638 3190 4702 inferiores
3233 4647 3451 4703 tenen·

1955 4742 2060 4797 tur
2104 4736 2184 4798 ad
2233 4735 2616 4818 obsequium
2664 4737 3090 4820 superiorum,
3123 4738 3216 4800 sic
3265 4757 3451 4821 supe-

1956 4835 2156 4898 riores
2201 4835 2280 4898 ad
2329 4836 2791 4919 providentiam
2843 4836 3242 4900 inferiorum.
3289 4838 3452 4901 Sunt

1954 4952 2211 5017 quoque
2239 4934 2502 5016 quidam
2532 4954 2716 4997 casus
2745 4935 2993 5017 excepti
3020 4953 3035 4997 :
3061 4942 3132 4999 ut
3159 4936 3314 4998 dum
3343 4955 3448 4999 ex-

1953 5032 2454 5096 communicatio
2502 5033 2869 5115 ignoratur3
2920 5041 2982 5095 et
3040 5034 3194 5096 dum
3249 5034 3449 5117 aliqui

1954 5140 2104 5194 sunt
2132 5131 2454 5214 peregrini
2483 5132 2754 5194 viatores
2786 5133 2850 5194 in
2880 5140 3048 5196 terra
3082 5150 3448 5196 excommu-

1955 5229 2460 5312 nicatorum,qui
2489 5229 2661 5292 licite
2690 5237 2958 5311 possunt
2982 5231 3064 5293 ab
3093 5230 3184 5294 eis
3213 5250 3446 5308 emere,

1956 5347 2071 5392 seu
2100 5328 2294 5391 etiam
2325 5328 2792 5411 eleemosynam
2833 5347 3094 5412 capere3
3126 5337 3190 5392 et
3219 5330 3272 5393 si
3303 5331 3450 5413 quis
