4267 6250
570 4112 652 4156 Pe.
665 4126 832 4165 mavi,

563 4179 606 4219 3.

575 4702 595 4722 ·
613 4702 732 4743 alias
755 4700 828 4744 de-

559 4763 696 4806 bitum

867 465 950 532 44

1587 483 1652 531 m
1691 485 1916 532 Lunum
1955 487 2019 532 xv
2059 481 2546 532 samm-minu.
2586 501 2669 512 —
2708 483 2863 530 msr.
2906 483 2969 548 13
3011 483 3237 541 onias-r.
3274 485 3303 532 1

870 657 962 720 hil
999 664 1099 722 est
1134 658 1469 722 definibile
1511 659 1634 722 nisi
1675 658 2050 733 substantia,
2086 658 2238 740 quia
2274 656 2366 720 sic
2394 657 2446 720 Α
2475 656 2658 740 quasi
2690 656 2931 739 lapides
2960 657 3171 721 rudes„
3204 657 3439 722 Civitas
3476 665 3689 720 autem
3728 656 3847 724 ista
3874 655 3979 721 est

868 756 1033 818 nihil
1079 758 1337 840 ponitur
1375 758 1440 820 in
1482 757 1860 821 definitione
1903 757 2028 819 nisi
2073 756 2367 819 intrinse-

867 874 1015 918 cum
1069 855 1340 919 definito
1385 863 1450 918 et
1495 863 1789 939 spectans
1837 855 1916 918 ad
1965 854 2106 935 ejus
2155 873 2367 917 essen-

865 953 1042 1016 tiam.
1077 955 1288 1017 Tertio
1318 953 1526 1029 mode,
1561 954 1856 1036 quamvis
1887 972 1988 1015 res
2019 952 2367 1016 definiatur

865 1071 982 1135 per
1020 1052 1145 1114 sibi
1186 1053 1550 1124 intrinseca,
1583 1061 1656 1115 ut
1691 1071 1808 1135 per
1835 1071 2039 1134 genus
2078 1059 2143 1114 et
2179 1051 2365 1114 diffe-

864 1151 1156 1227 rentiam,
1207 1159 1485 1215 attamen
1542 1151 1696 1234 quia
1747 1152 2065 1233 dependet
2118 1150 2201 1213 ab
2258 1169 2364 1213 ex-

859 1250 1138 1313 trinseco
1182 1250 1400 1332 aliquo
1447 1250 1514 1313 in
1569 1256 1817 1312 tantum
1871 1250 2042 1332 quod
2099 1250 2238 1313 sine
2286 1267 2363 1312 eo

864 1346 1148 1430 perfecte
1205 1347 1526 1411 notificari
1579 1367 1706 1411 non
1760 1355 2019 1430 potest3
2070 1347 2215 1410 ideo
2266 1355 2358 1410 ta·

865 1445 944 1508 lis
975 1444 1269 1508 definitio
1297 1446 1482 1508 datur
1511 1465 1627 1528 per
1655 1446 2102 1508 additamenta.
2127 1446 2359 1529 Sicque

863 1542 1265 1606 definiuntur
1317 1543 1692 1619 accidentia,
1742 1563 2015 1627 quorum
2068 1563 2209 1607 esse
2264 1551 2363 1607 est

863 1641 1096 1716 inesse,
1147 1649 1458 1724 quantum
1507 1643 1584 1704 ad
1633 1643 1987 1706 accidentia
2042 1641 2355 1717 absoluta,

861 1739 964 1803 vel
993 1741 1072 1803 ad
1111 1740 1285 1802 aliud
1325 1759 1485 1816 esse,
1519 1749 1830 1824 quantum
1868 1742 1947 1804 ad
1979 1741 2353 1823 respectiva.

2475 755 2657 836 quasi
2689 754 3037 819 aedificium
3068 756 3307 832 nobile,
3338 756 3523 820 valde
3554 755 3975 839 magnificum

2474 872 2511 917 e
2556 853 2744 935 lignis
2789 855 2991 928 caesis,
3024 855 3557 919 artificiosissime
3598 855 3866 938 sculptis
3907 865 3979 920 et

2476 952 2715 1034 politiS,
2748 953 2925 1015 omni
2954 953 3184 1016 decore
3218 953 3663 1017 architectum
3690 955 3928 1016 ornatis
3952 972 3975 1034 3

2476 1049 2711 1131 singuli
2740 1069 2893 1114 vero
2922 1052 3095 1114 cives
3126 1060 3276 1115 sunt
3312 1053 3495 1134 quasi
3524 1072 3675 1116 saxa
3709 1060 3775 1115 et
3802 1053 3979 1134 ligna

2475 1150 2753 1232 pretiosa
2781 1168 2855 1212 ac
2884 1150 3239 1232 splendida,
3272 1151 3449 1214 omni
3480 1151 3979 1214 architectonica

2474 1246 2804 1330 diligentia
2858 1248 3169 1311 decorata.
3220 1248 3463 1332 Nempe
3508 1249 3679 1332 quod
3736 1258 3973 1326 tumor,

2472 1346 2801 1420 tortitud0‚
2844 1347 3122 1409 curvitas
3170 1347 3593 1430 putriditasve
3642 1349 3709 1411 in
3755 1348 3970 1431 lignis„

2474 1443 2595 1506 hoc
2624 1444 2779 1506 vitia
2808 1451 2872 1507 et
2902 1453 3160 1527 peccata
3200 1445 3266 1507 in
3294 1445 3669 1526 animabus;
3698 1454 3764 1509 et
3799 1449 3975 1530 quod

2473 1541 2809 1617 rectitud0‚
2852 1541 3171 1624 planitieS,
3218 1542 3620 1627 firmitasque
3667 1543 3733 1607 in
3779 1545 3975 1626 lignis

2471 1645 2664 1723 atque
2695 1639 3037 1722 lapidibuS,
3069 1641 3191 1704 hoc
3222 1649 3371 1704 sunt
3404 1642 3737 1725 sapientia,
3768 1645 3979 1724 gratia

2472 1745 2536 1800 et
2581 1739 2851 1801 virtutes
2904 1738 2971 1800 in
3030 1739 3386 1802 animabus.
3440 1740 3748 1823 Denique,
3796 1743 3972 1824 quod

861 1839 1198 1921 Quumque
1227 1838 1520 1904 definitio
1559 1840 1642 1902 sit
1679 1857 1892 1903 sermo
1925 1840 2168 1915 dicens,
2202 1839 2357 1921 quid
2394 1839 2443 1902 B
2472 1843 2855 1899 caementum
2888 1844 2952 1898 et
2980 1836 3143 1900 clavi
3182 1856 3257 1900 ac
3288 1845 3513 1902 ceterae
3554 1838 3837 1920 ligaturae
3875 1841 3977 1903 in-

859 1944 1126 2000 est-esse
1157 1937 1286 2017 rei3
1320 1938 1462 2001 ideo
1499 1938 1853 2001 accidentia
1889 1938 2181 2001 absoluta
2217 1955 2359 2020 per·
2404 1975 2411 1982 ·

858 2034 1025 2098 fecte
1073 2044 1402 2117 nequeunt
1439 2034 1699 2098 definiri
1742 2036 1881 2099 sine
1923 2035 2216 2117 subjecto
2253 2036 2357 2098 cui

862 2134 1102 2206 insunt,
1165 2153 1284 2197 nec
1340 2135 1696 2216 respectiva
1752 2135 1891 2198 sine
1948 2135 2225 2199 termino
2278 2135 2357 2198 ad

859 2250 1052 2314 quem
1084 2239 1252 2294 sunt.
1287 2232 1378 2294 Ex
1417 2233 1518 2294 his
1556 2232 1917 2306 innotescit,
1951 2234 2121 2316 quod
2154 2252 2361 2297 sacra-

860 2337 1148 2392 mentum
1188 2338 1286 2393 est
1325 2330 1661 2394 definibile
1698 2331 1909 2413 primo
1947 2332 2158 2405 mod0,
2190 2332 2359 2395 sicut

857 2435 922 2491 et
969 2427 1432 2509 significabile;
1465 2429 1618 2492 item
1668 2430 1855 2492 tertio
1901 2430 2111 2505 modo,
2152 2449 2353 2512 quum

858 2524 1089 2588 habeat
1133 2545 1335 2608 genus
1387 2533 1452 2589 et
1507 2527 1962 2603 differentiam,
2013 2546 2087 2590 ac
2145 2529 2358 2610 subje-

857 2631 1032 2687 ctum
1072 2644 1185 2687 seu
1229 2625 1597 2688 terminum.
1632 2626 1767 2688 Non
1807 2634 2020 2689 autem
2057 2635 2157 2690 est
2197 2626 2357 2690 defi-

857 2723 1060 2786 nibile
1109 2725 1298 2787 modo
1343 2725 1645 2798 secundo,
1679 2743 1879 2807 quum
1923 2743 2050 2788 non
2101 2727 2188 2788 sit
2234 2725 2356 2788 for-

860 2823 1112 2886 maliter
1169 2841 1244 2885 ac
1307 2823 1548 2886 directe
1613 2824 1988 2898 substantia,
2052 2834 2123 2887 ut
2188 2824 2355 2888 infra

859 2922 1060 3002 magis
1102 2921 1362 3004 patebit.
1409 2923 1552 2986 Haec
1593 2923 2095 3004 ArgentinensiS.

862 3172 1059 3239 Quod
1112 3173 1349 3244 fidelis
1390 3176 1707 3247 populus
1761 3172 1870 3235 est
1917 3174 2134 3249 quasi
2182 3158 2359 3236 civ?-

944 3281 1086 3353 tas,
1115 3281 1494 3355 templum,
1528 3281 1917 3353 habitatio,
1951 3283 2349 3356 emer-citus,

945 3389 1254 3451 ecclesia
1275 3388 1447 3448 Dei:
1470 3388 1550 3449 in
1573 3401 1710 3464 quo
1729 3391 2000 3461 populo
2028 3389 2359 3461 oportuit

945 3508 1240 3569 semper
1300 3508 1456 3557 csse
1503 3497 1778 3585 aliqua
1838 3498 2349 3570 sacramenta,

943 3604 1303 3678 tanquam
1377 3604 1593 3678 siena
1669 3602 2054 3666 civilitatis
2115 3605 2356 3677 perti-

943 3711 1278 3773 nentium
1314 3713 1413 3773 ad
1450 3712 1677 3773 istam
1715 3713 2349 3786 communitatem,

945 3822 1045 3883 ad
1093 3832 1407 3894 quorum
1463 3820 2044 3893 assumptionem
2103 3821 2354 3883 tenen-

951 3927 1079 3989 tur
1123 3928 1476 3989 concives.

939 4099 1224 4164 Gloriosa
1262 4100 1433 4162 dicta
1471 4106 1620 4162 sunt
1662 4099 1742 4161 de
1783 4106 1869 4172 te,
1902 4098 2126 4162 civitas
2172 4099 2302 4163 Dei.

2469 1942 2568 1997 ter
2597 1934 2766 2016 ligna
2796 1942 2861 1997 et
2899 1934 3163 2017 lapideS,
3197 1935 3317 1999 hoc
3355 1935 3615 2000 dilectio
3654 1945 3875 2000 mutua
3904 1947 3975 2001 et

2468 2031 2833 2114 spirituales
2874 2033 3379 2096 necessitudines
3424 2033 3589 2097 inter
3630 2035 3969 2099 hominum

2465 2130 2731 2193 animas.
2783 2131 3119 2214 Quumque
3176 2131 3445 2194 virtutes
3500 2140 3565 2195 et
3616 2134 3967 2215 gratiarum

2465 2228 2868 2303 charismata,
2900 2227 3229 2311 sapientiae
3273 2247 3529 2312 quoque
3570 2249 3645 2293 ac
3683 2231 3967 2297 scientiae

2466 2326 2711 2389 lumina
2748 2346 2787 2389 a
2824 2326 2959 2391 solo
2995 2327 3125 2390 sint
3161 2328 3311 2404 Deo,
3344 2336 3593 2393 constat
3634 2328 3842 2394 solum
3880 2331 3971 2393 al-

2462 2425 2786 2488 tissimum
2831 2427 3033 2489 Deum
3076 2445 3217 2489 esse
3256 2427 3713 2492 aedificatorem
3755 2429 3973 2494 Eccle-

2464 2523 2595 2596 siae,
2628 2523 2739 2605 qui
2771 2531 2837 2586 et
2866 2524 3211 2606 specialem
3238 2544 3313 2588 ac
3353 2527 3744 2609 praecipuam
3774 2527 3971 2591 habet

2464 2641 2685 2684 curam
2729 2630 2791 2685 et
2834 2623 3301 2706 providentiam
3344 2625 3505 2706 ejus.

2564 2722 2677 2783 Hic
2736 2721 3013 2804 populus
3070 2741 3220 2786 vere
3278 2723 3743 2800 christifideliS,
3804 2733 3966 2789 tem-

2464 2819 2644 2902 plum
2689 2818 2800 2882 Dei
2848 2827 3111 2883 vocatur
3160 2829 3419 2904 propter
3460 2822 3707 2885 cultum
3752 2832 3817 2887 et
3860 2824 3972 2889 ho-

2465 2916 2935 2980 norificentiam
2998 2918 3330 2993 CreatoriS,
3391 2919 3577 3001 cujus
3634 2940 3703 2984 se
3761 2922 3965 2986 cultui

2386 3024 2429 3087 C
2466 3015 2910 3099 principaliter
2938 3015 3349 3100 finaliterque
3380 3019 3705 3099 impendit
3722 3021 3969 3084 Dicitur

2466 3114 2619 3178 item
2650 3115 2897 3189 civitas,
2932 3123 3191 3198 propter
3222 3115 3707 3186 saluberrimam
3739 3138 3962 3202 pacem

2464 3222 2528 3277 et
2561 3213 3096 3294 jucundissimam
3136 3216 3503 3279 societatem
3544 3216 3783 3279 civium
3822 3219 3965 3299 ejus

2462 3314 2541 3375 ad
2592 3312 2892 3388 invicem,
2926 3313 3163 3394 quibus
3208 3314 3329 3377 sub
3371 3315 3501 3378 Deo
3546 3334 3694 3397 rege
3742 3336 3967 3381 secun-

2464 3412 2618 3473 dum
2660 3411 2803 3491 ejus
2848 3412 3341 3475 sacratissimam
3386 3414 3547 3476 vivit
3595 3414 3819 3497 legem.
3856 3416 3965 3479 Est

2463 3510 2657 3572 etiam
2699 3510 2927 3572 domus
2965 3510 3098 3586 Dei,
3132 3510 3331 3573 Deum
3362 3530 3587 3575 verum
3627 3514 3964 3596 patremfa-

2466 3608 2677 3671 milias
2724 3608 2988 3683 habens„
3036 3609 3103 3671 in
3150 3628 3277 3691 qua
3322 3610 3593 3692 singulis
3642 3612 3851 3677 victus
3900 3622 3966 3677 et

2464 3706 2732 3770 vestitus
2788 3706 3153 3789 spirituales
3205 3708 3623 3790 providentur
3668 3710 3750 3773 ab
3799 3712 3961 3795 ipso.

2464 3805 2574 3867 Est
2620 3805 2773 3868 item
2828 3823 2978 3887 ager
3023 3813 3090 3868 et
3136 3805 3357 3869 hortus
3402 3814 3467 3869 et
3514 3808 3725 3883 vinea,
3774 3810 3965 3891 cujus

2464 3904 2602 3987 ipse
2627 3904 2944 3987 plantator
2982 3912 3081 3967 est
3116 3912 3183 3968 et
3217 3904 3523 3968 excultor.
3560 3905 3671 3970 Est
3699 3907 3969 3991 insuper

2462 4001 2576 4065 Dei
2606 4002 2945 4078 exercitus,
2968 4010 3225 4084 propter
3254 4002 3560 4067 bellicum
3589 4014 3967 4088 apparatum

2463 4107 2527 4162 et
2554 4100 2811 4163 assidua
2846 4101 3195 4163 certamina
3232 4109 3451 4166 contra
3488 4121 3733 4167 errores
3769 4113 3837 4169 et
3873 4106 3969 4169 vi-

937 4197 1026 4261 De
1072 4198 1189 4260 hac
1233 4216 1302 4260 re
1349 4196 1574 4259 scribit
1620 4196 2052 4277 pulcherrime
2098 4197 2357 4261 Guillel-
2383 4203 2433 4265 D
2461 4198 2569 4261 tia.
2604 4198 2846 4261 Idcirco
2884 4199 2995 4281 qui
3034 4200 3349 4281 templum
3389 4201 3559 4265 istud
3598 4203 3969 4284 ingrediun-

858 4314 1002 4359 mus
1030 4294 1403 4359 Parisiensis
1433 4293 1500 4355 in
1531 4311 1647 4356 suo
1677 4294 2126 4358 sacramentali
2156 4297 2353 4358 :Ima-

853 4394 1240 4476 ginabimur,
1275 4393 1593 4475 inquiens»,
1618 4392 1939 4455 civitatem
1971 4412 2048 4455 ex
2079 4394 2354 4457 homini-

856 4494 975 4557 bus
1003 4499 1399 4575 aggregatam
1432 4491 1518 4554 ita
1549 4490 1865 4573 perfectis
1880 4498 1950 4553 ut
1977 4498 2107 4555 tota
2135 4510 2355 4556 eorum

856 4592 986 4653 vita
1024 4591 1107 4653 sit
1147 4590 1257 4653 Dei
1302 4588 1791 4654 honorificentia
1831 4598 2022 4672 atque
2059 4590 2353 4674 obsequi-

856 4708 988 4763 um,
1021 4694 1152 4752 tota
1200 4688 1474 4752 debitae*
1516 4689 1862 4752 honestatis
1909 4688 2227 4765 officium,
2260 4698 2352 4755 to-

854 4794 918 4849 ta
955 4788 1227 4851 aliorum
1266 4786 1647 4849 subsidium.
1683 4786 2214 4869 Manifestumque
2258 4797 2354 4851 est

854 4886 1025 4968 quod
1069 4885 1542 4967 comparatione
1591 4885 1865 4949 civitatis
1915 4886 2099 4949 istius
2148 4894 2354 4949 totum

847 4983 1179 5047 residuum
1211 4982 1548 5045 hominum
1581 4984 1662 5045 sit
1690 4984 1870 5065 quasi
1900 4984 2062 5047 silva
2091 4984 2350 5059 inculta,

852 5089 917 5144 et
944 5081 1180 5163 singuli
1211 5080 1450 5144 residui
1490 5080 1783 5144 homines
1811 5083 1995 5163 quasi
2033 5082 2207 5163 ligna
2248 5082 2355 5145 sil-

852 5180 1077 5242 vatica.
1141 5180 1405 5254 Rursus,
1471 5179 1798 5242 residuum
1860 5180 2197 5244 hominum
2261 5188 2357 5244 est

853 5278 1035 5359 quasi
1084 5277 1450 5359 lapidicina,
1489 5283 1553 5339 et
1599 5277 1835 5357 singuli
1883 5277 2158 5341 aliorum
2208 5287 2357 5342 sunt

2461 4304 2587 4371 tur,
2629 4297 2991 4360 necessario
3028 4298 3416 4363 sanctificari
3456 4299 3695 4364 habent
3731 4301 3808 4365 ad
3848 4304 3965 4367 Dei

2463 4395 2733 4467 cultum,
2765 4402 2829 4457 et
2875 4396 3344 4476 quodammodo
3388 4397 3534 4461 fieri
3578 4400 3961 4466 sacerdotes.

2463 4494 2772 4557 Similiter
2801 4494 2910 4576 qui
2944 4494 3171 4558 urbem
3200 4496 3365 4559 hanc
3393 4498 3652 4571 intrant,
3687 4508 3759 4563 ut
3786 4500 3965 4565 cives

2463 4593 2603 4673 ejus
2648 4592 3137 4669 constituantur,
3172 4613 3433 4659 necesse
3476 4595 3715 4660 habent
3760 4598 3970 4664 civili-

2461 4698 2657 4753 tatem
2686 4690 2829 4770 ejus
2860 4691 3208 4774 suscipere,
3240 4692 3362 4756 hoc
3392 4700 3509 4767 est,
3543 4694 3715 4777 leges
3750 4704 3817 4759 et
3844 4705 3969 4761 sta-

2462 4796 2597 4851 tuta
2641 4806 2977 4869 moresque
3020 4790 3259 4853 subire.
3296 4790 3399 4854 Sic
3443 4799 3508 4854 et
3543 4793 3655 4874 qui
3694 4794 3966 4859 domum

2462 4886 2627 4949 hanc
2665 4892 2889 4968 optant
2925 4886 3181 4962 intrare,
3215 4895 3512 4953 tenentur
3550 4898 3727 4953 tanto
3770 4894 3966 4975 patri-

2462 4984 2740 5047 familias
2778 4982 2995 5047 debito
3032 4984 3344 5050 famulatu
3382 5006 3456 5051 ac
3490 4989 3837 5053 domestica
3875 4991 3969 5055 fa-

2464 5081 2828 5145 miliaritate
2870 5082 3059 5146 subdi
3101 5102 3177 5146 ac
3212 5085 3553 5150 adhaerere.
3588 5087 3691 5151 Sic
3728 5089 3843 5170 qui
3882 5091 3964 5154 de

2461 5182 2583 5245 hoc
2632 5180 2914 5243 exercitu
2962 5200 3103 5245 esse
3152 5190 3465 5265 satagunt,
3514 5202 3676 5268 opus
3724 5186 3966 5251 habent

2464 5278 2863 5363 spiritualem
2913 5297 3211 5343 exercere
3259 5282 3578 5359 militiam,
3629 5290 3694 5347 et
3740 5293 3963 5349 contra
