4267 6250
850 477 972 544 342
1766 500 1942 547 mmm
1979 501 2044 548 ιν
2085 499 2570 548 smum-ruunt.
2610 517 2693 528 —
2732 499 2886 546 nis-r.
2926 498 3040 545 xm

853 675 1062 737 sancti
1108 675 1324 757 angeli
1369 677 1468 739 tui
1514 676 1580 738 in
1631 675 1915 740 sublime
1960 675 2165 738 altare
2202 675 2419 754 tuum,
2461 675 2583 736 etc.
2625 673 2901 754 IdcircO,
2933 673 3063 736 nisi
3112 672 3386 754 angelus
3434 672 3707 751 venerit,
3748 669 3961 735 Missa

851 807 1268 873 nequaquam
1298 793 1447 874 jure
1488 793 1708 857 vocari
1755 795 1992 874 potest.
2033 790 2379 872 Numquid
2415 791 2616 870 enim,
2660 791 2719 854 si
2755 790 2882 852 hoc
2919 790 3309 870 mysterium
3355 789 3703 854 haereticus
3749 806 3959 852 ausus

853 905 1053 970 fuerit
1086 926 1425 990 usurpare,
1459 911 1768 990 angelum
1805 909 1885 972 de
1923 909 2106 972 coelis
2144 908 2351 970 mittit
2376 907 2559 971 Deus
2588 906 2987 970 oblationem
3024 906 3169 988 ejus
3206 904 3627 970 consecrare?
3663 905 3959 968 Maxime

559 1032 764 1078 Malaca.
780 1046 825 1086 ιι,
854 1039 1058 1103 quum
1099 1025 1349 1089 eisdem
1395 1043 1512 1108 per
1551 1026 1950 1108 Prophetam
1988 1024 2432 1089 comminatus
2478 1023 2588 1102 sit,
2631 1022 2855 1086 dicens
2896 1043 2912 1084 ε
2954 1022 3340 1086 Maledicam
3384 1021 3958 1085 benedictionibus

854 1140 1110 1202 vestris
1154 1141 1347 1214 Quod
1392 1143 1450 1204 si
1495 1141 2060 1205 benedictionibus
2109 1157 2340 1204 eorum
2380 1156 2452 1203 se
2488 1139 2722 1202 asserit
2767 1138 3261 1203 maledicturam
3298 1138 3580 1218 VeritaS,
3620 1137 3780 1218 quid
3828 1137 3959 1200 erit

851 1254 934 1317 de
975 1255 1242 1319 hostia?
1286 1259 1460 1339 Ergo
1508 1257 1805 1320 dicemus
1857 1256 2038 1320 illam
2086 1273 2282 1338 posse
2337 1255 2633 1320 benedici
2683 1254 2765 1318 ab
2812 1254 2927 1318 illo
2984 1272 3181 1336 quem
3234 1255 3485 1318 scimus
3528 1271 3568 1316 a
3612 1253 3753 1318 Deo
3812 1253 3953 1317 fore

851 1372 1276 1436 maledictum
1306 1392 1456 1437 cum
1495 1392 1615 1437 sua
1651 1373 2101 1438 benedictione
2121 1373 2153 1435 ‘3
2186 1373 2256 1438 Si
2288 1372 2465 1436 enim
2494 1373 2675 1436 Deus
2710 1372 3125 1437 maledixerit
3151 1370 3717 1436 benedictionibus
3744 1370 3955 1434 haere-

849 1486 1156 1567 ticorum,
1207 1491 1272 1552 et
1315 1489 1718 1554 simoniacus
1767 1489 2197 1568 benedixerit,
2240 1489 2391 1570 quis
2440 1505 2668 1552 eorum
2718 1488 3100 1570 praevalebit
3120 1487 3151 1550 ἱ)
3194 1486 3534 1569 Numquid
3579 1485 3953 1551 benedictio

850 1602 1182 1668 maledicti
1228 1606 1312 1668 ad
1356 1604 1641 1669 nihilum
1697 1605 1938 1686 poterit
1987 1605 2281 1686 redigere
2331 1604 2530 1669 verba
2578 1605 2924 1669 verissima
2979 1603 3445 1668 comminantis
3494 1602 3672 1667 Dei?
3710 1637 3801 1648 -
3846 1601 3953 1665 Ex

849 1718 956 1782 his
993 1719 1346 1801 colligitur,
1379 1721 1556 1803 quod
1594 1721 1942 1785 haereticus
1972 1737 2011 1784 a
2042 1720 2365 1784 catholica
2398 1721 2693 1785 Ecclesia
2728 1721 3067 1803 praecisuS‚
3098 1721 3381 1802 nequeat
3416 1719 3542 1782 hoc
3578 1735 3953 1782 sacramen-

849 1837 992 1898 tum
1031 1832 1346 1901 conficere
1393 1857 1409 1899 ε
1457 1839 1614 1919 quia
1661 1826 1869 1902 sancti
1912 1838 2151 1919 angeli,
2192 1837 2308 1919 qui
2354 1838 2556 1919 hujus
2602 1837 2903 1918 mysterii
2940 1837 3359 1901 celebrationi
3400 1835 3751 1916 adsistunt,
3792 1837 3953 1899 tunc

848 1970 980 2016 non
1023 1953 1284 2033 adsunt,
1325 1955 1587 2035 quando
1635 1955 1984 2019 haereticus
2021 1953 2126 2018 vel
2173 1953 2576 2018 simoniacus
2622 1955 2747 2016 hoc
2798 1953 3189 2034 mysterium
3234 1953 3579 2016 temerarie
3625 1950 3952 2016 celebrare

848 2069 1214 2149 praesumit.
1266 2070 1415 2133 Non
1472 2071 1648 2134 enim
1703 2070 1989 2133 dubitari
2043 2070 2219 2148 licet,
2270 2070 2384 2133 ubi
2432 2070 2724 2151 corporis
2771 2068 3088 2132 dominici
3136 2070 3201 2132 et
3246 2068 3589 2149 sanguinis
3634 2067 3953 2148 mysteria

850 2185 1188 2265 geruntur,
1221 2203 1658 2267 supernorum
1711 2187 1959 2249 civium
2009 2186 2239 2250 adesse
2285 2186 2669 2249 conventus

984 2300 1061 2363 In
1098 2300 1299 2382 huJus
1339 2302 1561 2364 autem
1602 2302 1903 2382 mysterii
1941 2302 2337 2384 expletione,
2376 2302 2551 2366 sicut
2592 2301 2871 2365 formam
2914 2301 3185 2383 servari,
3227 2302 3319 2364 ita
3356 2300 3654 2364 ordinem
3696 2299 3946 2380 haberi,

849 2416 1101 2481 scilicet
1144 2419 1219 2480 ut
1264 2417 1352 2480 sit
1396 2418 1722 2500 sacerdos,
1771 2420 1836 2482 et
1883 2418 2316 2483 intentionem
2363 2418 2658 2482 adhiberi
2712 2421 2989 2500 oportet,
3036 2421 3112 2483 ut
3155 2418 3323 2484 illud
3372 2419 3582 2483 facere
3628 2416 3947 2482 intendat.

849 2533 980 2598 Sed
1026 2534 1084 2598 si
1131 2551 1262 2597 non
1315 2535 1518 2599 credit
1564 2535 1645 2598 de
1693 2535 1808 2597 illo
1851 2535 2168 2616 mysterio
2212 2535 2385 2598 sicut
2424 2536 2666 2599 veritas
2712 2535 2930 2616 habet,
2976 2537 3303 2617 numquid
3350 2537 3567 2617 potest
3614 2535 3951 2598 intendere

847 2650 1014 2714 illud
1065 2647 1431 2716 conficere?
1468 2653 1552 2715 Et
1596 2652 1654 2715 si
1709 2668 1841 2715 non
1893 2651 2196 2732 intendit,
2246 2653 2574 2734 numquid
2629 2654 2891 2717 conficit
2913 2652 2944 2715 ἱ)
2990 2653 3218 2734 Aliqui
3266 2652 3515 2734 dicunt,
3560 2653 3761 2716 etiam
3815 2669 3951 2715 non

849 2768 1022 2831 recte
1054 2767 1136 2831 de
1173 2767 1286 2830 illo
1325 2769 1640 2848 mysterio
1680 2768 2035 2832 sentientes
2071 2786 2267 2850 posse
2304 2769 2642 2834 intendere
2676 2791 2689 2832 ε
2723 2787 2855 2833 non
2894 2770 3162 2852 quidem
3200 2769 3365 2833 illud
3404 2765 3743 2848 conficere,
3774 2769 3955 2851 quod

842 2883 982 2964 jam
1021 2885 1194 2948 esset
1227 2886 1400 2948 recte
1439 2886 1733 2966 credere;
1773 2884 1890 2948 sed
1925 2885 1993 2947 id
2031 2903 2223 2966 agere
2260 2886 2439 2967 quod
2475 2887 2723 2968 geritur
2759 2887 2842 2950 ab
2877 2887 3027 2950 aliis
3068 2887 3229 2950 dum
3276 2886 3441 2949 illud
3478 2885 3843 2964 conficitur,
3888 2887 3953 2948 et

849 3001 945 3063 sic
1000 3000 1348 3064 adhibetur
1393 3000 1703 3080 intentio;
1746 3003 1812 3064 et
1857 3002 1913 3064 si
1971 3001 2246 3066 intentio
2298 3002 2554 3065 dicatur
2604 3002 2831 3066 deesse
2878 3002 3265 3067 conficiendi
3316 3001 3481 3065 illud
3526 3001 3946 3082 mysterium,

849 3119 1070 3206 tamen
1109 3136 1189 3181 ex
1238 3135 1370 3199 quo
1409 3116 1690 3181 intendit
1737 3136 1812 3182 ea
1857 3118 2073 3183 dicere
2110 3120 2178 3184 et
2218 3138 2409 3202 agere
2447 3138 2595 3202 quae
2633 3119 2715 3185 ab
2762 3120 2911 3184 aliis
2955 3121 3294 3202 geruntur,
3336 3118 3649 3201 impletur
3694 3121 3949 3201 myste-

849 3233 1048 3296 rium.
1079 3268 1168 3279 -—
1203 3233 1378 3296 Illud
1415 3234 1615 3297 etiam
1651 3252 1808 3298 sane
1845 3235 1976 3298 dici
2010 3238 2252 3317 potest,
2285 3238 2463 3318 quod
2500 3254 2539 3300 a
2574 3238 2787 3301 brutis
2822 3236 3219 3301 animalibus
3256 3253 3493 3318 corpus
3529 3235 3774 3299 Christi
3816 3253 3949 3299 non

850 3350 1159 3429 sumitur,
1200 3350 1322 3414 etsi
1361 3350 1679 3414 videatur.
1715 3352 1889 3425 Quid
1928 3371 2081 3434 ergo
2121 3355 2328 3418 sumit
2366 3372 2537 3435 mus,
2573 3354 2678 3418 vel
2715 3354 2877 3435 quid
2914 3352 3317 3417 manducat?
3354 3352 3534 3417 Deus
3572 3352 3760 3415 novit
3796 3352 3946 3415 hoc.

852 3500 933 3513 —
965 3468 1063 3531 De
1102 3467 1228 3530 hoc
1264 3466 1512 3531 coelesti
1556 3469 1871 3549 mysterio
1911 3469 2133 3552 aliqua
2170 3470 2676 3552 perstrinximus
2712 3488 2753 3533 a
2790 3470 3131 3534 catholicis
3167 3468 3446 3533 fideliter
3486 3468 3787 3532 tenenda.
3822 3470 3952 3543 Qui

851 3582 1028 3646 enim
1075 3580 1180 3646 his
1226 3583 1635 3663 contradicit,
1677 3584 2026 3649 haereticus
2065 3585 2422 3667 judicatur.

1386 3843 1463 3907 Β.
1513 3847 1695 3913 Quid
1735 3844 1974 3919 faciat
2019 3847 2474 3922 haereticum,
2515 3848 2586 3909 et
2630 3850 2806 3925 quid
2848 3849 2947 3911 sit
2990 3849 3398 3911 haereticus.

983 4076 1084 4139 Ne
1126 4077 1348 4138 autem
1390 4076 1650 4155 ignores
1689 4073 1850 4155 quid
1887 4074 2085 4137 faciat
2131 4075 2537 4157 haereticum,
2578 4077 2684 4141 vel
2719 4078 2879 4159 quid
2920 4078 3005 4142 sit
3044 4078 3413 4159 haereticus,
3461 4078 3616 4143 audi
3664 4078 3953 4145 breviter

605 4206 739 4280 ¹.¹‘!²‘·
771 4206 826 4249 de
851 4190 1014 4274 quid
1059 4190 1211 4253 inde
1248 4190 1454 4254 sancti
1494 4190 1812 4255 Doctores
1853 4190 2131 4254 tradant.
2176 4192 2470 4256 Hilarius
2506 4193 2600 4257 ait
2640 4214 2655 4256 ε
2700 4195 3109 4260 Exstiterunt
3152 4196 3397 4277 plureS,
3428 4198 3543 4277 qui
3581 4196 3951 4261 coelestium

557 4269 824 4383 fffflffif'a,
853 4306 1202 4370 verborum
1242 4307 1758 4389 simplicitatem,
1790 4324 1922 4370 non
1951 4308 2246 4371 veritatis
2283 4309 2495 4391 ipsius
2532 4311 3011 4375 absolutionem
3048 4314 3498 4394 susceperunt,
3530 4312 3721 4377 aliter
3748 4315 3951 4379 inter-

853 4422 1184 4505 pretantes
1230 4438 1430 4503 quam
1478 4422 1805 4486 dictorum
1845 4424 2054 4487 virtus
2100 4424 2483 4504 postularet.
2528 4427 2625 4491 De
2664 4427 3093 4511 intelligentia
3138 4429 3313 4492 enim
3358 4428 3651 4511 haeresis,
3690 4448 3829 4494 non
3868 4431 3948 4497 de

580 4563 824 4612 mum...
853 4541 1188 4621 Scriptura
1226 4540 1360 4620 est3
1403 4541 1467 4602 et
1493 4558 1748 4619 sensuS,
1780 4557 1912 4602 non
1944 4536 2278 4621 sermo,flt
2306 4544 2575 4605 crimen.
2610 4541 2793 4607 Idem
2833 4545 2901 4607 in
2937 4546 3219 4627 septimo
3256 4565 3271 4606 :
3305 4545 3765 4627 Intelligentiae
3802 4566 3949 4612 sen-

557 4630 822 4745 ”Affissynm
853 4674 968 4719 sus
1009 4656 1077 4718 in
1120 4654 1395 4718 crimine
1439 4656 1557 4718 est.
1585 4656 2032 4736 Hieronymus
2073 4656 2256 4737 dicit,
2289 4658 2469 4739 quod
2502 4677 2583 4721 ex
2619 4660 2837 4723 verbis
2875 4661 3241 4724 inordinate
3283 4662 3557 4741 prolatis
3594 4663 3948 4728 incurritur

555 4750 750 4859 'gfff
778 4764 822 4801 '¹'
850 4772 1144 4836 haeresis,
1185 4770 1596 4853 Augustinus
1643 4772 1959 4835 definiens
1996 4772 2160 4853 quid
2204 4773 2293 4836 sit
2329 4773 2699 4855 haereticuS,
2734 4777 2826 4837 ait
2868 4796 2882 4837 :
2922 4776 3290 4840 Haereticus
3337 4778 3459 4856 est,
3502 4780 3619 4859 qui
3665 4780 3948 4863 alicujus

555 4874 824 4984 ssffiffflfj
848 4887 1230 4970 temporalis
1275 4888 1607 4951 commodi
1655 4890 1720 4952 et
1764 4889 2054 4952 maxime
2098 4890 2326 4969 gloriae
2373 4890 2911 4973 principatusque
2952 4893 3056 4955 sui
3103 4894 3335 4974 gratia,
3378 4893 3577 4957 falsas
3622 4913 3697 4958 ac
3740 4914 3945 4961 novas

553 5002 818 5053 dudm-¹·
848 5003 1191 5086 opiniones
1236 5003 1448 5086 gignit
1495 5005 1599 5069 vel
1645 5006 1964 5087 sequitur.
