<?xml version="1.0" encoding="UTF-8"?>
<!DOCTYPE html PUBLIC "-//W3C//DTD XHTML 1.0 Transitional//EN"
    "http://www.w3.org/TR/xhtml1/DTD/xhtml1-transitional.dtd">
<html xmlns="http://www.w3.org/1999/xhtml" xml:lang="en" lang="en">
 <head>
  <title>
</title>
<meta http-equiv="Content-Type" content="text/html;charset=utf-8" />
  <meta name='ocr-system' content='tesseract 3.04.00' />
  <meta name='ocr-capabilities' content='ocr_page ocr_carea ocr_par ocr_line ocrx_word'/>
</head>
<body>
  <div class='ocr_page' id='page_1' title='image "./doctorisecstati04unkngoog_0509.png"; bbox 0 0 4267 6250; ppageno 0'>
   <div class='ocr_carea' id='block_1_1' title="bbox 1576 520 2270 569">
    <p class='ocr_par' dir='ltr' id='par_1_1' title="bbox 1576 520 2270 569">
     <span class='ocr_line' id='line_1_1' title="bbox 1576 520 2270 569; baseline -0.001 0"><span class='ocrx_word' id='word_1_1' title='bbox 1576 522 1673 569; x_wconf 81' lang='lat' dir='ltr'><strong>cm</strong></span> <span class='ocrx_word' id='word_1_2' title='bbox 1714 522 1809 569; x_wconf 83' lang='lat' dir='ltr'><strong>sn·</strong></span> <span class='ocrx_word' id='word_1_3' title='bbox 1846 520 2270 569; x_wconf 59' lang='lat' dir='ltr'><strong>commun</strong></span> 
     </span>
    </p>
   </div>
   <div class='ocr_carea' id='block_1_2' title="bbox 3353 500 3476 566">
    <p class='ocr_par' dir='ltr' id='par_1_2' title="bbox 3353 500 3476 566">
     <span class='ocr_line' id='line_1_2' title="bbox 3353 500 3476 566; baseline 0 0"><span class='ocrx_word' id='word_1_4' title='bbox 3353 500 3476 566; x_wconf 72' lang='lat'><strong>483</strong></span> 
     </span>
    </p>
   </div>
   <div class='ocr_carea' id='block_1_3' title="bbox 366 686 3474 775">
    <p class='ocr_par' dir='ltr' id='par_1_3' title="bbox 366 686 3474 775">
     <span class='ocr_line' id='line_1_3' title="bbox 366 686 3474 775; baseline -0 -24"><span class='ocrx_word' id='word_1_5' title='bbox 366 690 527 753; x_wconf 87' lang='lat' dir='ltr'><strong>tutis</strong></span> <span class='ocrx_word' id='word_1_6' title='bbox 554 690 799 755; x_wconf 79' lang='lat' dir='ltr'>directe</span> <span class='ocrx_word' id='word_1_7' title='bbox 826 710 1191 775; x_wconf 80' lang='lat' dir='ltr'><strong>repugnans</strong></span> <span class='ocrx_word' id='word_1_8' title='bbox 1218 690 1706 774; x_wconf 83' lang='lat' dir='ltr'><strong>hypocrisi,quo</strong></span> <span class='ocrx_word' id='word_1_9' title='bbox 1732 699 1877 754; x_wconf 88' lang='lat' dir='ltr'><strong>actu</strong></span> <span class='ocrx_word' id='word_1_10' title='bbox 1904 690 1957 753; x_wconf 79' lang='lat' dir='ltr'>A</span> <span class='ocrx_word' id='word_1_11' title='bbox 1984 691 2065 753; x_wconf 90' lang='lat' dir='ltr'><strong>de</strong></span> <span class='ocrx_word' id='word_1_12' title='bbox 2120 690 2446 753; x_wconf 87' lang='lat' dir='ltr'><strong>sacerdote</strong></span> <span class='ocrx_word' id='word_1_13' title='bbox 2501 689 2612 772; x_wconf 89' lang='lat' dir='ltr'><strong>qui</strong></span> <span class='ocrx_word' id='word_1_14' title='bbox 2674 687 2854 752; x_wconf 89' lang='lat' dir='ltr'><strong>audit</strong></span> <span class='ocrx_word' id='word_1_15' title='bbox 2906 686 3339 751; x_wconf 87' lang='lat' dir='ltr'><strong>confessiones</strong></span> <span class='ocrx_word' id='word_1_16' title='bbox 3394 707 3474 750; x_wconf 85' lang='lat' dir='ltr'><strong>ex</strong></span> 
     </span>
    </p>
   </div>
   <div class='ocr_carea' id='block_1_4' title="bbox 366 788 1875 1655">
    <p class='ocr_par' dir='ltr' id='par_1_4' title="bbox 366 788 1875 1655">
     <span class='ocr_line' id='line_1_4' title="bbox 370 788 1875 873; baseline 0.001 -24"><span class='ocrx_word' id='word_1_17' title='bbox 370 788 567 851; x_wconf 90' lang='lat' dir='ltr'><strong>homo</strong></span> <span class='ocrx_word' id='word_1_18' title='bbox 594 808 663 853; x_wconf 88' lang='lat' dir='ltr'><strong>se</strong></span> <span class='ocrx_word' id='word_1_19' title='bbox 696 790 913 873; x_wconf 90' lang='lat' dir='ltr'><strong>ipsum</strong></span> <span class='ocrx_word' id='word_1_20' title='bbox 952 797 1233 863; x_wconf 84' lang='lat' dir='ltr'><strong>accusat,</strong></span> <span class='ocrx_word' id='word_1_21' title='bbox 1266 810 1347 851; x_wconf 90' lang='lat' dir='ltr'><strong>ne</strong></span> <span class='ocrx_word' id='word_1_22' title='bbox 1372 790 1538 852; x_wconf 91' lang='lat' dir='ltr'><strong>alius</strong></span> <span class='ocrx_word' id='word_1_23' title='bbox 1576 798 1875 873; x_wconf 73' lang='lat' dir='ltr'><strong>appareat</strong></span> 
     </span>
     <span class='ocr_line' id='line_1_5' title="bbox 369 887 1873 969; baseline 0 -20"><span class='ocrx_word' id='word_1_24' title='bbox 369 905 562 968; x_wconf 85' lang='lat' dir='ltr'><strong>quam</strong></span> <span class='ocrx_word' id='word_1_25' title='bbox 606 896 742 967; x_wconf 88' lang='lat' dir='ltr'><strong>est;</strong></span> <span class='ocrx_word' id='word_1_26' title='bbox 783 896 895 951; x_wconf 91' lang='lat' dir='ltr'><strong>aut</strong></span> <span class='ocrx_word' id='word_1_27' title='bbox 936 887 1129 951; x_wconf 90' lang='lat' dir='ltr'><strong>etiam</strong></span> <span class='ocrx_word' id='word_1_28' title='bbox 1176 887 1341 950; x_wconf 88' lang='lat' dir='ltr'><strong>mala</strong></span> <span class='ocrx_word' id='word_1_29' title='bbox 1388 906 1506 949; x_wconf 85' lang='lat' dir='ltr'><strong>sua</strong></span> <span class='ocrx_word' id='word_1_30' title='bbox 1546 887 1754 969; x_wconf 86' lang='lat' dir='ltr'><strong>aperit</strong></span> <span class='ocrx_word' id='word_1_31' title='bbox 1792 887 1873 949; x_wconf 85' lang='lat' dir='ltr'><strong>ad</strong></span> 
     </span>
     <span class='ocr_line' id='line_1_6' title="bbox 368 984 1873 1068; baseline 0 -23"><span class='ocrx_word' id='word_1_32' title='bbox 368 984 879 1067; x_wconf 75' lang='lat' dir='ltr'><strong>investigandam</strong></span> <span class='ocrx_word' id='word_1_33' title='bbox 922 986 1257 1068; x_wconf 86' lang='lat' dir='ltr'><strong>culparum</strong></span> <span class='ocrx_word' id='word_1_34' title='bbox 1300 1003 1563 1048; x_wconf 88' lang='lat' dir='ltr'><strong>suarum</strong></span> <span class='ocrx_word' id='word_1_35' title='bbox 1604 984 1873 1047; x_wconf 89' lang='lat' dir='ltr'><strong>curatio-</strong></span> 
     </span>
     <span class='ocr_line' id='line_1_7' title="bbox 368 1082 1871 1167; baseline 0.001 -23"><span class='ocrx_word' id='word_1_36' title='bbox 368 1102 537 1145; x_wconf 88' lang='lat' dir='ltr'><strong>nem.</strong></span> <span class='ocrx_word' id='word_1_37' title='bbox 573 1084 811 1167; x_wconf 90' lang='lat' dir='ltr'><strong>Sicque</strong></span> <span class='ocrx_word' id='word_1_38' title='bbox 841 1085 1161 1149; x_wconf 90' lang='lat' dir='ltr'><strong>confessio</strong></span> <span class='ocrx_word' id='word_1_39' title='bbox 1186 1083 1334 1147; x_wconf 85' lang='lat' dir='ltr'><strong>fieri</strong></span> <span class='ocrx_word' id='word_1_40' title='bbox 1369 1090 1576 1166; x_wconf 67' lang='lat' dir='ltr'><strong>potest</strong></span> <span class='ocrx_word' id='word_1_41' title='bbox 1604 1082 1871 1145; x_wconf 83' lang='lat' dir='ltr'><strong>cuilibet</strong></span> 
     </span>
     <span class='ocr_line' id='line_1_8' title="bbox 366 1180 1871 1263; baseline 0 -22"><span class='ocrx_word' id='word_1_42' title='bbox 366 1180 477 1263; x_wconf 90' lang='lat' dir='ltr'><strong>qui</strong></span> <span class='ocrx_word' id='word_1_43' title='bbox 520 1188 733 1263; x_wconf 85' lang='lat' dir='ltr'><strong>potest</strong></span> <span class='ocrx_word' id='word_1_44' title='bbox 769 1183 1077 1263; x_wconf 84' lang='lat' dir='ltr'><strong>adjuvare</strong></span> <span class='ocrx_word' id='word_1_45' title='bbox 1116 1182 1508 1254; x_wconf 89' lang='lat' dir='ltr'><strong>instruendo,</strong></span> <span class='ocrx_word' id='word_1_46' title='bbox 1539 1180 1871 1243; x_wconf 90' lang='lat' dir='ltr'><strong>consulen-</strong></span> 
     </span>
     <span class='ocr_line' id='line_1_9' title="bbox 366 1275 1869 1361; baseline -0.001 -22"><span class='ocrx_word' id='word_1_47' title='bbox 366 1277 468 1352; x_wconf 88' lang='lat' dir='ltr'><strong>do,</strong></span> <span class='ocrx_word' id='word_1_48' title='bbox 490 1279 771 1359; x_wconf 83' lang='lat' dir='ltr'><strong>orand03</strong></span> <span class='ocrx_word' id='word_1_49' title='bbox 806 1298 1021 1343; x_wconf 89' lang='lat' dir='ltr'><strong>coram</strong></span> <span class='ocrx_word' id='word_1_50' title='bbox 1052 1297 1181 1361; x_wconf 93' lang='lat' dir='ltr'><strong>quo</strong></span> <span class='ocrx_word' id='word_1_51' title='bbox 1208 1298 1517 1341; x_wconf 85' lang='lat' dir='ltr'><strong>accusans</strong></span> <span class='ocrx_word' id='word_1_52' title='bbox 1544 1297 1613 1340; x_wconf 91' lang='lat' dir='ltr'><strong>se</strong></span> <span class='ocrx_word' id='word_1_53' title='bbox 1642 1275 1869 1339; x_wconf 89' lang='lat' dir='ltr'><strong>erube-</strong></span> 
     </span>
     <span class='ocr_line' id='line_1_10' title="bbox 366 1376 1869 1458; baseline 0 -21"><span class='ocrx_word' id='word_1_54' title='bbox 366 1392 545 1437; x_wconf 81' lang='lat' dir='ltr'><strong>scere</strong></span> <span class='ocrx_word' id='word_1_55' title='bbox 574 1384 789 1458; x_wconf 87' lang='lat' dir='ltr'><strong>potest</strong></span> <span class='ocrx_word' id='word_1_56' title='bbox 818 1385 883 1439; x_wconf 91' lang='lat' dir='ltr'><strong>et</strong></span> <span class='ocrx_word' id='word_1_57' title='bbox 912 1377 1263 1450; x_wconf 88' lang='lat' dir='ltr'><strong>humiliari,</strong></span> <span class='ocrx_word' id='word_1_58' title='bbox 1296 1384 1359 1439; x_wconf 90' lang='lat' dir='ltr'><strong>et</strong></span> <span class='ocrx_word' id='word_1_59' title='bbox 1386 1376 1547 1439; x_wconf 88' lang='lat' dir='ltr'><strong>alter</strong></span> <span class='ocrx_word' id='word_1_60' title='bbox 1574 1376 1869 1457; x_wconf 85' lang='lat' dir='ltr'><strong>exemplo</strong></span> 
     </span>
     <span class='ocr_line' id='line_1_11' title="bbox 366 1472 1870 1556; baseline 0.001 -22"><span class='ocrx_word' id='word_1_61' title='bbox 366 1472 837 1538; x_wconf 88' lang='lat' dir='ltr'><strong>humiliationis</strong></span> <span class='ocrx_word' id='word_1_62' title='bbox 875 1475 1069 1555; x_wconf 70' lang='lat' dir='ltr'><strong>huius</strong></span> <span class='ocrx_word' id='word_1_63' title='bbox 1100 1474 1451 1547; x_wconf 87' lang='lat' dir='ltr'><strong>humiliari,</strong></span> <span class='ocrx_word' id='word_1_64' title='bbox 1484 1491 1609 1536; x_wconf 89' lang='lat' dir='ltr'><strong>non</strong></span> <span class='ocrx_word' id='word_1_65' title='bbox 1650 1491 1870 1556; x_wconf 87' lang='lat' dir='ltr'><strong>pecca-</strong></span> 
     </span>
     <span class='ocr_line' id='line_1_12' title="bbox 366 1572 1867 1655; baseline 0 -23"><span class='ocrx_word' id='word_1_66' title='bbox 366 1578 575 1634; x_wconf 83' lang='lat' dir='ltr'><strong>torum</strong></span> <span class='ocrx_word' id='word_1_67' title='bbox 642 1574 867 1636; x_wconf 86' lang='lat' dir='ltr'><strong>notitia</strong></span> <span class='ocrx_word' id='word_1_68' title='bbox 925 1572 1277 1655; x_wconf 85' lang='lat' dir='ltr'><strong>depravari.</strong></span> <span class='ocrx_word' id='word_1_69' title='bbox 1330 1572 1485 1634; x_wconf 89' lang='lat' dir='ltr'><strong>Nam</strong></span> <span class='ocrx_word' id='word_1_70' title='bbox 1548 1580 1617 1632; x_wconf 90' lang='lat' dir='ltr'><strong>ut</strong></span> <span class='ocrx_word' id='word_1_71' title='bbox 1672 1589 1867 1653; x_wconf 89' lang='lat' dir='ltr'><strong>super</strong></span> 
     </span>
    </p>
   </div>
   <div class='ocr_carea' id='block_1_5' title="bbox 1974 784 3530 1651">
    <p class='ocr_par' dir='ltr' id='par_1_5' title="bbox 1974 784 3530 1651">
     <span class='ocr_line' id='line_1_13' title="bbox 1982 784 3476 859; baseline -0.001 -10"><span class='ocrx_word' id='word_1_72' title='bbox 1982 788 2434 851; x_wconf 85' lang='lat' dir='ltr'><strong>commissione</strong></span> <span class='ocrx_word' id='word_1_73' title='bbox 2462 787 2564 850; x_wconf 92' lang='lat' dir='ltr'><strong>vel</strong></span> <span class='ocrx_word' id='word_1_74' title='bbox 2596 786 3104 859; x_wconf 84' lang='lat' dir='ltr'><strong>demandatione,</strong></span> <span class='ocrx_word' id='word_1_75' title='bbox 3135 803 3254 847; x_wconf 87' lang='lat' dir='ltr'><strong>nec</strong></span> <span class='ocrx_word' id='word_1_76' title='bbox 3283 784 3476 848; x_wconf 88' lang='lat' dir='ltr'><strong>habet</strong></span> 
     </span>
     <span class='ocr_line' id='line_1_14' title="bbox 1980 883 3476 966; baseline -0.003 -18"><span class='ocrx_word' id='word_1_77' title='bbox 1980 905 2222 959; x_wconf 86' lang='lat' dir='ltr'><strong>curam,</strong></span> <span class='ocrx_word' id='word_1_78' title='bbox 2254 886 2772 966; x_wconf 79' lang='lat' dir='ltr'><strong>distinguendum</strong></span> <span class='ocrx_word' id='word_1_79' title='bbox 2802 892 2918 946; x_wconf 91' lang='lat' dir='ltr'><strong>est.</strong></span> <span class='ocrx_word' id='word_1_80' title='bbox 2951 884 3078 946; x_wconf 87' lang='lat' dir='ltr'><strong>Aut</strong></span> <span class='ocrx_word' id='word_1_81' title='bbox 3101 883 3274 945; x_wconf 90' lang='lat' dir='ltr'><strong>enim</strong></span> <span class='ocrx_word' id='word_1_82' title='bbox 3305 900 3476 945; x_wconf 89' lang='lat' dir='ltr'><strong>com-</strong></span> 
     </span>
     <span class='ocr_line' id='line_1_15' title="bbox 1982 982 3472 1047; baseline -0.002 0"><span class='ocrx_word' id='word_1_83' title='bbox 1982 985 2176 1047; x_wconf 89' lang='lat' dir='ltr'><strong>missa</strong></span> <span class='ocrx_word' id='word_1_84' title='bbox 2219 993 2284 1047; x_wconf 90' lang='lat' dir='ltr'><strong>et</strong></span> <span class='ocrx_word' id='word_1_85' title='bbox 2330 984 2474 1046; x_wconf 88' lang='lat' dir='ltr'><strong>data</strong></span> <span class='ocrx_word' id='word_1_86' title='bbox 2519 993 2618 1045; x_wconf 89' lang='lat' dir='ltr'><strong>est</strong></span> <span class='ocrx_word' id='word_1_87' title='bbox 2665 984 2724 1046; x_wconf 89' lang='lat' dir='ltr'><strong>ei</strong></span> <span class='ocrx_word' id='word_1_88' title='bbox 2775 982 3032 1046; x_wconf 86' lang='lat' dir='ltr'><strong>licentia</strong></span> <span class='ocrx_word' id='word_1_89' title='bbox 3069 1002 3106 1045; x_wconf 90' lang='lat' dir='ltr'><strong>a</strong></span> <span class='ocrx_word' id='word_1_90' title='bbox 3145 982 3472 1044; x_wconf 83' lang='lat' dir='ltr'><strong>sacerdote</strong></span> 
     </span>
     <span class='ocr_line' id='line_1_16' title="bbox 1980 1078 3472 1159; baseline -0.003 -14"><span class='ocrx_word' id='word_1_91' title='bbox 1980 1092 2221 1157; x_wconf 89' lang='lat' dir='ltr'><strong>curato,</strong></span> <span class='ocrx_word' id='word_1_92' title='bbox 2253 1090 2319 1145; x_wconf 91' lang='lat' dir='ltr'><strong>et</strong></span> <span class='ocrx_word' id='word_1_93' title='bbox 2345 1090 2497 1145; x_wconf 88' lang='lat' dir='ltr'><strong>tunc</strong></span> <span class='ocrx_word' id='word_1_94' title='bbox 2535 1083 2828 1145; x_wconf 86' lang='lat' dir='ltr'><strong>sacerdos</strong></span> <span class='ocrx_word' id='word_1_95' title='bbox 2866 1080 3188 1145; x_wconf 89' lang='lat' dir='ltr'><strong>commisit</strong></span> <span class='ocrx_word' id='word_1_96' title='bbox 3219 1079 3328 1143; x_wconf 89' lang='lat' dir='ltr'><strong>alii</strong></span> <span class='ocrx_word' id='word_1_97' title='bbox 3365 1078 3472 1159; x_wconf 85' lang='lat' dir='ltr'><strong>jus</strong></span> 
     </span>
     <span class='ocr_line' id='line_1_17' title="bbox 1979 1177 3476 1262; baseline -0.003 -19"><span class='ocrx_word' id='word_1_98' title='bbox 1979 1201 2170 1243; x_wconf 89' lang='lat' dir='ltr'><strong>suum</strong></span> <span class='ocrx_word' id='word_1_99' title='bbox 2211 1198 2226 1243; x_wconf 91' lang='lat'><strong>:</strong></span> <span class='ocrx_word' id='word_1_100' title='bbox 2269 1181 2490 1262; x_wconf 90' lang='lat' dir='ltr'><strong>sicque</strong></span> <span class='ocrx_word' id='word_1_101' title='bbox 2537 1180 2649 1262; x_wconf 91' lang='lat' dir='ltr'><strong>qui</strong></span> <span class='ocrx_word' id='word_1_102' title='bbox 2699 1179 3041 1243; x_wconf 88' lang='lat' dir='ltr'><strong>confitetur</strong></span> <span class='ocrx_word' id='word_1_103' title='bbox 3088 1197 3167 1240; x_wconf 84' lang='lat' dir='ltr'><strong>ex</strong></span> <span class='ocrx_word' id='word_1_104' title='bbox 3214 1177 3476 1240; x_wconf 86' lang='lat' dir='ltr'><strong>licentia</strong></span> 
     </span>
     <span class='ocr_line' id='line_1_18' title="bbox 1978 1276 3473 1358; baseline -0.003 -17"><span class='ocrx_word' id='word_1_105' title='bbox 1978 1279 2346 1351; x_wconf 80' lang='lat' dir='ltr'><strong>sacerdotiS,</strong></span> <span class='ocrx_word' id='word_1_106' title='bbox 2381 1295 2506 1340; x_wconf 91' lang='lat' dir='ltr'><strong>non</strong></span> <span class='ocrx_word' id='word_1_107' title='bbox 2545 1285 2798 1339; x_wconf 90' lang='lat' dir='ltr'><strong>tenetur</strong></span> <span class='ocrx_word' id='word_1_108' title='bbox 2839 1278 3072 1339; x_wconf 90' lang='lat' dir='ltr'><strong>iterum</strong></span> <span class='ocrx_word' id='word_1_109' title='bbox 3117 1276 3258 1358; x_wconf 91' lang='lat' dir='ltr'><strong>ipso</strong></span> <span class='ocrx_word' id='word_1_110' title='bbox 3303 1293 3473 1338; x_wconf 90' lang='lat' dir='ltr'><strong>anno</strong></span> 
     </span>
     <span class='ocr_line' id='line_1_19' title="bbox 1978 1372 3472 1455; baseline 0 -20"><span class='ocrx_word' id='word_1_111' title='bbox 1978 1373 2273 1437; x_wconf 78' lang='lat' dir='ltr'><strong>confiteri</strong></span> <span class='ocrx_word' id='word_1_112' title='bbox 2311 1373 2433 1455; x_wconf 90' lang='lat' dir='ltr'><strong>ipsi</strong></span> <span class='ocrx_word' id='word_1_113' title='bbox 2479 1373 2814 1447; x_wconf 89' lang='lat' dir='ltr'><strong>sacerdoti,</strong></span> <span class='ocrx_word' id='word_1_114' title='bbox 2847 1372 3142 1455; x_wconf 90' lang='lat' dir='ltr'><strong>quamvis</strong></span> <span class='ocrx_word' id='word_1_115' title='bbox 3179 1372 3472 1435; x_wconf 89' lang='lat' dir='ltr'><strong>sacerdos</strong></span> 
     </span>
     <span class='ocr_line' id='line_1_20' title="bbox 1976 1470 3472 1553; baseline -0.002 -19"><span class='ocrx_word' id='word_1_116' title='bbox 1976 1471 2097 1534; x_wconf 89' lang='lat' dir='ltr'><strong>hoc</strong></span> <span class='ocrx_word' id='word_1_117' title='bbox 2130 1472 2364 1553; x_wconf 79' lang='lat' dir='ltr'><strong>exigat,</strong></span> <span class='ocrx_word' id='word_1_118' title='bbox 2405 1472 2527 1533; x_wconf 90' lang='lat' dir='ltr'><strong>nisi</strong></span> <span class='ocrx_word' id='word_1_119' title='bbox 2563 1471 2882 1533; x_wconf 88' lang='lat' dir='ltr'><strong>confitens</strong></span> <span class='ocrx_word' id='word_1_120' title='bbox 2923 1470 3228 1533; x_wconf 90' lang='lat' dir='ltr'><strong>recidivet</strong></span> <span class='ocrx_word' id='word_1_121' title='bbox 3262 1488 3276 1531; x_wconf 90' lang='lat'>:</span> <span class='ocrx_word' id='word_1_122' title='bbox 3319 1470 3472 1551; x_wconf 90' lang='lat' dir='ltr'><strong>quia</strong></span> 
     </span>
     <span class='ocr_line' id='line_1_21' title="bbox 1974 1555 3530 1651; baseline 0.001 -20"><span class='ocrx_word' id='word_1_123' title='bbox 1974 1570 2268 1632; x_wconf 89' lang='lat' dir='ltr'><strong>sacerdos</strong></span> <span class='ocrx_word' id='word_1_124' title='bbox 2313 1570 2420 1631; x_wconf 90' lang='lat' dir='ltr'><strong>ille</strong></span> <span class='ocrx_word' id='word_1_125' title='bbox 2455 1570 2560 1649; x_wconf 83' lang='lat' dir='ltr'><strong>jus</strong></span> <span class='ocrx_word' id='word_1_126' title='bbox 2599 1588 2786 1631; x_wconf 89' lang='lat' dir='ltr'><strong>suum</strong></span> <span class='ocrx_word' id='word_1_127' title='bbox 2825 1586 2900 1631; x_wconf 87' lang='lat' dir='ltr'><strong>ac</strong></span> <span class='ocrx_word' id='word_1_128' title='bbox 2939 1575 3312 1651; x_wconf 86' lang='lat' dir='ltr'><strong>potestatem</strong></span> <span class='ocrx_word' id='word_1_129' title='bbox 3355 1585 3470 1650; x_wconf 87' lang='lat' dir='ltr'><strong>pro</strong></span> <span class='ocrx_word' id='word_1_130' title='bbox 3506 1555 3530 1575; x_wconf 55' lang='lat'><strong>⁸</strong></span> 
     </span>
    </p>
   </div>
   <div class='ocr_carea' id='block_1_6' title="bbox 362 1666 3468 1949">
    <p class='ocr_par' dir='ltr' id='par_1_6' title="bbox 362 1666 3468 1949">
     <span class='ocr_line' id='line_1_22' title="bbox 365 1666 3468 1753; baseline -0.001 -20"><span class='ocrx_word' id='word_1_131' title='bbox 365 1670 623 1733; x_wconf 82' lang='lat' dir='ltr'><strong>Cantica</strong></span> <span class='ocrx_word' id='word_1_132' title='bbox 654 1673 741 1734; x_wconf 85' lang='lat' dir='ltr'><strong>ait</strong></span> <span class='ocrx_word' id='word_1_133' title='bbox 772 1672 1151 1745; x_wconf 78' lang='lat' dir='ltr'><strong>BernarduS,</strong></span> <span class='ocrx_word' id='word_1_134' title='bbox 1173 1672 1275 1733; x_wconf 83' lang='lat' dir='ltr'><strong>vir</strong></span> <span class='ocrx_word' id='word_1_135' title='bbox 1304 1670 1626 1753; x_wconf 87' lang='lat' dir='ltr'><strong>perfectus</strong></span> <span class='ocrx_word' id='word_1_136' title='bbox 1652 1678 1865 1732; x_wconf 84' lang='lat' dir='ltr'><strong>tantus</strong></span> <span class='ocrx_word' id='word_1_137' title='bbox 1970 1676 2260 1749; x_wconf 88' lang='lat' dir='ltr'><strong>tempore</strong></span> <span class='ocrx_word' id='word_1_138' title='bbox 2292 1667 2405 1729; x_wconf 90' lang='lat' dir='ltr'><strong>illo</strong></span> <span class='ocrx_word' id='word_1_139' title='bbox 2431 1666 2613 1728; x_wconf 86' lang='lat' dir='ltr'><strong>alteri</strong></span> <span class='ocrx_word' id='word_1_140' title='bbox 2643 1667 2834 1728; x_wconf 90' lang='lat' dir='ltr'><strong>dedit.</strong></span> <span class='ocrx_word' id='word_1_141' title='bbox 2850 1667 2976 1728; x_wconf 88' lang='lat' dir='ltr'><strong>Aut</strong></span> <span class='ocrx_word' id='word_1_142' title='bbox 3003 1674 3100 1727; x_wconf 91' lang='lat' dir='ltr'><strong>est</strong></span> <span class='ocrx_word' id='word_1_143' title='bbox 3126 1666 3468 1729; x_wconf 87' lang='lat' dir='ltr'><strong>auctoritas</strong></span> 
     </span>
     <span class='ocr_line' id='line_1_23' title="bbox 364 1765 3466 1851; baseline -0.001 -21"><span class='ocrx_word' id='word_1_144' title='bbox 364 1777 457 1830; x_wconf 87' lang='lat' dir='ltr'><strong>est</strong></span> <span class='ocrx_word' id='word_1_145' title='bbox 497 1770 789 1832; x_wconf 84' lang='lat' dir='ltr'><strong>veritatis</strong></span> <span class='ocrx_word' id='word_1_146' title='bbox 828 1778 1093 1843; x_wconf 89' lang='lat' dir='ltr'><strong>amator,</strong></span> <span class='ocrx_word' id='word_1_147' title='bbox 1124 1769 1295 1851; x_wconf 91' lang='lat' dir='ltr'><strong>quod</strong></span> <span class='ocrx_word' id='word_1_148' title='bbox 1338 1776 1647 1851; x_wconf 85' lang='lat' dir='ltr'><strong>quantum</strong></span> <span class='ocrx_word' id='word_1_149' title='bbox 1689 1769 1755 1830; x_wconf 90' lang='lat' dir='ltr'><strong>in</strong></span> <span class='ocrx_word' id='word_1_150' title='bbox 1794 1787 1863 1829; x_wconf 91' lang='lat' dir='ltr'><strong>se</strong></span> <span class='ocrx_word' id='word_1_151' title='bbox 1973 1766 2316 1829; x_wconf 88' lang='lat' dir='ltr'><strong>commissa</strong></span> <span class='ocrx_word' id='word_1_152' title='bbox 2363 1786 2402 1827; x_wconf 90' lang='lat' dir='ltr'><strong>a</strong></span> <span class='ocrx_word' id='word_1_153' title='bbox 2447 1765 2760 1848; x_wconf 88' lang='lat' dir='ltr'><strong>superiori</strong></span> <span class='ocrx_word' id='word_1_154' title='bbox 2811 1765 3155 1837; x_wconf 90' lang='lat' dir='ltr'><strong>ordinario,</strong></span> <span class='ocrx_word' id='word_1_155' title='bbox 3201 1772 3265 1826; x_wconf 92' lang='lat' dir='ltr'><strong>et</strong></span> <span class='ocrx_word' id='word_1_156' title='bbox 3313 1772 3466 1827; x_wconf 87' lang='lat' dir='ltr'><strong>tunc</strong></span> 
     </span>
     <span class='ocr_line' id='line_1_24' title="bbox 362 1862 3466 1949; baseline -0.001 -22"><span class='ocrx_word' id='word_1_157' title='bbox 362 1874 479 1941; x_wconf 87' lang='lat' dir='ltr'><strong>est,</strong></span> <span class='ocrx_word' id='word_1_158' title='bbox 511 1867 711 1930; x_wconf 89' lang='lat' dir='ltr'><strong>vellet</strong></span> <span class='ocrx_word' id='word_1_159' title='bbox 740 1874 1001 1949; x_wconf 88' lang='lat' dir='ltr'><strong>peccata</strong></span> <span class='ocrx_word' id='word_1_160' title='bbox 1034 1885 1153 1928; x_wconf 85' lang='lat' dir='ltr'><strong>sua</strong></span> <span class='ocrx_word' id='word_1_161' title='bbox 1182 1866 1485 1929; x_wconf 89' lang='lat' dir='ltr'><strong>omnibus</strong></span> <span class='ocrx_word' id='word_1_162' title='bbox 1518 1884 1657 1927; x_wconf 91' lang='lat' dir='ltr'><strong>esse</strong></span> <span class='ocrx_word' id='word_1_163' title='bbox 1690 1873 1859 1939; x_wconf 84' lang='lat' dir='ltr'><strong>nota,</strong></span> <span class='ocrx_word' id='word_1_164' title='bbox 1894 1865 1943 1929; x_wconf 89' lang='lat' dir='ltr'>B</span> <span class='ocrx_word' id='word_1_165' title='bbox 1970 1872 2081 1926; x_wconf 83' lang='lat' dir='ltr'><strong>aut</strong></span> <span class='ocrx_word' id='word_1_166' title='bbox 2120 1864 2330 1946; x_wconf 85' lang='lat' dir='ltr'><strong>plena,</strong></span> <span class='ocrx_word' id='word_1_167' title='bbox 2361 1871 2473 1927; x_wconf 88' lang='lat' dir='ltr'><strong>aut</strong></span> <span class='ocrx_word' id='word_1_168' title='bbox 2511 1866 2576 1926; x_wconf 89' lang='lat' dir='ltr'><strong>in</strong></span> <span class='ocrx_word' id='word_1_169' title='bbox 2621 1882 2791 1925; x_wconf 89' lang='lat' dir='ltr'><strong>casu.</strong></span> <span class='ocrx_word' id='word_1_170' title='bbox 2825 1863 2890 1925; x_wconf 92' lang='lat' dir='ltr'><strong>Si</strong></span> <span class='ocrx_word' id='word_1_171' title='bbox 2935 1862 3146 1944; x_wconf 90' lang='lat' dir='ltr'><strong>plena,</strong></span> <span class='ocrx_word' id='word_1_172' title='bbox 3176 1862 3466 1943; x_wconf 85' lang='lat' dir='ltr'><strong>judican-</strong></span> 
     </span>
    </p>
   </div>
   <div class='ocr_carea' id='block_1_7' title="bbox 120 2378 269 2485">
    <p class='ocr_par' dir='ltr' id='par_1_7' title="bbox 120 2378 269 2485">
     <span class='ocr_line' id='line_1_25' title="bbox 144 2378 269 2423; baseline 0.032 -3"><span class='ocrx_word' id='word_1_173' title='bbox 144 2378 269 2423; x_wconf 67' lang='lat' dir='ltr'><strong>leont.</strong></span> 
     </span>
     <span class='ocr_line' id='line_1_26' title="bbox 120 2444 171 2485; baseline 0.039 -2"><span class='ocrx_word' id='word_1_174' title='bbox 120 2444 171 2485; x_wconf 73' lang='lat' dir='ltr'><strong>tt.</strong></span> 
     </span>
    </p>
   </div>
   <div class='ocr_carea' id='block_1_8' title="bbox 294 1961 1863 4188">
    <p class='ocr_par' dir='ltr' id='par_1_8' title="bbox 294 1961 1863 3106">
     <span class='ocr_line' id='line_1_27' title="bbox 362 1961 1861 2038; baseline -0.001 -11"><span class='ocrx_word' id='word_1_175' title='bbox 362 1966 715 2028; x_wconf 89' lang='lat' dir='ltr'><strong>dummodo</strong></span> <span class='ocrx_word' id='word_1_176' title='bbox 743 1973 957 2028; x_wconf 89' lang='lat' dir='ltr'><strong>essent</strong></span> <span class='ocrx_word' id='word_1_177' title='bbox 985 1966 1079 2028; x_wconf 92' lang='lat' dir='ltr'><strong>eis</strong></span> <span class='ocrx_word' id='word_1_178' title='bbox 1106 1984 1233 2028; x_wconf 89' lang='lat' dir='ltr'><strong>non</strong></span> <span class='ocrx_word' id='word_1_179' title='bbox 1262 1964 1515 2027; x_wconf 87' lang='lat' dir='ltr'><strong>occasio</strong></span> <span class='ocrx_word' id='word_1_180' title='bbox 1544 1961 1717 2038; x_wconf 86' lang='lat' dir='ltr'><strong>mali,</strong></span> <span class='ocrx_word' id='word_1_181' title='bbox 1750 1964 1861 2025; x_wconf 90' lang='lat' dir='ltr'><strong>sed</strong></span> 
     </span>
     <span class='ocr_line' id='line_1_28' title="bbox 364 2062 1863 2143; baseline -0.001 -19"><span class='ocrx_word' id='word_1_182' title='bbox 364 2062 533 2125; x_wconf 89' lang='lat' dir='ltr'><strong>boni.</strong></span> <span class='ocrx_word' id='word_1_183' title='bbox 589 2064 905 2137; x_wconf 82' lang='lat' dir='ltr'><strong>Secunde,</strong></span> <span class='ocrx_word' id='word_1_184' title='bbox 950 2062 1267 2127; x_wconf 89' lang='lat' dir='ltr'><strong>confessio</strong></span> <span class='ocrx_word' id='word_1_185' title='bbox 1312 2070 1409 2125; x_wconf 92' lang='lat' dir='ltr'><strong>est</strong></span> <span class='ocrx_word' id='word_1_186' title='bbox 1454 2080 1616 2143; x_wconf 90' lang='lat' dir='ltr'><strong>opus</strong></span> <span class='ocrx_word' id='word_1_187' title='bbox 1662 2080 1863 2123; x_wconf 82' lang='lat' dir='ltr'><strong>sacra-</strong></span> 
     </span>
     <span class='ocr_line' id='line_1_29' title="bbox 365 2158 1859 2237; baseline -0.002 -14"><span class='ocrx_word' id='word_1_188' title='bbox 365 2161 565 2223; x_wconf 85' lang='lat' dir='ltr'><strong>menti</strong></span> <span class='ocrx_word' id='word_1_189' title='bbox 611 2161 1027 2237; x_wconf 80' lang='lat' dir='ltr'><strong>Poenitentiae‚</strong></span> <span class='ocrx_word' id='word_1_190' title='bbox 1060 2169 1122 2225; x_wconf 90' lang='lat' dir='ltr'><strong>et</strong></span> <span class='ocrx_word' id='word_1_191' title='bbox 1162 2161 1249 2223; x_wconf 85' lang='lat' dir='ltr'><strong>ita</strong></span> <span class='ocrx_word' id='word_1_192' title='bbox 1289 2158 1727 2224; x_wconf 85' lang='lat' dir='ltr'><strong>sacerdotibus</strong></span> <span class='ocrx_word' id='word_1_193' title='bbox 1762 2178 1859 2221; x_wconf 91' lang='lat' dir='ltr'><strong>so-</strong></span> 
     </span>
     <span class='ocr_line' id='line_1_30' title="bbox 365 2257 1861 2333; baseline -0.001 -13"><span class='ocrx_word' id='word_1_194' title='bbox 365 2258 499 2321; x_wconf 88' lang='lat' dir='ltr'><strong>lum</strong></span> <span class='ocrx_word' id='word_1_195' title='bbox 552 2268 653 2322; x_wconf 90' lang='lat' dir='ltr'><strong>est</strong></span> <span class='ocrx_word' id='word_1_196' title='bbox 698 2260 1009 2324; x_wconf 85' lang='lat' dir='ltr'><strong>facienda.</strong></span> <span class='ocrx_word' id='word_1_197' title='bbox 1062 2260 1238 2333; x_wconf 86' lang='lat' dir='ltr'><strong>Quod</strong></span> <span class='ocrx_word' id='word_1_198' title='bbox 1286 2278 1439 2323; x_wconf 86' lang='lat' dir='ltr'><strong>vero</strong></span> <span class='ocrx_word' id='word_1_199' title='bbox 1484 2260 1544 2322; x_wconf 93' lang='lat' dir='ltr'><strong>S.</strong></span> <span class='ocrx_word' id='word_1_200' title='bbox 1590 2257 1861 2321; x_wconf 76' lang='lat' dir='ltr'><strong>Iacobus</strong></span> 
     </span>
     <span class='ocr_line' id='line_1_31' title="bbox 294 2358 1861 2440; baseline -0.003 -17"><span class='ocrx_word' id='word_1_201' title='bbox 294 2394 333 2431; x_wconf 66' lang='lat' dir='ltr'><strong>v,</strong></span> <span class='ocrx_word' id='word_1_202' title='bbox 364 2358 689 2440; x_wconf 89' lang='lat' dir='ltr'><strong>apostolus</strong></span> <span class='ocrx_word' id='word_1_203' title='bbox 718 2360 828 2432; x_wconf 85' lang='lat' dir='ltr'><strong>ait,</strong></span> <span class='ocrx_word' id='word_1_204' title='bbox 861 2358 1271 2421; x_wconf 75' lang='lat' dir='ltr'><strong>confitemini</strong></span> <span class='ocrx_word' id='word_1_205' title='bbox 1304 2358 1676 2419; x_wconf 87' lang='lat' dir='ltr'><strong>alterutrum</strong></span> <span class='ocrx_word' id='word_1_206' title='bbox 1715 2374 1861 2439; x_wconf 91' lang='lat' dir='ltr'><strong>pec-</strong></span> 
     </span>
     <span class='ocr_line' id='line_1_32' title="bbox 363 2454 1861 2538; baseline -0.002 -20"><span class='ocrx_word' id='word_1_207' title='bbox 363 2463 500 2518; x_wconf 89' lang='lat' dir='ltr'><strong>cata</strong></span> <span class='ocrx_word' id='word_1_208' title='bbox 528 2464 783 2534; x_wconf 81' lang='lat' dir='ltr'><strong>vestra3</strong></span> <span class='ocrx_word' id='word_1_209' title='bbox 821 2456 1083 2538; x_wconf 90' lang='lat' dir='ltr'><strong>quidam</strong></span> <span class='ocrx_word' id='word_1_210' title='bbox 1122 2462 1453 2537; x_wconf 83' lang='lat' dir='ltr'><strong>exponunt</strong></span> <span class='ocrx_word' id='word_1_211' title='bbox 1488 2456 1567 2517; x_wconf 92' lang='lat' dir='ltr'><strong>de</strong></span> <span class='ocrx_word' id='word_1_212' title='bbox 1596 2454 1861 2517; x_wconf 87' lang='lat' dir='ltr'><strong>veniali-</strong></span> 
     </span>
     <span class='ocr_line' id='line_1_33' title="bbox 362 2553 1858 2635; baseline -0.001 -20"><span class='ocrx_word' id='word_1_213' title='bbox 362 2554 481 2616; x_wconf 88' lang='lat' dir='ltr'><strong>bus</strong></span> <span class='ocrx_word' id='word_1_214' title='bbox 510 2562 773 2627; x_wconf 81' lang='lat' dir='ltr'><strong>tantum,</strong></span> <span class='ocrx_word' id='word_1_215' title='bbox 786 2554 894 2616; x_wconf 91' lang='lat' dir='ltr'><strong>alii</strong></span> <span class='ocrx_word' id='word_1_216' title='bbox 924 2555 1003 2616; x_wconf 89' lang='lat' dir='ltr'><strong>de</strong></span> <span class='ocrx_word' id='word_1_217' title='bbox 1033 2553 1429 2617; x_wconf 86' lang='lat' dir='ltr'><strong>confessione</strong></span> <span class='ocrx_word' id='word_1_218' title='bbox 1460 2560 1858 2635; x_wconf 85' lang='lat' dir='ltr'><strong>peccatorum</strong></span> 
     </span>
     <span class='ocr_line' id='line_1_34' title="bbox 362 2650 1858 2733; baseline -0.001 -20"><span class='ocrx_word' id='word_1_219' title='bbox 362 2653 426 2714; x_wconf 89' lang='lat' dir='ltr'><strong>in</strong></span> <span class='ocrx_word' id='word_1_220' title='bbox 483 2652 791 2733; x_wconf 79' lang='lat' dir='ltr'><strong>generali,</strong></span> <span class='ocrx_word' id='word_1_221' title='bbox 842 2652 953 2713; x_wconf 85' lang='lat' dir='ltr'><strong>alii</strong></span> <span class='ocrx_word' id='word_1_222' title='bbox 1012 2652 1091 2714; x_wconf 94' lang='lat' dir='ltr'><strong>de</strong></span> <span class='ocrx_word' id='word_1_223' title='bbox 1150 2659 1373 2713; x_wconf 92' lang='lat' dir='ltr'><strong>mutua</strong></span> <span class='ocrx_word' id='word_1_224' title='bbox 1428 2650 1858 2731; x_wconf 81' lang='lat' dir='ltr'><strong>recognitione</strong></span> 
     </span>
     <span class='ocr_line' id='line_1_35' title="bbox 359 2748 1857 2832; baseline -0.002 -21"><span class='ocrx_word' id='word_1_225' title='bbox 359 2750 633 2832; x_wconf 85' lang='lat' dir='ltr'><strong>propriae</strong></span> <span class='ocrx_word' id='word_1_226' title='bbox 680 2749 890 2832; x_wconf 83' lang='lat' dir='ltr'><strong>culpae</strong></span> <span class='ocrx_word' id='word_1_227' title='bbox 936 2749 1001 2811; x_wconf 90' lang='lat' dir='ltr'><strong>in</strong></span> <span class='ocrx_word' id='word_1_228' title='bbox 1047 2748 1415 2831; x_wconf 89' lang='lat' dir='ltr'><strong>quotidiana</strong></span> <span class='ocrx_word' id='word_1_229' title='bbox 1458 2748 1857 2829; x_wconf 87' lang='lat' dir='ltr'><strong>correptione</strong></span> 
     </span>
     <span class='ocr_line' id='line_1_36' title="bbox 356 2846 1854 2930; baseline -0.001 -22"><span class='ocrx_word' id='word_1_230' title='bbox 356 2855 467 2909; x_wconf 90' lang='lat' dir='ltr'><strong>aut</strong></span> <span class='ocrx_word' id='word_1_231' title='bbox 514 2846 1037 2930; x_wconf 84' lang='lat' dir='ltr'><strong>proclamatione,</strong></span> <span class='ocrx_word' id='word_1_232' title='bbox 1090 2848 1155 2908; x_wconf 90' lang='lat' dir='ltr'><strong>in</strong></span> <span class='ocrx_word' id='word_1_233' title='bbox 1204 2847 1441 2929; x_wconf 91' lang='lat' dir='ltr'><strong>quibus</strong></span> <span class='ocrx_word' id='word_1_234' title='bbox 1490 2846 1683 2909; x_wconf 90' lang='lat' dir='ltr'><strong>homo</strong></span> <span class='ocrx_word' id='word_1_235' title='bbox 1728 2864 1854 2909; x_wconf 89' lang='lat' dir='ltr'><strong>non</strong></span> 
     </span>
     <span class='ocr_line' id='line_1_37' title="bbox 355 2945 1855 3027; baseline -0.001 -20"><span class='ocrx_word' id='word_1_236' title='bbox 355 2945 545 3009; x_wconf 88' lang='lat' dir='ltr'><strong>debet</strong></span> <span class='ocrx_word' id='word_1_237' title='bbox 590 2964 661 3007; x_wconf 91' lang='lat' dir='ltr'><strong>se</strong></span> <span class='ocrx_word' id='word_1_238' title='bbox 709 2946 1179 3009; x_wconf 85' lang='lat' dir='ltr'><strong>inconsiderate</strong></span> <span class='ocrx_word' id='word_1_239' title='bbox 1224 2946 1709 3027; x_wconf 88' lang='lat' dir='ltr'><strong>impatienterve</strong></span> <span class='ocrx_word' id='word_1_240' title='bbox 1750 2962 1855 3006; x_wconf 84' lang='lat' dir='ltr'><strong>ex-</strong></span> 
     </span>
     <span class='ocr_line' id='line_1_38' title="bbox 356 3062 599 3106; baseline 0.004 -1"><span class='ocrx_word' id='word_1_241' title='bbox 356 3062 599 3106; x_wconf 90' lang='lat' dir='ltr'><strong>cusare.</strong></span> 
     </span>
    </p>

    <p class='ocr_par' dir='ltr' id='par_1_9' title="bbox 348 3142 1856 4188">
     <span class='ocr_line' id='line_1_39' title="bbox 433 3142 1855 3226; baseline -0.001 -21"><span class='ocrx_word' id='word_1_242' title='bbox 433 3143 679 3206; x_wconf 88' lang='lat' dir='ltr'><strong>Deinde</strong></span> <span class='ocrx_word' id='word_1_243' title='bbox 710 3144 937 3226; x_wconf 80' lang='lat' dir='ltr'><strong>quaerit</strong></span> <span class='ocrx_word' id='word_1_244' title='bbox 964 3143 1071 3205; x_wconf 87' lang='lat' dir='ltr'><strong>hic</strong></span> <span class='ocrx_word' id='word_1_245' title='bbox 1104 3144 1444 3217; x_wconf 88' lang='lat' dir='ltr'><strong>Doctor,an</strong></span> <span class='ocrx_word' id='word_1_246' title='bbox 1480 3143 1627 3204; x_wconf 89' lang='lat' dir='ltr'><strong>licet</strong></span> <span class='ocrx_word' id='word_1_247' title='bbox 1654 3142 1855 3206; x_wconf 90' lang='lat' dir='ltr'><strong>homi-</strong></span> 
     </span>
     <span class='ocr_line' id='line_1_40' title="bbox 356 3239 1855 3323; baseline -0.001 -21"><span class='ocrx_word' id='word_1_248' title='bbox 356 3241 419 3302; x_wconf 90' lang='lat' dir='ltr'><strong>ni</strong></span> <span class='ocrx_word' id='word_1_249' title='bbox 456 3249 681 3304; x_wconf 88' lang='lat' dir='ltr'><strong>contra</strong></span> <span class='ocrx_word' id='word_1_250' title='bbox 707 3242 1094 3304; x_wconf 86' lang='lat' dir='ltr'><strong>voluntatem</strong></span> <span class='ocrx_word' id='word_1_251' title='bbox 1131 3241 1231 3302; x_wconf 90' lang='lat' dir='ltr'><strong>sui</strong></span> <span class='ocrx_word' id='word_1_252' title='bbox 1272 3241 1621 3323; x_wconf 87' lang='lat' dir='ltr'><strong>superioris</strong></span> <span class='ocrx_word' id='word_1_253' title='bbox 1658 3239 1855 3302; x_wconf 89' lang='lat' dir='ltr'><strong>confi-</strong></span> 
     </span>
     <span class='ocr_line' id='line_1_41' title="bbox 356 3337 1856 3421; baseline -0.001 -19"><span class='ocrx_word' id='word_1_254' title='bbox 356 3338 473 3402; x_wconf 85' lang='lat' dir='ltr'><strong>teri</strong></span> <span class='ocrx_word' id='word_1_255' title='bbox 505 3338 690 3402; x_wconf 88' lang='lat' dir='ltr'><strong>alteri</strong></span> <span class='ocrx_word' id='word_1_256' title='bbox 718 3338 1091 3402; x_wconf 83' lang='lat' dir='ltr'><strong>discretiori.</strong></span> <span class='ocrx_word' id='word_1_257' title='bbox 1115 3339 1509 3421; x_wconf 90' lang='lat' dir='ltr'><strong>Respondet:</strong></span> <span class='ocrx_word' id='word_1_258' title='bbox 1528 3337 1856 3402; x_wconf 83' lang='lat' dir='ltr'><strong>Confessio</strong></span> 
     </span>
     <span class='ocr_line' id='line_1_42' title="bbox 354 3436 1851 3518; baseline -0.001 -20"><span class='ocrx_word' id='word_1_259' title='bbox 354 3437 835 3500; x_wconf 85' lang='lat' dir='ltr'><strong>sacramentalis</strong></span> <span class='ocrx_word' id='word_1_260' title='bbox 872 3455 999 3500; x_wconf 90' lang='lat' dir='ltr'><strong>non</strong></span> <span class='ocrx_word' id='word_1_261' title='bbox 1039 3437 1167 3499; x_wconf 89' lang='lat' dir='ltr'><strong>nisi</strong></span> <span class='ocrx_word' id='word_1_262' title='bbox 1201 3436 1716 3518; x_wconf 87' lang='lat' dir='ltr'><strong>jurisdictionem</strong></span> <span class='ocrx_word' id='word_1_263' title='bbox 1744 3436 1851 3497; x_wconf 90' lang='lat' dir='ltr'><strong>ha-</strong></span> 
     </span>
     <span class='ocr_line' id='line_1_43' title="bbox 355 3534 1853 3617; baseline -0.001 -19"><span class='ocrx_word' id='word_1_264' title='bbox 355 3535 533 3598; x_wconf 88' lang='lat' dir='ltr'><strong>benti</strong></span> <span class='ocrx_word' id='word_1_265' title='bbox 572 3543 671 3598; x_wconf 90' lang='lat' dir='ltr'><strong>est</strong></span> <span class='ocrx_word' id='word_1_266' title='bbox 698 3535 1007 3598; x_wconf 87' lang='lat' dir='ltr'><strong>facienda.</strong></span> <span class='ocrx_word' id='word_1_267' title='bbox 1042 3535 1341 3617; x_wconf 86' lang='lat' dir='ltr'><strong>Proprius</strong></span> <span class='ocrx_word' id='word_1_268' title='bbox 1370 3552 1524 3597; x_wconf 88' lang='lat' dir='ltr'><strong>vero</strong></span> <span class='ocrx_word' id='word_1_269' title='bbox 1562 3534 1853 3596; x_wconf 87' lang='lat' dir='ltr'><strong>sacerdos</strong></span> 
     </span>
     <span class='ocr_line' id='line_1_44' title="bbox 354 3633 1855 3716; baseline -0.001 -20"><span class='ocrx_word' id='word_1_270' title='bbox 354 3634 697 3716; x_wconf 87' lang='lat' dir='ltr'><strong>tripliciter</strong></span> <span class='ocrx_word' id='word_1_271' title='bbox 742 3634 1000 3708; x_wconf 90' lang='lat' dir='ltr'><strong>dicitur,</strong></span> <span class='ocrx_word' id='word_1_272' title='bbox 1044 3641 1261 3715; x_wconf 89' lang='lat' dir='ltr'><strong>utpote</strong></span> <span class='ocrx_word' id='word_1_273' title='bbox 1304 3651 1319 3695; x_wconf 93' lang='lat'>:</span> <span class='ocrx_word' id='word_1_274' title='bbox 1363 3633 1642 3715; x_wconf 89' lang='lat' dir='ltr'><strong>proprie,</strong></span> <span class='ocrx_word' id='word_1_275' title='bbox 1686 3651 1855 3694; x_wconf 90' lang='lat' dir='ltr'><strong>com-</strong></span> 
     </span>
     <span class='ocr_line' id='line_1_45' title="bbox 352 3730 1853 3806; baseline -0.001 -12"><span class='ocrx_word' id='word_1_276' title='bbox 352 3733 659 3806; x_wconf 87' lang='lat' dir='ltr'><strong>muniter,</strong></span> <span class='ocrx_word' id='word_1_277' title='bbox 700 3740 766 3795; x_wconf 92' lang='lat' dir='ltr'><strong>et</strong></span> <span class='ocrx_word' id='word_1_278' title='bbox 806 3732 1353 3797; x_wconf 89' lang='lat' dir='ltr'><strong>communissime.</strong></span> <span class='ocrx_word' id='word_1_279' title='bbox 1398 3730 1853 3794; x_wconf 80' lang='lat' dir='ltr'><strong>communissi-</strong></span> 
     </span>
     <span class='ocr_line' id='line_1_46' title="bbox 352 3829 1853 3913; baseline -0.002 -20"><span class='ocrx_word' id='word_1_280' title='bbox 352 3849 457 3893; x_wconf 90' lang='lat' dir='ltr'><strong>me</strong></span> <span class='ocrx_word' id='word_1_281' title='bbox 500 3830 739 3892; x_wconf 88' lang='lat' dir='ltr'><strong>dicitur</strong></span> <span class='ocrx_word' id='word_1_282' title='bbox 772 3831 1069 3913; x_wconf 89' lang='lat' dir='ltr'><strong>proprius</strong></span> <span class='ocrx_word' id='word_1_283' title='bbox 1105 3830 1421 3904; x_wconf 77' lang='lat' dir='ltr'><strong>sacerdoS,</strong></span> <span class='ocrx_word' id='word_1_284' title='bbox 1462 3829 1853 3911; x_wconf 87' lang='lat' dir='ltr'><strong>quicumque</strong></span> 
     </span>
     <span class='ocr_line' id='line_1_47' title="bbox 348 3927 1855 4011; baseline -0.001 -21"><span class='ocrx_word' id='word_1_285' title='bbox 348 3936 563 4011; x_wconf 82' lang='lat' dir='ltr'><strong>potest</strong></span> <span class='ocrx_word' id='word_1_286' title='bbox 594 3928 1011 3991; x_wconf 79' lang='lat' dir='ltr'><strong>confitentem</strong></span> <span class='ocrx_word' id='word_1_287' title='bbox 1040 3927 1393 4000; x_wconf 90' lang='lat' dir='ltr'><strong>absolvere,</strong></span> <span class='ocrx_word' id='word_1_288' title='bbox 1424 3927 1561 3990; x_wconf 89' lang='lat' dir='ltr'><strong>sive</strong></span> <span class='ocrx_word' id='word_1_289' title='bbox 1591 3945 1706 4010; x_wconf 91' lang='lat' dir='ltr'><strong>per</strong></span> <span class='ocrx_word' id='word_1_290' title='bbox 1744 3945 1855 3988; x_wconf 92' lang='lat' dir='ltr'><strong>au·</strong></span> 
     </span>
     <span class='ocr_line' id='line_1_48' title="bbox 354 4025 1856 4109; baseline 0 -20"><span class='ocrx_word' id='word_1_291' title='bbox 354 4028 713 4089; x_wconf 87' lang='lat' dir='ltr'><strong>ctoritatem</strong></span> <span class='ocrx_word' id='word_1_292' title='bbox 756 4027 1103 4109; x_wconf 89' lang='lat' dir='ltr'><strong>propriam,</strong></span> <span class='ocrx_word' id='word_1_293' title='bbox 1135 4027 1271 4088; x_wconf 90' lang='lat' dir='ltr'><strong>sive</strong></span> <span class='ocrx_word' id='word_1_294' title='bbox 1316 4045 1429 4108; x_wconf 88' lang='lat' dir='ltr'><strong>per</strong></span> <span class='ocrx_word' id='word_1_295' title='bbox 1466 4025 1856 4089; x_wconf 85' lang='lat' dir='ltr'><strong>commissio-</strong></span> 
     </span>
     <span class='ocr_line' id='line_1_49' title="bbox 355 4122 1856 4188; baseline 0 0"><span class='ocrx_word' id='word_1_296' title='bbox 355 4144 504 4188; x_wconf 89' lang='lat' dir='ltr'><strong>nem</strong></span> <span class='ocrx_word' id='word_1_297' title='bbox 535 4126 638 4188; x_wconf 83' lang='lat' dir='ltr'><strong>vel</strong></span> <span class='ocrx_word' id='word_1_298' title='bbox 680 4125 1232 4188; x_wconf 89' lang='lat' dir='ltr'><strong>demandationem</strong></span> <span class='ocrx_word' id='word_1_299' title='bbox 1272 4125 1487 4186; x_wconf 89' lang='lat' dir='ltr'><strong>audiat</strong></span> <span class='ocrx_word' id='word_1_300' title='bbox 1516 4122 1856 4188; x_wconf 88' lang='lat' dir='ltr'><strong>confessio-</strong></span> 
     </span>
    </p>
   </div>
   <div class='ocr_carea' id='block_1_9' title="bbox 1966 1960 3471 3023">
    <p class='ocr_par' dir='ltr' id='par_1_10' title="bbox 1966 1960 3471 3023">
     <span class='ocr_line' id='line_1_50' title="bbox 1971 1960 3471 2043; baseline -0.002 -18"><span class='ocrx_word' id='word_1_301' title='bbox 1971 1963 2126 2025; x_wconf 89' lang='lat' dir='ltr'><strong>dum</strong></span> <span class='ocrx_word' id='word_1_302' title='bbox 2164 1970 2262 2024; x_wconf 91' lang='lat' dir='ltr'><strong>est</strong></span> <span class='ocrx_word' id='word_1_303' title='bbox 2295 1964 2459 2025; x_wconf 90' lang='lat' dir='ltr'><strong>sicut</strong></span> <span class='ocrx_word' id='word_1_304' title='bbox 2495 1963 2576 2025; x_wconf 93' lang='lat' dir='ltr'><strong>de</strong></span> <span class='ocrx_word' id='word_1_305' title='bbox 2614 1961 2936 2023; x_wconf 90' lang='lat' dir='ltr'><strong>ordinario</strong></span> <span class='ocrx_word' id='word_1_306' title='bbox 2974 1961 3136 2043; x_wconf 90' lang='lat' dir='ltr'><strong>ipso,</strong></span> <span class='ocrx_word' id='word_1_307' title='bbox 3169 1960 3471 2022; x_wconf 89' lang='lat' dir='ltr'><strong>videlicet</strong></span> 
     </span>
     <span class='ocr_line' id='line_1_51' title="bbox 1971 2057 3466 2143; baseline -0.003 -20"><span class='ocrx_word' id='word_1_308' title='bbox 1971 2062 2140 2143; x_wconf 91' lang='lat' dir='ltr'><strong>quod</strong></span> <span class='ocrx_word' id='word_1_309' title='bbox 2183 2061 2458 2125; x_wconf 89' lang='lat' dir='ltr'><strong>confessi</strong></span> <span class='ocrx_word' id='word_1_310' title='bbox 2500 2063 2616 2135; x_wconf 87' lang='lat' dir='ltr'><strong>eis,</strong></span> <span class='ocrx_word' id='word_1_311' title='bbox 2659 2079 2787 2124; x_wconf 91' lang='lat' dir='ltr'><strong>non</strong></span> <span class='ocrx_word' id='word_1_312' title='bbox 2831 2067 3130 2123; x_wconf 88' lang='lat' dir='ltr'><strong>tenentur</strong></span> <span class='ocrx_word' id='word_1_313' title='bbox 3171 2057 3466 2122; x_wconf 83' lang='lat' dir='ltr'><strong>confiteri</strong></span> 
     </span>
     <span class='ocr_line' id='line_1_52' title="bbox 1972 2158 3466 2243; baseline 0 -23"><span class='ocrx_word' id='word_1_314' title='bbox 1972 2160 2202 2222; x_wconf 88' lang='lat' dir='ltr'><strong>iterum</strong></span> <span class='ocrx_word' id='word_1_315' title='bbox 2241 2160 2504 2243; x_wconf 90' lang='lat' dir='ltr'><strong>proprio</strong></span> <span class='ocrx_word' id='word_1_316' title='bbox 2541 2160 2873 2234; x_wconf 85' lang='lat' dir='ltr'><strong>sacerdoti,</strong></span> <span class='ocrx_word' id='word_1_317' title='bbox 2909 2166 2979 2221; x_wconf 86' lang='lat' dir='ltr'><strong>ut</strong></span> <span class='ocrx_word' id='word_1_318' title='bbox 3013 2165 3182 2241; x_wconf 89' lang='lat' dir='ltr'><strong>patet</strong></span> <span class='ocrx_word' id='word_1_319' title='bbox 3213 2158 3292 2220; x_wconf 88' lang='lat' dir='ltr'><strong>de</strong></span> <span class='ocrx_word' id='word_1_320' title='bbox 3333 2174 3466 2240; x_wconf 85' lang='lat' dir='ltr'><strong>poe-</strong></span> 
     </span>
     <span class='ocr_line' id='line_1_53' title="bbox 1970 2256 3460 2340; baseline -0.001 -22"><span class='ocrx_word' id='word_1_321' title='bbox 1970 2257 2354 2321; x_wconf 85' lang='lat' dir='ltr'><strong>nitentiariis</strong></span> <span class='ocrx_word' id='word_1_322' title='bbox 2393 2256 2636 2321; x_wconf 87' lang='lat' dir='ltr'><strong>domini</strong></span> <span class='ocrx_word' id='word_1_323' title='bbox 2673 2258 2852 2339; x_wconf 75' lang='lat' dir='ltr'><strong>Papae</strong></span> <span class='ocrx_word' id='word_1_324' title='bbox 2889 2265 2953 2320; x_wconf 89' lang='lat' dir='ltr'><strong>et</strong></span> <span class='ocrx_word' id='word_1_325' title='bbox 2989 2256 3460 2340; x_wconf 89' lang='lat' dir='ltr'><strong>episcoporum.</strong></span> 
     </span>
     <span class='ocr_line' id='line_1_54' title="bbox 1969 2353 3466 2438; baseline -0.001 -22"><span class='ocrx_word' id='word_1_326' title='bbox 1969 2355 2094 2416; x_wconf 88' lang='lat' dir='ltr'><strong>Aut</strong></span> <span class='ocrx_word' id='word_1_327' title='bbox 2133 2355 2198 2416; x_wconf 90' lang='lat' dir='ltr'><strong>in</strong></span> <span class='ocrx_word' id='word_1_328' title='bbox 2237 2375 2411 2430; x_wconf 90' lang='lat' dir='ltr'><strong>casu,</strong></span> <span class='ocrx_word' id='word_1_329' title='bbox 2445 2362 2515 2417; x_wconf 91' lang='lat' dir='ltr'><strong>ut</strong></span> <span class='ocrx_word' id='word_1_330' title='bbox 2551 2356 2652 2419; x_wconf 90' lang='lat' dir='ltr'><strong>his</strong></span> <span class='ocrx_word' id='word_1_331' title='bbox 2693 2355 2806 2437; x_wconf 91' lang='lat' dir='ltr'><strong>qui</strong></span> <span class='ocrx_word' id='word_1_332' title='bbox 2845 2356 3214 2438; x_wconf 78' lang='lat' dir='ltr'><strong>praedicant,</strong></span> <span class='ocrx_word' id='word_1_333' title='bbox 3245 2353 3466 2415; x_wconf 90' lang='lat' dir='ltr'><strong>datum</strong></span> 
     </span>
     <span class='ocr_line' id='line_1_55' title="bbox 1969 2451 3466 2533; baseline -0.001 -21"><span class='ocrx_word' id='word_1_334' title='bbox 1969 2459 2067 2513; x_wconf 88' lang='lat' dir='ltr'><strong>est</strong></span> <span class='ocrx_word' id='word_1_335' title='bbox 2104 2452 2515 2533; x_wconf 85' lang='lat' dir='ltr'><strong>privilegium</strong></span> <span class='ocrx_word' id='word_1_336' title='bbox 2554 2451 2856 2513; x_wconf 88' lang='lat' dir='ltr'><strong>audiendi</strong></span> <span class='ocrx_word' id='word_1_337' title='bbox 2899 2451 3370 2527; x_wconf 49' lang='lat' dir='ltr'><strong>confessionem</strong></span> <span class='ocrx_word' id='word_1_338' title='bbox 3401 2457 3466 2513; x_wconf 89' lang='lat' dir='ltr'><strong>et</strong></span> 
     </span>
     <span class='ocr_line' id='line_1_56' title="bbox 1972 2549 3465 2630; baseline -0.001 -19"><span class='ocrx_word' id='word_1_339' title='bbox 1972 2550 2113 2621; x_wconf 89' lang='lat' dir='ltr'><strong>hoc,</strong></span> <span class='ocrx_word' id='word_1_340' title='bbox 2149 2558 2218 2611; x_wconf 90' lang='lat' dir='ltr'><strong>ut</strong></span> <span class='ocrx_word' id='word_1_341' title='bbox 2255 2551 2466 2623; x_wconf 86' lang='lat' dir='ltr'><strong>crede,</strong></span> <span class='ocrx_word' id='word_1_342' title='bbox 2498 2568 2626 2612; x_wconf 90' lang='lat' dir='ltr'><strong>non</strong></span> <span class='ocrx_word' id='word_1_343' title='bbox 2666 2550 2732 2611; x_wconf 88' lang='lat' dir='ltr'><strong>in</strong></span> <span class='ocrx_word' id='word_1_344' title='bbox 2773 2549 3218 2630; x_wconf 66' lang='lat' dir='ltr'><strong>praejudicium</strong></span> <span class='ocrx_word' id='word_1_345' title='bbox 3258 2566 3465 2610; x_wconf 89' lang='lat' dir='ltr'><strong>sacer-</strong></span> 
     </span>
     <span class='ocr_line' id='line_1_57' title="bbox 1970 2645 3463 2729; baseline 0 -20"><span class='ocrx_word' id='word_1_346' title='bbox 1970 2647 2192 2709; x_wconf 88' lang='lat' dir='ltr'><strong>dotum</strong></span> <span class='ocrx_word' id='word_1_347' title='bbox 2239 2646 2574 2721; x_wconf 91' lang='lat' dir='ltr'><strong>bonorum,</strong></span> <span class='ocrx_word' id='word_1_348' title='bbox 2625 2647 2736 2711; x_wconf 91' lang='lat' dir='ltr'><strong>sed</strong></span> <span class='ocrx_word' id='word_1_349' title='bbox 2785 2647 2998 2729; x_wconf 86' lang='lat' dir='ltr'><strong>potius</strong></span> <span class='ocrx_word' id='word_1_350' title='bbox 3055 2646 3120 2708; x_wconf 87' lang='lat' dir='ltr'><strong>in</strong></span> <span class='ocrx_word' id='word_1_351' title='bbox 3179 2645 3463 2709; x_wconf 89' lang='lat' dir='ltr'><strong>favorem</strong></span> 
     </span>
     <span class='ocr_line' id='line_1_58' title="bbox 1968 2744 3465 2827; baseline 0.001 -21"><span class='ocrx_word' id='word_1_352' title='bbox 1968 2744 2282 2821; x_wconf 86' lang='lat' dir='ltr'><strong>fidelium,</strong></span> <span class='ocrx_word' id='word_1_353' title='bbox 2297 2751 2360 2807; x_wconf 89' lang='lat' dir='ltr'><strong>et</strong></span> <span class='ocrx_word' id='word_1_354' title='bbox 2385 2753 2646 2827; x_wconf 90' lang='lat' dir='ltr'><strong>propter</strong></span> <span class='ocrx_word' id='word_1_355' title='bbox 2676 2745 3092 2826; x_wconf 80' lang='lat' dir='ltr'><strong>ignorantiam</strong></span> <span class='ocrx_word' id='word_1_356' title='bbox 3121 2752 3312 2827; x_wconf 89' lang='lat' dir='ltr'><strong>atque</strong></span> <span class='ocrx_word' id='word_1_357' title='bbox 3341 2762 3465 2807; x_wconf 89' lang='lat' dir='ltr'><strong>ma-</strong></span> 
     </span>
     <span class='ocr_line' id='line_1_59' title="bbox 1969 2841 3458 2925; baseline 0 -22"><span class='ocrx_word' id='word_1_358' title='bbox 1969 2841 2174 2904; x_wconf 89' lang='lat' dir='ltr'><strong>litiam</strong></span> <span class='ocrx_word' id='word_1_359' title='bbox 2238 2842 2522 2925; x_wconf 91' lang='lat' dir='ltr'><strong>plurium</strong></span> <span class='ocrx_word' id='word_1_360' title='bbox 2587 2842 3008 2905; x_wconf 87' lang='lat' dir='ltr'><strong>sacerdotum.</strong></span> <span class='ocrx_word' id='word_1_361' title='bbox 3073 2841 3232 2903; x_wconf 83' lang='lat' dir='ltr'><strong>Hinc</strong></span> <span class='ocrx_word' id='word_1_362' title='bbox 3293 2841 3458 2915; x_wconf 82' lang='lat' dir='ltr'><strong>dice,</strong></span> 
     </span>
     <span class='ocr_line' id='line_1_60' title="bbox 1966 2939 3462 3023; baseline 0 -22"><span class='ocrx_word' id='word_1_363' title='bbox 1966 2941 2135 3021; x_wconf 90' lang='lat' dir='ltr'><strong>quod</strong></span> <span class='ocrx_word' id='word_1_364' title='bbox 2178 2950 2439 3023; x_wconf 87' lang='lat' dir='ltr'><strong>propter</strong></span> <span class='ocrx_word' id='word_1_365' title='bbox 2467 2940 2876 3023; x_wconf 80' lang='lat' dir='ltr'><strong>privilegium</strong></span> <span class='ocrx_word' id='word_1_366' title='bbox 2909 2939 3068 3002; x_wconf 91' lang='lat' dir='ltr'><strong>illud</strong></span> <span class='ocrx_word' id='word_1_367' title='bbox 3105 2939 3462 3001; x_wconf 87' lang='lat' dir='ltr'><strong>sacerdotes</strong></span> 
     </span>
    </p>
   </div>
   <div class='ocr_carea' id='block_1_10' title="bbox 1887 3038 3464 3122">
    <p class='ocr_par' dir='ltr' id='par_1_11' title="bbox 1887 3038 3464 3122">
     <span class='ocr_line' id='line_1_61' title="bbox 1887 3038 3464 3122; baseline -0.002 -19"><span class='ocrx_word' id='word_1_368' title='bbox 1887 3041 1932 3104; x_wconf 91' lang='lat' dir='ltr'>C</span> <span class='ocrx_word' id='word_1_369' title='bbox 1967 3040 2363 3122; x_wconf 86' lang='lat' dir='ltr'><strong>parochiales</strong></span> <span class='ocrx_word' id='word_1_370' title='bbox 2404 3057 2521 3102; x_wconf 88' lang='lat' dir='ltr'><strong>suo</strong></span> <span class='ocrx_word' id='word_1_371' title='bbox 2560 3040 2704 3121; x_wconf 86' lang='lat' dir='ltr'><strong>jure</strong></span> <span class='ocrx_word' id='word_1_372' title='bbox 2748 3056 2875 3104; x_wconf 90' lang='lat' dir='ltr'><strong>non</strong></span> <span class='ocrx_word' id='word_1_373' title='bbox 2919 3039 3297 3121; x_wconf 88' lang='lat' dir='ltr'><strong>privantur:</strong></span> <span class='ocrx_word' id='word_1_374' title='bbox 3333 3038 3464 3100; x_wconf 89' lang='lat' dir='ltr'><strong>imo</strong></span> 
     </span>
    </p>
   </div>
   <div class='ocr_carea' id='block_1_11' title="bbox 1962 3137 3466 4202">
    <p class='ocr_par' dir='ltr' id='par_1_12' title="bbox 1962 3137 3466 4202">
     <span class='ocr_line' id='line_1_62' title="bbox 1967 3137 3462 3221; baseline 0.001 -22"><span class='ocrx_word' id='word_1_375' title='bbox 1967 3139 2438 3220; x_wconf 88' lang='lat' dir='ltr'><strong>procurandum</strong></span> <span class='ocrx_word' id='word_1_376' title='bbox 2500 3146 2618 3214; x_wconf 91' lang='lat' dir='ltr'><strong>est,</strong></span> <span class='ocrx_word' id='word_1_377' title='bbox 2679 3139 2848 3221; x_wconf 91' lang='lat' dir='ltr'><strong>quod</strong></span> <span class='ocrx_word' id='word_1_378' title='bbox 2909 3138 3005 3200; x_wconf 90' lang='lat' dir='ltr'><strong>eis</strong></span> <span class='ocrx_word' id='word_1_379' title='bbox 3061 3157 3098 3199; x_wconf 92' lang='lat' dir='ltr'><strong>a</strong></span> <span class='ocrx_word' id='word_1_380' title='bbox 3155 3137 3290 3201; x_wconf 90' lang='lat' dir='ltr'><strong>suis</strong></span> <span class='ocrx_word' id='word_1_381' title='bbox 3353 3155 3462 3220; x_wconf 85' lang='lat' dir='ltr'><strong>pa·</strong></span> 
     </span>
     <span class='ocr_line' id='line_1_63' title="bbox 1966 3236 3456 3319; baseline -0.001 -22"><span class='ocrx_word' id='word_1_382' title='bbox 1966 3237 2285 3300; x_wconf 90' lang='lat' dir='ltr'><strong>rochianis</strong></span> <span class='ocrx_word' id='word_1_383' title='bbox 2343 3237 2559 3299; x_wconf 86' lang='lat' dir='ltr'><strong>debita</strong></span> <span class='ocrx_word' id='word_1_384' title='bbox 2617 3237 2972 3300; x_wconf 89' lang='lat' dir='ltr'><strong>reverentia</strong></span> <span class='ocrx_word' id='word_1_385' title='bbox 3030 3236 3456 3319; x_wconf 87' lang='lat' dir='ltr'><strong>impendatur.</strong></span> 
     </span>
     <span class='ocr_line' id='line_1_64' title="bbox 1964 3334 3464 3417; baseline -0.001 -21"><span class='ocrx_word' id='word_1_386' title='bbox 1964 3335 2091 3397; x_wconf 90' lang='lat' dir='ltr'><strong>Nec</strong></span> <span class='ocrx_word' id='word_1_387' title='bbox 2139 3343 2359 3398; x_wconf 88' lang='lat' dir='ltr'><strong>contra</strong></span> <span class='ocrx_word' id='word_1_388' title='bbox 2417 3335 2536 3398; x_wconf 88' lang='lat' dir='ltr'><strong>boc</strong></span> <span class='ocrx_word' id='word_1_389' title='bbox 2589 3335 2742 3397; x_wconf 82' lang='lat' dir='ltr'><strong>facit</strong></span> <span class='ocrx_word' id='word_1_390' title='bbox 2800 3334 3210 3417; x_wconf 83' lang='lat' dir='ltr'><strong>privilegium</strong></span> <span class='ocrx_word' id='word_1_391' title='bbox 3264 3354 3279 3399; x_wconf 73' lang='grc' dir='ltr'>ε</span> <span class='ocrx_word' id='word_1_392' title='bbox 3333 3334 3464 3396; x_wconf 91' lang='lat' dir='ltr'><strong>imo</strong></span> 
     </span>
     <span class='ocr_line' id='line_1_65' title="bbox 1964 3431 3463 3514; baseline -0.002 -19"><span class='ocrx_word' id='word_1_393' title='bbox 1964 3433 2354 3496; x_wconf 88' lang='lat' dir='ltr'><strong>credendum</strong></span> <span class='ocrx_word' id='word_1_394' title='bbox 2411 3441 2529 3507; x_wconf 89' lang='lat' dir='ltr'><strong>est,</strong></span> <span class='ocrx_word' id='word_1_395' title='bbox 2587 3433 2758 3514; x_wconf 89' lang='lat' dir='ltr'><strong>quod</strong></span> <span class='ocrx_word' id='word_1_396' title='bbox 2815 3450 3038 3496; x_wconf 89' lang='lat' dir='ltr'><strong>omnes</strong></span> <span class='ocrx_word' id='word_1_397' title='bbox 3096 3431 3463 3514; x_wconf 87' lang='lat' dir='ltr'><strong>parochiani</strong></span> 
     </span>
     <span class='ocr_line' id='line_1_66' title="bbox 1964 3529 3461 3614; baseline -0.001 -23"><span class='ocrx_word' id='word_1_398' title='bbox 1964 3531 2500 3614; x_wconf 87' lang='lat' dir='ltr'><strong>quandocumque</strong></span> <span class='ocrx_word' id='word_1_399' title='bbox 2540 3539 2604 3593; x_wconf 90' lang='lat' dir='ltr'><strong>et</strong></span> <span class='ocrx_word' id='word_1_400' title='bbox 2647 3530 3178 3613; x_wconf 89' lang='lat' dir='ltr'><strong>quotiescumque</strong></span> <span class='ocrx_word' id='word_1_401' title='bbox 3228 3529 3461 3591; x_wconf 86' lang='lat' dir='ltr'><strong>talibus</strong></span> 
     </span>
     <span class='ocr_line' id='line_1_67' title="bbox 1964 3628 3463 3711; baseline -0.002 -19"><span class='ocrx_word' id='word_1_402' title='bbox 1964 3629 2412 3704; x_wconf 88' lang='lat' dir='ltr'><strong>confiteantur,</strong></span> <span class='ocrx_word' id='word_1_403' title='bbox 2449 3635 2749 3692; x_wconf 89' lang='lat' dir='ltr'><strong>tenentur</strong></span> <span class='ocrx_word' id='word_1_404' title='bbox 2793 3636 3005 3691; x_wconf 87' lang='lat' dir='ltr'><strong>tamen</strong></span> <span class='ocrx_word' id='word_1_405' title='bbox 3051 3628 3328 3711; x_wconf 90' lang='lat' dir='ltr'><strong>propriis</strong></span> <span class='ocrx_word' id='word_1_406' title='bbox 3369 3646 3463 3689; x_wconf 89' lang='lat' dir='ltr'><strong>sa-</strong></span> 
     </span>
     <span class='ocr_line' id='line_1_68' title="bbox 1962 3725 3466 3807; baseline 0 -19"><span class='ocrx_word' id='word_1_407' title='bbox 1962 3727 2327 3790; x_wconf 86' lang='lat' dir='ltr'><strong>cerdotibus</strong></span> <span class='ocrx_word' id='word_1_408' title='bbox 2357 3726 2670 3800; x_wconf 88' lang='lat' dir='ltr'><strong>confiteri,</strong></span> <span class='ocrx_word' id='word_1_409' title='bbox 2686 3727 2741 3788; x_wconf 93' lang='lat' dir='ltr'><strong>si</strong></span> <span class='ocrx_word' id='word_1_410' title='bbox 2773 3725 2923 3789; x_wconf 91' lang='lat' dir='ltr'><strong>boni</strong></span> <span class='ocrx_word' id='word_1_411' title='bbox 2955 3725 3294 3807; x_wconf 90' lang='lat' dir='ltr'><strong>idoneique</strong></span> <span class='ocrx_word' id='word_1_412' title='bbox 3321 3744 3466 3789; x_wconf 88' lang='lat' dir='ltr'><strong>con·</strong></span> 
     </span>
     <span class='ocr_line' id='line_1_69' title="bbox 1964 3824 3460 3906; baseline -0.001 -19"><span class='ocrx_word' id='word_1_413' title='bbox 1964 3825 2208 3899; x_wconf 87' lang='lat' dir='ltr'><strong>sistant,</strong></span> <span class='ocrx_word' id='word_1_414' title='bbox 2241 3833 2306 3888; x_wconf 91' lang='lat' dir='ltr'><strong>et</strong></span> <span class='ocrx_word' id='word_1_415' title='bbox 2343 3825 2618 3906; x_wconf 82' lang='lat' dir='ltr'><strong>exigant,</strong></span> <span class='ocrx_word' id='word_1_416' title='bbox 2653 3844 2772 3887; x_wconf 89' lang='lat' dir='ltr'><strong>nec</strong></span> <span class='ocrx_word' id='word_1_417' title='bbox 2811 3825 2996 3887; x_wconf 92' lang='lat' dir='ltr'><strong>aliter</strong></span> <span class='ocrx_word' id='word_1_418' title='bbox 3037 3824 3167 3886; x_wconf 90' lang='lat' dir='ltr'><strong>sint</strong></span> <span class='ocrx_word' id='word_1_419' title='bbox 3204 3831 3460 3886; x_wconf 90' lang='lat' dir='ltr'><strong>conten-</strong></span> 
     </span>
     <span class='ocr_line' id='line_1_70' title="bbox 1963 3921 3460 4000; baseline 0 -16"><span class='ocrx_word' id='word_1_420' title='bbox 1963 3925 2045 4000; x_wconf 90' lang='lat' dir='ltr'><strong>ti;</strong></span> <span class='ocrx_word' id='word_1_421' title='bbox 2084 3931 2151 3985; x_wconf 91' lang='lat' dir='ltr'><strong>et</strong></span> <span class='ocrx_word' id='word_1_422' title='bbox 2194 3923 2312 3987; x_wconf 88' lang='lat' dir='ltr'><strong>boc</strong></span> <span class='ocrx_word' id='word_1_423' title='bbox 2353 3923 2516 3995; x_wconf 82' lang='lat' dir='ltr'><strong>dice,</strong></span> <span class='ocrx_word' id='word_1_424' title='bbox 2548 3922 2773 3986; x_wconf 88' lang='lat' dir='ltr'><strong>saltem</strong></span> <span class='ocrx_word' id='word_1_425' title='bbox 2819 3922 3016 3986; x_wconf 90' lang='lat' dir='ltr'><strong>semel</strong></span> <span class='ocrx_word' id='word_1_426' title='bbox 3059 3923 3124 3983; x_wconf 91' lang='lat' dir='ltr'><strong>in</strong></span> <span class='ocrx_word' id='word_1_427' title='bbox 3159 3939 3346 3996; x_wconf 82' lang='lat' dir='ltr'><strong>anne,</strong></span> <span class='ocrx_word' id='word_1_428' title='bbox 3381 3921 3460 3984; x_wconf 88' lang='lat' dir='ltr'><strong>de</strong></span> 
     </span>
     <span class='ocr_line' id='line_1_71' title="bbox 1963 4020 3463 4106; baseline 0 -23"><span class='ocrx_word' id='word_1_429' title='bbox 1963 4022 2242 4106; x_wconf 88' lang='lat' dir='ltr'><strong>peccatis</strong></span> <span class='ocrx_word' id='word_1_430' title='bbox 2271 4041 2414 4104; x_wconf 79' lang='lat' dir='ltr'><strong>quae</strong></span> <span class='ocrx_word' id='word_1_431' title='bbox 2442 4020 2680 4084; x_wconf 85' lang='lat' dir='ltr'><strong>habent</strong></span> <span class='ocrx_word' id='word_1_432' title='bbox 2708 4029 2881 4082; x_wconf 90' lang='lat' dir='ltr'><strong>tunc.</strong></span> <span class='ocrx_word' id='word_1_433' title='bbox 2917 4021 2982 4083; x_wconf 91' lang='lat' dir='ltr'><strong>Si</strong></span> <span class='ocrx_word' id='word_1_434' title='bbox 3012 4038 3163 4083; x_wconf 90' lang='lat' dir='ltr'><strong>vero</strong></span> <span class='ocrx_word' id='word_1_435' title='bbox 3192 4020 3286 4082; x_wconf 90' lang='lat' dir='ltr'><strong>sic</strong></span> <span class='ocrx_word' id='word_1_436' title='bbox 3315 4037 3463 4083; x_wconf 89' lang='lat' dir='ltr'><strong>con-</strong></span> 
     </span>
     <span class='ocr_line' id='line_1_72' title="bbox 1963 4118 3458 4202; baseline -0.001 -18"><span class='ocrx_word' id='word_1_437' title='bbox 1963 4121 2172 4184; x_wconf 86' lang='lat' dir='ltr'><strong>fessus</strong></span> <span class='ocrx_word' id='word_1_438' title='bbox 2215 4120 2405 4184; x_wconf 87' lang='lat' dir='ltr'><strong>habet</strong></span> <span class='ocrx_word' id='word_1_439' title='bbox 2445 4119 2792 4202; x_wconf 80' lang='lat' dir='ltr'><strong>legitimam</strong></span> <span class='ocrx_word' id='word_1_440' title='bbox 2832 4137 3089 4182; x_wconf 88' lang='lat' dir='ltr'><strong>causam</strong></span> <span class='ocrx_word' id='word_1_441' title='bbox 3136 4118 3219 4182; x_wconf 91' lang='lat' dir='ltr'><strong>ob</strong></span> <span class='ocrx_word' id='word_1_442' title='bbox 3266 4137 3458 4201; x_wconf 87' lang='lat' dir='ltr'><strong>quam</strong></span> 
     </span>
    </p>
   </div>
   <div class='ocr_carea' id='block_1_12' title="bbox 356 4217 3458 4306">
    <p class='ocr_par' dir='ltr' id='par_1_13' title="bbox 356 4217 3458 4306">
     <span class='ocr_line' id='line_1_73' title="bbox 356 4217 3458 4306; baseline -0.003 -18"><span class='ocrx_word' id='word_1_443' title='bbox 356 4232 615 4300; x_wconf 88' lang='lat' dir='ltr'><strong>nem,ut</strong></span> <span class='ocrx_word' id='word_1_444' title='bbox 635 4225 703 4286; x_wconf 88' lang='lat' dir='ltr'><strong>hi</strong></span> <span class='ocrx_word' id='word_1_445' title='bbox 728 4224 841 4306; x_wconf 91' lang='lat' dir='ltr'><strong>qui</strong></span> <span class='ocrx_word' id='word_1_446' title='bbox 866 4223 1273 4306; x_wconf 81' lang='lat' dir='ltr'><strong>privilegium</strong></span> <span class='ocrx_word' id='word_1_447' title='bbox 1298 4222 1535 4285; x_wconf 86' lang='lat' dir='ltr'><strong>habent</strong></span> <span class='ocrx_word' id='word_1_448' title='bbox 1555 4222 1853 4285; x_wconf 91' lang='lat' dir='ltr'><strong>audiendi</strong></span> <span class='ocrx_word' id='word_1_449' title='bbox 1884 4226 1934 4289; x_wconf 91' lang='lat' dir='ltr'>D</span> <span class='ocrx_word' id='word_1_450' title='bbox 1965 4218 2202 4300; x_wconf 81' lang='lat' dir='ltr'><strong>refugit</strong></span> <span class='ocrx_word' id='word_1_451' title='bbox 2229 4219 2488 4303; x_wconf 91' lang='lat' dir='ltr'><strong>proprio</strong></span> <span class='ocrx_word' id='word_1_452' title='bbox 2517 4218 2828 4281; x_wconf 87' lang='lat' dir='ltr'><strong>sacerdoti</strong></span> <span class='ocrx_word' id='word_1_453' title='bbox 2859 4217 3176 4292; x_wconf 87' lang='lat' dir='ltr'><strong>confiteri,</strong></span> <span class='ocrx_word' id='word_1_454' title='bbox 3207 4234 3338 4282; x_wconf 89' lang='lat' dir='ltr'><strong>non</strong></span> <span class='ocrx_word' id='word_1_455' title='bbox 3367 4223 3458 4280; x_wconf 90' lang='lat' dir='ltr'><strong>te-</strong></span> 
     </span>
    </p>
   </div>
   <div class='ocr_carea' id='block_1_13' title="bbox 352 4321 1855 5385">
    <p class='ocr_par' dir='ltr' id='par_1_14' title="bbox 352 4321 1855 5385">
     <span class='ocr_line' id='line_1_74' title="bbox 359 4321 1854 4405; baseline -0.001 -19"><span class='ocrx_word' id='word_1_456' title='bbox 359 4323 815 4398; x_wconf 76' lang='lat' dir='ltr'><strong>confessione8‚</strong></span> <span class='ocrx_word' id='word_1_457' title='bbox 841 4323 995 4386; x_wconf 91' lang='lat' dir='ltr'><strong>dum</strong></span> <span class='ocrx_word' id='word_1_458' title='bbox 1028 4322 1391 4405; x_wconf 82' lang='lat' dir='ltr'><strong>praedicant.</strong></span> <span class='ocrx_word' id='word_1_459' title='bbox 1417 4321 1854 4384; x_wconf 79' lang='lat' dir='ltr'><strong>communiter</strong></span> 
     </span>
     <span class='ocr_line' id='line_1_75' title="bbox 356 4419 1855 4505; baseline -0.001 -21"><span class='ocrx_word' id='word_1_460' title='bbox 356 4439 530 4498; x_wconf 90' lang='lat' dir='ltr'><strong>vero,</strong></span> <span class='ocrx_word' id='word_1_461' title='bbox 562 4423 673 4504; x_wconf 92' lang='lat' dir='ltr'><strong>qui</strong></span> <span class='ocrx_word' id='word_1_462' title='bbox 718 4440 797 4484; x_wconf 84' lang='lat' dir='ltr'><strong>ex</strong></span> <span class='ocrx_word' id='word_1_463' title='bbox 840 4423 1097 4505; x_wconf 89' lang='lat' dir='ltr'><strong>propria</strong></span> <span class='ocrx_word' id='word_1_464' title='bbox 1142 4420 1515 4483; x_wconf 86' lang='lat' dir='ltr'><strong>auctoritate</strong></span> <span class='ocrx_word' id='word_1_465' title='bbox 1560 4428 1669 4482; x_wconf 88' lang='lat' dir='ltr'><strong>aut</strong></span> <span class='ocrx_word' id='word_1_466' title='bbox 1711 4419 1855 4483; x_wconf 85' lang='lat' dir='ltr'><strong>offi-</strong></span> 
     </span>
     <span class='ocr_line' id='line_1_76' title="bbox 358 4518 1855 4603; baseline -0.002 -20"><span class='ocrx_word' id='word_1_467' title='bbox 358 4521 477 4594; x_wconf 90' lang='lat' dir='ltr'><strong>cio,</strong></span> <span class='ocrx_word' id='word_1_468' title='bbox 528 4529 830 4603; x_wconf 88' lang='lat' dir='ltr'><strong>tanquam</strong></span> <span class='ocrx_word' id='word_1_469' title='bbox 893 4519 1185 4602; x_wconf 68' lang='lat' dir='ltr'><strong>praelatus</strong></span> <span class='ocrx_word' id='word_1_470' title='bbox 1230 4518 1591 4583; x_wconf 89' lang='lat' dir='ltr'><strong>ordinarius</strong></span> <span class='ocrx_word' id='word_1_471' title='bbox 1646 4526 1855 4601; x_wconf 90' lang='lat' dir='ltr'><strong>potest</strong></span> 
     </span>
     <span class='ocr_line' id='line_1_77' title="bbox 356 4618 1847 4700; baseline -0.001 -19"><span class='ocrx_word' id='word_1_472' title='bbox 356 4619 707 4693; x_wconf 89' lang='lat' dir='ltr'><strong>absolvere,</strong></span> <span class='ocrx_word' id='word_1_473' title='bbox 740 4618 907 4682; x_wconf 90' lang='lat' dir='ltr'><strong>sicut</strong></span> <span class='ocrx_word' id='word_1_474' title='bbox 932 4618 1291 4700; x_wconf 87' lang='lat' dir='ltr'><strong>episcopus.</strong></span> <span class='ocrx_word' id='word_1_475' title='bbox 1325 4619 1581 4700; x_wconf 86' lang='lat' dir='ltr'><strong>Proprie</strong></span> <span class='ocrx_word' id='word_1_476' title='bbox 1610 4624 1847 4693; x_wconf 88' lang='lat' dir='ltr'><strong>autem,</strong></span> 
     </span>
     <span class='ocr_line' id='line_1_78' title="bbox 358 4717 1851 4800; baseline -0.001 -20"><span class='ocrx_word' id='word_1_477' title='bbox 358 4717 467 4800; x_wconf 90' lang='lat' dir='ltr'><strong>qui</strong></span> <span class='ocrx_word' id='word_1_478' title='bbox 512 4718 916 4780; x_wconf 89' lang='lat' dir='ltr'><strong>administrat</strong></span> <span class='ocrx_word' id='word_1_479' title='bbox 962 4725 1377 4790; x_wconf 85' lang='lat' dir='ltr'><strong>sacramenta,</strong></span> <span class='ocrx_word' id='word_1_480' title='bbox 1417 4724 1479 4778; x_wconf 93' lang='lat' dir='ltr'><strong>et</strong></span> <span class='ocrx_word' id='word_1_481' title='bbox 1526 4717 1629 4779; x_wconf 90' lang='lat' dir='ltr'><strong>cui</strong></span> <span class='ocrx_word' id='word_1_482' title='bbox 1680 4735 1851 4780; x_wconf 92' lang='lat' dir='ltr'><strong>com-</strong></span> 
     </span>
     <span class='ocr_line' id='line_1_79' title="bbox 360 4816 1849 4899; baseline 0 -21"><span class='ocrx_word' id='word_1_483' title='bbox 360 4818 551 4880; x_wconf 90' lang='lat' dir='ltr'><strong>missa</strong></span> <span class='ocrx_word' id='word_1_484' title='bbox 596 4825 695 4880; x_wconf 90' lang='lat' dir='ltr'><strong>est</strong></span> <span class='ocrx_word' id='word_1_485' title='bbox 740 4817 1037 4899; x_wconf 87' lang='lat' dir='ltr'><strong>specialis</strong></span> <span class='ocrx_word' id='word_1_486' title='bbox 1084 4834 1257 4891; x_wconf 88' lang='lat' dir='ltr'><strong>cura,</strong></span> <span class='ocrx_word' id='word_1_487' title='bbox 1291 4823 1363 4879; x_wconf 90' lang='lat' dir='ltr'><strong>ut</strong></span> <span class='ocrx_word' id='word_1_488' title='bbox 1406 4816 1699 4879; x_wconf 88' lang='lat' dir='ltr'><strong>sacerdos</strong></span> <span class='ocrx_word' id='word_1_489' title='bbox 1744 4835 1849 4899; x_wconf 91' lang='lat' dir='ltr'><strong>pa-</strong></span> 
     </span>
     <span class='ocr_line' id='line_1_80' title="bbox 358 4914 1849 4978; baseline -0.001 0"><span class='ocrx_word' id='word_1_490' title='bbox 358 4915 671 4978; x_wconf 77' lang='lat' dir='ltr'><strong>rochialis,</strong></span> <span class='ocrx_word' id='word_1_491' title='bbox 728 4915 806 4977; x_wconf 85' lang='lat' dir='ltr'><strong>Et</strong></span> <span class='ocrx_word' id='word_1_492' title='bbox 850 4914 1117 4978; x_wconf 87' lang='lat' dir='ltr'><strong>cuilibet</strong></span> <span class='ocrx_word' id='word_1_493' title='bbox 1171 4915 1401 4978; x_wconf 90' lang='lat' dir='ltr'><strong>horum</strong></span> <span class='ocrx_word' id='word_1_494' title='bbox 1456 4914 1705 4976; x_wconf 88' lang='lat' dir='ltr'><strong>licitum</strong></span> <span class='ocrx_word' id='word_1_495' title='bbox 1754 4922 1849 4977; x_wconf 90' lang='lat' dir='ltr'><strong>est</strong></span> 
     </span>
     <span class='ocr_line' id='line_1_81' title="bbox 358 5012 1850 5096; baseline -0.001 -20"><span class='ocrx_word' id='word_1_496' title='bbox 358 5013 669 5077; x_wconf 84' lang='lat' dir='ltr'><strong>confiteri.</strong></span> <span class='ocrx_word' id='word_1_497' title='bbox 714 5012 1055 5076; x_wconf 88' lang='lat' dir='ltr'><strong>Confessus</strong></span> <span class='ocrx_word' id='word_1_498' title='bbox 1097 5031 1353 5096; x_wconf 89' lang='lat' dir='ltr'><strong>quoque</strong></span> <span class='ocrx_word' id='word_1_499' title='bbox 1399 5013 1735 5094; x_wconf 89' lang='lat' dir='ltr'><strong>superiori,</strong></span> <span class='ocrx_word' id='word_1_500' title='bbox 1780 5020 1850 5075; x_wconf 90' lang='lat' dir='ltr'><strong>ut</strong></span> 
     </span>
     <span class='ocr_line' id='line_1_82' title="bbox 356 5111 1847 5196; baseline 0 -22"><span class='ocrx_word' id='word_1_501' title='bbox 356 5113 677 5196; x_wconf 87' lang='lat' dir='ltr'><strong>episcopo,</strong></span> <span class='ocrx_word' id='word_1_502' title='bbox 711 5131 833 5175; x_wconf 91' lang='lat' dir='ltr'><strong>non</strong></span> <span class='ocrx_word' id='word_1_503' title='bbox 861 5119 1118 5175; x_wconf 83' lang='lat' dir='ltr'><strong>tenetur</strong></span> <span class='ocrx_word' id='word_1_504' title='bbox 1154 5113 1385 5174; x_wconf 89' lang='lat' dir='ltr'><strong>iterum</strong></span> <span class='ocrx_word' id='word_1_505' title='bbox 1420 5111 1713 5175; x_wconf 90' lang='lat' dir='ltr'><strong>confiteri</strong></span> <span class='ocrx_word' id='word_1_506' title='bbox 1752 5131 1847 5174; x_wconf 89' lang='lat' dir='ltr'><strong>sa-</strong></span> 
     </span>
     <span class='ocr_line' id='line_1_83' title="bbox 356 5210 1845 5294; baseline -0.001 -20"><span class='ocrx_word' id='word_1_507' title='bbox 356 5212 593 5276; x_wconf 88' lang='lat' dir='ltr'><strong>cerdoti</strong></span> <span class='ocrx_word' id='word_1_508' title='bbox 626 5210 1013 5294; x_wconf 85' lang='lat' dir='ltr'><strong>parochiali3</strong></span> <span class='ocrx_word' id='word_1_509' title='bbox 1044 5211 1155 5272; x_wconf 90' lang='lat' dir='ltr'><strong>sed</strong></span> <span class='ocrx_word' id='word_1_510' title='bbox 1187 5210 1436 5273; x_wconf 84' lang='lat' dir='ltr'><strong>sufficit</strong></span> <span class='ocrx_word' id='word_1_511' title='bbox 1464 5211 1633 5293; x_wconf 92' lang='lat' dir='ltr'><strong>quod</strong></span> <span class='ocrx_word' id='word_1_512' title='bbox 1666 5211 1845 5273; x_wconf 91' lang='lat' dir='ltr'><strong>inno-</strong></span> 
     </span>
     <span class='ocr_line' id='line_1_84' title="bbox 352 5309 1844 5385; baseline -0.001 -12"><span class='ocrx_word' id='word_1_513' title='bbox 352 5317 553 5373; x_wconf 87' lang='lat' dir='ltr'><strong>tescat</strong></span> <span class='ocrx_word' id='word_1_514' title='bbox 593 5311 677 5385; x_wconf 90' lang='lat' dir='ltr'><strong>ei,</strong></span> <span class='ocrx_word' id='word_1_515' title='bbox 710 5309 837 5372; x_wconf 90' lang='lat' dir='ltr'><strong>nisi</strong></span> <span class='ocrx_word' id='word_1_516' title='bbox 880 5309 1239 5373; x_wconf 87' lang='lat' dir='ltr'><strong>remittatur</strong></span> <span class='ocrx_word' id='word_1_517' title='bbox 1278 5310 1358 5373; x_wconf 87' lang='lat' dir='ltr'><strong>ad</strong></span> <span class='ocrx_word' id='word_1_518' title='bbox 1402 5327 1572 5372; x_wconf 90' lang='lat' dir='ltr'><strong>eum.</strong></span> <span class='ocrx_word' id='word_1_519' title='bbox 1605 5343 1683 5354; x_wconf 89' lang='lat'><strong>-—</strong></span> <span class='ocrx_word' id='word_1_520' title='bbox 1722 5309 1844 5372; x_wconf 85' lang='lat' dir='ltr'><strong>Sed</strong></span> 
     </span>
    </p>
   </div>
   <div class='ocr_carea' id='block_1_14' title="bbox 1954 4315 3514 5384">
    <p class='ocr_par' dir='ltr' id='par_1_15' title="bbox 1954 4315 3514 5384">
     <span class='ocr_line' id='line_1_85' title="bbox 1962 4315 3458 4400; baseline -0.001 -18"><span class='ocrx_word' id='word_1_521' title='bbox 1962 4326 2154 4382; x_wconf 88' lang='lat' dir='ltr'><strong>netur</strong></span> <span class='ocrx_word' id='word_1_522' title='bbox 2183 4319 2240 4380; x_wconf 92' lang='lat' dir='ltr'><strong>ei</strong></span> <span class='ocrx_word' id='word_1_523' title='bbox 2278 4318 2509 4380; x_wconf 90' lang='lat' dir='ltr'><strong>iterum</strong></span> <span class='ocrx_word' id='word_1_524' title='bbox 2550 4316 2844 4381; x_wconf 88' lang='lat' dir='ltr'><strong>confiteri</strong></span> <span class='ocrx_word' id='word_1_525' title='bbox 2881 4335 2894 4380; x_wconf 91' lang='lat'>:</span> <span class='ocrx_word' id='word_1_526' title='bbox 2929 4317 3232 4400; x_wconf 88' lang='lat' dir='ltr'><strong>quoniam</strong></span> <span class='ocrx_word' id='word_1_527' title='bbox 3273 4316 3338 4378; x_wconf 89' lang='lat' dir='ltr'><strong>in</strong></span> <span class='ocrx_word' id='word_1_528' title='bbox 3371 4315 3458 4380; x_wconf 89' lang='lat' dir='ltr'><strong>fa-</strong></span> 
     </span>
     <span class='ocr_line' id='line_1_86' title="bbox 1964 4416 3460 4482; baseline -0.002 -1"><span class='ocrx_word' id='word_1_529' title='bbox 1964 4437 2183 4482; x_wconf 89' lang='lat' dir='ltr'><strong>vorem</strong></span> <span class='ocrx_word' id='word_1_530' title='bbox 2240 4417 2614 4480; x_wconf 87' lang='lat' dir='ltr'><strong>habentium</strong></span> <span class='ocrx_word' id='word_1_531' title='bbox 2670 4417 2864 4480; x_wconf 89' lang='lat' dir='ltr'><strong>talem</strong></span> <span class='ocrx_word' id='word_1_532' title='bbox 2922 4434 3178 4479; x_wconf 89' lang='lat' dir='ltr'><strong>causam</strong></span> <span class='ocrx_word' id='word_1_533' title='bbox 3237 4416 3460 4479; x_wconf 90' lang='lat' dir='ltr'><strong>datum</strong></span> 
     </span>
     <span class='ocr_line' id='line_1_87' title="bbox 1962 4515 3514 4599; baseline -0.003 -19"><span class='ocrx_word' id='word_1_534' title='bbox 1962 4525 2059 4580; x_wconf 92' lang='lat' dir='ltr'><strong>est</strong></span> <span class='ocrx_word' id='word_1_535' title='bbox 2087 4517 2498 4599; x_wconf 85' lang='lat' dir='ltr'><strong>privilegium</strong></span> <span class='ocrx_word' id='word_1_536' title='bbox 2540 4517 2717 4579; x_wconf 91' lang='lat' dir='ltr'><strong>illud.</strong></span> <span class='ocrx_word' id='word_1_537' title='bbox 2751 4517 2817 4579; x_wconf 87' lang='lat' dir='ltr'><strong>Si</strong></span> <span class='ocrx_word' id='word_1_538' title='bbox 2855 4523 3070 4578; x_wconf 90' lang='lat' dir='ltr'><strong>autem</strong></span> <span class='ocrx_word' id='word_1_539' title='bbox 3105 4533 3232 4578; x_wconf 91' lang='lat' dir='ltr'><strong>non</strong></span> <span class='ocrx_word' id='word_1_540' title='bbox 3268 4515 3459 4578; x_wconf 89' lang='lat' dir='ltr'><strong>habet</strong></span> <span class='ocrx_word' id='word_1_541' title='bbox 3503 4545 3514 4554; x_wconf 88' lang='lat'><strong>·</strong></span> 
     </span>
     <span class='ocr_line' id='line_1_88' title="bbox 1962 4613 3458 4696; baseline -0.002 -18"><span class='ocrx_word' id='word_1_542' title='bbox 1962 4616 2154 4678; x_wconf 86' lang='lat' dir='ltr'><strong>talem</strong></span> <span class='ocrx_word' id='word_1_543' title='bbox 2193 4616 2692 4690; x_wconf 83' lang='lat' dir='ltr'><strong>excusationem,</strong></span> <span class='ocrx_word' id='word_1_544' title='bbox 2723 4633 2842 4677; x_wconf 89' lang='lat' dir='ltr'><strong>nec</strong></span> <span class='ocrx_word' id='word_1_545' title='bbox 2875 4614 3033 4677; x_wconf 82' lang='lat' dir='ltr'><strong>velit</strong></span> <span class='ocrx_word' id='word_1_546' title='bbox 3070 4613 3328 4696; x_wconf 90' lang='lat' dir='ltr'><strong>proprio</strong></span> <span class='ocrx_word' id='word_1_547' title='bbox 3365 4632 3458 4675; x_wconf 86' lang='lat' dir='ltr'><strong>sa·</strong></span> 
     </span>
     <span class='ocr_line' id='line_1_89' title="bbox 1961 4713 3454 4788; baseline -0.003 -10"><span class='ocrx_word' id='word_1_548' title='bbox 1961 4715 2201 4778; x_wconf 89' lang='lat' dir='ltr'><strong>cerdoti</strong></span> <span class='ocrx_word' id='word_1_549' title='bbox 2243 4713 2560 4788; x_wconf 89' lang='lat' dir='ltr'><strong>confiteri,</strong></span> <span class='ocrx_word' id='word_1_550' title='bbox 2595 4714 2701 4775; x_wconf 84' lang='lat' dir='ltr'><strong>vix</strong></span> <span class='ocrx_word' id='word_1_551' title='bbox 2745 4713 3070 4775; x_wconf 87' lang='lat' dir='ltr'><strong>crederem</strong></span> <span class='ocrx_word' id='word_1_552' title='bbox 3113 4731 3262 4775; x_wconf 92' lang='lat' dir='ltr'><strong>eum</strong></span> <span class='ocrx_word' id='word_1_553' title='bbox 3305 4731 3454 4774; x_wconf 88' lang='lat' dir='ltr'><strong>vere</strong></span> 
     </span>
     <span class='ocr_line' id='line_1_90' title="bbox 1960 4810 3453 4896; baseline -0.002 -20"><span class='ocrx_word' id='word_1_554' title='bbox 1960 4813 2396 4896; x_wconf 89' lang='lat' dir='ltr'><strong>poenitentem.</strong></span> <span class='ocrx_word' id='word_1_555' title='bbox 2460 4812 2530 4874; x_wconf 92' lang='lat' dir='ltr'><strong>In</strong></span> <span class='ocrx_word' id='word_1_556' title='bbox 2589 4810 2890 4875; x_wconf 91' lang='lat' dir='ltr'><strong>omnibus</strong></span> <span class='ocrx_word' id='word_1_557' title='bbox 2951 4818 3166 4874; x_wconf 89' lang='lat' dir='ltr'><strong>autem</strong></span> <span class='ocrx_word' id='word_1_558' title='bbox 3223 4829 3453 4873; x_wconf 90' lang='lat' dir='ltr'><strong>sanum</strong></span> 
     </span>
     <span class='ocr_line' id='line_1_91' title="bbox 1958 4907 3453 4991; baseline -0.002 -18"><span class='ocrx_word' id='word_1_559' title='bbox 1958 4909 2299 4973; x_wconf 89' lang='lat' dir='ltr'><strong>consilium</strong></span> <span class='ocrx_word' id='word_1_560' title='bbox 2339 4917 2456 4984; x_wconf 88' lang='lat' dir='ltr'><strong>est,</strong></span> <span class='ocrx_word' id='word_1_561' title='bbox 2491 4916 2562 4972; x_wconf 85' lang='lat' dir='ltr'><strong>ut</strong></span> <span class='ocrx_word' id='word_1_562' title='bbox 2589 4907 2972 4991; x_wconf 82' lang='lat' dir='ltr'><strong>privilegiati</strong></span> <span class='ocrx_word' id='word_1_563' title='bbox 3011 4909 3340 4970; x_wconf 87' lang='lat' dir='ltr'><strong>remittant</strong></span> <span class='ocrx_word' id='word_1_564' title='bbox 3373 4909 3453 4970; x_wconf 89' lang='lat' dir='ltr'><strong>si-</strong></span> 
     </span>
     <span class='ocr_line' id='line_1_92' title="bbox 1957 5005 3448 5089; baseline -0.003 -18"><span class='ocrx_word' id='word_1_565' title='bbox 1957 5008 2024 5071; x_wconf 85' lang='lat' dir='ltr'><strong>hi</strong></span> <span class='ocrx_word' id='word_1_566' title='bbox 2062 5008 2388 5071; x_wconf 85' lang='lat' dir='ltr'><strong>confessos</strong></span> <span class='ocrx_word' id='word_1_567' title='bbox 2426 5008 2504 5070; x_wconf 91' lang='lat' dir='ltr'><strong>ad</strong></span> <span class='ocrx_word' id='word_1_568' title='bbox 2549 5006 2837 5089; x_wconf 87' lang='lat' dir='ltr'><strong>proprios</strong></span> <span class='ocrx_word' id='word_1_569' title='bbox 2874 5006 3251 5079; x_wconf 89' lang='lat' dir='ltr'><strong>sacerdotes,</strong></span> <span class='ocrx_word' id='word_1_570' title='bbox 3284 5013 3356 5068; x_wconf 91' lang='lat' dir='ltr'><strong>ut</strong></span> <span class='ocrx_word' id='word_1_571' title='bbox 3395 5005 3448 5068; x_wconf 91' lang='lat' dir='ltr'><strong>si</strong></span> 
     </span>
     <span class='ocr_line' id='line_1_93' title="bbox 1956 5103 3448 5181; baseline -0.003 -11"><span class='ocrx_word' id='word_1_572' title='bbox 1956 5106 2238 5170; x_wconf 88' lang='lat' dir='ltr'><strong>contenti</strong></span> <span class='ocrx_word' id='word_1_573' title='bbox 2268 5123 2396 5168; x_wconf 89' lang='lat' dir='ltr'><strong>non</strong></span> <span class='ocrx_word' id='word_1_574' title='bbox 2429 5106 2580 5181; x_wconf 90' lang='lat' dir='ltr'><strong>sint,</strong></span> <span class='ocrx_word' id='word_1_575' title='bbox 2613 5107 2840 5168; x_wconf 88' lang='lat' dir='ltr'><strong>iterum</strong></span> <span class='ocrx_word' id='word_1_576' title='bbox 2879 5104 3140 5166; x_wconf 88' lang='lat' dir='ltr'><strong>audiant</strong></span> <span class='ocrx_word' id='word_1_577' title='bbox 3171 5103 3333 5167; x_wconf 76' lang='lat' dir='ltr'><strong>illos,</strong></span> <span class='ocrx_word' id='word_1_578' title='bbox 3367 5139 3448 5151; x_wconf 96' lang='grc'>-</span> 
     </span>
     <span class='ocr_line' id='line_1_94' title="bbox 1954 5201 3448 5286; baseline -0.002 -17"><span class='ocrx_word' id='word_1_579' title='bbox 1954 5207 2190 5269; x_wconf 87' lang='lat' dir='ltr'><strong>Verum</strong></span> <span class='ocrx_word' id='word_1_580' title='bbox 2249 5211 2318 5266; x_wconf 92' lang='lat' dir='ltr'><strong>ut</strong></span> <span class='ocrx_word' id='word_1_581' title='bbox 2363 5203 2566 5286; x_wconf 89' lang='lat' dir='ltr'><strong>aliqui</strong></span> <span class='ocrx_word' id='word_1_582' title='bbox 2619 5201 2974 5285; x_wconf 85' lang='lat' dir='ltr'><strong>jurisperiti</strong></span> <span class='ocrx_word' id='word_1_583' title='bbox 3031 5201 3448 5285; x_wconf 87' lang='lat' dir='ltr'><strong>probabiliter</strong></span> 
     </span>
     <span class='ocr_line' id='line_1_95' title="bbox 1956 5301 3445 5384; baseline -0.001 -17"><span class='ocrx_word' id='word_1_584' title='bbox 1956 5306 2200 5378; x_wconf 86' lang='lat' dir='ltr'><strong>dicunt,</strong></span> <span class='ocrx_word' id='word_1_585' title='bbox 2231 5320 2360 5367; x_wconf 89' lang='lat' dir='ltr'><strong>non</strong></span> <span class='ocrx_word' id='word_1_586' title='bbox 2401 5309 2701 5366; x_wconf 87' lang='lat' dir='ltr'><strong>tenentur</strong></span> <span class='ocrx_word' id='word_1_587' title='bbox 2745 5301 3036 5365; x_wconf 88' lang='lat' dir='ltr'><strong>confessa</strong></span> <span class='ocrx_word' id='word_1_588' title='bbox 3082 5302 3161 5365; x_wconf 91' lang='lat' dir='ltr'><strong>de</strong></span> <span class='ocrx_word' id='word_1_589' title='bbox 3207 5301 3445 5384; x_wconf 89' lang='lat' dir='ltr'><strong>quibus</strong></span> 
     </span>
    </p>
   </div>
  </div>
 </body>
</html>
