4267 6250
546 3832 705 3940 ssxech
711 3847 811 3886 111111

839 480 961 549 482

1450 504 1515 552 m
1554 504 1777 552 LIBRUM
1819 504 1879 549 lv
1922 500 2408 549 smmum.
2445 516 2529 530 —
2569 499 2724 547 ms‘r.
2765 500 2934 563 xvn3
2977 498 3201 556 QUAEsT.
3241 499 3328 545 vn

840 681 1033 756 gatas,
1048 673 1159 737 sed
1182 672 1471 757 superior
1498 681 1745 738 tantum
1774 672 1896 737 hoc
1928 678 2149 756 potest
2167 671 2332 745 Ideo,
2365 668 2416 733 A
2448 669 2661 733 minus
2701 669 3096 733 innotescere
3133 668 3322 733 debet
3359 666 3766 750 gubernatori
3807 686 3952 729 suae

842 772 1135 854 quamvis
1173 772 1467 835 subditus
1506 774 1573 835 in
1602 772 1711 835 tali
1741 790 1891 835 casu
1928 771 2123 853 possit
2154 768 2334 832 alteri

844 870 1159 944 confiteri,
1192 887 1319 934 non
1358 877 1571 933 tamen
1612 869 1887 952 quilibet
1923 869 2087 931 alius
2130 874 2339 951 potest

844 987 990 1031 eum
1022 968 1264 1031 audire.
1288 968 1493 1042 Quum
1526 969 1787 1031 demum
1818 967 2076 1031 licentia
2103 966 2340 1028 dicitur

842 1085 983 1129 esse
1030 1066 1309 1141 obtenta,
1353 1067 1739 1130 credendum
1794 1074 1889 1128 est
1935 1065 2105 1147 quod
2155 1064 2340 1127 ratio·

842 1165 1143 1227 nabiliter
1172 1165 1255 1227 sit
1283 1165 1570 1243 obtenta3
1602 1172 1665 1227 et
1694 1165 1849 1228 dum
1880 1162 2340 1227 rationabiliter

844 1264 1103 1344 petitur,
1137 1264 1331 1326 etiam
1375 1264 1428 1325 si
1473 1271 1759 1344 negetur,
1794 1270 2001 1346 potest
2036 1280 2110 1324 ac
2150 1260 2340 1323 debet

840 1360 1110 1441 (judicio
1138 1362 1308 1443 meo)
1326 1362 1524 1443 quaeri
1554 1362 1713 1425 alter
1742 1361 2067 1425 confessor
2097 1359 2207 1441 qui
2236 1358 2339 1420 ha·

843 1458 990 1521 beat
1029 1459 1568 1540 jurisdictionem,
1601 1460 1904 1542 quoniam
1947 1459 2131 1521 aliter
2173 1463 2338 1520 esset

842 1556 1099 1619 fatuitas
1150 1575 1166 1619 :
1218 1558 1370 1639 quia
1426 1576 1552 1621 non
1602 1557 1893 1621 obstante
1940 1556 2337 1621 ordinatione

840 1652 1066 1733 quavis
1122 1652 1443 1727 Ecclesiae,
1496 1672 1757 1736 possum
1812 1671 2034 1716 cavere
2089 1650 2339 1735 pericli-

840 1757 1081 1812 tantem
1128 1769 1251 1825 me,
1284 1768 1398 1813 seu
1438 1751 1969 1833 periclitationem
2015 1750 2079 1811 in
2120 1766 2338 1832 corpo-

2449 768 2768 843 Ecclesiae,
2808 768 2920 850 qui
2964 767 3262 850 proprius
3305 774 3402 829 est
3447 766 3756 829 sacerdos.
3797 764 3953 827 Pro-

2450 874 2591 949 pter
2619 867 2788 950 quod
2829 866 3018 930 debet
3047 884 3114 929 se
3146 866 3238 927 illi
3279 865 3614 929 ostendere
3655 882 3770 947 per
3797 880 3956 925 con·

2449 964 2793 1027 sessionem
2825 964 2890 1026 in
2919 983 3150 1047 genere
3180 972 3585 1047 peccatorum
3615 962 3682 1025 in
3711 960 3956 1044 quibus

2449 1062 2606 1142 fuit3
2647 1072 2712 1126 et
2751 1064 2945 1127 etiam
2991 1070 3248 1146 propter
3297 1061 3751 1126 conscientiam
3801 1077 3956 1142 pro-

2451 1160 2574 1243 prii
2623 1162 2990 1235 sacerdotis,
3045 1169 3114 1223 ut
3161 1179 3384 1223 secura
3441 1159 3525 1223 sit
3575 1176 3590 1220 ε
3641 1158 3952 1240 quoniam

2449 1259 2639 1322 debet
2667 1260 2761 1322 illi
2795 1260 3156 1323 ministrare
3187 1264 3798 1339 sacramenta‚atque
3829 1274 3954 1338 pro

2448 1375 2525 1421 eo
2565 1358 2827 1421 reddere
2869 1358 3202 1421 rationem.
3234 1357 3477 1439 ltaque,
3509 1355 3804 1438 quamvis
3837 1354 3952 1416 ille

2449 1455 2534 1518 sit
2589 1472 2802 1518 coram
2864 1456 2994 1519 Deo
3049 1455 3400 1529 absolutuS,
3462 1462 3675 1516 tamen
3735 1452 3950 1515 adhuc

2451 1553 2652 1615 multa
2679 1553 3023 1633 exiguntur
3051 1552 3132 1614 ab
3161 1570 3273 1632 e03
3306 1570 3426 1615 nec
3453 1550 3686 1633 aliquis
3717 1550 3782 1611 in
3811 1556 3952 1612 tan·

2449 1660 2584 1714 tum
2629 1658 2726 1713 est
2767 1650 3118 1725 absolutae„
3151 1650 3310 1733 quin
3356 1669 3470 1733 per
3506 1654 3948 1730 contemptum

2449 1750 2650 1832 possit
2700 1749 2980 1812 incidere
3025 1750 3091 1812 in
3141 1756 3474 1831 peccatum
3527 1745 3812 1810 mortale.
3856 1746 3951 1808 ld-

842 1866 925 1922 re,
954 1855 1017 1911 et
1045 1848 1293 1911 fatuum
1333 1856 1502 1911 esset
1532 1850 1743 1912 dicere
1772 1849 1943 1932 quod
1980 1848 2198 1929 aliquo
2237 1865 2335 1909 ca·
2364 1852 2412 1914 B
2451 1848 2641 1921 circe,
2693 1856 2762 1909 ut
2809 1855 3133 1911 assecuret
3187 1866 3376 1909 suum
3427 1846 3947 1928 gubernatorem,

838 1965 913 2008 su
946 1954 1199 2009 tenerer
1226 1946 1409 2029 sequi
1440 1948 1761 2010 volentem
1800 1965 1903 2009 me
1939 1946 2338 2028 praecipitare

841 2044 907 2105 in
958 2052 1189 2107 mente.
1236 2045 1399 2107 Utile
1448 2062 1705 2127 quoque
1754 2052 1817 2107 et
1866 2044 2119 2107 salubre
2167 2043 2340 2107 vide-

842 2148 965 2217 tur,
981 2142 1295 2223 religiosis
1325 2150 1389 2204 et
1418 2143 1699 2206 honestis
1731 2143 2015 2226 personis
2049 2140 2338 2205 conferre

840 2238 1251 2322 privilegium
1290 2241 1590 2303 audiendi
1630 2241 2085 2315 confessioneS‚
2118 2247 2184 2303 et
2213 2240 2338 2303 illae

840 2356 1129 2420 personae
1163 2346 1430 2421 possunt
1457 2357 1565 2404 eos
1604 2340 1827 2403 audire
1859 2358 2019 2422 quos
2049 2339 2247 2403 verbo
2276 2346 2341 2401 et

839 2437 1135 2519 exemplo
1166 2438 1482 2509 moverint
1508 2439 1586 2501 ad
1616 2437 2148 2521 poenitentiam,si
2183 2436 2338 2520 ipsis

840 2534 1111 2616 cupiunt
1152 2534 1467 2599 confiteri.

920 2634 1262 2708 Postrem0,
1295 2634 1448 2697 dum
1483 2635 1811 2717 quaeritur,
1844 2654 1925 2697 an
1964 2634 2057 2697 sic
2096 2632 2339 2696 confes-

839 2730 916 2806 si,
949 2737 1253 2794 tenentur
1281 2733 1541 2815 proprio
1570 2733 1880 2795 sacerdoti
1914 2733 2136 2796 eodem
2171 2749 2339 2794 anno

838 2830 1058 2893 eadem
1092 2830 1303 2893 denuo
1332 2830 1659 2910 confiteri3
1691 2831 2033 2894 dicendum
2062 2848 2075 2893 :
2100 2830 2338 2893 firmis·

838 2928 1001 2989 sime
1032 2935 1129 2991 est
1158 2928 1563 3001 credendum,
1582 2929 1751 3010 quod
1783 2935 2042 3011 propter
2070 2928 2336 2991 nimiam

2447 1953 2702 2009 tenetur
2747 1964 2816 2008 se
2855 1945 2911 2007 ei
2960 1945 3026 2007 in
3069 1963 3304 2026 genere
3347 1944 3702 2019 ostendere,
3735 1942 3791 2005 si
3834 1962 3950 2025 gu-

2449 2042 2748 2108 bernator
2790 2044 2897 2107 ille
2938 2043 3215 2106 voluerit
3249 2061 3264 2105 ε
3299 2042 3430 2106 imo
3471 2042 3526 2105 si
3565 2039 3953 2105 confiteatur

2451 2142 2922 2225 poenitentiario
2951 2142 3322 2225 superioris,
3349 2141 3562 2204 adhuc
3589 2139 3851 2223 expedit
3881 2146 3953 2201 ut

2449 2241 2962 2323 poenitentiarius
3019 2240 3128 2303 ille
3177 2240 3346 2303 istud
3393 2239 3686 2303 confesso
3733 2238 3950 2319 injun-

2447 2346 2572 2420 gat,
2605 2345 2676 2401 ut
2713 2346 3007 2402 servetur
3034 2339 3189 2402 ordo
3221 2338 3519 2401 Ecclesiae
3557 2344 3621 2401 et
3649 2336 3948 2399 officium

2447 2438 2846 2501 sacerdotum
2885 2438 2963 2500 ad
3003 2437 3337 2521 populum,
3371 2437 3594 2520 sicque
3629 2436 3696 2499 in
3727 2434 3948 2517 aliquo

2447 2536 2730 2599 remittat
2767 2536 3134 2599 confessum
3171 2535 3250 2598 ad
3290 2534 3622 2617 proprium
3659 2533 3950 2597 sacerdo-

2447 2642 2596 2697 tem.
2631 2634 2807 2709 Quod
2839 2634 2963 2696 nisi
2996 2634 3505 2716 poenitentiarius
3533 2640 3770 2715 ageret,
3793 2650 3946 2694 eum

2446 2733 2722 2814 graviter
2764 2751 3028 2816 peccare
3073 2741 3383 2814 putarem.
3413 2732 3652 2794 Tamen
3694 2731 3776 2793 ad
3823 2729 3946 2792 hoc

2451 2831 2651 2912 magis
2687 2838 2987 2894 tenentur
3025 2831 3137 2913 qui
3176 2848 3254 2893 ex
3297 2828 3634 2913 privilegio
3673 2828 3950 2890 audiunt

2449 2929 2880 2993 confessiones
2928 2946 2942 2991 :
2995 2930 3146 3011 quia
3193 2947 3322 2993 non
3371 2936 3520 2991 sunt
3565 2928 3773 2990 vocati
3819 2925 3948 2989 nisi

840 3025 1293 3107 negligentiam
1351 3027 1773 3101 sacerdotum,
1823 3026 2113 3091 Pontifex
2166 3045 2336 3089 sum·
2367 3029 2411 3093 C
2451 3029 2515 3091 in
2547 3028 2959 3091 sublevamen
2990 3027 3392 3110 negligentiae
3421 3026 3824 3110 propriorum
3855 3044 3950 3088 sa-

840 3145 983 3188 mus
1029 3125 1205 3188 dedit
1245 3125 1628 3207 quibusdam
1676 3123 1989 3207 religiosis
2038 3145 2152 3189 seu
2195 3125 2338 3188 aliis

838 3223 1246 3307 privilegium
1280 3223 1471 3298 istud,
1490 3224 1641 3306 quia
1670 3223 1975 3307 perpauci
2007 3225 2341 3286 inveniun-

834 3328 942 3383 tur
971 3322 1104 3384 veri
1136 3330 1440 3404 pastoreS,
1473 3329 1537 3384 et
1569 3322 1831 3404 plurimi
1862 3331 2011 3384 sunt
2038 3321 2339 3386 conducti

838 3419 1057 3482 vicarii
1104 3421 1309 3503 pretio
1347 3421 1497 3500 vili3
1530 3429 1595 3484 et
1633 3422 1802 3504 quod
1842 3420 2337 3484 abominabilius

837 3526 954 3593 est,
990 3518 1055 3580 in
1102 3519 1319 3582 multis
1360 3521 1545 3583 terris
1590 3519 1886 3584 conducti
1927 3528 2078 3582 sunt
2112 3521 2192 3583 ad
2230 3539 2339 3582 an-

840 3637 997 3680 num
1042 3618 1142 3681 vel
1196 3619 1479 3681 medium
1528 3638 1793 3694 annum,
1836 3619 1901 3680 in
1945 3619 2183 3701 quibus
2227 3619 2341 3681 im·

840 3715 1002 3797 pleri
1054 3715 1309 3779 videtur
1354 3717 1524 3799 quod
1584 3736 1701 3799 per
1747 3717 2146 3781 Ezechielem
2197 3735 2340 3780 con·

842 3813 1130 3895 queritur
1176 3814 1485 3878 Dominus
1528 3835 1543 3879 :
1587 3815 1704 3878 Pro
1750 3815 2107 3898 fragmento
2157 3815 2340 3898 panis

841 3919 906 3973 et
944 3912 1187 3994 pugillo
1230 3914 1447 3977 hordei
1494 3915 1989 3998 corrumpebant
2028 3915 2338 3998 populum

842 4027 1080 4072 meum.
1100 4010 1247 4073 Ideo
1277 4011 1618 4074 necessarii
1649 4013 1801 4075 satis
1831 4019 1981 4075 sunt
2008 4013 2131 4075 viri
2163 4012 2336 4087 boni,

838 4108 951 4188 qui
999 4107 1127 4170 vita
1170 4117 1236 4170 et
1278 4109 1545 4171 scientia
1594 4110 1863 4191 praediti,
1908 4110 2226 4172 instruant
2265 4129 2340 4173 ac

2449 3128 2798 3191 cerdotum.
2831 3129 3168 3210 Propterea
3205 3127 3406 3209 magis
3447 3126 3684 3189 debent
3721 3143 3948 3188 cavere

2451 3245 2530 3288 ne
2566 3225 2884 3308 dissipent
2910 3225 3206 3289 officium
3246 3224 3592 3288 sacerdotis
3629 3224 3832 3286 curati
3862 3223 3949 3285 ad

2448 3324 2782 3407 populum,
2831 3323 3384 3406 reverentiamque
3433 3321 3654 3404 populi
3713 3322 3792 3384 ad
3851 3341 3948 3384 sa-

2449 3423 2790 3486 cerdotem.
2823 3458 2904 3469 —
2941 3422 3016 3484 Et
3059 3423 3115 3485 si
3157 3441 3424 3505 quaeraS,
3455 3421 3510 3483 si
3554 3427 3804 3502 oportet
3851 3419 3948 3482 sic

2449 3523 2682 3585 iterum
2731 3522 3025 3586 confiteri
3085 3521 3344 3605 proprio
3401 3519 3734 3594 sacerdoti,
3785 3518 3944 3602 quid

2448 3621 2740 3683 utilitatis
2777 3621 3189 3702 consequitur
3226 3617 3542 3703 poenitens
3575 3617 3946 3681 confitendo

2450 3717 2796 3782 confessori
2855 3718 3294 3801 privilegiat03
3353 3717 3720 3792 dicendum,
3771 3716 3946 3798 quod

2448 3825 2576 3880 tres
2615 3817 2920 3880 utilitates
2959 3816 3372 3899 consequitur
3408 3815 3577 3878 inde.
3610 3814 3820 3878 Prima
3847 3822 3946 3877 est

2448 3915 2763 3978 absolutio
2794 3915 3095 3997 perfecta,
3129 3933 3269 3997 quae
3298 3913 3623 3997 duplicata
3651 3913 3810 3976 facit
3837 3914 3944 3976 de·

2448 4013 2596 4076 bitae
2629 4031 2834 4095 poenae
2871 4012 3362 4075 diminutionem
3393 4019 3457 4075 et
3485 4012 3704 4093 gratiae
3739 4011 3944 4074 incre-

2450 4119 2738 4174 mentum
2785 4130 2858 4174 ac
2908 4111 3454 4175 confortationem.
3509 4111 3802 4174 Secunda
3849 4116 3947 4172 est

838 4205 1101 4268 audiant
1128 4206 1439 4289 populum
1482 4213 1545 4269 et
1572 4206 1905 4271 absolvant
1934 4226 1948 4270 :
1981 4209 2093 4290 qui
2122 4216 2338 4272 tamen
2369 4212 2419 4275 D
2447 4209 2837 4272 abundantia
2874 4209 3010 4272 sani
3041 4209 3316 4284 consilii,
3349 4228 3427 4272 ex
3457 4225 3588 4291 quo
3623 4208 3946 4291 poenitens

842 4311 1101 4386 propter
1130 4304 1463 4387 pastoralis
1491 4305 1698 4369 officii
1731 4306 2103 4387 dignitatem
2143 4326 2216 4369 ac
2247 4326 2340 4370 re-

841 4401 1194 4464 verentiam
1226 4403 1651 4478 sacerdotum,
1685 4411 1749 4467 et
1776 4403 1928 4486 quia
1958 4423 2084 4467 non
2115 4405 2210 4468 eis
2241 4424 2340 4470 co-

839 4517 975 4560 ram
1002 4498 1277 4562 subditis
1306 4500 1760 4564 detrahendum
1790 4509 1905 4576 est,
1918 4502 2152 4567 debent
2183 4503 2338 4586 ipsis

839 4596 1089 4659 deferre
1138 4596 1465 4660 honorem.
1509 4598 1656 4661 Ideo
1698 4599 1954 4660 videtur
1994 4601 2186 4682 quod·
2213 4602 2340 4683 pri-

837 4693 1174 4776 vilegiatus
1204 4694 1557 4771 absolvens,
1571 4696 1761 4760 debet
1788 4697 2098 4760 confessis
2128 4699 2340 4780 injun-

835 4808 985 4873 gere
1032 4800 1346 4874 quatenus
1400 4794 1480 4856 ad
1538 4794 1753 4857 minus
1800 4795 1867 4858 in
1914 4797 2196 4877 generali
2239 4816 2338 4861 os-

836 4890 1101 4954 tendant
1136 4911 1207 4955 se
1245 4909 1361 4956 suo
1399 4893 1730 4968 sacerdoti,
1764 4893 1819 4956 si
1852 4901 2066 4976 pastor
2102 4902 2339 4958 estant

839 4997 1187 5072 perpetuus
1231 4990 1508 5054 vicarius
1542 5011 1556 5056 ε
1590 4993 1761 5073 quod
1806 5009 1935 5055 non
1977 5001 2248 5076 oportet,
2281 4995 2336 5058 si

839 5088 923 5152 sit
950 5089 1303 5152 conductus
1339 5089 1419 5151 ad
1448 5097 1703 5173 tempus
1736 5091 2031 5154 vicarius.
2066 5127 2148 5138 —-
2177 5093 2254 5155 Et
2281 5094 2335 5156 si

838 5185 1202 5267 objiciatur,
1235 5188 1405 5269 quod
1449 5188 1593 5251 talis
1638 5189 1771 5271 jam
1822 5190 2154 5254 absolutus
2201 5200 2333 5272 est3

838 5284 1004 5359 dico,
1047 5286 1216 5367 quod
1266 5287 1561 5368 quamvis
1608 5287 1691 5350 sit
1738 5287 2089 5364 absolutuS,
2132 5291 2337 5356 nihilo

2447 4307 2734 4370 efficitur
2770 4308 3055 4371 securior
3083 4308 3160 4370 de
3198 4306 3594 4370 sufficientia
3632 4307 3948 4390 poeniten·

2448 4406 2550 4469 tiae
2588 4406 2710 4469 sibi
2756 4405 3079 4486 injunctae.
3113 4405 3322 4468 Tertia
3359 4412 3458 4468 est
3499 4405 3948 4487 multiplicitas

2446 4505 2804 4568 orationum
2850 4523 2924 4566 ac
2973 4503 3233 4567 testium
3284 4523 3498 4568 coram
3545 4505 3674 4566 Deo
3727 4520 3742 4565 :
3795 4504 3949 4586 quia

2447 4619 2574 4683 quo
2618 4601 2912 4684 pluribus
2955 4601 3319 4677 confitetur,
3351 4610 3528 4665 tanto
3570 4601 3792 4683 plures
3839 4602 3946 4664 ha-

2447 4697 2557 4760 bet
2612 4700 2780 4781 apud
2838 4699 3042 4762 Deum
3097 4699 3548 4762 intercessores
3601 4717 3676 4761 ac
3724 4706 3940 4763 testes.

2445 4832 2526 4842 —
2568 4797 2712 4860 Haec
2757 4797 3074 4861 AlbertuS.
3127 4797 3324 4879 Cujus
3379 4797 3618 4880 scripta
3665 4798 3942 4862 multum

2447 4896 2844 4959 rationabilia
2887 4895 3185 4959 videntur
3224 4914 3384 4958 esse.

2526 4995 2848 5069 Praeterea,
2891 4995 3060 5057 circa
3101 4994 3234 5058 haec
3273 4995 3574 5059 disseruit
3613 4995 3940 5062 Bonaven-

2444 5101 2606 5168 tura,
2622 5093 2829 5176 primo
2857 5094 3300 5175 respondendo
3329 5095 3408 5157 ad
3439 5095 3724 5170 istud,an
3756 5095 3944 5159 liceat

2445 5192 2738 5255 confiteri
2769 5192 2929 5255 laico
2949 5209 2962 5254 ε
2982 5194 3071 5255 De
3101 5192 3525 5269 confessione,
3545 5193 3778 5276 inquit,
3799 5213 3944 5258 con-

2443 5291 2633 5372 tingit
2662 5290 2835 5373 loqui
2867 5291 3228 5373 dupliciter.
3254 5293 3487 5368 Prim0,
3511 5301 3582 5356 ut
3607 5300 3790 5358 actus
3823 5295 3946 5358 vir-
