4267 6250
83 874 130 913 n.

99 3259 231 3303 sulm.
247 3275 300 3314 in,

799 524 1114 573 commo
1153 524 1298 583 omn
1340 524 1454 583 SIT,
1494 522 1570 570 m·
1610 520 1896 581 Quouono
1937 521 2240 569 mmmmm·
2279 521 2361 569 AB
2402 521 2787 581 A‘nmnomt,
2823 520 2953 569 mc.

3303 501 3422 567 457

321 692 734 776 designetur:
759 694 1062 777 quoniam
1091 692 1246 757 facit
1275 709 1390 756 nos
1420 710 1676 775 gemere
1707 708 1823 773 pro
1851 690 1906 755 A
1933 690 2074 753 Alia
2119 698 2236 766 est,
2286 691 2439 774 quia
2496 690 2906 774 compunctio
2961 690 3219 774 proprie
3273 689 3431 754 dicit

99 808 294 859 mutu.
321 791 628 873 peccatis,
661 793 1068 875 postulatque
1102 809 1219 873 pro
1251 790 1438 854 nobis
1476 788 1824 871 gemitibus

321 888 884 953 inenarrabilibus,
911 889 1411 970 RespondemuS,
1433 888 1586 969 quia
1613 888 1714 967 (ut
1738 885 1827 949 ait

317 987 728 1069 Ambrosius)
747 988 1021 1071 Spiritus
1051 988 1318 1051 Sanctus
1352 986 1592 1049 fluvius
1623 992 1740 1059 est,
1762 992 1826 1048 et

319 1093 568 1167 septem
600 1087 768 1149 dona
797 1086 940 1167 ejus
971 1092 1120 1149 sunt
1149 1093 1394 1167 septem
1425 1084 1548 1147 rivi
1579 1083 1720 1166 puri
1750 1102 1822 1146 ac

319 1184 668 1266 splendidi,
699 1192 935 1248 terram
977 1184 1174 1247 nostri
1216 1183 1424 1246 cordis
1465 1182 1818 1263 irriganteS,

319 1290 668 1364 purgantes
708 1302 782 1345 ac
819 1281 1258 1355 fecundanteS,
1291 1289 1480 1364 atque
1509 1300 1546 1344 a
1575 1288 1821 1362 septem

319 1381 602 1463 peccatis
643 1380 1022 1443 mortalibus
1055 1379 1496 1452 emundantes,
1530 1378 1618 1441 ita
1651 1377 1822 1461 quod

319 1486 542 1542 contra
580 1478 1086 1561 unumquodque
1125 1477 1491 1540 mortalium
1519 1477 1822 1540 vitiorum

319 1577 688 1660 specialiter
735 1586 832 1641 est
879 1578 1254 1659 deputatum
1316 1596 1516 1638 unum
1577 1584 1822 1657 septem

318 1676 656 1739 donorum.
710 1676 901 1739 Dolor
955 1683 1169 1738 autem
1219 1676 1298 1737 de
1358 1674 1658 1758 peccatis,
1710 1673 1822 1755 qui

318 1783 586 1838 vocatur
624 1774 942 1848 contritio,
976 1792 1101 1836 non
1143 1780 1240 1836 est
1275 1773 1638 1856 specialiter
1679 1790 1824 1835 con-

1933 789 2218 853 dolorem
2250 789 2640 872 poenitentiae
2678 790 3030 853 secundum
3070 789 3239 872 quod
3269 808 3428 871 pun-

1931 888 2024 968 git
2065 888 2517 970 poenitentem3
2550 888 2847 952 contritio
2876 906 3028 951 vero
3063 887 3220 950 dicit
3254 906 3428 950 eum-

1932 985 2079 1049 dem
2127 987 2481 1050 secundum
2518 988 2689 1069 quod
2738 994 3069 1069 peccatum
3117 986 3429 1049 annihilat

1932 1084 2228 1147 iteratum
2274 1102 2389 1167 per
2436 1085 2717 1167 singulas
2760 1084 3159 1148 differentias
3198 1084 3424 1167 culpis,

1931 1181 2097 1244 sicut
2128 1182 2195 1243 in
2226 1201 2293 1245 re
2323 1183 2619 1247 exteriori
2650 1183 2731 1246 fit
2759 1184 3054 1246 contritio
3084 1182 3428 1265 corporalis

1931 1298 2042 1343 seu
2085 1279 2335 1356 fractio,
2370 1282 2621 1363 quando
2663 1282 2741 1344 fit
2779 1281 2943 1344 ictus
2988 1299 3181 1364 super
3218 1281 3431 1361 singu-

1933 1377 2024 1441 las
2053 1378 2197 1460 ejus
2228 1387 2437 1461 partes
2468 1379 2720 1443 divisas.
2742 1381 2877 1444 Meo
2908 1398 3161 1462 quoque
3186 1378 3431 1461 judicio

1931 1496 2099 1540 unus
2150 1485 2213 1540 et
2263 1478 2433 1542 idem
2484 1479 2662 1541 dolor
2708 1479 2777 1541 in
2824 1478 3177 1542 substantia
3223 1485 3433 1561 potest

1931 1594 2070 1639 esse
2111 1576 2353 1639 attritio
2390 1584 2455 1639 et
2490 1576 2807 1651 contriti0,
2842 1578 3009 1640 sicut
3046 1577 3217 1640 idem
3256 1577 3321 1639 in
3362 1596 3429 1641 re

1932 1682 2030 1737 est
2071 1674 2235 1738 sides
2274 1675 2568 1738 informis
2606 1682 2670 1738 et
2709 1674 2875 1739 fides
2914 1676 3183 1739 formata
3222 1692 3237 1737 :
3280 1695 3428 1737 nam

1933 1772 2112 1836 dolor
2141 1774 2252 1855 qui
2284 1791 2410 1836 non
2442 1774 2775 1836 inchoatur
2804 1792 2881 1836 ex
2910 1774 3191 1847 caritate,
3223 1781 3431 1855 potest

319 1880 414 1933 tra
444 1873 706 1954 aliquod
737 1872 1125 1946 eorumdem,
1139 1872 1250 1933 sed
1275 1870 1650 1951 generaliter
1679 1888 1822 1932 con·
1848 1869 1896 1932 B
1935 1888 2014 1932 ex
2057 1870 2319 1933 caritate
2368 1871 2746 1935 continuari.
2790 1871 2946 1934 Puto
2988 1879 3225 1945 tamen,
3260 1870 3430 1953 quod

318 1978 414 2033 tra
443 1972 664 2034 omnia
697 1971 828 2041 illa,
864 1971 994 2033 imo
1022 1972 1324 2034 adversus
1354 1968 1652 2031 universa
1682 1987 1826 2051 pec-

317 2077 458 2131 cata
495 2069 790 2132 mortalia
824 2086 838 2131 :
874 2066 1112 2131 idcirco
1151 2085 1280 2130 non
1324 2066 1584 2149 ponitur
1621 2086 1823 2129 unum

319 2166 600 2249 speciale
629 2168 871 2229 donum
901 2166 1069 2229 inter
1097 2173 1340 2248 septem
1377 2165 1503 2227 illa.
1537 2164 1666 2227 Hoc
1697 2183 1825 2248 poe-

321 2265 640 2328 nitentiali
681 2265 898 2327 dolore
938 2264 1251 2327 scinditur
1285 2282 1393 2327 cor
1431 2263 1820 2345 poenitentiS,

324 2373 387 2427 et
439 2364 640 2426 vestis
699 2362 1022 2445 rumpitur
1078 2362 1457 2444 iniquitatiS,
1511 2362 1595 2425 ita
1653 2361 1822 2443 quod

323 2460 530 2524 cordis
575 2459 866 2523 aufertur
903 2457 1158 2533 duritia,
1191 2465 1256 2521 et
1293 2458 1574 2541 palliatio
1621 2458 1824 2539 culpae

323 2579 447 2642 qua
474 2558 768 2641 operitur
798 2564 1111 2639 peccator,
1136 2557 1502 2620 destruitur.
1532 2558 1827 2620 Peccator

323 2674 601 2739 namque
645 2663 746 2719 est
784 2655 1048 2718 omnino
1087 2655 1400 2735 carnalis3
1433 2655 1644 2718 Sancti
1676 2672 1825 2717 vero

323 2754 388 2816 in
433 2754 642 2837 patria
683 2754 948 2817 omnino
991 2760 1142 2817 sunt
1183 2754 1582 2836 spirituales3
1614 2753 1824 2816 devoti

324 2861 536 2915 autem
580 2871 656 2916 ac
705 2852 1090 2935 poenitentes
1138 2851 1206 2913 in
1249 2852 1374 2927 via,
1417 2851 1648 2934 partim
1693 2869 1824 2914 car-

323 2951 611 3031 nales-et
653 2950 886 3033 partim
937 2950 1300 3033 spirituales
1343 2950 1720 3024 consistunt,
1762 2956 1826 3012 et

1937 1968 2249 2030 naturalia
2286 1986 2411 2031 non
2450 1968 2621 2031 fiunt
2656 1969 2965 2050 gratuita3
2996 1968 3108 2031 sed
3145 1968 3429 2032 dolorem

1935 2066 2043 2149 qui
2083 2074 2181 2129 est
2210 2067 2469 2139 attritio,
2502 2085 2629 2130 non
2672 2085 2813 2131 reor
2842 2086 2983 2131 esse
3018 2067 3098 2130 de
3137 2066 3433 2129 naturali-

1935 2165 2076 2239 buS,
2113 2166 2225 2229 sed
2270 2166 2509 2229 donum
2558 2166 2833 2249 Spiritus
2871 2166 3082 2230 Sancti
3132 2165 3427 2239 informe,

1933 2264 2101 2326 sicut
2143 2271 2241 2326 est
2281 2265 2473 2328 timor
2520 2265 2791 2341 servilis,
2832 2266 2943 2348 qui
2988 2265 3179 2328 etiam
3218 2284 3256 2326 a
3292 2264 3431 2345 qui-

1935 2362 2205 2425 busdam
2237 2363 2472 2425 dicitur
2498 2364 2641 2427 fieri
2676 2364 2958 2428 initialis.
2981 2400 3062 2410 —
3088 2364 3297 2427 Prima
3325 2363 3431 2426 de·

1935 2480 2112 2524 mum
2181 2461 2548 2525 differentia
2619 2462 2785 2525 inter
2853 2462 3299 2526 contritionem
3367 2468 3431 2523 et

1935 2560 2493 2643 compunctionem
2541 2579 2711 2623 nunc
2754 2560 3004 2635 tradita,
3040 2560 3310 2623 habetur
3351 2578 3429 2622 ex

1935 2657 2183 2720 duabus
2242 2657 2480 2721 Glossis
2538 2677 2732 2739 super
2789 2658 2947 2720 illud
2996 2658 3062 2719 in
3110 2657 3359 2721 Psalmo
3409 2675 3423 2721 :

1935 2756 2083 2829 Quae
2128 2756 2343 2819 dicitis
2383 2756 2449 2818 in
2496 2755 2794 2819 cordibus
2844 2756 3094 2831 vestris,
3136 2757 3201 2819 in
3251 2755 3428 2818 cubi-

1936 2853 2106 2916 libus
2147 2855 2374 2917 vestris
2420 2855 2945 2937 compungimini.
2983 2855 3259 2929 Quarum
3304 2873 3431 2917 una

1936 2951 2092 3015 dicit
2132 2970 2148 3014 ε
2196 2952 2266 3015 In
2314 2952 2613 3016 cordibus
2652 2952 2879 3017 vestris
2922 2953 3431 3035 compungimini

325 3057 535 3132 potest
579 3050 645 3110 in
693 3050 786 3111 eis
839 3048 1040 3130 magis
1088 3066 1161 3111 ac
1212 3047 1412 3130 magis
1462 3048 1702 3111 conteri
1750 3066 1823 3110 ac
1861 3046 1906 3111 G
1931 3050 2153 3113 ‘dolore
2185 3051 2597 3134 poenitentiis,
2631 3059 2943 3135 quatenus
2980 3071 3047 3115 se
3077 3051 3282 3135 ipsam
3323 3071 3434 3135 pu-

327 3147 704 3212 mortifieari
736 3147 1091 3223 carnalitas,
1121 3147 1305 3228 juxta
1334 3147 1491 3209 illud
1521 3147 1822 3228 Apostoli,

326 3245 702 3310 Mortificate
745 3245 1036 3309 membra
1077 3253 1310 3321 vestra,
1351 3265 1494 3328 quae
1536 3253 1687 3336 sunt
1728 3265 1828 3308 su-

329 3363 444 3427 per
481 3352 738 3407 terram.
771 3343 991 3424 Hujus
1017 3343 1424 3418 carnalitatiS,
1459 3343 1522 3405 id
1561 3351 1658 3406 est
1699 3362 1829 3406 car·

327 3443 490 3506 nalis
524 3441 909 3517 affectioniS,
947 3442 1340 3524 exstirpatio,
1374 3449 1470 3504 est
1511 3443 1830 3505 emanatio

329 3541 658 3623 sanguinis
699 3540 813 3622 qui
859 3540 1036 3604 exire
1079 3540 1269 3604 debet
1310 3539 1390 3603 ab
1433 3540 1666 3616 anima,
1706 3540 1830 3603 Au-

326 3640 582 3720 gustino
629 3639 905 3714 dicente,
947 3638 1117 3720 quod
1167 3639 1359 3701 timor
1402 3645 1500 3701 est
1541 3639 1828 3701 carnifex

326 3737 578 3812 animae,
611 3737 724 3819 qui
768 3737 910 3818 ejus
959 3755 1258 3799 excessus
1301 3736 1493 3799 debet
1534 3745 1827 3818 torquere

326 3844 518 3918 atque
559 3834 806 3910 ulcisci,
840 3835 1042 3898 donec
1081 3834 1338 3915 sanguis
1369 3834 1510 3914 ejus
1550 3835 1830 3915 egredia-

329 3943 431 3995 tur
467 3933 550 3996 ab
593 3953 689 4007 ea,
724 3933 790 3995 id
828 3941 926 3996 est
969 3932 1302 3996 carnalitas
1346 3933 1486 4008 ista,
1521 3941 1584 3996 et
1619 3933 1827 3996 omnis

327 4031 640 4094 sensualis
683 4030 960 4093 affectio.
995 4031 1140 4093 Haec
1181 4030 1717 4094 Antisiodorensis
1761 4031 1829 4093 in

330 4130 615 4204 Summa,
649 4128 814 4191 libro
854 4135 1100 4211 quarto,

1936 3150 2120 3213 niens
2170 3151 2384 3214 anima
2430 3158 2913 3234 compungatur,
2956 3169 3037 3213 ne
3081 3151 3147 3214 in
3190 3151 3436 3232 judicio

1938 3247 2048 3311 Dei
2083 3248 2386 3320 ⁸damnata
2421 3256 2810 3331 torqueatur.
2844 3249 2984 3312 Alia
3021 3257 3235 3312 autem
3265 3249 3436 3314 Glos-

1937 3366 2006 3409 sa
2035 3347 2128 3408 sic
2158 3345 2352 3409 habet
2382 3363 2397 3408 z
2434 3347 2975 3428 compungimini,
3009 3348 3072 3410 id
3103 3355 3219 3422 est,
3252 3348 3434 3430 quasi

1936 3443 2324 3526 quibusdam
2368 3444 2647 3507 stimulis
2689 3444 2959 3508 excitate
3002 3462 3135 3518 VOS,
3168 3463 3297 3507 non
3340 3463 3435 3508 so-

1938 3542 2070 3604 lum
2115 3561 2231 3624 pro
2269 3550 2676 3624 peccatorum
2717 3543 2955 3618 dolore,
2990 3544 3098 3606 sed
3139 3544 3311 3606 etad
3340 3544 3432 3606 vi-

1937 3640 2217 3703 dendum
2278 3641 2488 3703 lucem
2539 3640 2813 3719 Christi3
2864 3659 2991 3703 non
3049 3641 3257 3703 solum
3318 3659 3433 3723 pro

1937 3738 2177 3819 irriguo
2217 3738 2529 3813 inferiori,
2562 3739 2673 3801 sed
2716 3746 2778 3802 et
2817 3756 2932 3820 pro
2971 3739 3209 3820 irriguo
3250 3759 3435 3822 supe—

1937 3837 2110 3911 riori,
2162 3844 2474 3920 quatenus
2534 3836 2957 3899 invisibilium
3006 3855 3220 3901 amore
3268 3837 3433 3899 inar-

1937 3935 2229 3998 descatis.
2280 3936 2731 3998 Verumtamen
2782 3954 2983 3997 unum
3036 3935 3267 3998 horum
3317 3954 3435 4018 pro

1937 4033 2061 4096 alio
2107 4032 2474 4115 frequenter
2513 4032 2845 4114 accipitur.

2018 4131 2337 4194 Definitur
2378 4147 2631 4212 quoque
2677 4129 2974 4194 contritio
3016 4131 3103 4192 ita
3150 4149 3433 4195 commu-

405 4229 486 4291 At
531 4246 684 4292 vero
729 4228 1026 4291 Albertus
1075 4224 1364 4310 inquirit,
1417 4229 1691 4310 qualiter
1739 4229 1828 4293 di·
1859 4227 1909 4292 D
1939 4230 2105 4293 niter
2139 4247 2154 4292 ε
2187 4228 2496 4294 Contritio
2536 4237 2633 4292 est
2671 4229 2851 4292 dolor
2886 4230 3280 4294 voluntarius
3320 4249 3435 4313 pro

329 4329 732 4409 stinguantur
769 4327 1088 4399 contriti0,
1121 4327 1380 4402 attritio,
1414 4335 1479 4389 et
1522 4345 1828 4410 compun-

330 4427 486 4506 cti03
509 4434 574 4488 et
605 4433 820 4488 utrum
848 4424 1088 4488 attritio
1115 4424 1261 4488 fieri
1294 4433 1485 4508 queat
1513 4427 1822 4490 contritio.

330 4525 690 4608 Respondet
738 4542 752 4586 :
804 4524 1352 4598 Quemadmodum
1403 4525 1830 4587 communiter

330 4625 586 4699 dicitur,
624 4621 862 4686 attritio
900 4630 996 4686 est
1025 4624 1205 4687 dolor
1237 4625 1318 4686 de
1358 4623 1657 4705 peccatis,
1701 4642 1827 4687 non

333 4723 683 4805 procedens
721 4741 799 4784 ex
839 4721 1099 4784 caritate
1148 4729 1212 4784 et
1253 4723 1488 4803 gratia3
1533 4722 1829 4786 contritio

333 4839 485 4884 vero
522 4821 703 4884 dolor
729 4821 808 4883 de
847 4822 1146 4903 peccatis,
1181 4840 1257 4884 ex
1299 4821 1556 4884 caritate
1594 4829 1658 4884 et
1696 4841 1830 4903 gra-

333 4919 421 4983 tia
460 4919 811 5002 profluens.
857 4919 1279 5000 Compunctio
1322 4928 1536 4982 autem
1578 4919 1830 4983 videtur

333 5037 470 5080 esse
503 5018 567 5080 in
598 5017 744 5099 plus
773 5036 966 5099 quam
999 5017 1319 5092 contritio,
1345 5018 1498 5100 quia
1527 5026 1625 5080 est
1652 5018 1832 5081 dolor

334 5125 462 5179 tam
491 5134 609 5199 pro
638 5116 937 5198 peccatis,
970 5135 1163 5198 quam
1194 5136 1271 5180 ex
1303 5117 1488 5181 taedio
1519 5116 1828 5179 incolatus

335 5215 526 5297 hujus
564 5214 798 5290 exsilii,
841 5233 954 5277 seu
989 5215 1306 5279 desiderio
1343 5222 1592 5279 aeternae
1632 5215 1831 5278 felici-

335 5314 512 5396 tatis3
556 5321 622 5377 et
669 5314 804 5376 haec
852 5320 948 5376 est
997 5333 1122 5378 una
1167 5313 1534 5378 differentia
1581 5333 1821 5378 earum.

1937 4329 2239 4411 peccatiS,
2272 4347 2527 4410 semper
2557 4328 2830 4410 puniens
2863 4329 2929 4390 in
2960 4348 3027 4392 se
3058 4331 3227 4412 quod
3266 4331 3437 4394 dolet

1938 4446 2006 4490 se
2049 4427 2469 4491 commisisse.
2505 4427 2782 4490 Isidorus
2822 4446 2973 4492 vero
3019 4428 3249 4491 definit
3291 4430 3382 4493 sic
3418 4447 3433 4492 ε

1939 4526 2246 4589 Contritio
2303 4533 2401 4589 est
2446 4526 2856 4607 compunctio
2903 4526 2981 4588 de
3035 4528 3312 4608 peccatis
3358 4547 3437 4591 ex

1937 4625 2169 4688 timore
2194 4625 2442 4705 judicii.
2477 4624 2601 4686 Alii
2643 4642 2793 4687 vero
2824 4625 2916 4687 sic
2948 4643 2961 4688 :
2999 4626 3305 4689 Contritio
3340 4634 3437 4690 est

1938 4724 2117 4786 dolor
2164 4742 2311 4785 cum
2372 4722 2675 4797 lacrimiS,
2727 4741 2804 4784 ex
2852 4724 3286 4787 recordatione
3335 4744 3437 4787 ve-

1938 4823 2120 4885 niens
2162 4828 2587 4902 peccatorum.
2617 4821 2765 4894 Quae
2806 4837 3029 4884 omnes
3068 4821 3437 4905 descriptio-

1937 4940 2049 4983 nes
2103 4926 2251 4982 sunt
2310 4917 2509 4981 bonae.
2562 4918 2719 4980 Nam
2770 4920 3065 5000 quamvis
3121 4927 3249 4983 tres
3308 4922 3439 4985 sint

1937 5026 2148 5100 partes
2190 5015 2601 5099 poenitentiae,
2635 5023 2913 5079 attamen
2952 5035 3092 5080 esse
3127 5018 3435 5100 poeniten-

1936 5118 2040 5180 tiae
2069 5116 2349 5178 salvatur
2378 5114 2709 5196 potissime
2740 5115 2805 5177 in
2837 5115 3046 5197 prima
3075 5124 3273 5199 parte,
3292 5138 3435 5201 quae

1936 5222 2034 5278 est
2063 5212 2381 5286 contriti0,
2406 5213 2709 5294 quoniam
2742 5213 2905 5276 hanc
2934 5213 3267 5277 actualiter
3296 5235 3436 5280 esse

1938 5321 2187 5396 oportet
2216 5312 2281 5375 in
2312 5310 2487 5374 omni
2520 5311 2923 5394 poenitentia3
2946 5313 3085 5378 aliae
3115 5331 3264 5377 vero
3295 5315 3436 5380 duae

3481 2770 3561 2814 Po.
3574 2783 3633 2821 iv,
3678 2800 3691 2813 .
