4267 6250
827 484 908 550 12
1583 501 1860 550 nri-roim
1899 499 2368 549 msmtmonun
2404 502 2565 550 mam
2606 503 2669 549 ιν
2708 501 3176 552 sammon

831 675 902 731 de
947 671 1190 746 relapsis
1235 671 1395 740 dicit,
1445 689 1562 730 non
1607 689 1705 731 eos
1749 671 1982 730 veniam
2029 671 2326 746 consequi,
2357 670 2410 734 A
2438 650 2698 730 Christus
2744 650 3055 731 bominem·
3094 651 3207 733 nisi
3252 677 3442 734 totum
3488 674 3808 750 aliquando
3852 692 3943 732 sa-

827 765 937 820 etc.
971 765 1138 829 Quod
1166 762 1342 820 etiam
1375 762 1534 830 dicit,
1557 761 1932 837 poenitentem
1963 762 2163 820 dolore
2192 779 2330 835 gau-

829 855 964 910 dere
993 853 1220 919 debere,
1253 854 1324 911 de
1354 852 1744 926 perfectorum
1773 852 2120 926 intelligitur
2148 852 2327 926 poeni·

827 942 1028 1000 tentia.
1060 944 1225 1008 Quod
1253 959 1389 1000 vero
1417 941 1758 1000 Ambrosius
1791 942 1890 1008 ait,
1923 942 2325 1014 poenitentiam

827 1049 947 1089 non
987 1033 1400 1098 reiterandum,
1433 1035 1506 1090 de
1533 1032 1758 1090 solenni
1799 1032 2141 1104 poenitentia
2176 1031 2327 1088 acci·

828 1121 1002 1196 pitur.
1035 1121 1179 1179 Hinc
1207 1121 1533 1180 conclusive
1560 1123 1900 1188 tenendum,
1925 1121 2327 1194 poenitentiam

827 1212 996 1268 toties
1042 1211 1434 1269 reiterandam
1480 1228 1625 1278 esse,
1666 1211 1890 1283 quoties
1931 1210 2062 1284 quis
2108 1212 2324 1283 peccat.

829 1301 946 1358 Nec
973 1305 1174 1359 contra
1201 1305 1288 1359 est
1313 1301 1629 1359 auctoritas
1656 1300 1934 1372 Apostoli,
1966 1300 2060 1358 cui
2089 1315 2329 1358 erronee

830 1391 1072 1465 quidam
1116 1390 1530 1458 innitebantur,
1567 1390 1616 1447 si
1658 1393 1813 1448 recte
1857 1389 2233 1463 intelligatur,
2264 1391 2331 1447 ut

829 1483 990 1554 patet
1024 1479 1292 1538 intuenti.

830 1596 1101 1663 Quisquis
1135 1596 1421 1662 poeniteat‚
1454 1609 1620 1660 quem
1655 1595 1837 1661 jactat
1869 1592 2123 1646 criminis
2154 1595 2326 1655 unda,

891 1669 1266 1734 comprendet
1303 1666 1574 1729 tabulam,
1608 1681 1722 1733 qua
1762 1669 1918 1718 natet
1954 1667 2094 1732 ipse,
2126 1667 2325 1718 levem.

1276 1864 1704 1930 DISTINCTIO
1746 1865 1870 1928 XV.

897 2004 974 2066 Et
1013 2003 1180 2066 sicut
1223 2000 1543 2084 praedictis
1585 1999 2094 2075 auctoritatibuS‚
2138 2007 2259 2062 etc.

981 2197 1346 2255 VERlTATE
1401 2197 1573 2271 longe
1629 2195 1910 2254 deficiunt
1964 2195 2063 2268 qui
2120 2198 2329 2268 putant

981 2305 1166 2345 unum
1207 2287 1453 2345 mortale
1481 2287 1606 2344 sine
1645 2286 1824 2344 altero
1855 2283 2090 2351 dimitti,
2121 2302 2227 2343 seu
2255 2287 2327 2343 de

827 2393 944 2434 uno
981 2378 1105 2436 sine
1141 2379 1325 2436 altero
1364 2377 1766 2451 poenitentiam
1809 2377 1902 2450 agi
1942 2393 2126 2448 posse.
2159 2377 2325 2442 Quod

826 2469 1024 2524 autem
1067 2467 1368 2540 Scriptura
1411 2466 1570 2531 dicit,
1611 2467 1794 2523 Deum
1834 2483 1951 2522 non
1991 2465 2200 2538 punire
2238 2464 2325 2521 bis

825 2556 886 2613 in
925 2557 986 2613 id
1027 2557 1240 2630 ipsum,
1273 2555 1722 2629 intelligendum
1763 2558 1851 2612 est
1885 2556 1957 2612 de
1996 2554 2090 2611 his
2124 2554 2225 2628 qui
2253 2571 2324 2612 ex

823 2645 1069 2719 flagellis
1097 2646 1254 2718 (quae
1291 2645 1529 2718 quidem
1573 2643 1921 2716 quintuplici
1961 2660 2138 2700 causa
2176 2643 2326 2699 inssi-

825 2735 1065 2808 guntur)
1094 2733 1563 2792 emendationem
1603 2733 1916 2806 accipiunt.
1949 2733 2111 2791 Sicut
2145 2736 2202 2790 et
2228 2749 2323 2789 ac-

825 2825 1158 2898 cipiendum
1200 2828 1287 2882 est
1323 2826 1480 2897 quod
1518 2823 1905 2896 Hieronymus
1933 2822 2191 2888 adducit,
2224 2822 2324 2878 ali-

824 2933 970 2989 quos
1024 2914 1426 2988 temporaliter
1480 2913 1733 2987 punitos,
1791 2929 1862 2969 ne
1920 2912 1980 2969 in
2037 2915 2322 2969 aeternum

2439 762 2596 818 navit
2627 779 2642 820 τ
2673 762 2818 821 alias
2848 764 2999 822 Deus
3036 764 3279 824 inimico
3306 769 3365 823 et
3390 765 3443 824 ei
3473 766 3573 839 qui
3608 781 3725 823 non
3766 766 3946 823 babet

2437 852 2731 918 timorem,
2764 853 2996 911 veniam
3038 856 3222 920 daret,
3263 872 3371 914 nec
3412 856 3667 930 plenam,
3706 857 3811 913 sed
3854 855 3944 912 di-

2440 941 2689 999 midiam
2722 959 2737 999 :
2769 944 2927 1015 quod
2964 943 3377 1003 inconveniens
3412 961 3538 1004 esse
3566 948 3741 1020 patet.
3773 945 3947 1004 Deni-

2440 1048 2553 1104 que
2580 1035 2637 1089 et
2663 1033 2737 1089 ad
2763 1048 2963 1089 veram
2993 1034 3416 1107 poenitentiam,
3432 1035 3587 1093 male
3608 1035 3943 1093 ablatorum

2440 1121 2867 1178 restitutionem
2898 1122 3023 1180 fieri
3053 1124 3445 1182 necessarium
3475 1128 3580 1192 est,
3614 1126 3943 1183 dummodo

2440 1208 2687 1268 facultas
2723 1211 2892 1268 adsit.

2440 1319 2557 1370 Nec
2586 1318 2785 1370 sceleri
2814 1319 3029 1380 credas,
3062 1319 3173 1372 alio
3202 1321 3343 1382 sine,
3376 1319 3597 1387 parcier
3625 1321 3720 1374 uni
3742 1335 3757 1384 ;

2503 1390 2621 1442 Nec
2649 1390 2717 1441 de
2747 1390 2855 1442 hoc
2882 1390 3098 1457 absque
3125 1391 3221 1446 illo
3250 1393 3583 1458 poenituisse
3610 1393 3769 1446 velis.

2877 1553 3303 1618 DISTINCTIO
3352 1556 3502 1618 XVI.

2493 1680 2565 1742 In
2608 1677 3004 1761 perfectione
3045 1688 3259 1743 autem
3302 1681 3718 1764 poenitentiae,
3760 1691 3881 1748 etc.

2359 1836 2405 1898 B
2556 1843 2686 1899 RES
2725 1846 3025 1917 ponuntur
3050 1846 3242 1918 partes
3270 1843 3537 1917 perfectae
3564 1845 3939 1917 poenitentiae,

2578 1931 2800 1989 scilicet
2837 1932 3029 1990 cordis
3068 1933 3355 1999 contritio,
3388 1933 3507 1990 oris
3548 1933 3849 2002 confessiO,
3882 1939 3943 1994 et

2439 2020 2630 2093 operis
2666 2019 2982 2078 satisfactio
3014 2037 3029 2078 τ
3060 2037 3199 2077 nam
3232 2025 3289 2078 et
3316 2024 3507 2088 corde,
3538 2039 3637 2079 ore
3664 2026 3722 2080 et
3746 2023 3940 2096 operis

2438 2111 2861 2167 consuetudine
2900 2111 3283 2183 spiritualiter
3321 2111 3629 2169 morimur.
3662 2112 3726 2168 In
3768 2113 3941 2188 cujus

2438 2199 2613 2256 etiam
2646 2199 2881 2273 signum
2919 2204 3038 2258 tres
3077 2204 3339 2258 mortuos
3378 2201 3663 2258 Dominus
3700 2203 3943 2260 suscita-

2435 2288 2519 2343 vit
2548 2305 2561 2345 :
2592 2305 2779 2346 unum
2820 2289 2879 2344 in
2910 2291 3104 2354 domo,
3134 2290 3319 2348 alium
3350 2293 3515 2347 extra
3550 2295 3799 2364 portam,
3828 2295 3944 2350 ter-

2434 2377 2585 2434 tium
2632 2379 2760 2452 Jam
2819 2377 3085 2436 foetidum
3143 2379 3202 2434 in
3256 2380 3541 2452 sepulcro.
3589 2380 3687 2436 Est
3737 2384 3939 2439 autem

2438 2467 2737 2540 poenitenti
2778 2467 3104 2526 necessaria
3132 2468 3422 2532 discretio,
3454 2472 3519 2526 ut
3546 2469 3768 2527 scilicet
3795 2487 3942 2527 con-

2434 2555 2652 2613 sideret
2679 2556 3023 2629 qualitatem
3056 2557 3342 2623 criminis,
3372 2561 3607 2631 tempus
3635 2562 3693 2617 et
3720 2559 3938 2625 locum,

2437 2663 2765 2719 personam,
2806 2648 2863 2703 et
2900 2647 2984 2702 sic
3022 2648 3095 2704 de
3136 2647 3267 2703 aliis
3310 2647 3767 2705 circumstantiis
3809 2666 3945 2721 quae

2435 2735 2627 2807 ipsum
2667 2735 2892 2792 variare
2929 2737 2987 2792 et
3023 2735 3084 2792 in
3123 2735 3283 2792 aliud
3324 2753 3507 2810 genus
3542 2738 3776 2794 trahere
3814 2753 3945 2811 pos-

2434 2828 2589 2890 sunt,
2621 2827 3025 2898 quantumque
3064 2825 3124 2882 in
3168 2843 3235 2882 eo
3275 2827 3740 2898 perseveraverit,
3772 2831 3831 2884 et
3866 2829 3942 2886 de

2434 2915 2709 2972 omnibus
2762 2914 2993 2982 dolea·t;
3050 2931 3159 2973 nec
3214 2915 3637 2974 consessionem
3695 2917 3937 2986 dividat,

823 3005 1188 3078 punirentur.
1203 3006 1348 3060 Nam
1380 3006 1544 3060 extra
1569 3005 1792 3059 textum
1825 3001 2323 3074 sciendum,quod
2358 3001 2402 3065 C
2436 3007 2788 3076 paratusque
2825 3003 2901 3059 sit
2941 3005 3226 3061 sacerdoti
3269 3005 3523 3071 obedire,
3556 3009 3613 3063 et
3648 3009 3787 3064 tunc
3813 3010 3944 3063 tan-

822 3097 883 3153 in
931 3110 1047 3152 non
1095 3092 1527 3169 poenitentibus,
1559 3092 1737 3150 etiam
1783 3092 1930 3149 levia
1971 3090 2325 3149 aeternaliter

821 3187 1027 3243 saltem
1078 3202 1180 3258 per
1225 3184 1495 3241 accidens
1534 3182 1876 3255 puniuntur,
1920 3182 2058 3255 quia
2103 3182 2326 3239 scilicet

821 3292 956 3333 cum
998 3275 1081 3332 eis
1119 3274 1298 3331 simul
1337 3276 1394 3330 et
1432 3272 1777 3329 mortalibus
1817 3272 2123 3328 decedunt.
2158 3272 2324 3337 Quod

820 3366 998 3422 etiam
1029 3364 1262 3428 dicitur,
1296 3362 1585 3419 civitatem
1619 3359 1876 3433 complui
1908 3360 1964 3416 in
2007 3376 2123 3417 una
2162 3364 2325 3433 parte

820 3460 879 3513 et
914 3471 1031 3510 non
1076 3453 1138 3509 in
1181 3452 1317 3517 alia,
1359 3468 1474 3508 non
1517 3455 1605 3508 est
1645 3450 1704 3506 in
1746 3450 2103 3507 contrarium
2140 3450 2326 3523 :quia

821 3560 939 3599 non
969 3544 1162 3616 quoad
1197 3540 1462 3599 criminis
1489 3540 1741 3604 veniam,
1771 3542 1874 3597 sed
1912 3539 2163 3613 alicujus
2201 3556 2328 3611 pec-

821 3633 932 3691 cati
961 3631 1350 3689 desertionem
1383 3631 1732 3702 quandoque
1763 3628 1870 3686 boc
1895 3629 2198 3703 contingit.
2213 3632 2324 3687 Sed

819 3725 878 3780 et
913 3722 1059 3778 illud
1097 3719 1406 3785 Ambrosii,
1449 3718 1506 3775 Si
1551 3718 1695 3775 tides
1738 3718 1902 3784 desit,
1947 3735 2117 3792 poena
2158 3719 2325 3776 satis-

820 3811 976 3875 facit,
1025 3809 1374 3882 intelligitur
1419 3810 1490 3865 de
1537 3810 1773 3882 peccato
1821 3807 2086 3881 ignorato
2128 3826 2143 3866 τ
2182 3825 2323 3864 nam

822 3902 965 3958 fides
1005 3900 1100 3956 hic
1141 3902 1255 3956 stat
1291 3915 1394 3970 pro
1433 3896 1691 3954 scientia.
1723 3898 1886 3954 Unde
1930 3898 2003 3954 de
2041 3914 2158 3955 uno
2200 3914 2326 3970 pec·

821 3994 948 4048 cato
974 3988 1207 4046 mortali
1247 3986 1514 4044 sine'alio
1553 3984 1872 4042 satisfactio
1903 3986 2028 4043 tieri
2066 4002 2184 4043 non
2225 4003 2326 4058 po-

819 4083 948 4138 test.
986 4081 1085 4134 Est
1125 4076 1281 4135 enim
1331 4074 1680 4140 satisfacere,
1721 4074 1939 4146 peccati
1984 4092 2190 4132 causas
2228 4091 2325 4131 ex-

2436 3095 2570 3151 dem
2610 3094 2685 3150 ad
2731 3093 3209 3152 communionem
3254 3095 3632 3153 Eucharistiae
3675 3097 3938 3155 accedat.

2434 3183 2640 3240 Caveat
2685 3186 2881 3240 autem
2931 3200 3001 3241 ea
3046 3200 3177 3257 quae
3213 3200 3365 3241 veroe
3402 3185 3756 3257 poenitentiae
3800 3190 3944 3243 sunt

2434 3272 2791 3344 impeditiva,
2824 3272 3021 3345 qualia
3064 3277 3202 3330 sunt
3248 3274 3370 3331 ludi
3410 3277 3467 3331 et
3502 3276 3849 3348 spectacula,
3882 3280 3945 3333 et

2434 3361 2667 3434 negotia
2694 3362 2781 3418 vel
2810 3362 3001 3418 officia
3034 3362 3093 3418 in
3126 3362 3337 3435 quibus
3376 3363 3500 3421 sine
3540 3367 3774 3436 peccato
3808 3382 3941 3437 per-

2434 3467 2673 3507 manere
2702 3466 2821 3507 non
2853 3454 3057 3523 potest.
3091 3453 3153 3507 ln
3184 3451 3397 3524 quibus
3425 3456 3625 3511 tamen
3654 3454 3940 3511 exsisten-

2433 3542 2537 3605 tes,
2586 3539 2783 3611 aliqua
2838 3540 2993 3597 bona
3046 3557 3223 3612 opera
3278 3539 3465 3599 facere
3520 3545 3939 3601 commonendi

2432 3632 2587 3695 sunt,
2620 3633 2685 3686 ut
2711 3629 2795 3684 sic
2822 3644 2922 3687 eos
2952 3631 3100 3687 Deus
3129 3633 3203 3687 ad
3234 3630 3635 3703 poenitentiam
3666 3632 3937 3690 illustret.

2432 3720 2531 3773 Est
2567 3722 2765 3775 autem
2811 3718 3151 3790 poenitentia
3190 3719 3421 3792 triplex.
3455 3722 3732 3787 Quaedam
3776 3721 3937 3778 enim

2434 3807 2732 3881 peragitur
2784 3811 2921 3864 ante
2966 3808 3333 3880 Baptismum
3391 3809 3464 3865 ab
3510 3809 3743 3875 adultis,
3792 3827 3942 3883 quos

2432 3899 2684 3953 veterem
2724 3897 3028 3953 hominem
3068 3914 3279 3954 exuere
3325 3900 3552 3970 oportet
3592 3898 3939 3972 priusquam

2435 4001 2650 4041 novum
2708 3986 2961 4043 induant
2975 4003 2989 4052 ;
3046 3986 3162 4043 alia
3219 3990 3350 4059 post
3402 3987 3767 4059 Baptismum
3830 4005 3937 4060 pro

2436 4073 2808 4140 mortalibus;
2850 4077 2906 4131 et
2941 4074 3058 4130 alia
3095 4092 3198 4147 pro
3236 4074 3563 4133 venialibus
3604 4092 3619 4131 z
3660 4092 3791 4149 quae
3828 4077 3939 4133 etsi

820 4169 1012 4227 cidere
1059 4170 1116 4224 et
1160 4182 1362 4224 earum
1411 4163 1882 4238 suggestionibus
1930 4164 2159 4221 aditum
2207 4181 2322 4220 non
2354 4156 2404 4217 D
2435 4161 2583 4219 levia
2607 4162 2931 4229 videantur,
2964 4163 3354 4237 multiplicata
3380 4167 3578 4221 tamen
3611 4168 3853 4238 gravant
3880 4169 3940 4223 et

820 4259 1076 4333 praebere
1109 4274 1122 4313 ε
1153 4257 1309 4329 quod
1340 4271 1456 4310 non
1486 4253 1625 4310 facit
1651 4253 1751 4326 qui
1781 4253 1870 4310 vel
1900 4253 1961 4310 in
1991 4270 2108 4310 uno
2140 4270 2326 4310 rema·

820 4352 920 4406 net
946 4346 1198 4404 mortali.
1231 4344 1376 4401 Hinc
1413 4360 1520 4400 nec
1558 4342 1812 4399 blandiri
1851 4342 1961 4399 sibi
2004 4344 2215 4400 debent
2254 4346 2323 4402 de

821 4435 1221 4509 eleemosyniS,
1245 4433 1345 4508 qui
1375 4448 1491 4489 non
1523 4434 1594 4489 de
1624 4432 1900 4489 omnibus
1929 4432 2230 4505 poenitent,
2256 4450 2323 4490 eo

820 4528 976 4601 quod
1021 4526 1177 4582 dicat
1217 4522 1499 4579 Dominus
1540 4538 1553 4578 z
1594 4521 1734 4578 Date
1775 4520 2226 4595 eleemosynam,
2268 4525 2327 4579 et

820 4632 952 4674 ecce
990 4614 1192 4671 omnia
1231 4613 1456 4668 munda
1492 4612 1628 4669 sunt
1663 4608 1846 4667 vobis.
1878 4610 2323 4685 Eleemosynam

819 4706 977 4764 enim
1025 4720 1128 4761 seu
1167 4699 1633 4759 misericordiam
1664 4702 1890 4772 oportet
1915 4699 2025 4756 sibi
2067 4700 2177 4772 ipsi
2220 4701 2323 4756 ho-

819 4812 918 4852 mo
948 4794 1208 4868 primum
1238 4791 1558 4864 impendat,
1581 4788 1802 4846 scilicet
1830 4791 1904 4846 de
1931 4789 2182 4862 peccatis
2210 4806 2326 4862 ρω-

821 4884 1080 4943 nitendo.
1123 4883 1285 4938 Bona
1330 4881 1526 4937 autem
1577 4878 1638 4935 in
1684 4882 1837 4935 statu
1888 4878 2107 4951 peccati
2151 4878 2320 4945 facta,

820 4992 938 5033 non
977 4969 1449 5031 remuneratione
1489 4967 1708 5043 glorioe,
1739 4969 1842 5025 sed
1870 4967 2181 5042 temporali
2217 4968 2321 5026 ali-

819 5081 935 5138 quo
963 5063 1304 5136 compensat
1332 5061 1502 5117 Deus.
1530 5059 1642 5115 Sed
1673 5074 1780 5115 nec
1808 5058 1962 5114 bona
1991 5057 2050 5114 in
2081 5058 2322 5115 caritate

819 5154 989 5219 facta,
1021 5168 1124 5225 per
1162 5151 1466 5225 peccatum
1512 5145 1882 5211 mortificata,
1911 5146 2025 5203 nisi
2066 5163 2171 5220 per
2210 5162 2325 5219 poe-

821 5243 1128 5300 nitentiam
1170 5238 1535 5297 reviviscunt.
1567 5236 1752 5309 Igitur
1789 5251 1975 5293 unum
2019 5239 2323 5308 peccatum

823 5330 1068 5391 mortale
1107 5329 1232 5387 sine
1273 5326 1458 5386 altero
1495 5340 1613 5383 non
1658 5323 1994 5393 dimittitur,
2025 5324 2178 5383 sicut
2216 5340 2325 5383 nec

2434 4250 2791 4322 opprimunt.
2824 4252 2989 4317 Quod
3018 4255 3215 4309 tamen
3246 4252 3575 4325 opprimere
3605 4253 3934 4327 intelligen-

2435 4342 2577 4397 dum
2627 4344 2729 4405 est,
2772 4357 2890 4397 non
2937 4340 2997 4396 in
3046 4344 3329 4414 quantum
3372 4341 3624 4399 venialia
3669 4348 3932 4409 manent,

2432 4431 2535 4486 sed
2582 4429 2643 4485 in
2684 4432 2973 4503 quantum
3022 4430 3396 4488 interveniret
3436 4434 3805 4505 contemptus
3845 4434 3935 4491 vel

2432 4519 2548 4575 alia
2586 4519 2849 4576 mortalis
2888 4519 3345 4577 circumstantia.

2431 4625 2540 4677 Cor
2558 4625 2725 4687 dolet,
2738 4640 2804 4678 os
2823 4626 3301 4693 loquitur,poenas
3322 4640 3466 4693 opus
3486 4626 3701 4692 irrogat
3716 4641 3931 4694 oequas,

2494 4698 2641 4749 Cura
2670 4698 2941 4751 salutaris
2970 4698 3206 4751 crimina
3235 4697 3460 4764 quando
3489 4698 3657 4751 lavat.

2850 4860 3277 4924 DISTINCTIO
3319 4860 3498 4923 XVII.

2740 4985 2856 5049 Hic
2904 4986 3108 5049 oritur
3157 4985 3444 5069 quaesti0‚
3490 4991 3610 5048 etc.

2543 5145 2657 5201 lNE
2701 5142 3064 5203 confessione
3106 5160 3205 5201 ore
3246 5146 3416 5202 tenus
3454 5142 3625 5210 sacta,
3658 5143 3802 5201 dum
3844 5146 3931 5199 ta·

2568 5250 2705 5291 men
2752 5250 2871 5291 non
2918 5234 3073 5292 adsit
3117 5231 3496 5292 confessionis
3542 5234 3931 5304 contemptus,

2429 5325 2532 5381 sed
2574 5338 2645 5381 ea
2684 5322 2745 5380 in
2782 5326 2915 5382 voto
2956 5324 3257 5394 habeatur,
3288 5324 3347 5382 et
3384 5320 3512 5380 sine
3549 5320 3938 5397 operisexte-
