4267 6250
550 1265 672 1310 Dan.
682 1279 740 1318 iv,
752 1268 821 1309 24.

553 2060 746 2117 Cfipjssfl
759 2058 821 2103 θ’.

851 468 973 535 388

1512 488 1577 534 IN
1615 488 1838 535 amam:
1879 486 1940 533 iv
1983 474 2469 535 summum.
2510 504 2590 517 -
2630 486 2784 535 msr.
2826 486 2949 551 xv3
2990 486 3215 545 omns-r.
3258 488 3301 533 n

851 676 1044 741 quam
1073 658 1202 721 Deo
1233 657 1498 741 placere,
1512 657 1782 741 ejusque
1812 674 2003 741 opera
2033 653 2349 741 acceptari
2380 652 2431 718 A
2460 675 2580 731 nae,
2633 656 2706 720 in
2757 664 3068 740 quantum
3124 664 3221 719 est
3276 655 3751 720 sacramentale.
3812 655 3952 718 ldeo

849 775 886 819 a
916 756 1222 835 Domino;
1255 756 1399 819 ideo
1438 756 1578 819 sine
1617 757 1876 819 caritate
1914 762 1979 819 et
2005 756 2207 838 gratia
2238 756 2353 818 im-

848 854 1155 937 possibile
1194 861 1291 917 est
1329 854 1695 917 satisfacere
1733 856 1884 918 Deo.
1917 855 2210 917 Attamen
2242 871 2351 937 po-

847 959 972 1014 test
1019 971 1088 1015 se
1138 952 1331 1015 homo
1385 952 1452 1015 in
1503 952 1781 1035 peccatis
1830 952 2142 1015 exsistens
2195 970 2351 1035 prae-

848 1069 1070 1134 parare
1127 1051 1205 1113 ad
1255 1052 1545 1133 gratiam,
1597 1058 1660 1114 et
1713 1052 1800 1114 ita
1857 1049 2225 1114 satisfacere
2273 1070 2351 1113 ex

849 1149 1094 1211 eadem.
1129 1149 1358 1231 Sicque
1389 1150 1875 1231 intelligendum
1909 1157 2007 1212 est
2034 1150 2207 1231 quod
2235 1150 2351 1211 Da-

851 1247 982 1309 niel
1031 1247 1193 1309 dixit
1237 1246 1818 1310 Nabuchodonosor
1858 1248 1991 1329 regi
2037 1264 2050 1309 :
2093 1248 2353 1310 Peccata

852 1353 959 1407 tua
988 1345 1410 1429 eleemosynis
1441 1345 1997 1408 redime—Porro
2025 1346 2181 1408 dum
2212 1344 2350 1427 quis

849 1442 1348 1506 satisfactionem
1398 1443 1525 1506 sibi
1576 1443 1929 1525 injunctam
1979 1443 2345 1525 complevit,

847 1540 903 1603 si
943 1541 1361 1624 probabiliter
1398 1549 1578 1625 putat
1613 1561 1726 1605 seu
1765 1541 2203 1605 verisimiliter
2240 1541 2351 1605 du-

846 1638 1007 1701 bitat
1035 1658 1162 1703 non
1199 1639 1585 1703 satisfecisse
1625 1658 1694 1703 se
1733 1641 1883 1715 Deo,
1918 1639 1979 1702 id
2020 1648 2117 1702 est
2156 1640 2223 1702 in
2254 1659 2351 1702 ca-

846 1738 1029 1799 ritate
1058 1755 1186 1800 non
1219 1738 1542 1821 implesse,
1575 1755 1703 1800 non
1733 1737 1923 1800 debet
1950 1757 1988 1800 a
2017 1737 2351 1800 satisfacti-

2460 753 2708 817 sufficit
2744 755 2915 837 quod
2956 753 3071 817 fiat
3110 755 3176 817 in
3218 756 3501 829 caritate,
3532 761 3841 837 quantum
3878 754 3950 817 ad

2458 853 2579 915 hoc
2605 854 2792 935 :quia
2821 871 2937 936 per
2964 853 3291 916 caritatem
3322 871 3511 937 poena
3538 852 3752 916 debita
3780 853 3951 915 satis·

2458 949 2720 1014 facienti
2749 951 2829 1014 fit
2858 951 3348 1035 proportionalis
3374 970 3581 1035 poenae
3610 970 3803 1034 quam
3832 970 3954 1014 sus-

2457 1049 2638 1112 tinet.
2690 1050 2923 1113 Dicunt
2978 1068 3149 1132 ergo,
3202 1050 3370 1133 quod
3432 1040 3829 1133 impossibile
3874 1049 3952 1111 sit

2459 1165 2653 1231 opera
2690 1148 2799 1211 illa
2834 1148 3151 1212 vivificari
3192 1157 3503 1231 quantum
3541 1149 3621 1211 ad
3658 1149 3949 1211 meritum

2459 1265 2573 1309 seu
2622 1246 3106 1310 retributionem
3156 1246 3302 1310 vitae
3348 1255 3621 1321 aeternae,
3653 1247 3947 1329 quoniam

2458 1363 2586 1408 non
2626 1346 2889 1409 fuerunt
2929 1364 3007 1409 ex
3052 1346 3347 1425 caritate3
3380 1347 3492 1409 sed
3530 1354 3841 1428 quantum
3875 1346 3949 1409 ad

2459 1444 2760 1507 meritum
2790 1443 3185 1507 remissionis
3224 1462 3450 1526 poenae,
3484 1444 3637 1526 quia
3666 1462 3790 1507 non
3822 1451 3953 1507 erat

2458 1541 2622 1604 alius
2673 1540 2985 1617 defectus,
3036 1542 3160 1604 nisi
3210 1542 3363 1624 quia
3412 1560 3600 1625 poena
3646 1560 3774 1605 non
3822 1550 3952 1605 erat

2459 1640 2991 1722 proportionalis:
3018 1639 3160 1703 ideo
3192 1640 3311 1702 isto
3341 1640 3549 1721 posito
3581 1639 3645 1702 in
3677 1640 3947 1713 caritate,

2456 1744 2523 1799 et
2563 1755 2752 1819 poena
2798 1736 2965 1800 facta
3012 1737 3493 1820 proportionali,
3544 1736 3952 1801 vivificantur

846 1852 967 1899 one
997 1854 1260 1910 cessare,
1276 1854 1609 1919 quousque
1641 1854 1757 1919 per
1785 1835 2140 1918 probabilia
2168 1836 2350 1917 signa
2376 1830 2424 1894 B
2458 1843 2769 1917 quantum
2800 1835 2879 1897 ad
2907 1836 3029 1898 hoc
3058 1836 3229 1917 quod
3260 1842 3411 1898 sunt
3438 1836 3857 1918 computanda
3886 1836 3949 1898 in

849 1934 1299 1998 certitudinem
1346 1934 1576 1997 habeat
1617 1935 1696 1997 de
1740 1934 1930 2017 culpa
1972 1934 2237 1996 dimissa
2285 1941 2349 1995 et

850 2049 1058 2113 poena.
1102 2033 1284 2107 Hinc,
1318 2033 1487 2094 sicut
1519 2032 1763 2095 dictum
1808 2039 1906 2094 est
1946 2032 2026 2094 de
2068 2032 2213 2094 aliis
2250 2051 2348 2093 sa-

849 2130 1212 2205 cramentis,
1237 2131 1588 2213 praesertim
1619 2131 1698 2193 de
1730 2130 2148 2204 Eucharistia,
2176 2130 2345 2212 quod

846 2246 974 2291 non
1018 2228 1187 2291 valet
1236 2228 1360 2291 nisi
1403 2229 1728 2291 caritatem
1771 2227 2054 2303 habenti,
2087 2246 2215 2291 non
2257 2234 2348 2289 ta-

845 2344 994 2388 men
1026 2334 1278 2388 tenetur
1315 2326 1460 2409 quis
1490 2344 1638 2388 vere
1678 2345 1757 2388 ex
1787 2326 2048 2388 caritate
2086 2326 2343 2388 accede·

841 2442 933 2497 re,
965 2424 1077 2486 sed
1117 2423 1534 2506 probabiliter
1565 2444 1632 2487 se
1670 2424 1745 2487 ad
1787 2442 1928 2486 eam
1960 2424 2341 2507 disponere3

842 2522 929 2585 ita
958 2523 1036 2585 de
1075 2521 1506 2585 satisfactione
1544 2523 1910 2597 dicendum,
1945 2522 2115 2604 quod
2150 2540 2344 2605 opera

841 2638 958 2703 pro
1009 2619 1443 2684 satisfactione
1497 2628 1752 2683 tenetur
1801 2620 2091 2703 implere,
2146 2637 2342 2702 seque

839 2727 1150 2801 quantum
1185 2720 1249 2781 in
1280 2738 1349 2782 se
1378 2727 1495 2794 est,
1511 2720 1588 2781 ad
1619 2719 1946 2782 caritatem
1977 2719 2335 2802 disponere.

839 2817 918 2879 Et
944 2817 1038 2880 sic
1066 2817 1396 2881 absolutus
1427 2825 1523 2880 est
1553 2819 1618 2879 in
1649 2816 1787 2881 foro
1818 2817 2116 2881 Ecclesiae
2149 2826 2339 2900 atque

838 2934 876 2979 a
905 2934 1094 2998 poena
1123 2916 1527 2980 conscientiae
1558 2935 1709 2991 suae,
1742 2924 1807 2979 et
1837 2916 1902 2977 in
1933 2916 2072 2979 foro
2101 2917 2213 2980 Dei
2244 2925 2342 2980 est

2458 1940 2713 1995 sortem.
2775 1934 3005 2016 Sicque
3060 1933 3245 1996 aliter
3291 1931 3705 1996 vivificantur
3760 1953 3947 2017 quam

2456 2048 2649 2113 opera
2681 2031 3082 2095 mortificata.
3108 2032 3265 2095 Nam
3296 2031 3407 2094 illa
3434 2030 3849 2095 vivificantur
3874 2033 3949 2095 ad

2456 2129 2945 2193 retributionem
2974 2136 3299 2204 aeternam,
3324 2129 3445 2192 ista
3472 2130 3682 2192 solum
3710 2130 3790 2192 ad
3822 2148 3949 2213 poe-

2454 2245 2553 2290 nae
2592 2227 3053 2290 dimissionem.
3085 2262 3167 2274 ·-
3192 2227 3334 2289 Alia
3376 2227 3595 2309 opinio
3632 2235 3749 2301 est,
3782 2229 3948 2311 quod

2454 2340 2645 2386 omne
2685 2342 2847 2408 opus
2892 2324 3385 2389 satisfactorium
3430 2332 3527 2388 est
3566 2343 3729 2408 opus
3768 2326 3950 2388 meri-

2454 2424 2690 2487 torium
2720 2425 2866 2488 vitae
2896 2432 3168 2500 aeternae,
3201 2432 3265 2486 et
3294 2424 3440 2487 fieri
3468 2433 3720 2507 oportet
3746 2444 3826 2488 ex
3856 2444 3951 2488 ca-

2453 2522 2637 2585 ritate
2689 2541 2705 2585 :
2758 2523 2998 2586 idcirco
3051 2540 3245 2605 opera
3301 2522 3721 2587 satisfactoria
3774 2532 3951 2586 extra

2454 2621 2780 2685 caritatem
2830 2620 2997 2684 facta
3052 2621 3231 2684 nullo
3283 2622 3472 2685 modo
3518 2620 3945 2685 vivificantur.

2450 2719 2660 2782 Prima
2706 2719 2927 2803 opinio
2968 2727 3066 2783 est
3109 2720 3387 2783 multum
3432 2720 3807 2803 probabiliS‚
3840 2721 3948 2784 sed

2451 2818 2572 2880 ista
2613 2818 2893 2880 secunda
2934 2818 3220 2881 securior
3260 2826 3374 2881 est.

2530 2916 2766 2979 Verum
2795 2924 2950 2979 tunc
2980 2916 3249 2999 quaestio
3277 2917 3501 2992 oritur,
3532 2918 3685 2999 quia
3718 2917 3769 2980 si
3802 2934 3949 3000 ope·

838 3013 1191 3088 absolutus,
1225 3014 1312 3077 ita
1343 3022 1412 3076 ut
1441 3032 1569 3077 non
1602 3022 1825 3097 peccet
1855 3014 1920 3076 in
1950 3015 2072 3077 hoc
2101 3014 2339 3077 facien·
2369 3018 2414 3083 C
2450 3033 2519 3077 ra
2564 3015 2683 3077 ista
2728 3031 2858 3077 non
2903 3014 3339 3090 vivificantur,
3370 3033 3452 3078 an
3491 3016 3683 3079 homo
3720 3034 3839 3098 per
3876 3034 3950 3078 θα

839 3112 940 3176 do.
974 3112 1270 3176 Attamen
1301 3132 1414 3196 per
1442 3113 1578 3177 haec
1607 3131 1800 3196 opera
1828 3131 1956 3176 non
1986 3112 2341 3177 absolvitur

841 3211 1104 3274 omnino
1137 3227 1152 3274 t
1187 3212 1332 3274 ideo
1369 3230 1595 3274 sanum
1636 3211 1979 3274 consilium
2017 3219 2134 3288 est,
2171 3213 2339 3295 quod

840 3310 1032 3373 homo
1097 3328 1352 3392 semper
1413 3310 1736 3393 poeniteat.
1803 3308 2061 3373 Sufficit
2125 3317 2339 3374 tamen

841 3426 990 3470 cum
1033 3408 1233 3490 signis
1278 3408 1718 3491 probabilibus
1769 3409 2209 3491 poenitentiam
2252 3409 2341 3472 fe-

839 3507 1025 3582 cisse,
1062 3525 1180 3569 nec
1230 3513 1478 3590 oportet
1525 3525 1665 3569 eam
1715 3507 2034 3570 reiterare.
2066 3543 2149 3554 —
2178 3507 2339 3570 Hinc

836 3605 1319 3680 advertendum,
1353 3605 1522 3687 quod
1567 3605 1804 3688 duplex
1847 3611 1944 3668 est
1985 3605 2198 3668 forum
2238 3623 2339 3668 se-

840 3703 1123 3765 cundum
1181 3703 1418 3786 duplex
1461 3703 1802 3785 judicium,
1855 3710 2074 3786 utpote
2125 3703 2339 3766 forum

839 3801 1266 3876 conscientiae,
1301 3809 1364 3863 et
1392 3800 1602 3864 forum
1637 3800 1870 3866 divinae
1898 3802 2181 3884 justitiae.
2216 3801 2342 3865 Pri-

839 3918 1018 3962 mum
1049 3907 1146 3963 est
1177 3897 1605 3974 manifestum,
1621 3901 1970 3963 secundum
1997 3900 2335 3963 occultum.

839 3997 906 4061 Si
936 3998 1081 4080 quis
1113 3996 1378 4080 impleat
1406 4015 1663 4079 poenam
1694 3998 2219 4080 poenitentiamve
2252 3999 2343 4060 in-

835 4095 1124 4178 junctam
1157 4095 1296 4158 sine
1326 4113 1613 4159 remorsu
1653 4096 1978 4177 diligentis
2014 4097 2341 4160 conscien-

2448 3113 2691 3196 aliquid
2750 3120 3070 3177 mereatur
3116 3133 3153 3176 a
3201 3112 3490 3177 Domino.
3542 3113 3947 3197 Responden-

2449 3212 2625 3286 dum,
2659 3211 2829 3294 quod
2869 3211 2948 3273 de
2987 3211 3109 3274 hoc
3146 3228 3403 3294 quoque
3440 3219 3592 3274 sunt
3634 3213 3777 3276 duae
3814 3213 3949 3295 opi-

2449 3310 2691 3372 niones,
2712 3309 3349 3392 Prima,quod,homo
3378 3329 3493 3392 per
3520 3329 3597 3374 ea
3624 3310 3715 3373 nil
3748 3329 3951 3374 mere-

2448 3416 2613 3484 atur,
2648 3427 2765 3471 nec
2797 3408 2874 3471 de
2903 3425 3205 3489 congrue,
3238 3427 3449 3491 neque
3478 3409 3557 3471 de
3594 3409 3950 3492 condign03

2449 3507 2738 3589 quamvis
2767 3508 2929 3570 Deus
2959 3507 3203 3570 ratione
3230 3526 3361 3571 suae
3390 3507 3953 3572 abundantissima!

2452 3605 2757 3687 largitatis
2800 3624 2876 3668 ea
2918 3605 3135 3688 aliquo
3176 3606 3367 3669 modo
3409 3613 3795 3670 remuneret.
3830 3605 3951 3670 Alii

2452 3703 2848 3787 probabilius
2906 3703 3129 3767 dicunt
3185 3704 3578 3787 oppositum,
3638 3705 3725 3767 ita
3782 3704 3952 3788 quod

2450 3803 2745 3885 quamvis
2775 3811 3073 3885 peccator
3099 3821 3215 3885 per
3243 3820 3438 3885 opera
3474 3802 3644 3866 bona
3674 3803 3739 3865 in
3768 3821 3957 3885 gene-

2452 3921 2521 3965 re
2568 3902 2660 3964 nil
2711 3910 3030 3965 mereatur
3074 3902 3153 3965 de
3202 3902 3541 3984 condign0,
3576 3903 3822 3986 aliquid
3869 3909 3955 3965 ta·

2453 4019 2601 4063 men
2644 4008 2925 4062 meretur
2954 4019 3071 4083 per
3097 4019 3173 4063 ea
3211 4001 3290 4062 de
3326 4018 3625 4082 congruo.
3660 4001 3954 4064 Peccator

2452 4099 2693 4182 quippe
2736 4099 3118 4181 quandoque
3170 4097 3325 4160 facit
3371 4097 3613 4162 bonum
3659 4116 3827 4182 opus
3876 4118 3953 4162 ex

838 4193 966 4266 tiae,
1017 4200 1232 4255 tamen
1287 4200 1466 4256 extra
1513 4194 1862 4268 caritatem,
1912 4212 2041 4257 non
2089 4202 2343 4258 tenetur
2372 4197 2423 4260 D
2451 4214 2685 4279 genere
2740 4198 2819 4260 ad
2878 4197 3201 4280 propriam
3263 4197 3558 4278 gloriam,
3618 4205 3690 4260 ut
3744 4198 3954 4261 dando

840 4291 1208 4354 satisfacere
1246 4291 1524 4374 amplius
1561 4310 1682 4355 nec
1717 4292 1963 4373 judicio
1995 4293 2341 4357 sacerdotis

839 4409 960 4453 nec
991 4389 1396 4453 conscientiae
1434 4407 1584 4453 suae.
1619 4390 1894 4453 Tenetur
1919 4398 2136 4455 tamen
2172 4392 2343 4473 judi-

841 4489 942 4551 cio
985 4487 1120 4562 Dei,
1158 4487 1309 4569 quia
1351 4487 1559 4550 adhuc
1602 4487 1770 4551 Deus
1818 4489 2016 4571 exigit
2061 4509 2337 4572 poenam.

920 4586 1226 4649 Praeterea
1254 4585 1576 4667 quaeritur,
1590 4604 1669 4648 an
1701 4604 1894 4669 opera
1923 4586 2343 4652 satisfactoria

839 4691 1018 4748 extra
1065 4685 1390 4746 caritatem
1431 4683 1619 4760 facta,
1660 4686 2038 4749 adveniente
2081 4687 2343 4750 caritate

838 4783 1243 4846 reviviscant.
1287 4783 1662 4859 Dicendum,
1699 4785 1869 4867 quod
1911 4785 1989 4847 de
2030 4785 2150 4848 hoc
2194 4792 2345 4848 sunt

838 4883 981 4946 duae
1009 4881 1364 4964 opiniones.
1399 4881 1554 4958 Una,
1586 4883 1756 4964 quod
1794 4899 1956 4965 opus
1991 4882 2343 4948 satisfacto-

838 4981 1030 5056 rium,
1065 4986 1376 5062 quantum
1418 4988 1517 5042 est
1557 4980 1634 5042 de
1683 4999 1798 5042 sua
1841 4980 2086 5044 ratione
2134 4982 2343 5064 perfe-

839 5087 960 5154 cta,
1011 5086 1295 5144 meretur
1341 5078 1742 5142 collationem
1789 5079 2008 5160 gloriae
2062 5081 2343 5143 remissi-

839 5196 1162 5261 onemque
1209 5194 1414 5260 poenae
1467 5193 1481 5238 ε
1535 5177 1938 5242 collationem
1987 5179 2227 5260 gloriae,
2274 5181 2340 5244 in

839 5283 1152 5358 quantum
1183 5283 1281 5338 est
1307 5293 1386 5338 ex
1416 5274 1709 5354 caritate;
1741 5276 2185 5341 remissionem
2216 5297 2344 5360 poe·

2452 4296 2924 4378 eleemosynam
2954 4296 3033 4358 ad
3066 4295 3391 4378 propriam
3432 4295 3684 4359 laudem
3720 4313 3735 4359 :
3768 4304 3834 4360 et
3862 4297 3955 4359 sic

2454 4395 2833 4458 demeretur.
2885 4394 3243 4476 Aliquando
3289 4412 3442 4457 vero
3497 4393 3652 4457 facit
3707 4395 3830 4458 hoc
3876 4395 3951 4457 ad

2451 4493 2720 4574 gloriam
2749 4492 2885 4566 Dei,
2904 4500 2970 4554 et
2998 4499 3256 4575 propter
3286 4492 3641 4559 naturalem
3669 4510 3953 4556 amorem

2453 4590 2567 4654 Dei
2611 4609 2803 4673 quem
2846 4590 3074 4671 habet;
3106 4597 3170 4654 et
3212 4591 3333 4654 hoc
3381 4607 3511 4654 non
3560 4598 3768 4673 potest
3814 4609 3954 4654 esse

2454 4689 2593 4751 sine
2620 4688 2836 4770 aliqua
2864 4689 3066 4770 gratia
3093 4689 3287 4771 gratis
3317 4690 3483 4764 data,
3501 4707 3643 4772 quae
3674 4689 3957 4771 disponit

2455 4787 2533 4850 de
2563 4804 2842 4868 congruo
2870 4787 2949 4849 ad
2975 4787 3243 4868 gratiam
3272 4795 3525 4868 gratum
3564 4787 3949 4850 facientem:

2453 4904 2646 4967 quam
2694 4884 2962 4966 gratiam
3012 4885 3207 4966 gratis
3256 4885 3467 4948 datam
3518 4885 3683 4948 Deus
3737 4885 3955 4968 aliquo

2456 4983 2645 5046 modo
2682 4989 2990 5065 acceptat,
3022 4990 3087 5045 et
3129 5000 3208 5044 ex
3252 4982 3373 5046 hoc
3416 4991 3713 5065 peccator
3750 5001 3951 5046 mere-

2453 5088 2559 5143 tur
2600 5081 2679 5144 de
2724 5097 3023 5162 congruo.
3058 5080 3234 5154 Quod
3278 5081 3580 5143 meritum
3632 5098 3953 5163 compara·

2454 5188 2590 5243 tum
2639 5180 2866 5242 merito
2906 5179 3186 5242 caritatis
3228 5187 3327 5241 est
3364 5178 3947 5262 improportionale,

2454 5288 2526 5342 ut
2553 5286 2832 5362 punctus
2860 5278 3045 5342 lineae
3074 5285 3141 5340 et
3167 5277 3336 5341 linea
3362 5277 3751 5360 superficiei.
3768 5277 3947 5342 Unde
