4267 6250
607 3353 712 3392 11111

743 475 866 542 486

1361 494 1428 541 m
1466 494 1690 541 Lunum
1730 494 1792 541 IV
1834 492 2319 540 smmunmt.
2358 510 2441 523 -·-
2478 493 2634 540 ms'r.
2674 491 2842 554 xv11;
2878 491 3104 548 otmar.
3143 492 3232 539 VI!

749 664 1205 729 sermocinator
1232 665 1539 747 egregiuS,
1555 682 1681 728 non
1711 672 1925 727 tamen
1956 671 2086 727 tam
2112 682 2248 746 per-
2273 662 2325 725 A
2355 662 2600 746 aliquid
2631 682 2710 727 ex
2749 670 2928 746 parte
2961 662 3365 737 confessoris,
3399 669 3466 725 et
3488 661 3732 744 aliquid
3771 680 3856 725 ex

747 762 913 827 fecte
942 764 1178 846 poterit
1205 764 1522 827 creditum
1560 763 1684 825 sibi
1724 781 1981 845 gregem
2013 762 2246 825 instru-

747 881 875 935 ere,
908 869 1099 943 atque
1128 862 1208 926 de
1238 862 1507 943 singulis
1536 862 1614 925 ad
1646 861 1916 925 salutem
1956 879 2245 925 necessa-

746 959 859 1021 riis
911 968 1021 1022 aut
1071 960 1560 1042 expedientibus
1606 960 1855 1034 docere,
1905 966 1975 1021 ut
2018 959 2247 1022 debeat

746 1057 1061 1121 aestimare
1108 1077 1369 1140 prorsus
1420 1058 1746 1133 sufficere,
1796 1057 2244 1140 capacitatem-

746 1174 873 1238 que
938 1157 1470 1239 parochianorum
1528 1174 1785 1220 suorum
1844 1175 1983 1219 esse
2042 1158 2244 1239 reple-

746 1262 901 1327 tam,
941 1272 1059 1317 nec
1107 1273 1185 1317 ex
1229 1255 1500 1317 aliorum
1548 1254 2078 1318 sermocinatione
2115 1274 2247 1317 am-

746 1353 918 1436 plius
966 1370 1153 1435 posse
1200 1352 1535 1435 proficere,
1582 1351 1993 1427 inflammari,
2036 1354 2243 1416 muni-

746 1451 801 1513 ri
834 1468 848 1513 :
883 1450 1027 1515 ideo
1062 1450 1254 1514 debet
1289 1451 1461 1515 viros
1504 1450 1831 1531 religiosos
1870 1450 2244 1532 regulariter

748 1556 1216 1623 conversanteS,
1264 1550 1415 1623 vita,
1470 1548 1660 1622 fama,
1711 1548 1977 1611 scientia
2031 1557 2095 1611 θῖ
2141 1569 2244 1613 ex-

746 1646 961 1729 emplo
1024 1646 1329 1728 insigneS,
1399 1646 1823 1710 libentissime
1880 1647 2238 1723 admittere,

744 1746 1073 1819 advocare,
1100 1744 1393 1818 invitare,
1418 1745 1548 1808 imo
1578 1752 1642 1807 et
1669 1745 1918 1808 trahere
1946 1746 2025 1807 ad
2056 1764 2244 1809 evan-

2357 768 2534 844 parte
2593 760 2980 825 confitentis.
3031 762 3348 835 Quantum
3406 761 3486 823 ad
3545 760 3855 842 primum,

2355 859 2735 941 simpliciter
2765 859 3488 942 respondendum,quod
3517 876 3642 921 non
3671 875 3863 940 opor-

2355 965 2446 1020 tet
2493 957 2784 1021 confessa
2837 958 3071 1021 iterum
3119 957 3416 1021 confiteri
3467 976 3482 1021 :
3533 956 3685 1039 quia
3730 956 3859 1019 hoc

2355 1064 2523 1119 esset
2559 1075 2637 1120 ex
2675 1056 3004 1119 debilitate
3046 1063 3110 1119 et
3147 1055 3609 1119 insufficientia
3647 1073 3857 1119 sacra-

2356 1154 2579 1229 menti,
2613 1156 2784 1236 quod
2824 1154 3002 1218 nefas
3041 1162 3140 1217 θεῖ
3173 1155 3407 1217 dicere.

2435 1252 2526 1315 Ex
2570 1260 2750 1336 parte
2791 1252 3175 1317 confessoris
3217 1260 3368 1315 sunt
3408 1253 3536 1315 duo
3579 1270 3855 1335 pensan-

2353 1352 2434 1413 da
2468 1368 2481 1413 :
2516 1351 2794 1433 primum
2837 1359 2935 1415 est
2962 1350 3104 1432 ejus
3141 1356 3456 1433 potestas->3
3493 1349 3853 1413 secundum

2353 1456 2450 1512 θεῖ
2489 1448 2632 1530 ejus
2683 1449 2994 1512 industria
3042 1450 3119 1512 ad
3167 1448 3659 1512 discernendum
3701 1466 3855 1531 pec-

2353 1556 2638 1611 catorum
2675 1546 3050 1629 gravitatem
3078 1566 3154 1610 ac
3191 1547 3584 1630 qualitatem.
3617 1547 3856 1629 Sicque

2353 1646 2418 1708 in
2469 1646 2689 1709 Glossa
2731 1653 3029 1728 praetacta
3071 1646 3332 1729 ponitur
3373 1646 3620 1728 primus
3665 1664 3855 1709 casus

2353 1745 2417 1807 in
2469 1762 2597 1827 quo
2641 1744 2934 1808 confessa
2991 1752 3240 1828 oportet
3296 1744 3518 1808 reconf
3519 1744 3665 1807 iteri
3719 1762 3856 1807 non

744 1843 1147 1924 gelizandum
1186 1842 1309 1905 sibi
1348 1843 1745 1923 commissis3
1786 1861 1895 1906 eos
1933 1862 2085 1908 vero
2126 1845 2237 1926 qui
2276 1845 2324 1907 B
2353 1844 2562 1906 eidem
2601 1844 2713 1907 sed
2753 1843 2957 1917 alteri,
3001 1851 3240 1926 utpote,
3281 1850 3542 1926 propter
3581 1842 3852 1906 nimiam

744 1940 971 2003 vitiosa
1014 1941 1491 2003 conversatione
1529 1960 1603 2003 ac
1644 1940 1815 2003 fama
1858 1940 2084 2004 odibili
2134 1943 2240 2004 de-

744 2047 1000 2103 struunt
1026 2059 1099 2103 ea
1127 2058 1265 2122 quae
1296 2040 1585 2113 clamant,
1603 2039 1902 2103 libentius
1933 2048 2242 2121 quantum

743 2137 839 2200 fas
897 2146 1013 2211 est,
1074 2137 1370 2200 refutare.
1432 2138 1559 2199 Nec
1628 2138 1831 2200 ullum
1898 2146 1996 2201 est
2060 2138 2242 2200 dubi-

743 2255 855 2299 um
885 2235 1395 2317 disputationeve
1423 2235 1882 2318 dignum‚quin
1916 2236 2244 2299 venerabi-

745 2335 837 2398 les
873 2334 1085 2397 Patres
1121 2352 1195 2395 ac
1236 2334 1478 2396 Fratres
1518 2334 1925 2416 privilegiati,
1960 2334 2240 2416 legitime

743 2441 1210 2507 conversanteS,
1262 2432 1522 2495 litterati
1578 2440 1643 2495 et
1702 2432 1955 2507 fervidi,
2013 2433 2237 2495 ineffa-

742 2531 959 2594 biliter
1006 2531 1253 2613 prosint
1306 2538 1499 2611 atque
1558 2528 1953 2593 fructificent
2008 2531 2238 2594 ovibus

742 2630 973 2695 Christi
1008 2647 1022 2693 :
1058 2629 1297 2691 idcirco
1340 2629 1452 2711 qui
1492 2629 1649 2692 tales
1693 2629 1971 2691 admittit
2011 2630 2233 2705 invite,

740 2727 1146 2811 persequitur
1192 2734 1302 2789 aut
1352 2726 1665 2801 molestat,
1712 2727 1897 2808 lupus
1946 2735 2061 2800 est,
2109 2746 2236 2791 non

740 2834 974 2909 pastor,
1019 2833 1083 2888 et
1128 2825 1363 2888 Pilatus
1413 2824 1624 2906 potius
1672 2844 1865 2906 quam
1915 2825 2231 2907 praelatus.

739 2924 907 2987 Talis
946 2924 1135 3006 plane
1174 2923 1397 2985 infelix
1436 2930 1501 2985 et
1530 2941 1733 2986 caecus
1773 2929 1889 2996 θεῖ,
1924 2942 1991 2985 εθ
2022 2923 2235 3005 ipsum

2355 1941 2742 2023 imperitiam
2773 1940 2935 2022 ejus,
2971 1942 3146 2004 Unde
3174 1940 3446 2004 habetur
3481 1941 3546 2003 in
3577 1940 3796 2005 Glossa
3831 1959 3848 2003 :

2353 2039 2416 2101 Si
2474 2040 2765 2102 sacerdos
2825 2058 3008 2103 meus
3063 2046 3161 2102 est
3217 2039 3576 2122 imperituS,
3628 2047 3854 2103 teneor

2353 2137 2820 2201 confessionem
2865 2138 2928 2201 ei
2976 2126 3208 2200 factam
3257 2137 3439 2200 alteri
3488 2137 3850 2201 discretiori

2353 2236 2702 2318 propalare.
2737 2236 2998 2318 Propter
3036 2237 3207 2318 quod
3235 2236 3628 2317 Augustinus
3667 2235 3732 2298 in
3773 2236 3852 2298 li-

2353 2334 2468 2397 bro
2498 2334 2577 2397 de
2616 2334 2992 2398 Poenitentia
3032 2334 3314 2416 loquitur
3347 2352 3360 2397 :
3395 2334 3512 2408 Qui
3551 2334 3850 2399 confiteri

2349 2432 2489 2494 vult
2533 2440 2792 2513 peccata
2833 2439 2904 2493 ut
2949 2431 3235 2495 inveniat
3279 2432 3571 2514 gratiam,
3606 2441 3852 2514 quaerat

2349 2529 2741 2593 sacerdotem
2781 2530 3089 2593 scientem
3131 2530 3328 2611 ligare
3369 2540 3434 2593 et
3469 2530 3734 2593 solvere.
3771 2531 3854 2593 Et

2349 2627 2638 2691 Urbanus
2670 2629 2856 2710 Papa,
2879 2628 3288 2692 distinctione
3316 2627 3376 2703 6,
3408 2627 3689 2711 capitulo
3717 2629 3852 2693 Pla-

2349 2726 2482 2789 cuit
2527 2744 2540 2789 :
2587 2726 2758 2791 Nulli
2807 2726 3209 2791 sacerdotum
3260 2727 3444 2791 liceat
3490 2727 3853 2809 quemlibet

2345 2824 2529 2887 alteri
2573 2825 2993 2889 commissum
3033 2826 3112 2888 ad
3156 2825 3598 2908 poenitentiam
3649 2825 3854 2889 susci-

2348 2941 2498 3003 pere
2539 2924 2677 2985 sine
2718 2923 2860 3005 ejus
2900 2942 3212 2987 consensu
3254 2925 3358 2987 cui
3397 2944 3467 2987 se
3495 2924 3847 2998 commisit,

740 3040 1056 3104 quaerenS,
1098 3041 1287 3084 suum
1331 3021 1661 3096 honorem,
1698 3040 1813 3083 sua
1855 3028 1919 3083 et
1962 3038 2239 3086 commo·
2267 3028 2310 3091 C
2347 3021 2471 3083 nisi
2517 3028 2779 3104 propter
2815 3022 3235 3104 ignorantiam
3284 3023 3459 3085 illius
3497 3024 3602 3086 cui
3641 3023 3850 3105 poeni-

741 3120 842 3193 da,
890 3138 1017 3184 non
1067 3119 1298 3184 Christi
1347 3118 1924 3194 honorificentiam,
1965 3120 2234 3195 cultum,

740 3237 815 3280 ac
852 3218 1211 3280 animarum
1246 3218 1537 3280 salutem.

822 3316 1295 3398 consequenter
1350 3316 1580 3398 quaerit
1635 3315 1966 3390 HenricuS,
2020 3323 2234 3378 utrum

740 3431 1077 3476 erroneum
1122 3413 1205 3474 sit
1246 3413 1481 3487 dicere,
1514 3414 1681 3494 quod
1726 3431 1875 3476 vere
1920 3415 2236 3496 poenitens

739 3520 804 3575 θῖ
848 3510 1201 3584 confessuS,
1234 3511 1481 3594 riteque
1522 3511 1849 3574 absolutus
1886 3511 1967 3575 ab
2006 3530 2083 3576 eo
2122 3514 2234 3595 qui

740 3617 970 3692 potest,
1023 3616 1314 3672 teneatur
1368 3608 1588 3671 eadem
1651 3627 1920 3673 numero
1978 3619 2238 3692 peccata

740 3707 973 3770 iterum
1022 3706 1335 3769 confiteri.
1388 3706 1749 3788 Respondet
1798 3725 1813 3770 ε
1865 3707 2231 3781 Sciendum,

738 3805 910 3888 quod
950 3805 1343 3867 Raimundus
1385 3803 1449 3865 in
1480 3803 1745 3866 Summa
1781 3823 1895 3867 sua
1932 3805 2025 3867 sic
2064 3825 2233 3887 quae-

736 3903 840 3976 rit,
878 3902 1202 3983 Numquid
1253 3909 1511 3984 peccata
1559 3903 1758 3964 semel
1806 3902 2096 3966 confessa
2146 3911 2234 3966 te-

736 4019 967 4062 nemur
1028 3999 1261 4061 iterum
1326 3998 1685 4061 confiteri?
1742 3999 1837 4062 Ad
1900 4002 2070 4080 quod
2131 4021 2232 4064 re-

738 4096 1110 4180 spondendo
1166 4096 1499 4178 subjungit
1557 4115 1571 4160 ε
1634 4097 1819 4160 Dicas
1875 4099 2045 4179 quod
2103 4117 2230 4162 non

2345 3127 2488 3182 tens
2519 3127 2614 3182 est
2643 3119 2992 3183 confessus.
3029 3120 3094 3184 Si
3126 3139 3276 3184 vero
3305 3120 3631 3185 confessor
3669 3129 3848 3204 pote-

2347 3225 2572 3280 statem
2603 3217 2972 3281 absolvendi
3004 3236 3132 3281 non
3172 3219 3384 3294 habet,
3416 3227 3667 3303 oportet
3690 3221 3848 3283 alte-

2345 3316 2401 3377 ri
2433 3316 2690 3378 habenti
2723 3324 3098 3398 potestatem
3129 3318 3442 3382 confiteri.
3457 3318 3528 3381 ln
3557 3325 3848 3382 extrema

2347 3432 2500 3476 vero
2541 3415 2941 3489 necessitate,
2983 3416 3257 3497 quilibet
3293 3417 3584 3480 sacerdos
3633 3425 3848 3499 potest

2347 3511 2711 3590 absolvere3
2745 3531 2864 3575 nec
2903 3520 3058 3576 tunc
3098 3515 3474 3597 poeniteutia
3503 3524 3601 3579 est
3631 3516 3850 3599 injun-

2345 3610 2571 3690 genda,
2604 3611 2715 3672 sed
2757 3610 3153 3675 insinuanda.
3188 3613 3364 3686 Quod
3403 3615 3457 3676 si
3495 3633 3662 3696 aeger
3697 3633 3852 3678 con-

2344 3707 2643 3782 valescat,
2675 3708 2866 3771 debet
2902 3710 3203 3774 accedere
3241 3711 3628 3775 ordinariam
3670 3722 3851 3795 pote—

2287 3823 2304 3845 ·
2345 3812 2572 3868 statem
2618 3806 2979 3881 habentem,
3022 3816 3086 3870 et
3125 3817 3504 3891 praesentare
3549 3829 3617 3874 se
3657 3812 3720 3874 ei
3764 3832 3848 3875 ac

2343 3903 2556 3966 dicere
2605 3922 2673 3966 se
2721 3924 2862 3968 esse
2920 3906 3282 3970 confessum
3341 3917 3406 3971 θῖ
3448 3909 3842 3985 absolutum,

2344 4001 2786 4083 poenitentiam
2833 4021 3088 4085 quoque
3126 4004 3250 4066 sibi
3291 4006 3670 4070 insinuatam
3719 4009 3842 4072 im-

2344 4098 2520 4181 plere
2552 4110 2862 4181 paratum.
2896 4101 3021 4164 Alii
3053 4101 3294 4178 dicunt,
3315 4106 3484 4187 quod
3514 4106 3706 4170 debet
3733 4127 3844 4171 su-

735 4195 1127 4276 regulariter.
1171 4193 1477 4268 Quocirca
1520 4193 1891 4268 notandum,
1924 4196 2095 4277 quod
2139 4196 2230 4258 di·
2262 4203 2312 4265 D
2342 4197 2658 4279 periorem
2689 4199 2886 4274 adire,
2919 4208 2984 4263 et
3010 4201 3070 4263 ei
3104 4219 3324 4265 rursus
3355 4203 3603 4286 singula
3633 4206 3842 4270 confi-

734 4292 958 4366 cendo,
1000 4291 1412 4372 Regulariter,
1454 4290 1666 4353 innuit
1705 4291 1771 4354 in
1813 4291 2030 4374 aliquo
2078 4312 2228 4356 casu

734 4398 1027 4473 oportere
1072 4389 1294 4452 eadem
1344 4389 1553 4451 denuo
1602 4388 1896 4453 confiteri
1944 4407 1958 4453 ε
2012 4391 2232 4473 regula

734 4505 1033 4569 namque,
1076 4493 1147 4548 ut
1187 4486 1411 4548 dicunt
1449 4488 1872 4567 grammatici,
1906 4497 2003 4551 est
2041 4509 2229 4571 gene-

731 4585 863 4648 rale
892 4584 1347 4647 documentum
1387 4584 1572 4667 plura
1610 4583 1675 4646 in
1709 4603 1833 4647 una
1864 4587 2231 4652 similitudi-

730 4701 811 4747 ne
840 4681 1274 4756 coutinens,in
1304 4681 1620 4764 aliquibus
1652 4690 1864 4747 tamen
1893 4685 2219 4750 deficiens.

729 4785 907 4848 Unde
938 4783 1329 4847 Raimundus
1358 4782 1690 4865 subjungit
1720 4801 1735 4846 :
1768 4783 1985 4847 Solent
2013 4786 2222 4869 excipi

725 4891 999 4967 quatuor
1036 4901 1240 4955 casus,
1275 4882 1340 4944 in
1381 4882 1616 4964 quibus
1656 4891 1952 4946 tenemur
1992 4885 2222 4948 iterum

724 4981 1042 5054 confiteri,
1102 4981 1215 5063 qui
1272 4988 1571 5044 notantur
1630 4980 1694 5043 in
1754 4982 1972 5046 Glossa
2029 5004 2223 5066 super

2339 4295 2482 4370 teri,
2513 4314 2588 4358 ac
2631 4296 3128 4362 satisfactionem
3175 4299 3256 4363 ab
3307 4300 3447 4382 ipso
3487 4303 3772 4385 recipere
3817 4325 3836 4370 τ

2341 4394 2512 4476 quod
2552 4395 2768 4458 verius
2810 4394 3018 4459 eredo.

2420 4493 2511 4556 Ex
2541 4501 2718 4575 parte
2747 4494 2938 4556 etiam
2970 4493 3337 4559 confitentis
3367 4496 3676 4562 debemus
3705 4501 3838 4564 duo

2339 4591 2752 4674 perpendere.
2785 4591 3068 4655 Primum
3114 4600 3232 4668 est,
3261 4613 3342 4657 an
3385 4595 3470 4657 sit
3512 4615 3659 4660 vere
3700 4617 3838 4681 poe-

2335 4689 2569 4764 nitenS,
2600 4709 2681 4752 an
2722 4707 2887 4769 non;
2931 4698 2996 4754 et
3033 4693 3086 4754 si
3131 4691 3216 4756 sit
3257 4694 3596 4776 poenitenS,
3626 4714 3708 4758 an
3747 4697 3834 4761 sit

2335 4787 2630 4850 subditus
2660 4788 2720 4850 ei
2751 4788 2856 4850 cui
2893 4789 3256 4864 confitetur,
3288 4811 3372 4855 an
3411 4811 3557 4856 non.
3593 4794 3658 4858 Si
3697 4813 3830 4858 nou

2333 4886 2418 4948 sit
2446 4905 2594 4949 vere
2635 4887 2952 4969 poenitens
2991 4889 3069 4952 dc
3101 4907 3509 4974 quocumque
3547 4894 3828 4969 mortali,

2333 4993 2486 5047 tunc
2517 4985 2708 5048 fictus
2739 4986 3104 5063 confitetur,
3124 5007 3241 5051 nec
3273 5009 3421 5054 vere
3448 4991 3828 5068 absolvitur,

726 5079 926 5144 verbo
975 5080 1119 5153 hoc,
1170 5080 1382 5142 denuo
1432 5096 1447 5140 :
1504 5078 1631 5141 imo
1680 5087 1744 5142 θῖ
1792 5089 2019 5161 praeter
2076 5083 2220 5145 illos
2329 5092 2392 5146 et
2422 5091 2674 5146 tenetur
2703 5085 2925 5147 eadem
2966 5087 3198 5150 iterum
3239 5087 3564 5168 confiteri;
3597 5091 3830 5154 simili-

722 5185 821 5242 est
848 5178 1033 5241 alius,
1066 5213 1148 5222 —
1176 5178 1393 5259 ltaque
1424 5177 1951 5241 considerandum
1986 5187 2084 5242 cst
2110 5180 2218 5243 hic
2329 5190 2424 5243 ter
2453 5182 2506 5243 si
2539 5199 2666 5244 non
2697 5183 2780 5244 sit
2809 5183 3102 5246 subditus
3133 5185 3496 5248 confessori.
3511 5187 3573 5250 Si
3605 5197 3827 5253 autem

716 5277 963 5360 aliquid
991 5295 1069 5339 ex
1100 5283 1278 5359 parte
1308 5276 1686 5340 sacramenti
1717 5277 2128 5355 Poenitentiae,
2154 5287 2218 5341 et
2327 5279 2409 5343 sit
2448 5281 2796 5344 confessori
2835 5283 3151 5359 subdituS‚
3183 5293 3335 5348 tunc
3372 5293 3482 5348 aut
3513 5295 3610 5350 θεῖ
3645 5289 3824 5353 aliud
3859 5321 3874 5330 ·
