4267 6250
1214 484 1416 533 mult
1456 484 1727 533 accan
1768 484 1963 534 smb
1999 487 2248 536 nunssA
2287 488 2572 537 mum

3321 468 3440 537 581

336 650 703 715 cedentium
733 654 1343 737 peccatorum,sicut
1370 673 1487 720 nec
1516 657 1674 720 tanti
1706 676 1849 739 pec·
1876 658 1927 723 A
1955 678 2109 723 vans
2159 660 2518 743 subjaceret
2565 662 2658 725 eis
2705 667 2775 724 ut
2833 659 3030 744 priuS.
3081 660 3444 725 Secundum

334 749 456 813 cati
488 754 845 816 enormitas.
862 753 1183 827 Quantitas
1213 755 1385 817 enim
1415 763 1622 819 reatus
1650 756 1847 838 sequi·

336 856 441 911 tur
475 852 902 933 quantitatem
942 852 1224 933 peccati3
1258 860 1592 936 peccatum
1630 860 1845 916 autem

338 966 456 1029 per
501 950 678 1031 quod
735 950 883 1033 quis
940 951 1271 1025 recidivat,
1322 950 1693 1034 frequenter
1750 959 1846 1015 est

336 1046 545 1109 multo
589 1047 805 1111 minus
848 1067 1039 1131 quam
1091 1058 1428 1132 peccatum
1477 1050 1845 1133 praecedens

334 1144 413 1207 de
443 1161 578 1227 quo
606 1153 752 1210 ante
793 1147 1117 1229 poenituit,
1152 1154 1222 1210 ut
1261 1148 1415 1211 dum
1448 1154 1593 1231 post
1622 1148 1847 1211 remis-

334 1244 587 1307 sionem
616 1244 951 1307 homicidii
982 1253 1049 1307 et
1074 1245 1374 1308 adulterii
1404 1246 1551 1329 quis
1581 1246 1751 1309 cadit
1778 1246 1843 1309 in

334 1340 705 1424 simplicem
756 1342 1244 1409 fornicationem
1285 1365 1359 1409 ac
1401 1347 1668 1410 furtum.

414 1440 727 1505 Praeterea
774 1444 1103 1525 quaeritur,
1153 1463 1231 1506 an
1281 1463 1399 1527 per
1447 1445 1845 1527 ingratitudi-

334 1557 487 1601 nem
521 1540 785 1603 redeant
814 1541 1091 1605 venialia
1118 1551 1378 1625 peccata
1406 1542 1691 1617 dimissa,
1706 1562 1847 1626 pec-

336 1645 553 1700 catum
596 1656 855 1721 quoque
902 1641 1229 1722 originale.
1267 1642 1641 1717 Dicendum,
1674 1642 1846 1725 quod

337 1754 413 1799 eo
442 1736 637 1800 modo
664 1754 792 1818 quo
822 1746 1081 1819 peccata
1110 1740 1403 1802 mortalia
1441 1758 1556 1822 per
1588 1740 1844 1821 ingrati-

1953 756 2144 821 aliam
2174 776 2325 823 vero
2351 760 2743 841 opinionem,
2777 778 2918 842 quaa
2951 758 3108 822 dicit
3135 777 3211 821 ea
3240 758 3448 822 redire

1954 856 2160 920 solum
2192 866 2499 939 quantum
2529 858 2606 921 ad
2639 858 3180 940 ingratitudinem,
3213 866 3312 919 est
3339 857 3452 919 du·

1954 954 2100 1035 plex
2129 955 2366 1038 opinio.
2401 956 2554 1031 Una,
2587 956 2757 1038 quod
2788 957 2842 1019 si
2883 954 3264 1019 confiteatur
3293 954 3452 1017 reci·

1953 1052 2177 1116 divans
2206 1053 2413 1116 eidem
2455 1055 2766 1118 sacerdoti
2806 1055 2910 1117 cui
2938 1062 3086 1118 ante
3120 1052 3450 1117 confessus

1951 1158 2049 1214 est
2106 1159 2364 1233 peccata
2412 1151 2520 1214 illa
2577 1152 2860 1227 dimissa,
2911 1152 3196 1215 nondum
3251 1150 3454 1215 oblito

1954 1249 2233 1325 illorum,
2267 1267 2394 1313 non
2425 1257 2677 1314 tenetur
2717 1251 2827 1313 illa
2866 1252 3098 1313 iterum
3130 1250 3446 1324 confiteri,

1954 1347 2078 1411 nisi
2110 1347 2176 1410 in
2204 1348 2506 1430 generali,
2542 1356 2613 1411 ut
2649 1350 2728 1413 de
2758 1348 3212 1432 ingratitudine
3247 1367 3314 1411 se
3345 1366 3452 1411 ex-

1955 1454 2150 1517 cuset,
2165 1447 2510 1511 dummodo
2539 1447 2618 1510 de
2649 1446 2968 1529 prioribus
2999 1446 3274 1530 peccatis
3304 1453 3450 1509 ante

1954 1543 2309 1606 recidivum
2349 1543 2746 1607 satisfecerit.
2776 1544 2841 1607 Si
2870 1561 3022 1607 vero
3058 1551 3204 1606 ante
3234 1562 3449 1626 perac-

1954 1648 2082 1703 tam
2122 1638 2620 1704 satisfactionem
2663 1641 2988 1715 recidivet,
3021 1648 3274 1705 tenetur
3314 1658 3450 1704 om·

1958 1739 2065 1801 nia
2111 1746 2368 1821 peccata
2411 1739 2520 1802 illa
2567 1739 2777 1822 priora
2827 1739 3020 1802 etiam
3070 1740 3137 1801 in
3187 1738 3452 1821 speciali

336 1835 625 1897 tudinem
655 1835 939 1911 redeunt,
954 1843 1019 1899 et
1046 1836 1321 1900 venialia
1349 1838 1847 1920 quoque.Quem·
1873 1836 1921 1899 B
1960 1837 2191 1899 iterum
2223 1836 2536 1899 confiteri.
2556 1837 2746 1900 Porro
2775 1837 2828 1899 si
2860 1836 3245 1900 confiteatur
3270 1836 3454 1899 alteri

337 1932 687 1997 admodum
746 1932 921 1997 enim
982 1933 1299 2001 beneficio
1346 1945 1411 1999 et
1456 1936 1673 2018 gratiae
1732 1935 1843 1999 Dei

339 2030 761 2095 adscribenda
790 2038 887 2095 est
916 2032 1281 2096 mortalium
1316 2041 1721 2115 peccatorum
1754 2053 1847 2097 re·

340 2130 589 2203 missi0,
623 2129 711 2192 ita
747 2136 811 2193 et
841 2130 1210 2194 venialium.
1243 2133 1451 2214 Atque
1488 2133 1841 2196 secundum

338 2229 511 2313 quod
571 2227 967 2292 beneficium
1033 2230 1429 2294 remissionis
1494 2230 1847 2295 contemni-

336 2336 442 2390 tur
472 2326 947 2410 quodammodo
990 2328 1057 2390 in
1101 2336 1363 2411 peccato
1406 2330 1720 2412 sequenti,
1752 2348 1849 2393 se-

339 2426 627 2489 cundum
675 2424 797 2488 hoc
845 2434 1106 2508 peccata
1157 2426 1421 2489 dimissa
1474 2446 1589 2511 per
1646 2427 1850 2509 ingra-

340 2524 683 2587 titudinem
744 2524 951 2587 redire
999 2524 1317 2587 dicuntur.
1369 2560 1451 2571 —
1499 2524 1849 2589 conformi-

342 2630 435 2685 ter
479 2621 650 2684 redit
694 2626 759 2683 et
802 2621 1113 2702 originale
1159 2629 1495 2705 peccatum
1538 2640 1553 2685 :
1597 2624 1749 2705 quia
1786 2630 1850 2685 et

344 2720 559 2803 ipsum
611 2718 933 2781 beneficio
972 2718 1191 2799 gratiae
1232 2719 1480 2782 tollitur
1526 2720 1593 2783 in
1641 2720 1849 2803 Bapti-

344 2834 651 2891 smo,non
682 2824 896 2879 tamen
926 2816 1093 2879 redit
1126 2817 1193 2879 in
1224 2835 1314 2892 se,
1333 2818 1443 2881 sed
1475 2819 1663 2882 modo
1694 2837 1851 2900 prae-

344 2915 473 2979 fato
526 2933 543 2978 :
596 2914 741 2978 ideo
786 2932 915 2978 non
963 2922 1213 2997 oportet
1272 2916 1658 2979 medicinam
1708 2918 1849 2998 ejus

345 3014 575 3077 redire.

424 3112 742 3188 Quaeritur
799 3131 1078 3197 quoque,
1133 3122 1349 3177 utrum
1408 3133 1523 3198 per
1580 3121 1853 3198 quatuor

346 3211 457 3274 illa
500 3219 763 3294 peccata
804 3210 1107 3294 praedicta
1143 3211 1357 3294 potius
1400 3213 1668 3276 redeunt
1710 3233 1853 3296 pec-

348 3318 489 3373 cata
537 3308 825 3384 dimissa,
878 3327 1073 3392 quam
1113 3329 1229 3392 per
1272 3310 1397 3373 alia
1436 3311 1612 3373 vitia.
1650 3312 1727 3373 Et
1763 3312 1855 3375 di·-

350 3409 656 3482 cendum,
688 3407 859 3489 quod
898 3407 1195 3489 quamvis
1232 3409 1427 3470 etiam
1468 3427 1583 3491 per
1609 3408 1733 3471 alia
1763 3427 1859 3472 re-

351 3507 565 3582 deant,
600 3507 667 3569 in
712 3506 851 3569 istis
894 3514 1109 3569 tamen
1152 3514 1425 3588 quatuor
1469 3513 1566 3569 est
1612 3507 1857 3589 aliquid

354 3605 635 3690 speciale
684 3625 815 3688 prae
856 3605 1001 3667 aliis
1036 3621 1050 3667 :
1084 3606 1235 3688 quia
1278 3623 1405 3668 non
1452 3605 1661 3669 solum
1708 3612 1858 3668 sunt

355 3712 577 3769 contra
614 3704 1047 3767 remittentem
1087 3709 1367 3785 peccata,
1398 3705 1569 3785 quod
1609 3704 1675 3766 in
1713 3703 1856 3766 aliis

354 3821 613 3887 quoque
643 3801 923 3886 peccatis
954 3808 1071 3876 est,
1097 3801 1206 3864 sed
1238 3801 1431 3864 etiam
1461 3810 1612 3865 sunt
1638 3809 1858 3865 contra

354 3903 713 3966 remedium
772 3918 900 3982 quo
957 3898 1367 3962 dimittuntur
1418 3908 1694 3982 peccata.
1746 3901 1859 3964 Re-

356 4000 579 4064 missio
608 3999 852 4082 quippe
880 4005 1286 4081 peccatorum
1329 3999 1539 4080 primo
1570 3998 1863 4061 attribui-

355 4106 461 4161 tur
516 4097 696 4170 fidei,
749 4097 1033 4160 secundo
1090 4095 1359 4170 caritati,
1414 4095 1601 4160 tertio
1658 4097 1858 4179 poeni-

1958 1934 2290 2009 sacerdoti,
2324 1934 2425 1997 vel
2465 1934 2674 1997 eidem
2717 1934 2908 1997 etiam
2947 1934 3160 2016 priora
3197 1940 3458 2017 peccata

1956 2032 2171 2108 oblito,
2186 2032 2320 2095 sive
2349 2041 2495 2096 ante
2525 2032 2878 2097 recidivum
2909 2031 3306 2107 satisfecerit,
3321 2031 3458 2095 sive

1958 2148 2118 2211 non3
2167 2138 2422 2194 tenetur
2467 2130 2682 2194 omnia
2729 2138 2989 2215 peccata
3045 2130 3256 2213 priora
3313 2147 3460 2192 con-

1956 2229 2127 2293 fiteri
2179 2229 2244 2292 in
2295 2229 2581 2312 speciali,
2634 2237 2948 2312 quatenus
2994 2228 3314 2312 quantitas
3364 2228 3458 2290 iu·

1956 2327 2363 2409 gratitudinis
2407 2347 2538 2391 suae
2581 2327 2892 2391 sacerdoti
2937 2333 3162 2410 pateat.
3204 2326 3329 2390 Alii
3366 2326 3458 2389 di-

1957 2435 2132 2500 cunt,
2149 2426 2318 2508 quod
2347 2426 2598 2488 nullum
2629 2426 2860 2489 horum
2889 2426 2972 2488 sit
2999 2424 3447 2497 necessarium,

1960 2524 2045 2588 ita
2092 2524 2264 2606 quod
2322 2523 2678 2587 recidivans
2727 2542 2847 2587 nec
2894 2524 2960 2586 in
3009 2522 3287 2604 generali
3337 2541 3456 2585 nec

1960 2624 2025 2686 in
2067 2621 2329 2705 speciali
2367 2629 2627 2705 peccata
2663 2622 2876 2703 priora
2911 2620 3200 2685 confessa
3237 2638 3457 2683 recon-

1958 2721 2129 2785 fiteri
2179 2728 2434 2783 tenetur
2478 2737 2493 2782 t
2541 2718 2693 2803 quia
2740 2737 2866 2782 non
2917 2719 3185 2782 redeunt
3231 2719 3454 2781 eadem

1960 2836 2252 2893 numero,
2283 2826 2348 2882 et
2382 2817 2516 2900 jam
2557 2826 2705 2881 ante
2748 2818 3011 2880 dimissa
3048 2824 3214 2880 sunt.
3249 2816 3460 2880 Tertia

1962 2927 2024 2983 et
2053 2919 2492 2983 rationabilior
2519 2918 2737 3001 opinio
2766 2924 2884 2992 est,
2899 2916 3068 3000 quod
3099 2916 3458 2980 recidivans

1888 3016 1932 3081 C
1962 3036 2089 3082 non
2129 3025 2384 3082 tenetur
2422 3025 2680 3100 peccata
2717 3017 2930 3100 priora
2968 3015 3260 3079 confiteri
3301 3015 3463 3078 dire·

1964 3125 2085 3195 cte,
2128 3118 2240 3181 sed
2289 3116 2618 3190 indirecte,
2657 3114 3012 3180 secundum
3058 3114 3229 3198 quod
3278 3112 3462 3177 suffi-

1964 3235 2107 3279 cere
2155 3216 2389 3299 poterit
2431 3215 2511 3277 ad
2564 3213 3077 3296 cognoscendum
3126 3212 3460 3294 ingratitu-

1962 3315 2180 3377 dinem
2244 3333 2424 3376 suam
2481 3332 2519 3375 a
2575 3313 2922 3385 sacerdote,
2984 3318 3055 3373 ut
3110 3311 3304 3373 etiam
3368 3310 3462 3373 sic

1963 3419 2262 3494 agnoscat
2297 3410 2550 3493 qualem
2588 3417 2655 3473 et
2683 3417 2984 3492 quantam
3017 3408 3457 3490 poeuitentiam

1965 3509 2336 3574 recidivanti
2369 3509 2704 3590 injungere
2742 3507 2986 3571 debeat.
3020 3543 3102 3554 —
3129 3505 3273 3570 Haec
3301 3507 3461 3570 Tho-

1966 3627 2099 3670 mas
2144 3607 2210 3669 in
2254 3606 2521 3688 Scripto.

2044 3707 2115 3768 In
2171 3703 2492 3786 praedictis
2539 3700 3062 3785 responsionibus
3112 3701 3191 3765 de
3250 3701 3457 3764 reditu

1966 3810 2396 3887 peccatorum,
2437 3801 2821 3864 concordant
2857 3801 3317 3872 Bonaventura,
3353 3801 3462 3862 Pe-

1966 3909 2123 3975 truS,
2156 3901 2526 3973 RicharduS,
2550 3899 2797 3973 ScotuS,
2819 3897 3320 3979 ArgentinensiS,
3343 3899 3463 3960 Du·

1966 4001 2224 4074 randuS,
2258 3999 2582 4082 ceterique
2625 3996 3070 4061 communiter.

2048 4099 2353 4162 Praeterea
2380 4116 2418 4159 a
2447 4097 2748 4180 praedicta
2786 4093 3110 4158 communi
3146 4092 3462 4177 positione

355 4196 591 4261 tentiae.
644 4194 807 4258 Hinc
858 4194 1177 4278 apostasia
1232 4215 1271 4258 a
1324 4193 1477 4270 fide,
1526 4202 1591 4258 et
1637 4195 1857 4258 odium
1891 4199 1939 4261 D
1968 4199 2298 4262 doctorum
2348 4196 2426 4259 de
2473 4195 2681 4259 reditu
2732 4201 3161 4278 peccatorum,
3207 4191 3465 4256 Guillel-

356 4295 653 4359 fraternae
682 4293 983 4369 caritatis,
1016 4301 1083 4357 et
1110 4301 1513 4377 contemptus
1551 4293 1862 4376 poeniten-

358 4393 485 4467 tiae,
518 4411 595 4455 ac
643 4392 824 4455 dolor
869 4391 949 4455 de
989 4391 1366 4474 poenitentia
1415 4399 1689 4474 peracta,
1722 4411 1861 4475 spe·

359 4491 613 4556 cialiter
640 4489 887 4554 faciunt
904 4497 1161 4572 peccata
1192 4489 1420 4564 redire,
1454 4507 1581 4553 non
1616 4491 1859 4555 ratione

357 4589 690 4673 gravitatis
754 4589 1035 4671 majoris,
1094 4588 1206 4652 sed
1265 4587 1349 4651 ob
1410 4606 1667 4652 causam
1725 4588 1859 4670 jam

357 4696 613 4753 tactam.

437 4786 737 4869 Amplius
766 4785 1094 4868 quaeritur,
1127 4793 1341 4848 utrum
1385 4784 1742 4849 recidivans
1772 4794 1862 4850 te·

359 4893 551 4950 netur
581 4882 877 4947 confiteri
918 4883 1129 4964 priora
1166 4901 1281 4945 sua
1312 4891 1569 4967 peccata
1608 4883 1688 4946 de
1726 4883 1863 4965 qui-

358 4984 479 5048 bus
511 4982 844 5047 confessus
874 4988 988 5044 est.
1024 4981 1101 5042 Et
1136 4983 1650 5064 respondendum
1692 4982 1864 5065 quod

362 5085 516 5155 imo,
550 5080 907 5144 secundum
938 5079 1307 5162 opinionem
1338 5081 1690 5144 dicentium
1722 5099 1867 5164 pec·

363 5188 503 5243 cata
545 5178 813 5242 dimissa
856 5177 1063 5240 redire
1105 5185 1415 5259 quantum
1458 5179 1535 5241 ad
1579 5178 1860 5262 culpam,

368 5295 480 5340 seu
522 5283 831 5359 quantum
873 5275 954 5338 ad
992 5283 1236 5338 reatum
1272 5292 1286 5337 :
1319 5275 1469 5357 quia
1508 5276 1599 5339 sic
1639 5276 1865 5340 recidi-

1970 4315 2113 4360 mus
2160 4293 2530 4359 Parisiensis
2575 4293 2642 4356 in
2687 4311 2803 4356 suo
2845 4290 3296 4356 sacramentali
3342 4289 3466 4354 dis-

1969 4395 2207 4459 sentire
2246 4394 2519 4467 videtur,
2553 4391 2665 4455 ubi
2702 4392 2780 4454 de
2822 4391 2922 4453 his
2960 4389 3301 4464 subtiliter,
3334 4388 3468 4453 imo

1970 4501 2034 4556 et
2062 4493 2215 4556 satis
2245 4490 2618 4554 terribiliter
2649 4488 2930 4572 loquitur
2963 4505 2976 4550 :
3011 4488 3108 4563 Ut,
3142 4487 3461 4571 inquienS,

1970 4591 2091 4653 ista
2120 4591 2198 4654 de
2230 4596 2635 4673 peccatorum
2669 4587 2876 4649 reditu
2906 4586 3342 4668 expediamuS,
3374 4585 3466 4647 di-

1971 4689 2176 4751 cimus
2223 4687 2394 4769 quod
2444 4687 2544 4750 lex
2588 4684 2850 4768 justitia)
2895 4691 2993 4747 est
3039 4692 3106 4746 et
3149 4684 3463 4748 rectitudo

1972 4805 2182 4849 coram
2217 4786 2367 4859 Deo,
2399 4792 2472 4847 ut
2510 4785 2575 4847 in
2616 4801 2692 4846 eo
2721 4783 2866 4865 quis
2906 4782 3209 4864 puniatur
3235 4783 3301 4845 in
3332 4802 3461 4866 quo

1970 4883 2262 4964 deliquit,
2295 4890 2359 4945 et
2387 4901 2502 4964 per
2535 4901 2678 4963 quae
2716 4880 2862 4962 quis
2902 4887 3144 4962 peccat,
3175 4899 3290 4962 per
3325 4881 3462 4945 haic
3489 4901 3754 4960 Suffixum.

1972 4989 2358 5064 torqueatur.
2383 4982 2620 5045 Horum
2649 4979 2888 5043 etenim
2921 4978 3197 5042 maxime
3227 4980 3466 5044 debito-

1974 5098 2075 5142 res
2106 5098 2329 5142 sumus
2361 5080 2424 5142 in
2453 5079 2634 5154 alios,
2665 5097 2808 5160 quae
2841 5075 3118 5140 maxime
3148 5096 3185 5139 a
3215 5078 3340 5141 Deo
3368 5097 3471 5141 ac-

1975 5175 2286 5259 cepimus
2331 5177 2504 5251 Quod
2551 5184 2616 5239 et
2665 5175 2730 5237 in
2779 5193 2848 5237 se
2894 5192 3118 5238 omnes
3166 5182 3470 5240 creaturae

1976 5275 2338 5339 ostendunt.
2371 5273 2526 5338 Nam
2557 5292 2698 5357 quae
2739 5273 2948 5336 lucem
2983 5292 3020 5336 a
3049 5273 3338 5338 Creatore
3367 5290 3472 5338 co-
