4267 6250
795 486 916 552 4⁰2
1443 503 1508 551 m
1547 502 1770 550 numm(
1809 501 1873 548 iv
1913 498 2398 549 sturmium.
2440 516 2521 527 -
2560 498 2715 545 msr.
2752 498 2875 561 xv3
2918 498 3143 554 oumsr.
3188 498 3249 543 iv

800 674 1132 759 proprium
1181 674 1426 738 crimen
1473 672 1686 737 renuit
1734 672 2012 756 pandere
2058 678 2171 735 aut
2206 670 2296 733 sa·
2325 669 2378 734 A
2408 668 2561 751 quia
2603 687 2703 732 res
2749 668 2857 731 illa
2899 687 3229 752 nunquam
3272 667 3395 730 fuit
3434 684 3549 729 sua
3589 667 3669 729 de
3703 664 3851 748 jure
3886 682 3903 727 ε

801 773 939 836 teri.
988 774 1064 836 Et
1104 774 1249 837 talis
1292 773 1584 857 quamvis
1624 780 1866 855 peccet,
1911 789 2040 834 non
2081 777 2297 832 tamen
2408 766 2561 849 quia
2587 768 2739 829 dum
2772 766 2933 829 alter
2962 766 3085 830 suit
3113 767 3179 830 in
3210 772 3376 829 statu
3408 765 3475 827 in
3506 780 3633 847 quo
3662 782 3764 826 res
3794 761 3908 825 illa

801 878 1056 934 tenetur
1100 872 1282 935 alteri
1333 872 1670 935 restituere
1717 869 1954 932 samam
1997 883 2299 949 recogno-

801 970 1037 1033 scendo
1076 970 1400 1053 propriam
1441 969 1720 1051 culpam,
1753 976 1823 1030 ut
1863 967 2124 1051 quidam
2156 983 2298 1047 pro-

803 1066 1103 1130 babiliter
1170 1068 1393 1130 dicunt
1453 1085 1466 1130 :
1530 1068 1682 1150 quia
1741 1067 1895 1128 dum
1956 1064 2116 1128 alter
2172 1080 2300 1126 non

804 1174 1014 1228 servat
1047 1166 1387 1246 justitiam,
1422 1166 1632 1248 ipsum
1673 1163 2030 1227 accusando
2059 1162 2161 1225 vel
2194 1161 2299 1224 de-

804 1263 1179 1337 nuntiandO,
1223 1282 1343 1325 nec
1387 1262 1524 1344 ipse
1566 1267 1820 1324 tenetur
1858 1278 1926 1322 se
1966 1260 2052 1322 ita
2088 1258 2301 1341 culpa·

806 1360 1002 1423 bilem
1037 1360 1381 1423 insinuare.
1416 1359 1630 1442 Aliqui
1660 1365 1874 1420 tamen
1909 1356 2299 1420 contrarium

805 1458 1050 1533 dicunt,
1083 1458 1254 1541 quod
1297 1457 1493 1520 nimis
1535 1458 1768 1519 durum
1809 1456 2080 1519 videtur.

887 1556 949 1619 Si
981 1563 1196 1619 autem
1236 1556 1381 1639 quis
1419 1561 1709 1618 teneatur
1741 1554 1934 1617 alicui
1967 1553 2302 1615 restituere

805 1653 1038 1736 aliqua,
1091 1662 1155 1716 et
1201 1654 1361 1716 sciat
1405 1653 1572 1735 quod
1620 1652 1727 1714 ille
1772 1670 1886 1734 per
1936 1651 2046 1713 illa
2091 1650 2301 1732 impu-

803 1759 1027 1831 gnaret
1056 1752 1294 1815 bonum
1328 1769 1691 1825 commune,
1724 1768 1851 1813 non
1879 1749 2069 1811 debet
2105 1748 2166 1811 ei
2208 1766 2302 1810 re-

2412 863 2536 927 fuit
2579 864 2706 928 sibi
2752 871 3035 928 extreme
3087 863 3469 937 necessaria,
3520 880 3649 925 non
3698 861 3911 943 potuit

2413 962 2557 1025 sieri
2596 962 2815 1045 hujuS,
2856 963 2968 1026 illo
3006 963 3499 1026 contradicente.
3548 960 3673 1023 Sed
3718 958 3913 1023 tertio

2413 1062 2624 1136 modo,
2670 1061 3003 1125 restituere
3044 1079 3170 1124 non
3209 1067 3484 1134 tenetur,
3516 1059 3668 1143 quia
3710 1066 3917 1121 extre-

2414 1178 2517 1223 ma
2562 1159 2907 1223 necessitas
2952 1159 3106 1222 facit
3154 1177 3291 1222 rem
3342 1158 3517 1221 illam
3566 1164 3719 1220 tunc
3767 1175 3915 1219 esse

2414 1258 2639 1340 ipsius.

2492 1356 2681 1419 Porro
2710 1355 2763 1417 si
2794 1355 2942 1437 quis
2972 1354 3275 1437 praecidat
3304 1354 3371 1417 in
3408 1354 3609 1417 fundo
3646 1370 3763 1416 suo
3800 1371 3914 1415 ve-

2411 1472 2526 1515 nas
2570 1473 2686 1537 per
2722 1472 2879 1537 quas
2909 1453 3314 1517 derivabatur
3338 1471 3505 1535 aqua
3530 1453 3610 1515 ad
3640 1459 3913 1534 puteum

2412 1551 2696 1626 alterius,
2730 1551 3083 1614 intentione
3113 1550 3385 1615 nocendi
3414 1550 3621 1624 alteri,
3650 1556 3913 1613 tenetur

2414 1650 2471 1711 ei
2502 1651 2581 1712 ad
2611 1650 3079 1712 restitutionem
3111 1649 3348 1713 damni.
3384 1649 3447 1712 Si
3478 1666 3631 1711 vero
3658 1648 3779 1711 hoc
3818 1646 3913 1711 fa·

2414 1748 2505 1811 cit
2559 1748 2696 1810 sine
2754 1747 3000 1821 fraude,
3061 1747 3397 1810 intendens
3457 1746 3717 1810 utilitati
3772 1766 3913 1809 suae

806 1850 1071 1913 stituere
1118 1850 1354 1925 statim,
1401 1850 1513 1912 sed
1563 1848 1952 1912 restituenda
1999 1846 2109 1910 illa
2158 1846 2302 1909 dili·
2338 1852 2387 1915 B
2416 1846 2770 1921 consulere,
2814 1854 2884 1908 ut
2922 1846 2974 1909 si
3018 1846 3294 1909 multum
3335 1845 3493 1908 utile
3530 1844 3654 1909 sibi
3698 1846 3785 1907 sit
3820 1844 3917 1906 fa-

805 1955 1029 2029 genter
1075 1967 1329 2012 servare
1377 1947 1548 2029 apud
1597 1966 1687 2021 se,
1730 1946 1833 2010 vel
1879 1945 2088 2008 facere
2132 1946 2303 2027 apud

807 2046 1006 2109 alium
1057 2046 1366 2109 reservari
1414 2045 1697 2108 fideliter
1741 2064 1813 2107 ac
1863 2062 2107 2116 secure,
2152 2062 2307 2125 qua-

810 2152 996 2206 tenus
1027 2144 1444 2207 restituantur
1480 2152 1769 2226 tempore
1805 2150 2167 2226 opportuno
2208 2141 2303 2203 illi

807 2251 917 2305 aut
955 2242 1096 2323 ejus
1135 2242 1500 2317 heredibuS,
1547 2242 1802 2325 quando
1844 2242 1965 2304 hoc
2005 2239 2150 2304 fieri
2194 2258 2304 2323 po-

810 2341 958 2404 terit
1007 2340 1146 2403 sine
1193 2340 1568 2422 praejudicio
1614 2339 1767 2402 boni
1809 2339 2190 2403 communis.
2224 2373 2305 2383 —

807 2439 1113 2504 Praeterea
1155 2439 1267 2521 qui
1307 2439 1371 2501 in
1411 2441 1658 2520 guerris
1701 2438 1977 2501 scienter
2019 2437 2307 2501 inferunt

811 2536 1261 2601 innocentibus
1307 2537 1639 2611 damnum,
1690 2543 1988 2599 tenentur
2045 2534 2175 2597 illis
2224 2535 2302 2597 ad

813 2635 1301 2709 restitutionem,
1343 2653 1470 2698 non
1509 2635 1800 2699 obstante
1843 2634 2305 2698 consuetudine

810 2734 1146 2807 contraria,
1197 2734 1501 2817 quoniam
1557 2734 1722 2796 mala
1769 2733 2165 2796 consuetudo
2209 2738 2307 2794 est

811 2832 1190 2914 corruptela.
1252 2831 1703 2894 Verumtamen
1765 2831 1859 2894 illi
1925 2832 1992 2893 in
2057 2830 2305 2912 guerris

813 2930 1190 2992 innocentes
1225 2946 1352 2993 non
1391 2937 1562 3003 sunt,
1601 2929 1712 3012 qui
1755 2928 2018 2991 habenti
2062 2928 2304 2991 bellum

2416 1964 2562 2008 cere
2590 1963 2872 2019 murum,
2895 1963 3015 2007 nec
3045 1952 3252 2027 potest
3280 1944 3734 2007 convenienter
3761 1942 3916 2007 fieri

2414 2044 2899 2107 fundamentum
2936 2043 3077 2106 sine
3112 2043 3366 2106 illarum
3404 2042 3777 2124 praecisione
3806 2061 3923 2105 ve-

2416 2161 2666 2217 narum,
2698 2160 2826 2205 non
2859 2148 3112 2205 tenetur
3138 2142 3215 2204 ad
3250 2141 3533 2224 aliquam
3572 2140 3918 2204 restitutio-

2416 2260 2587 2315 nem,
2620 2240 2771 2323 quia
2804 2240 2914 2322 jus
2954 2239 3149 2302 habet
3186 2238 3462 2303 faciendi
3502 2239 3569 2301 in
3606 2256 3757 2321 agro
3795 2256 3917 2302 suo

2415 2358 2595 2402 suam
2644 2339 3010 2402 utilitatem.
3060 2338 3235 2401 Unde
3284 2336 3501 2419 regula
3543 2337 3707 2419 juris
3734 2345 3849 2400 «est
3896 2354 3911 2399 :

2415 2438 2615 2501 Nemo
2646 2438 2952 2500 damnum
2982 2436 3166 2499 alteri
3200 2435 3373 2511 facit,
3404 2436 3531 2498 nisi
3570 2435 3679 2518 qui
3722 2435 3787 2498 id
3823 2435 3917 2498 fa-

2417 2536 2505 2598 cit
2544 2537 2624 2599 ad
2666 2535 2837 2617 quod
2878 2534 3243 2597 faciendum
3283 2534 3391 2615 jus
3432 2550 3561 2597 non
3604 2533 3811 2597 habet.

2496 2635 2763 2717 Insuper
2798 2633 2909 2716 qui
2951 2633 3215 2696 retrahit
3248 2652 3283 2695 a
3316 2632 3643 2713 religionis
3680 2632 3916 2714 ingres-

2418 2751 2492 2795 su
2541 2749 2879 2815 personam
2926 2732 3176 2807 utilem,
3220 2731 3571 2795 intentione
3616 2730 3917 2794 damnifi-

2418 2830 2626 2905 candi,
2660 2838 2914 2893 tenetur
2944 2829 3035 2892 illi
3067 2829 3411 2893 conventui
3451 2829 3557 2891 cui
3594 2828 3917 2892 subtrahit

2416 2929 2609 2992 talem
2659 2946 3019 3011 personam,
3066 2930 3144 2991 ad
3187 2928 3501 2992 bonorum
3547 2928 3909 2991 arbitrium.

813 3028 1127 3109 injustum
1203 3026 1421 3089 favent
1484 3027 1724 3089 directe
1791 3034 1903 3089 aut
1969 3028 2303 3101 indirecte,
2344 3029 2389 3095 C
2418 3028 2483 3090 Si
2533 3045 2683 3090 vero
2729 3028 2851 3089 hoc
2896 3027 3091 3090 faciat
3136 3028 3487 3091 intentione
3536 3026 3915 3090 consulendi

812 3127 1162 3191 dummodo
1195 3126 1400 3189 sciant
1431 3125 1615 3188 illum
1655 3126 1892 3188 habere
1930 3125 2173 3189 bellum
2212 3125 2306 3187 in-

810 3225 1081 3307 justum,
1113 3225 1218 3288 vel
1258 3225 1378 3288 hoc
1417 3225 1646 3287 merito
1688 3225 1944 3286 scirent.

893 3314 1180 3405 Denique
1227 3323 1340 3405 qui
1387 3323 1605 3385 intulit
1649 3322 1833 3386 alteri
1881 3323 2209 3396 damnum,
2252 3321 2306 3385 si

813 3421 1003 3484 habet
1028 3420 1272 3504 aliquid
1313 3421 1477 3485 ultra
1515 3422 1959 3484 necessitatem
1995 3429 2307 3484 sustenta-

812 3521 1006 3584 tionis
1062 3528 1323 3596 naturae,
1383 3520 1678 3603 quamvis
1735 3522 1818 3583 sit
1873 3520 2307 3584 necessarium

813 3619 938 3682 sibi
984 3619 1062 3682 ad
1109 3619 1354 3682 victum
1413 3619 1768 3681 secundum
1827 3619 2307 3683 condecentiam

812 3718 913 3780 sui
961 3724 1182 3792 statuS,
1231 3724 1484 3780 tenetur
1531 3717 1864 3780 restituere
1914 3735 1928 3779 :
1979 3719 2132 3800 quia
2180 3736 2309 3781 non

817 3816 965 3879 licet
993 3815 1051 3880 ei
1083 3817 1300 3880 vivere
1330 3816 1408 3879 de
1437 3815 1648 3878 alieno
1687 3834 1837 3878 cum
1877 3817 2165 3880 saeculari
2198 3817 2309 3879 ho-

815 3932 988 3979 nore.
1035 3915 1100 3978 Si
1138 3921 1352 3978 autem
1389 3930 1518 3977 non
1558 3913 1752 3976 habet
1790 3914 1914 3977 nisi
1953 3915 2312 3978 necessaria

813 4015 893 4077 ad
923 4013 1450 4076 sustentationem
1489 4019 1752 4086 naturae,
1785 4019 1882 4075 est
1914 4013 2309 4095 distinguen-

817 4113 990 4175 dum.
1038 4110 1163 4172 Aut
1203 4109 1378 4172 enim
1423 4110 1476 4170 is
1521 4110 1626 4171 cui
1675 4110 2143 4174 restituendum
2189 4119 2307 4186 est,

2417 3145 2548 3190 suae
2588 3126 2848 3189 utilitati
2886 3127 3223 3209 temporali
3259 3134 3372 3189 aut
3408 3125 3749 3208 spirituali,
3782 3144 3913 3189 non

2417 3243 2761 3307 suggerens
2792 3223 3047 3298 falsum,
3082 3243 3291 3308 neque
3330 3224 3395 3286 in
3435 3224 3749 3300 fraudem,
3780 3242 3911 3288 non

2419 3332 2671 3387 tenetur
2699 3322 2829 3386 illis
2856 3324 2936 3386 ad
2966 3323 3245 3406 aliquam
3277 3323 3777 3402 restitutionem;
3798 3324 3913 3386 sed

2420 3441 2707 3506 persouae
2742 3421 2929 3503 cujus
2966 3422 3365 3504 spiritualem
3404 3422 3741 3504 impedivit
3770 3441 3915 3504 pro·

2419 3522 2685 3596 fectum,
2723 3528 2977 3585 tenetur
3021 3521 3085 3583 in
3134 3521 3575 3604 spiritualibus
3611 3522 3690 3585 ad
3728 3522 3913 3584 resti-

2420 3621 2734 3684 tutionem
2776 3628 3085 3702 quantum
3130 3627 3357 3702 potest.

2499 3720 2805 3783 Praeterea
2832 3719 3032 3802 quaeri
3062 3725 3289 3801 potest,
3332 3720 3487 3802 quid
3526 3721 3605 3786 de
3640 3719 3915 3784 muliere

2420 3837 2563 3901 quae
2590 3837 2669 3880 ex
2696 3817 3012 3881 adulterio
3040 3818 3311 3901 suscipit
3339 3817 3575 3895 filium,
3600 3836 3715 3901 per
3741 3819 3917 3902 quod

2421 3915 2761 3978 exheredat
2798 3934 3025 3978 verum
3062 3915 3383 3979 heredem.
3420 3916 3509 3980 De
3546 3935 3671 4000 qua
3713 3915 3917 3999 aliqui

2421 4013 2665 4088 dicunt,
2699 4013 2867 4094 quod
2897 4013 2975 4076 ad
3007 4013 3475 4079 restitutionem
3514 4032 3642 4078 non
3680 4015 3921 4096 obliga-

2420 4117 2547 4184 tur,
2588 4110 2643 4172 si
2686 4111 2805 4173 hoc
2848 4108 3002 4173 fecit
3036 4129 3164 4174 non
3206 4111 3423 4175 animo
3463 4113 3915 4188 exheredandi‚

815 4228 944 4272 non
993 4209 1236 4290 indiget
1281 4207 1682 4270 restitutione
1740 4207 1818 4269 ad
1865 4211 2309 4274 necessitatem
2342 4213 2393 4276 D
2422 4209 2533 4274 sed
2591 4209 2977 4271 luxuriandi.
3026 4209 3401 4284 Dicendum,
3452 4211 3623 4293 quod
3682 4210 3919 4273 mulier

818 4314 1100 4386 naturae3
1131 4313 1196 4368 et
1223 4313 1378 4367 tunc
1405 4304 1566 4368 alter
1603 4305 1938 4368 restituere
1977 4324 2104 4370 non
2138 4318 2311 4372 tene-

818 4413 944 4479 tur,
977 4404 1130 4486 quia
1165 4422 1244 4466 ex
1282 4402 1556 4465 naturali
1592 4403 1736 4483 jure
1777 4402 1990 4467 licitus
2035 4413 2132 4468 est
2170 4407 2312 4468 uni-

819 4502 1052 4585 cuique
1095 4521 1250 4564 usus
1289 4500 1708 4583 possessionis
1745 4502 1826 4564 ad
1869 4503 2311 4568 necessitatem

820 4608 1061 4664 naturae
1112 4618 1242 4663 suae
1287 4615 1300 4660 :
1347 4604 1634 4662 extrema
1678 4599 1920 4682 quippe
1967 4604 2313 4668 necessitas

817 4699 1035 4764 omnia
1081 4698 1237 4761 facit
1281 4715 1422 4760 esse
1471 4698 1854 4761 communia.
1898 4699 2023 4762 Aut
2071 4701 2313 4783 indiget

819 4799 928 4862 ille
965 4798 1044 4861 ad
1084 4795 1634 4871 sustentationem,
1667 4803 1730 4860 et
1766 4805 1920 4860 tunc
1963 4798 2311 4863 subdistin-

817 4915 943 4978 guo
977 4914 992 4959 ε
1032 4895 1185 4977 quia
1220 4901 1331 4957 aut
1367 4894 1545 4976 prius
1581 4894 1792 4956 taliter
1831 4895 2069 4976 indiget
2108 4915 2178 4959 re
2218 4915 2313 4960 re-

817 4995 1139 5060 stituenda
1167 5013 1358 5077 quam
1391 4993 1590 5072 alter;
1621 5001 1730 5056 aut
1759 4994 1983 5057 eodem
2023 5002 2313 5078 tempore

819 5094 1028 5158 taliter
1059 5093 1347 5172 indigent
1374 5091 1604 5172 amb03
1637 5099 1747 5154 aut
1783 5091 1948 5155 alius
1989 5093 2096 5156 ille
2131 5094 2313 5176 prius

819 5193 913 5256 sic
941 5199 1083 5273 eget
1113 5210 1181 5254 re
1215 5190 1344 5252 illa.
1378 5191 1590 5254 Primo
1629 5191 1818 5254 modo
1854 5198 2046 5273 atque
2085 5211 2311 5256 secun-

820 5291 902 5353 do
939 5289 1067 5353 dici
1107 5295 1339 5370 posset,
1381 5287 1552 5368 quod
1591 5288 1923 5352 restituere
1967 5289 2305 5372 obligatur,

2424 4308 2532 4370 illa
2570 4324 2698 4369 non
2736 4313 3079 4370 excusatur
3112 4307 3271 4388 quin
3306 4315 3601 4371 teneatur
3626 4309 3706 4371 ad
3736 4309 3919 4372 resti-

2421 4404 2735 4467 tutionem
2784 4413 2927 4487 post
2973 4411 3239 4467 mortem
3292 4406 3529 4480 mariti,
3568 4407 3693 4469 nisi
3732 4405 3916 4470 filius

2420 4523 2459 4567 a
2505 4509 2707 4567 matre
2764 4521 3126 4585 persuasuS,
3175 4502 3593 4567 hereditatem
3640 4505 3920 4570 voluerit

2422 4603 2726 4682 reddere3
2768 4619 2896 4665 non
2933 4611 3149 4665 tamen
3190 4609 3447 4666 tenetur
3487 4604 3743 4668 credere
3788 4625 3921 4670 ma·

2423 4701 2526 4775 tri,
2558 4701 2681 4763 nisi
2715 4693 2918 4783 possit
2942 4699 3067 4763 sibi
3096 4699 3307 4763 facere
3338 4709 3575 4764 certam
3606 4701 3807 4766 fidem
3835 4704 3919 4767 de

2422 4800 2543 4863 hoc
2572 4799 2743 4882 quod
2782 4818 2861 4862 ex
2898 4799 3211 4862 adulterio
3250 4800 3547 4863 habuerit
3574 4821 3742 4864 eum.
3776 4801 3919 4866 Non

2422 4904 2637 4961 tamen
2690 4896 3011 4960 tenebitur
3067 4898 3147 4960 ad
3205 4898 3667 4962 restituendum
3718 4907 3919 4964 totam

2422 4995 2861 5069 hereditatem,
2895 4995 3197 5077 quoniam
3238 4997 3439 5060 multa
3478 5005 3767 5079 poterant
3799 4999 3919 5062 im-

2424 5095 2643 5176 pedire
2689 5113 2771 5157 ne
2818 5094 3137 5158 hereditas
3184 5095 3631 5160 devolveretur
3674 5098 3754 5160 ad
3800 5097 3919 5161 ali·

2422 5211 2575 5274 um3
2614 5194 2725 5256 sed
2763 5193 3086 5257 tenebitur
3126 5194 3205 5256 ad
3244 5193 3551 5260 interesse
3584 5195 3768 5277 ⁴iuxta
3806 5197 3919 5261 bo-

2422 5309 2651 5358 norum
2692 5291 3049 5355 arbitrium.
