4267 6250
1241 515 1418 563 tumn
1457 515 1520 562 iv
1561 514 2043 562 smmi-minu.
2083 531 2165 544 -—
2204 515 2359 562 msr.
2398 515 2465 561 xi
3276 493 3406 557 273

322 683 568 746 materia
593 702 786 747 serrae
815 693 914 747 est
943 683 1202 759 ferrum,
1219 693 1290 748 ut
1317 694 1464 768 apta
1493 687 1576 749 sit
1601 687 1680 750 ad
1711 705 1802 750 se-
1831 685 1882 749 A
1909 693 2006 749 est
2035 685 2537 749 indeterminata.
2550 685 2694 749 Haec
2724 684 2994 748 Thomas
3026 682 3091 747 in
3122 682 3400 747 Summa.

321 781 594 845 candum.
619 781 796 845 Finis
827 790 1042 846 autem
1075 782 1269 864 hujus
1300 785 1678 848 sacramenti
1706 793 1804 849 est

320 900 461 942 usus
497 898 604 942 seu
636 881 921 963 sumptio
950 880 1053 944 vel
1085 883 1455 945 communio
1484 882 1795 946 fidelium.

320 977 481 1040 Unde
521 985 769 1059 oportet
814 985 886 1040 ut
927 979 1248 1061 quantitas
1287 980 1568 1043 materiae
1610 980 1802 1062 hujus

319 1077 676 1138 sacramenti
718 1075 1184 1140 determinetur
1231 1096 1346 1159 per
1388 1078 1802 1160 comparatio-

320 1192 454 1236 nem
484 1172 798 1250 fidelium,
833 1192 964 1238 non
994 1174 1202 1238 solum
1233 1193 1454 1238 eorum
1486 1177 1598 1260 qui
1629 1196 1802 1240 nunc

319 1279 458 1334 sunt
494 1281 600 1335 aut
643 1274 900 1349 adsunt,
937 1275 1049 1337 sed
1094 1274 1206 1356 qui
1252 1293 1392 1338 esse
1421 1284 1688 1357 possunt
1729 1295 1803 1338 ac

319 1389 558 1433 sumere
591 1392 604 1436 :
638 1371 750 1453 qui
783 1391 1092 1436 numerus
1123 1381 1222 1436 est
1250 1373 1800 1450 indeterminatus,

321 1469 454 1532 ideo
477 1478 538 1532 et
562 1471 884 1554 quantitas
909 1472 1190 1536 materiae
1213 1473 1592 1536 sacramenti
1621 1473 1803 1537 istius

1989 786 2060 848 In
2107 784 2209 848 his
2258 785 2477 848 Petrus
2536 784 2825 866 sequitur
2871 783 3401 848 Bonaventuram.

1909 883 2259 946 Richardus
2310 901 2461 947 vero
2518 891 2853 964 utramque
2902 887 3115 945 narrat
3160 880 3406 962 opinio-

1910 1001 2080 1056 nem,
2113 983 2193 1044 ad
2232 980 2475 1044 nullam
2516 981 2879 1064 specialiter
2916 981 3262 1053 divertenS,
3294 979 3407 1040 sed

1910 1081 2184 1163 qualiter
2214 1089 2484 1162 utraque
2514 1081 2716 1163 possit
2744 1080 3025 1154 defendi,
3054 1077 3400 1141 declarans

1908 1215 1989 1224 —
2023 1179 2205 1243 Circa
2251 1179 2385 1242 haec
2434 1179 2641 1243 adhuc
2685 1179 2899 1262 aliqua
2942 1199 2979 1240 a
3021 1176 3404 1260 quibusdam

1909 1285 2305 1359 quaeruntur,
2349 1279 2427 1340 de
2471 1278 2707 1361 quibus
2752 1277 2817 1340 in
2860 1276 2994 1340 fine
3037 1277 3231 1359 hujus
3276 1293 3404 1338 ma·

1909 1375 2084 1438 teriae
2117 1375 2197 1438 de
2228 1383 2623 1439 sacramento
2657 1375 3093 1450 Eucharistiae,
3127 1373 3406 1440 breviter

1911 1482 2168 1556 tangere
2208 1474 2363 1556 quid
2402 1474 2681 1538 intendo.

1267 1907 2186 2022 DISTINCTIO
2272 1910 2433 2021 XI

1346 2229 1426 2293 A.
1466 2233 1566 2294 De
1594 2236 1812 2295 modo
1841 2234 2368 2296 conversionis.

526 2454 557 2517 I
593 2455 820 2518 autem
858 2453 1200 2534 quaeritur,
1241 2451 1456 2534 qualis
1498 2451 1586 2516 sit
1622 2451 1736 2515 illa
1774 2452 2139 2533 conversio,
2181 2469 2266 2514 an
2308 2451 2628 2532 formalis,
2672 2469 2755 2515 an
2792 2451 3265 2533 substantialis,
3306 2452 3411 2518 vel

62 2611 65 2666 ι
341 2447 514 2755 S
552 2570 828 2635 alterius
872 2569 1166 2652 generis3
1205 2563 1475 2632 definire
1519 2585 1654 2632 non
1699 2567 1974 2632 sufficio.
2011 2568 2386 2633 Formalem
2432 2568 2652 2632 tamen
2697 2585 2831 2632 non
2878 2586 3019 2633 esse
3060 2585 3409 2650 cognosce,

62 2667 67 2814 ἱ
552 2688 711 2768 quia
749 2686 1004 2767 species
1052 2702 1271 2750 rerum
1326 2702 1474 2766 quae
1529 2685 1678 2748 ante
1725 2683 2006 2762 fuerant,
2041 2684 2402 2764 remanent,
2459 2685 2523 2748 et
2572 2701 2769 2766 sapor
2812 2685 2877 2747 et
2922 2685 3202 2765 pondus.
3246 2683 3411 2758 Qui-

322 2801 579 2867 busdam
617 2821 762 2867 esse
800 2803 1063 2866 videtur
1106 2800 1580 2881 substantialis,
1619 2801 1989 2865 dicentibus
2033 2801 2129 2864 sic
2168 2799 2604 2864 substantiam
2647 2800 2936 2865 converti
2982 2800 3051 2862 in
3094 2800 3407 2864 substan-

325 2919 490 2998 tiam,
521 2921 607 2982 ·ut
654 2919 800 2984 haec
849 2916 1286 2982 essentialiter
1329 2917 1444 2981 fiat
1496 2917 1608 2980 illa
1659 2937 1674 2978 :
1727 2917 1834 2980 cui
1883 2918 2108 2981 sensui
2159 2915 2519 2998 praemissae
2567 2916 2989 2980 auctoritates
3038 2916 3405 2981 consentire
3434 2939 3639 2996 cmi-u
3653 2939 3702 2985 n.

62 3648 65 3683 Ι

325 3034 634 3100 videntur.

1597 3250 1674 3313 B.
1731 3252 2120 3326 oppositio.

441 3464 566 3529 Sed
611 3464 769 3529 huic
816 3464 1156 3527 sententiae
1208 3464 1305 3528 sic
1355 3462 1708 3544 opponitur
1755 3462 1838 3527 ab
1884 3461 2034 3525 aliis
2083 3482 2096 3523 :
2148 3462 2223 3527 Si
2268 3460 2634 3525 substantia
2674 3461 2865 3543 panis
2903 3461 3267 3547 (inquiunt)
3305 3463 3411 3528 vel

323 3581 448 3643 vini
483 3581 889 3645 convertitur
923 3578 1442 3643 substantialiter
1483 3580 1554 3642 in
1591 3596 1830 3661 corpus
1869 3579 1971 3643 vel
2013 3578 2403 3660 sanguinem
2440 3578 2707 3658 Christi,
2748 3578 3045 3659 quotidie
3082 3574 3155 3642 fit
3188 3580 3413 3662 aliqua

319 3694 668 3759 substantia
706 3712 948 3776 corpus
982 3694 1087 3758 vel
1115 3694 1386 3776 sanguis
1415 3692 1681 3773 Christi,
1713 3710 1862 3774 quae
1891 3694 2041 3758 ante
2077 3710 2211 3756 non
2239 3695 2409 3775 erat3
2440 3696 2505 3759 et
2540 3694 2737 3759 hodie
2766 3696 2867 3759 est
2894 3695 3146 3776 aliquid
3173 3713 3412 3777 corpus

321 3808 570 3892 Christi,
612 3811 794 3892 quod
831 3810 972 3875 heri
1015 3827 1148 3874 non
1185 3810 1356 3890 erat3
1401 3811 1466 3873 et
1507 3810 1802 3891 quotidie
1839 3811 2114 3890 augetur
2156 3827 2395 3892 corpus
2430 3808 2696 3891 Christi,
2730 3812 2925 3892 atque
2972 3810 3293 3877 formatur
3328 3812 3409 3876 de

319 3927 575 3991 materia
622 3928 704 3991 de
754 3944 886 4009 qua
926 3928 997 3990 in
1040 3926 1466 4008 conceptione
1515 3943 1650 3989 non
1691 3925 1820 3990 fuit
1864 3925 2134 3989 factum.
2190 3962 2269 3973 -—
2308 3925 2561 4000 Quibus
2608 3926 2733 3990 hoc
2779 3926 2978 3990 modo
3028 3926 3410 4008 responderi

318 4044 518 4122 potest
550 4064 566 4106 z
598 4044 758 4125 quia
794 4061 927 4108 non
967 4061 1044 4107 ea
1079 4043 1331 4107 ratione
1367 4043 1608 4106 dicitur
1637 4060 1873 4124 corpus
1901 4042 2146 4107 Christi
2176 4038 2407 4107 confici
2436 4042 2635 4107 verbo
2674 4042 2945 4123 coelesti,
2977 4043 3153 4125 quod
3186 4042 3407 4123 ipsum

321 4176 541 4241 corpus
595 4161 666 4224 in
719 4162 1040 4243 conceptu
1095 4160 1390 4241 Virginis
1447 4160 1827 4241 formatum,
1879 4161 2189 4242 deinceps
2244 4160 2603 4242 formetur3
2662 4160 2779 4246 sed
2833 4161 2991 4242 quia
3043 4159 3411 4224 substantia

321 4278 496 4355 panis
538 4278 645 4343 vel
695 4278 856 4357 vini,
902 4246 1050 4359 quae
1097 4278 1248 4341 ante
1293 4293 1426 4340 non
1471 4275 1686 4340 fuerat
1729 4294 1967 4358 corpus
2015 4276 2261 4340 Christi
2307 4275 2413 4340 vel
2462 4276 2755 4358 sanguiS,
2796 4274 2995 4341 verbo
3041 4276 3291 4341 coelesti
3334 4272 3410 4339 fit

321 4408 541 4475 corpus
582 4395 649 4458 et
687 4396 981 4476 sanguis
1018 4395 1102 4457 Et
1148 4392 1298 4457 ideo
1344 4393 1716 4457 sacerdotes
1759 4394 2066 4457 dicuntur
2111 4394 2427 4458 conficere
2476 4411 2716 4475 corpus
2754 4392 2997 4457 Christi
3040 4396 3105 4458 et
3140 4394 3407 4475 sangui-

319 4523 481 4588 nem,
530 4512 688 4593 quia
733 4529 963 4576 eorum
1013 4510 1382 4575 ministerio
1431 4510 1799 4574 substantia
1845 4511 2036 4593 panis
2084 4507 2159 4573 fit
2202 4528 2373 4591 car0,
2421 4512 2487 4576 et
2532 4511 2900 4576 substantia
2948 4511 3087 4576 vini
3132 4512 3209 4576 fit
3253 4530 3406 4576 san-

317 4626 456 4705 guis
491 4628 772 4712 Christi;
811 4646 930 4694 nec
975 4630 1197 4692 tamen
1246 4627 1500 4711 aliquid
1543 4628 1806 4692 additur
1853 4628 2112 4709 corpori
2156 4627 2262 4693 vel
2308 4629 2635 4711 sanguini,
2678 4646 2799 4693 nec
2844 4628 3120 4711 augetur
3165 4644 3403 4711 corpus

315 4739 546 4808 Christi
589 4746 698 4811 vel
742 4746 1036 4829 sanguis·

869 4986 942 5053 C.
983 4986 1437 5068 Anaustinus
1482 4994 1561 5056 in
1609 4992 1800 5054 libro
1845 4990 2402 5056 Sententiarum
2447 4991 2826 5065 prosperi.

439 5199 510 5264 Si
545 5218 700 5267 vero
736 5202 982 5283 quaeris
1017 5200 1294 5266 modum
1329 5217 1460 5283 quo
1501 5201 1572 5264 id
1605 5202 1750 5266 fieri
1785 5201 2018 5285 possit,
2059 5200 2346 5267 breviter
2381 5202 2742 5285 respondeo
2778 5220 2794 5265 τ
2826 5200 3215 5287 Mysterium
3246 5198 3397 5271 fidei
3428 5218 3696 5277 amsa-

319 5316 484 5380 credi
519 5317 866 5383 salubriter
900 5318 1140 5415 potest,
1181 5317 1564 5401 investigari
1611 5318 1957 5385 salubriter
2003 5334 2136 5383 non
2173 5319 2413 5401 potest.
2454 5318 2647 5393 Quod
2688 5336 2841 5403 ergo
2879 5338 3119 5406 corpus
3156 5321 3399 5388 Christi
3424 5282 3695 5401 εἷοιᾟὶ.

557 5454 621 5507 Τ.
657 5456 738 5507 24.
3091 5462 3154 5512 18
