4267 6250
174 1854 201 1895 Ιι.
212 1842 251 1883 tt
258 1840 309 1886 Α’-

355 476 575 535 QUAEST.
612 480 659 526 11
694 479 711 525 :
742 479 832 526 AN
868 478 1274 527 samma
1308 476 1703 525 nuncnune,
1734 477 1906 525 mols
1938 476 2075 524 sm
2108 477 2448 525 numum
2479 478 2793 526 INSTITUTA
2826 478 2867 525 A
2901 478 3174 536 camsro,
3206 478 3333 526 mc.
3377 461 3460 525 85

352 649 935 733 rationi,quantum
970 650 1273 733 competit
1302 650 1491 713 statui
1522 650 1669 713 vitae
1698 667 1853 732 prae-
1884 646 1936 710 A
1966 647 2168 711 finem
2219 667 2332 711 seu
2389 648 2683 711 ultimam
2743 649 2965 713 mundi
3023 656 3272 713 aetatem
3331 648 3460 712 dis-

350 749 564 811 sentis.
623 749 719 812 Ad
778 749 1129 833 perfectam
1187 758 1401 813 autem
1459 748 1855 830 aegritudinis

352 847 745 911 curationem
775 856 1169 911 concurrunt
1194 849 1331 913 baec
1361 848 1483 909 tria
1518 864 1532 909 :
1565 846 1857 928 expulsio

352 944 771 1023 aegritudinis,
814 944 1203 1008 introductio
1242 944 1553 1019 sanitatis,
1595 951 1661 1007 et
1704 959 1851 1006 con-

352 1042 623 1104 servatio
662 1042 826 1123 ejus.
861 1043 1197 1126 Quumque
1238 1042 1500 1105 morbus
1540 1042 1625 1105 sit
1666 1042 1853 1125 septi·

350 1140 597 1213 formis,
632 1148 855 1223 utpote
895 1140 1123 1223 triplex
1166 1140 1529 1223 culpabiliS,
1561 1147 1634 1202 ut
1664 1140 1855 1224 culpa

350 1238 677 1318 originalis
718 1246 785 1301 et
824 1240 1109 1303 mortalis
1146 1258 1219 1302 ac
1257 1238 1550 1313 venialiS‚
1583 1239 1854 1320 quadru-

352 1336 495 1417 plex
525 1354 785 1419 quoque
816 1336 1110 1420 poenaliS,
1142 1336 1444 1399 videlicet
1475 1336 1847 1418 ignorantia,

354 1433 613 1508 malitia,
666 1434 1031 1509 infirmitaS,
1082 1434 1601 1517 concupiscentia
1643 1451 1657 1496 :
1700 1432 1850 1495 hinc

354 1540 569 1595 contra
605 1533 744 1597 haec
784 1541 1029 1615 septem
1071 1533 1357 1616 oportuit
1391 1531 1680 1596 adhiberi
1722 1550 1851 1595 me-

354 1630 555 1693 dicam
568 1630 673 1694 ina
702 1639 973 1715 septem,
1005 1651 1147 1714 quae
1186 1640 1338 1695 sunt
1376 1639 1621 1713 septem
1652 1648 1853 1693 saera-

358 1735 589 1800 menta‚
650 1736 723 1789 ut
782 1736 1003 1791 contra
1061 1729 1369 1811 originale
1429 1728 1848 1811 Baptismum,

1963 745 2150 809 ferre.

2043 943 2133 1005 Ad
2168 943 2301 1007 haec
2333 945 2673 1026 respondet
2700 944 2998 1007 Albertus
3023 946 3113 1008 :A
3144 944 3465 1028 principio

1965 1040 2174 1104 morbi
2231 1040 2358 1103 fuit
2413 1048 2668 1124 tempus
2728 1042 3082 1117 medicinae,
3139 1043 3242 1105 vel
3298 1043 3462 1105 desi-

1962 1139 2215 1219 gnando
2243 1139 2345 1201 vel
2389 1140 2724 1202 causando.
2749 1140 2949 1205 Aliter
2979 1141 3220 1224 quippe
3259 1148 3356 1203 est
3383 1142 3463 1204 de

1965 1235 2189 1298 morbo
2227 1238 2458 1301 animae
2489 1243 2552 1300 et
2592 1239 2670 1301 de
2713 1238 2934 1301 morbo
2971 1239 3278 1322 corporiS,
3311 1238 3464 1321 quia

1962 1342 2212 1415 oportet
2240 1334 2567 1398 hominem
2599 1354 3110 1418 praecognoscere
3139 1338 3309 1419 quod
3339 1337 3464 1420 spi-

1963 1432 2277 1495 ritualiter
2305 1434 2388 1496 sit
2415 1442 2822 1515 aegrotans,et
2850 1435 3326 1498 destitutionem
3354 1454 3466 1498 au-

1964 1530 2103 1593 xilii
2148 1548 2276 1613 quo
2325 1532 2566 1614 indiget
2609 1540 2672 1595 et
2713 1534 2881 1615 quod
2931 1534 3158 1615 quaerit
3203 1533 3458 1608 habere,

1962 1635 2155 1710 atque
2203 1629 2550 1712 potentiam
2605 1630 2858 1706 medici,
2894 1631 3284 1713 modumque
3333 1650 3461 1694 me-

1964 1725 2194 1789 dicinae
2241 1745 2254 1788 :
2303 1727 2606 1809 quoniam
2657 1728 2890 1791 mentis
2939 1736 3169 1791 uostrae
3217 1730 3461 1792 curatio

356 1834 499 1899 etc„
532 1834 843 1909 utsupra.
877 1827 1139 1902 Rursus,
1173 1828 1325 1909 quia
1362 1826 1645 1909 perlecta
1675 1844 1852 1889 cura·
1881 1823 1928 1886 B
1965 1824 2282 1907 dependet
2319 1845 2355 1887 a
2393 1833 2607 1889 nostro
2648 1843 2960 1889 consensu
3005 1832 3069 1889 et
3109 1827 3317 1889 cordis
3356 1827 3461 1890 de-

356 1924 443 1987 tio
472 1942 613 1987 esse
644 1943 768 1987 non
796 1924 967 1987 valet
995 1925 1133 1988 sine
1164 1925 1563 1988 restitutione
1594 1924 1853 2007 integrae

354 2022 661 2099 sanitatis,
711 2042 855 2104 quae
902 2024 1196 2086 consistit
1243 2024 1309 2085 in
1366 2042 1487 2086 usu
1534 2042 1648 2085 seu
1706 2029 1851 2085 actu

356 2127 597 2203 septem
644 2121 981 2195 virtutum,
1026 2121 1091 2183 id
1149 2129 1246 2184 est
1301 2122 1497 2183 trium
1546 2120 1851 2202 theologi-

356 2237 570 2281 carum
622 2226 689 2279 et
738 2226 1013 2300 quatuor
1056 2218 1475 2280 cardinalium
1520 2235 1535 2279 :
1576 2217 1726 2280 hinc
1772 2218 1851 2279 ad

356 2317 819 2380 restituendum
868 2335 1095 2380 sanum
1147 2335 1337 2379 usum
1382 2316 1609 2379 harum
1653 2316 1851 2377 virtu-

358 2424 510 2487 tum,
534 2416 827 2479 instituta
854 2424 1009 2479 sunt
1036 2423 1282 2499 septem
1312 2420 1721 2478 sacramenta.
1740 2414 1853 2476 Ba-

360 2515 625 2596 ptismus
675 2532 961 2597 namque
1002 2514 1283 2577 sanando
1327 2512 1611 2595 disponit
1650 2512 1727 2575 ad
1774 2512 1853 2575 fi-

358 2612 517 2686 dem,
550 2612 971 2676 Confirmatio
999 2613 1077 2675 ad
1108 2630 1313 2694 spem,
1347 2609 1745 2674 Eucharistia
1773 2611 1850 2672 ad

358 2711 701 2783 caritatem,
733 2710 1111 2775 Poenitentia
1149 2712 1229 2774 ad
1267 2710 1605 2792 justitiam,
1642 2708 1854 2771 Extre-

360 2828 455 2871 ma
512 2809 737 2872 Unctio
794 2809 873 2871 ad
932 2808 1495 2891 perseverantiam,
1551 2807 1715 2872 Ordo
1772 2808 1849 2869 ad

362 2906 783 2988 prudentiam,
830 2906 1303 2969 Matrimonium
1361 2906 1440 2968 ad
1493 2912 1849 2987 temperan-

1963 1924 2238 1987 votione.
2291 1924 2430 1987 Non
2485 1932 2698 1987 autem
2747 1924 2839 1987 sie
2897 1931 2994 1987 est
3040 1924 3117 1987 de
3175 1924 3460 2006 eorporis

1966 2021 2210 2085 morbo.
2241 2022 2401 2083 Hinc
2432 2021 2674 2085 curatio
2705 2021 2910 2084 morbi
2943 2022 3174 2085 mentis
3206 2022 3458 2104 longam

1964 2120 2294 2203 praeexigit
2340 2138 2606 2193 moram,
2643 2121 2946 2202 quoniam
2997 2120 3239 2183 ratione
3287 2120 3461 2184 inve-

1966 2220 2255 2300 stigatur,
2305 2218 2652 2281 auxiliante
2699 2226 2763 2281 et
2809 2219 3097 2281 elevante
3145 2220 3454 2281 rationem

1966 2317 2436 2380 illuminatione
2486 2317 2721 2379 divina.
2770 2317 3057 2399 Denique
3105 2335 3459 2380 sacramen-

1964 2422 2027 2477 ta
2075 2415 2308 2478 Christi
2357 2432 2485 2477 non
2533 2414 2854 2478 habebant
2901 2415 3034 2477 vim
3085 2434 3265 2478 suam
3313 2422 3460 2478 ante

1964 2512 2196 2576 Christi
2248 2512 2645 2595 passionem3
2677 2514 2788 2575 sed
2838 2512 3049 2595 passio
3097 2513 3329 2577 Christi
3377 2512 3458 2575 ab

1963 2609 2148 2672 initio
2179 2609 2401 2671 habuit
2429 2610 2562 2671 vim
2595 2610 2658 2671 in
2691 2608 2822 2671 fide
2851 2609 3248 2672 credentium
3278 2627 3460 2691 :quae

1962 2726 2088 2770 non
2121 2707 2248 2770 fuit
2274 2708 2370 2769 vis
2401 2715 2943 2771 sacramentorum
2983 2707 3272 2783 istorum,
3307 2726 3460 2791 quo-

1961 2826 2105 2869 rum
2134 2806 2233 2868 vis
2264 2814 2361 2868 est
2392 2806 2456 2868 in
2487 2806 2871 2868 continendo
2900 2806 3070 2888 quod
3101 2806 3374 2887 signant,
3398 2813 3462 2869 et

1960 2904 2323 2969 exhibendo
2357 2923 2502 2968 mox
2531 2904 2820 2985 gratiam.
2854 2939 2935 2949 —
2965 2904 3086 2967 Sed
3125 2905 3324 2986 quaeri
3355 2922 3464 2988 po-

360 3005 521 3067 tiam.
566 3040 652 3049 —
699 3005 845 3067 Haec
892 3005 1353 3078 Bonaventura,
1406 3003 1591 3085 cujus
1640 3010 1847 3066 cetera
1877 3005 1921 3069 C
1959 3012 2105 3077 test,
2158 3023 2272 3066 cur
2329 3012 2541 3085 patres
2591 3003 2744 3067 olim
2799 3003 2864 3065 in
2916 3003 3054 3084 lege
3102 3010 3344 3067 naturae
3387 3022 3464 3065 ac

361 3102 515 3165 dicta
555 3102 637 3165 de
680 3100 783 3164 his
826 3101 1185 3166 virtualiter
1226 3108 1376 3164 sunt
1418 3099 1785 3185 praehabita.

794 3417 1273 3493 QUAESTIO
1332 3417 1411 3481 11

474 3694 737 3757 Ecundo
791 3689 1119 3773 quaeritur,
1168 3690 1297 3756 An
1354 3691 1851 3756 sacramenta

500 3790 989 3870 evangelicae
1019 3789 1225 3867 leg-ts
1252 3789 1417 3854 sint
1448 3788 1849 3854 immedia-

360 3892 439 3956 te
466 3889 847 3957 instituta
874 3901 921 3953 a
950 3887 1294 3967 christo,
1310 3888 1668 3967 tempore
1695 3899 1852 3951 ma-

361 3991 479 4067 cla
514 3991 725 4071 apto.

440 4088 701 4150 Videtur
748 4085 921 4168 quod
970 4101 1121 4157 non,
1173 4082 1476 4165 quoniam
1532 4082 1851 4146 Matrimo-

1959 3102 2190 3187 Moysis
2229 3100 2592 3165 habuerunt
2630 3102 2920 3185 quaedam
2960 3108 3355 3165 sacramenta
3394 3109 3464 3164 ut

1960 3219 2089 3276 1108,
2107 3201 2398 3283 quaedam
2427 3207 2640 3263 autem
2671 3201 3025 3264 secundum
3058 3208 3317 3284 partem,
3334 3219 3461 3264 non

1958 3300 2314 3362 secundum
2357 3306 2583 3374 totum,
2616 3300 2906 3382 quaedam
2949 3317 3102 3363 vero
3146 3300 3214 3361 in
3253 3298 3462 3382 figura

1959 3404 2228 3470 tantum,
2263 3398 2554 3480 quaedam
2587 3416 2706 3461 nec
2737 3398 2803 3460 in
2833 3405 3033 3481 parte,
3057 3417 3177 3461 nec
3207 3398 3272 3460 in
3302 3405 3457 3473 tot0,

1960 3515 2170 3578 neque
2200 3496 2266 3557 in
2297 3495 2508 3577 figura
2537 3497 2974 3559 determinata.
3010 3496 3200 3559 Verbi
3233 3496 3456 3578 gratia,

1960 3585 2432 3657 Matrimonium
2471 3593 2835 3656 habuerunt
2869 3594 2934 3657 in
2967 3602 3118 3669 tot0,
3151 3595 3462 3658 Poeniten-

1959 3693 2115 3755 tiam
2159 3692 2222 3754 in
2263 3701 2462 3775 parte,
2496 3693 2646 3774 quia
2683 3693 3175 3756 conterebantur
3213 3701 3283 3756 ut
3318 3712 3457 3768 nOS,

1960 3791 2071 3852 sed
2111 3806 2238 3852 non
2281 3789 2755 3853 confitebantur
2786 3797 2857 3852 ut
2885 3809 3033 3870 nos3
3065 3790 3366 3855 Ordinem
3397 3799 3461 3854 et

1963 3888 2425 3950 Eucharistiam
2464 3886 2786 3950 habebant
2831 3888 2895 3948 in
2940 3888 3188 3970 sigura3
3219 3889 3461 3952 Confir-

1961 3986 2306 4049 mationem
2338 3994 2401 4048 et
2429 3986 2793 4049 Extremam
2824 3987 3196 4050 Unctionem
3230 3987 3296 4049 in
3327 3988 3464 4049 nul-

1962 4085 2022 4147 lo
2053 4084 2353 4146 habuisse
2381 4085 2696 4148 videntur.
2732 4085 3106 4159 Dicendum,
3139 4086 3309 4168 quod
3341 4104 3460 4148 nec

362 4186 552 4260 nium,
611 4184 779 4249 Ordo
836 4190 901 4246 et
956 4181 1333 4246 Poenitentia
1390 4181 1650 4244 suerunt
1704 4187 1849 4242 ante
1881 4183 1929 4245 D
1960 4182 2431 4245 Matrimonium
2481 4191 2684 4245 totum
2745 4203 2935 4246 suum
2983 4182 3292 4247 effectum
3352 4183 3458 4246 ha·

362 4282 688 4346 Salvatoris
716 4283 1089 4346 adventum.
1109 4280 1197 4342 De
1229 4279 1627 4341 institutione
1657 4279 1849 4341 etiam

362 4380 675 4443 Unctionis
718 4381 1033 4442 Extremae
1081 4379 1148 4441 in
1192 4377 1534 4459 Evangelio
1578 4395 1701 4440 non
1745 4377 1852 4440 ha-

364 4476 563 4553 betur,
592 4497 709 4542 nee
748 4477 817 4540 in
858 4477 1187 4559 Scriptura
1216 4477 1519 4539 recitatur
1547 4476 1851 4538 canonica

366 4577 527 4657 quod
577 4577 846 4659 ipsemet
894 4575 1181 4639 Christus
1228 4573 1506 4636 instituit
1558 4591 1717 4635 eam.
1770 4608 1851 4618 —

365 4673 671 4750 Praeterea,
685 4693 887 4757 quum
916 4673 1148 4737 Christi
1180 4678 1573 4734 sacramenta
1603 4671 1732 4733 sint
1760 4690 1853 4734 ce·

371 4774 515 4834 teris
544 4773 910 4854 gratiosiora
940 4779 1003 4834 et
1032 4770 1407 4844 salubriora,
1431 4770 1848 4832 utilissimum

368 4870 637 4934 humano
670 4869 891 4953 generi
930 4868 1298 4943 exstitisset,
1330 4867 1499 4950 quod
1542 4888 1579 4930 a
1618 4867 1853 4950 princi-

370 4969 467 5050 pio
500 4969 713 5031 mundi
748 4968 1021 5030 fuissent
1049 4966 1365 5047 imposita.
1400 4965 1671 5028 Facilius
1702 4984 1853 5047 quo-

369 5085 487 5146 que
526 5073 779 5128 curatur
818 5063 1080 5128 morbus
1120 5083 1157 5126 a
1197 5063 1514 5146 principio
1553 5083 1744 5145 quam
1789 5063 1855 5124 in

370 5163 514 5226 fine.
550 5163 707 5246 Ergo
734 5162 1249 5246 sapientissimus
1282 5162 1565 5226 medicus
1597 5180 1720 5224 non
1754 5162 1859 5224 de-

372 5259 507 5323 buit
552 5262 999 5325 saluberrimas
1046 5261 1159 5323 has
1211 5261 1489 5324 medelas
1537 5278 1741 5342 usque
1791 5260 1857 5322 in

1961 4280 2101 4342 buit
2145 4288 2290 4342 ante
2335 4280 2564 4342 Christi
2616 4281 3001 4363 passionem,
3035 4301 3153 4346 nec
3202 4283 3458 4366 plenam

1960 4379 2338 4441 sacramenti
2390 4379 2723 4453 rationem,
2776 4379 2928 4462 quia
2974 4388 3125 4442 tunc
3175 4382 3460 4444 nondum

1960 4475 2234 4540 contulit
2273 4475 2538 4557 gratiam
2580 4475 2747 4538 sieut
2785 4478 2993 4540 modo.
3028 4479 3099 4540 In
3136 4478 3280 4541 aliis
3309 4496 3461 4543 vero

1960 4575 2372 4639 sacramentis
2405 4581 2702 4656 operatur
2731 4583 2909 4638 actus
2945 4576 3295 4658 spiritualis
3323 4597 3460 4660 gra-

1960 4675 2064 4737 tiae
2108 4679 2330 4735 contra
2366 4673 2709 4746 defectum,
2743 4681 2807 4736 et
2845 4675 2935 4737 sic
2975 4675 3076 4738 vel
3121 4684 3218 4737 est
3259 4695 3460 4738 sacra-

1964 4779 2254 4833 mentum
2286 4771 2674 4853 plenissimae
2712 4773 2928 4852 gratiae
2956 4774 3163 4854 quoad
3197 4781 3455 4848 statum,

1962 4877 2073 4931 aut
2121 4887 2248 4932 non
2286 4876 2397 4932 :et
2444 4868 2496 4930 si
2542 4876 2659 4941 est,
2693 4877 2846 4931 tunc
2895 4869 3071 4933 nullo
3121 4871 3310 4933 modo
3358 4871 3464 4933 ha-

1966 4966 2243 5028 buerunt
2274 4966 2768 5040 illud,videlicet
2795 4966 3462 5040 Confirmationem,in

1966 5083 2092 5146 qua
2139 5064 2322 5125 datur
2360 5062 2634 5145 Spiritus
2676 5064 2942 5126 Sanctus
2989 5064 3068 5126 ad
3119 5063 3353 5144 robur;
3385 5066 3466 5128 si-

1969 5162 2208 5224 militer
2239 5181 2356 5223 nec
2399 5161 2760 5223 Extremam
2801 5160 3195 5234 Unctionem,
3229 5161 3296 5223 in
3337 5182 3463 5244 qua

1968 5257 2370 5340 significatur
2411 5259 2600 5341 plena
2634 5259 2865 5321 animae
2909 5277 2982 5320 ac
3021 5259 3306 5340 corporis
3349 5280 3463 5343 pu-
