4267 6250
26 1972 28 2007 i
113 1982 256 2035 lumi,
267 1988 330 2029 25.

115 2866 196 2909 Aet.
209 2880 272 2919 xv,
287 2870 326 2911 9.

775 514 922 569 ocu)
961 514 1140 560 1⁵21oe
1179 512 1298 562 Sfl'.
1337 510 1592 557 nmo
1631 509 1746 557 snt
1785 509 2070 557 nmssto
2111 510 2337 570 GULPAE,
2376 514 2499 560 ΛΠ
2538 514 2781 562 mlo
2818 516 3059 563 mm

3346 498 3463 563 451

355 690 558 765 putat,
573 700 704 747 non
735 692 944 747 tamen
973 703 1052 746 ex
1081 684 1200 746 boc
1229 682 1362 743 vult
1389 681 1626 743 babere
1657 681 1866 763 ipsum
1893 680 1947 743 Δ
1973 681 2435 747 dimissionem.
2474 684 2711 747 Verum
2758 694 2831 748 ut
2870 686 3113 750 dictum
3160 694 3281 759 est,
3320 704 3471 751 con·
3496 704 3763 761 eppa-sn:

355 781 662 843 amicum.
695 782 802 844 Sic
831 790 896 845 et
923 782 1108 864 prius
1135 789 1232 843 est
1263 798 1390 843 non
1425 780 1638 851 irasci,
1669 798 1862 861 quam

359 879 748 942 benevolum
795 899 910 943 seu
967 877 1336 943 beneficum
1383 897 1544 940 esse.
1597 877 1662 939 Si
1711 894 1865 939 vero

355 985 648 1039 sumatur
685 978 984 1040 remissio
1011 976 1220 1059 culpae
1253 994 1370 1058 pro
1397 976 1540 1056 ejus
1577 975 1866 1039 abolitio-

357 1092 461 1146 ne,
495 1093 640 1155 qum
683 1094 800 1157 per
838 1075 1108 1155 gratiam
1153 1073 1294 1136 fieri
1339 1071 1734 1155 perbihetur,
1767 1073 1861 1135 in-

359 1171 530 1235 fusio
565 1172 788 1254 gratim
821 1172 1192 1235 causalitate
1227 1172 1404 1254 prior
1429 1190 1570 1232 esse
1605 1171 1864 1233 convin-

357 1271 548 1343 citur,
581 1271 750 1333 sicut
781 1270 1004 1333 lixivia
1029 1270 1358 1333 ablutione
1387 1278 1483 1331 est
1511 1268 1860 1349 prim-,naec

355 1368 764 1431 GuillelmuS.

436 1465 528 1529 De
577 1466 702 1529 boc
749 1466 1194 1529 Bonaventura
1247 1464 1502 1547 plenius
1547 1463 1858 1535 scribenS,

357 1564 570 1646 primo
599 1564 970 1645 interrogat,
995 1571 1210 1626 utrum
1243 1561 1484 1625 infusio
1509 1562 1728 1642 gratiae
1759 1580 1864 1623 ne·

355 1662 636 1724 cessario
663 1662 982 1745 praecedat
1009 1660 1453 1743 expulsionem
1485 1660 1710 1741 culpae.
1745 1660 1860 1721 Re-

355 1761 678 1842 spondet:
709 1761 980 1834 Quidam
1019 1759 1340 1831 dixerunt,
1371 1759 1542 1840 quod
1581 1758 1750 1820 Deus
1791 1775 1860 1819 se

1971 780 2147 842 tritio
2184 783 2544 845 necessaria
2580 792 2677 845 est
2714 784 2781 846 in
2824 785 3029 867 ipsius
3054 786 3275 865 gratiae
3304 785 3469 847 infu-

1971 878 2151 941 sione
2184 888 2493 962 :propter
2530 882 2701 963 quod
2738 884 3041 965 praecedit
3082 884 3325 966 peccati
3363 904 3469 947 ex·

1971 975 2335 1057 pulsionem
2364 979 2589 1041 ordine
2620 988 2881 1055 natura»,
2912 982 3217 1063 quoniam
3252 982 3471 1045 anima

1973 1092 2088 1154 per
2129 1074 2613 1139 detestationem
2662 1080 2907 1159 peccati
2954 1098 3025 1142 se
3064 1079 3345 1162 disponit
3388 1081 3469 1143 ad

1969 1172 2263 1250 gratiam,
2294 1172 2711 1255 dispositione
2740 1186 2977 1258 quanta
3008 1186 3233 1259 potest.
3258 1178 3472 1241 Gratia

1971 1287 2124 1331 vero
2162 1271 2515 1335 adveniens
2558 1273 2623 1337 in
2667 1274 2973 1349 animam,
3016 1276 3321 1357 quoniam
3360 1276 3471 1338 de-

1971 1369 2223 1431 testatio
2266 1368 2375 1430 illa
2418 1369 2541 1432 fuit
2577 1371 2913 1453 dispositio
2956 1374 3167 1436 media
3210 1373 3289 1436 ad
3330 1392 3470 1454 gra-

1971 1464 2126 1526 tiam
2160 1466 2609 1541 inducendam,
2640 1470 3015 1533 naturaliter
3052 1472 3233 1553 prius
3268 1472 3469 1554 respi-

1969 1562 2056 1622 cit
2087 1562 2261 1625 illam
2290 1564 2875 1632 detestationem‚ac
2904 1587 3021 1649 per
3048 1588 3189 1631 eam
3220 1568 3469 1651 culpam

1969 1658 2327 1723 delendam.
2360 1662 2595 1744 Sicque
2622 1682 2701 1726 ex
2732 1667 3207 1747 comparatione
3236 1668 3339 1729 vel
3372 1686 3469 1730 re·

1969 1765 2193 1839 spectu
2230 1760 2449 1840 gratiae
2484 1761 2565 1822 ad
2602 1762 2777 1825 illam
2820 1764 3329 1839 detestationem,
3360 1785 3467 1828 ex·

357 1858 500 1939 ipso
546 1859 806 1941 culpam
856 1857 1142 1940 expellit,
1183 1857 1295 1939 qui
1343 1856 1432 1918 ait
1477 1875 1592 1938 per
1633 1855 1858 1918 lsaiam
1895 1854 1942 1917 B
1971 1863 2092 1917 stat
2131 1858 2463 1937 contriti03
2502 1867 2565 1920 et
2607 1879 2687 1922 ex
2728 1870 3023 1943 respectu
3064 1863 3143 1924 ad
3184 1863 3465 1945 culpam,

358 1956 740 2039 prophetam
782 1973 799 2018 ε
842 1956 974 2037 Ego
1011 1975 1156 2018 sum
1193 1955 1306 2036 qui
1343 1954 1526 2017 deleo
1565 1954 1862 2036 iniquita·

357 2064 452 2117 tes
481 2064 622 2117 tuas
652 2062 916 2138 propter
945 2055 1220 2117 melden
1245 2054 1482 2127 dicunt,
1495 2054 1665 2135 quod
1697 2053 1860 2115 Deus

355 2154 638 2215 animam
690 2153 872 2237 prius
931 2154 1218 2227 mundat,
1267 2153 1672 2234 postmodum
1720 2169 1860 2233 gra-

357 2252 510 2313 tiam
570 2252 799 2315 tribuit
845 2260 910 2314 et
957 2250 1258 2313 infundit.
1310 2251 1604 2314 Attamen
1663 2250 1858 2312 simul

355 2358 648 2433 tempore
687 2350 766 2412 fit
805 2358 1172 2433 utrumque,
1205 2350 1318 2412 sed
1361 2348 1602 2412 infusio
1639 2350 1858 2431 gratiae

357 2450 674 2531 posterior
701 2458 800 2512 est
828 2457 1072 2512 natura.
1097 2448 1218 2511 Sed
1249 2448 1402 2529 quia
1429 2449 1859 2510 communiter

353 2549 618 2621 dicitur,
639 2556 706 2610 et
732 2567 958 2610 verum
991 2547 1058 2609 id
1080 2547 1293 2621 cred0,
1325 2547 1494 2629 quod
1527 2547 1694 2609 Deus
1722 2546 1857 2608 cul-

357 2666 500 2728 pam
555 2646 826 2728 expellit
871 2664 985 2727 per
1031 2645 1324 2726 gratiam,
1373 2645 1544 2707 sicut
1587 2644 1682 2707 sol
1743 2662 1858 2726 per

353 2746 564 2808 radios
592 2744 912 2818 tenebras,
945 2752 1134 2826 prout
1161 2744 1354 2806 etiam
1385 2744 1450 2806 in
1479 2742 1744 2806 Actibus
1775 2743 1858 2805 le-

353 2844 544 2923 gitur,
581 2842 734 2905 Fide
764 2841 1118 2924 purificans
1153 2842 1343 2905 corda
1379 2859 1640 2919 eorum;
1671 2841 1858 2903 idcir·

353 2958 450 3015 co,
486 2960 694 3023 quum
735 2958 926 3003 causa
961 2941 1046 3003 sit
1087 2940 1264 3022 prior
1309 2939 1572 3013 effectu,
1615 2939 1857 3002 infusio

1971 1955 2277 2017 remissio.
2294 1956 2539 2020 ldcirco
2566 1959 2867 2021 contritio
2894 1960 3267 2023 naturaliter
3297 1962 3471 2043 prior

1967 2062 2063 2115 est
2107 2055 2483 2118 remissione
2528 2058 2792 2137 peccati.

2047 2152 2259 2215 Tertio
2296 2153 2679 2227 sciscitatur,
2712 2162 2925 2217 utrum
2970 2158 3271 2221 contritio
3310 2176 3469 2240 pro-

1967 2250 2138 2311 cedit.
2193 2250 2373 2332 impii
2430 2251 2983 2331 justificationem.
3038 2253 3401 2338 Respondet
3450 2277 3467 2322 ε

1969 2347 2134 2409 Deus
2174 2348 2437 2429 speciali
2488 2350 2827 2432 privilegio
2876 2361 3083 2433 potest
3110 2353 3469 2433 justificare

1967 2446 2105 2507 sine
2132 2447 2309 2508 omni
2343 2449 2819 2529 praeparatione.
2846 2452 3083 2513 Tamen
3112 2454 3467 2516 secundum

1965 2560 2374 2607 communem
2421 2545 2645 2627 legem,
2680 2566 2807 2611 non
2842 2548 3158 2628 justificat
3194 2551 3319 2613 nisi
3358 2568 3469 2615 eos

1965 2641 2076 2723 qui
2121 2662 2191 2705 se
2231 2651 2607 2725 praeparant,
2640 2646 3181 2727 quemadmodum
3222 2650 3313 2711 ait
3350 2668 3467 2731 per

1965 2741 2327 2803 Zachariam
2374 2760 2389 2805 ε
2432 2742 2891 2807 Convertimini
2934 2745 3013 2807 ad
3058 2764 3181 2819 me,
3212 2755 3277 2810 et
3314 2765 3463 2811 con-

1965 2846 2178 2901 vertar
2204 2841 2283 2902 ad
2314 2858 2447 2903 vos.
2468 2841 2805 2924 Quumque
2834 2846 3211 2925 praeparatio
3236 2846 3466 2909 debeat

1965 2956 2104 3000 esse
2150 2939 2505 3001 secundum
2548 2940 3061 3005 convenientiam
3107 2944 3186 3005 ad
3230 2944 3469 3025 justifi-

351 3041 573 3121 gratiae
603 3040 780 3123 prior
807 3047 904 3102 est
932 3040 1178 3121 peccati
1209 3038 1606 3121 expulsione,
1637 3058 1855 3121 quem-
1889 3034 1934 3097 C
1966 3035 2307 3111 cationem,
2341 3036 2406 3099 in
2447 3057 2574 3120 qua
2610 3048 2706 3103 est
2742 3049 2953 3105 motus
2994 3041 3181 3104 liberi
3219 3041 3465 3109 arbitrii

353 3140 702 3204 admodum
741 3139 934 3201 etiam
969 3138 1209 3201 infusio
1241 3137 1586 3210 radiorum,
1617 3137 1858 3219 effuga-

353 3239 526 3302 tione
556 3236 988 3300 tenebrarum.
1025 3236 1398 3316 SubJectum
1441 3236 1680 3319 quippe
1719 3255 1858 3318 pra-

355 3353 432 3396 va
471 3335 782 3418 qualitate
817 3334 1036 3416 aliqua
1073 3332 1508 3406 informatum,
1549 3340 1660 3395 aut
1699 3333 1858 3396 vitio

353 3432 808 3506 deformatum,
839 3449 968 3495 non
1008 3439 1218 3513 potest
1244 3430 1514 3512 intelligi
1555 3431 1856 3494 informa-

355 3539 490 3593 tum
521 3531 742 3612 aliqua
771 3529 938 3592 bona
967 3529 1270 3612 qualitate
1299 3537 1409 3591 aut
1439 3528 1851 3611 perfectione,

357 3629 476 3692 nisi
522 3629 704 3712 prius
750 3627 1142 3709 intelligatur
1189 3627 1482 3710 expulsio
1529 3629 1850 3691 contrarii.

355 3726 762 3809 Impossibile
803 3743 1062 3808 quoque
1098 3733 1216 3799 est,
1251 3726 1422 3808 quod
1469 3725 1715 3807 aliquid
1757 3727 1852 3788 in-

355 3826 678 3907 telligatur
705 3824 1048 3906 expulsum
1086 3823 1169 3886 ab
1205 3823 1460 3905 aliqu0,-
1476 3823 1600 3885 nisi
1640 3824 1854 3905 expel-

357 3925 490 3988 lens
533 3923 714 4006 prins
759 3922 1152 4003 intelligatur
1189 3922 1404 4004 egredi
1446 3941 1484 3984 a
1521 3939 1638 3984 suo
1679 3922 1854 4003 prin-

353 4022 544 4105 cipio.
583 4022 922 4104 Quumque
967 4020 1205 4084 infusio
1249 4021 1469 4102 gratiae
1515 4037 1643 4082 non
1687 4021 1856 4084 dicat

354 4121 630 4202 subjecti
681 4120 1138 4203 perfectionem
1195 4120 1321 4182 nisi
1371 4138 1484 4202 per
1535 4120 1854 4182 concomi-

1963 3142 2156 3217 atque
2194 3137 2513 3212 contritio,
2546 3157 2807 3204 necesse
2844 3149 2941 3204 est
2969 3142 3140 3223 quod
3178 3141 3373 3205 homo
3398 3161 3469 3206 se

1969 3243 2283 3316 praeparet
2326 3243 2505 3298 motu
2548 3236 2703 3299 fidei
2752 3257 2825 3300 ac
2868 3239 3129 3312 doloriS,
3174 3240 3259 3302 ita
3298 3239 3467 3322 quod

1965 3331 2167 3412 gratia
2201 3333 2489 3396 inveniat
2517 3334 2795 3397 liberum
2832 3336 3171 3399 arbitrium
3203 3338 3269 3399 in
3302 3346 3469 3401 utro-

1967 3447 2093 3509 que
2131 3437 2391 3491 actuum
2434 3431 2687 3504 borum,
2726 3441 2839 3494 aut
2880 3451 3131 3496 summe
3174 3442 3467 3516 paratum

1965 3527 2044 3588 ad
2089 3534 2457 3609 utrumque,
2493 3528 2579 3590 ita
2614 3530 2787 3610 quod
2836 3530 2903 3592 in
2941 3531 3165 3594 eodem
3206 3532 3465 3594 instanti

1965 3631 2257 3707 paratum
2289 3625 2372 3687 sit
2408 3626 2650 3688 moveri
2694 3626 2759 3688 in
2790 3645 2919 3711 quo
2944 3627 3147 3709 gratia
3178 3629 3461 3692 advenit.

2043 3721 2235 3786 Porro
2277 3723 2331 3784 si
2376 3731 2717 3806 quaeratur,
2756 3744 2839 3787 an
2881 3725 3124 3789 attritio
3164 3725 3282 3788 fiat
3322 3745 3471 3791 con-

1967 3821 2162 3895 tritio,
2204 3822 2566 3902 respondet,
2607 3823 2779 3904 quod
2819 3824 3087 3905 quaestio
3128 3825 3468 3907 tripliciter

1965 3927 2175 4000 potest
2218 3918 2507 4001 intelligi.
2553 3919 2785 3994 Prim0,
2824 3923 2994 4002 qnod
3039 3922 3297 3985 habitus
3336 3941 3467 4005 quo

1962 4017 2108 4098 quis
2138 4017 2453 4090 atteritur,
2477 4015 2809 4093 formetur,
2830 4027 2894 4081 et
2924 4019 3037 4082 illo
3066 4020 3297 4084 deinde
3326 4039 3469 4085 con-

1964 4122 2226 4190 teratur,
2280 4115 2447 4178 sicut
2494 4116 2657 4179 fides
2707 4116 2999 4180 informis
3048 4116 3128 4181 fit
3172 4119 3462 4185 formata.

352 4220 640 4292 tantiam,
685 4219 798 4282 sed
846 4218 1060 4300 potius
1109 4217 1312 4300 ipsius
1356 4217 1576 4298 gratiae
1624 4218 1854 4298 produ·
1883 4218 1935 4282 D
1965 4213 2143 4286 Quod
2191 4214 2382 4276 credo
2425 4232 2674 4289 verum,
2720 4222 2938 4297 utpote
2986 4218 3156 4298 quod
3207 4216 3466 4284 babitus

355 4319 634 4382 ctionem
683 4317 766 4380 ab
813 4325 1062 4399 agente,
1111 4323 1284 4399 patet
1331 4316 1500 4397 quod
1549 4317 1726 4398 prior
1773 4317 1858 4379 sit

357 4419 464 4482 illa
507 4436 700 4500 quam
749 4417 1064 4500 expulsio,
1097 4417 1265 4478 sicut
1303 4433 1494 4478 causa
1536 4423 1810 4478 causato.

433 4518 730 4582 Secundo
773 4517 1024 4598 quaerit,
1058 4522 1274 4577 utrum
1313 4514 1608 4596 expulsio
1651 4515 1854 4596 culpae

357 4619 672 4701 praecedat
720 4607 1188 4679 contritionem.
1231 4613 1592 4695 Respondet
1637 4632 1652 4676 ε
1698 4612 1856 4686 Quo·

357 4716 652 4778 rumdam
691 4713 914 4796 opinio
945 4712 1087 4787 fuit,
1122 4713 1290 4794 quod
1327 4712 1620 4774 remissio
1651 4711 1856 4793 culpae

357 4814 671 4897 praecedat
701 4811 1174 4886 contritionem,
1187 4811 1540 4874 secundum
1569 4810 1740 4893 quod
1771 4828 1860 4872 re-

359 4913 581 4977 missio
615 4911 822 4993 culpae
860 4911 1096 4973 dicitur
1124 4917 1436 4992 quantum
1473 4910 1551 4972 ad
1593 4909 1860 4972 maculae

359 5010 776 5088 ablationem;
813 5009 925 5071 sed
969 5016 1281 5090 quantum
1329 5007 1408 5069 ad
1457 5025 1711 5089 poenam
1757 5005 1860 5069 vel

359 5109 708 5192 sequelam,
751 5109 1058 5190 sequitur.
1102 5107 1345 5189 Nempe
1393 5106 1688 5170 remissio
1727 5105 1860 5169 cul-

361 5227 456 5291 pae
513 5208 754 5270 dicitur
807 5213 874 5270 et
928 5213 1240 5289 quantum
1296 5206 1374 5267 ad
1433 5205 1639 5287 culpae
1691 5204 1861 5267 abla-

361 5307 626 5381 tionem,
659 5314 726 5369 et
762 5311 1074 5388 quantum
1115 5304 1192 5367 ad
1233 5321 1436 5386 poenae
1474 5321 1550 5366 ac
1588 5304 1864 5385 sequelae

1965 4311 2359 4393 poenitentiae
2390 4311 2707 4388 informiS,
2731 4332 2847 4395 per
2871 4315 3091 4395 gratia)
3118 4315 3465 4380 adventum

1967 4409 2299 4484 formatur,
2332 4411 2501 4474 sicut
2529 4411 2692 4475 fides
2736 4412 3031 4476 informis
3066 4414 3143 4478 fit
3172 4415 3464 4480 formata.

1965 4509 2093 4572 Nec
2138 4517 2235 4572 est
2283 4509 2495 4573 simile
2542 4511 2622 4575 de
2664 4511 2892 4574 timore
2942 4514 3183 4588 servili,
3230 4515 3295 4577 in
3340 4532 3469 4598 quo

1966 4609 2126 4670 vivit
2154 4609 2448 4672 voluntas
2478 4611 2805 4692 peccandi.
2826 4611 3139 4686 Secundo,
3154 4621 3465 4695 quantum

1965 4707 2046 4769 ad
2072 4714 2287 4769 actum
2318 4707 2730 4771 substratum.
2766 4709 2942 4782 Quod
2977 4710 3129 4773 item
3160 4712 3461 4785 concedo,

1967 4807 2136 4889 quod
2166 4807 2414 4869 scilicet
2441 4815 2619 4869 actus
2650 4807 2761 4889 qui
2794 4807 2860 4870 in
2892 4809 3211 4891 principio
3240 4811 3339 4871 sui
3370 4819 3467 4874 est

1966 4907 2227 4980 attritio,
2260 4913 2603 4987 antequam
2642 4906 3145 4988 interrumpatur
3172 4907 3290 4969 fiat
3318 4925 3468 4972 con-

1969 5005 2166 5080 tritio,
2200 5011 2270 5066 ut
2300 5010 2473 5085 patet
2500 5003 2577 5066 de
2620 5011 2795 5066 motu
2839 5021 2969 5086 quo
3003 5004 3151 5085 quis
3180 5005 3353 5067 vadit
3384 5007 3469 5069 ad

1971 5103 2331 5177 ecclesiam,
2375 5103 2428 5165 si
2472 5102 2530 5166 ei
2576 5103 2641 5164 in
2684 5102 2789 5165 via
2826 5102 3031 5184 gratia
3071 5103 3465 5167 infundatur.

1972 5202 2182 5264 Tertio
2224 5208 2431 5283 potest
2470 5200 2739 5282 intelligi
2784 5208 3096 5283 quantum
3137 5203 3217 5264 ad
3257 5201 3471 5266 condi-

1971 5302 2215 5365 tionem
2256 5299 2753 5382 superadditam,
2788 5307 2861 5362 ut
2895 5299 3066 5381 quod
3106 5317 3269 5383 opus
3306 5317 3471 5364 mor·

3509 2766 3657 2813 lach.
3674 2783 3705 2820 ι,
3720 2773 3761 2814 3.
