4267 6250
804 552 1123 601 commo
1160 551 1305 607 ocu>
1346 550 1461 606 sn,
1500 549 1575 595 m·
1614 548 1901 605 ououooo
1940 549 2242 597 nurma-
2281 552 2364 597 ΑΒ
2403 552 2788 609 ammons,
2827 552 2958 599 arc.
3311 532 3431 598 467

314 736 529 800 poenae
576 726 676 783 est
720 722 1155 787 necessarium
1200 722 1279 785 ad
1324 720 1565 783 malum
1617 720 1823 802 culpae
1852 720 1905 784 A
1934 740 2075 785 mea
2104 722 2532 801 condemner;
2563 732 2626 786 et
2655 724 2777 787 hoc
2809 724 3022 806 ipsum
3049 741 3166 786 oro
3191 742 3270 785 ex
3301 739 3435 785 cor—

314 817 681 893 vitandum,
722 822 847 883 nisi
892 821 1063 903 quod
1112 828 1207 882 est
1256 819 1521 881 materia
1568 818 1825 882 virtutis

314 918 655 998 oppositae,
686 919 855 981 sicut
889 919 1197 981 fortitudo
1236 926 1333 980 est
1368 918 1537 979 circa
1576 916 1825 979 terribi-

318 1012 408 1075 lia
438 1023 503 1076 et
528 1016 739 1078 tristia
768 1018 1011 1080 mortis.
1046 1017 1167 1079 Sed
1202 1034 1389 1098 poena
1421 1014 1655 1077 inferni
1694 1033 1822 1077 non

316 1120 422 1174 est
450 1114 719 1176 materia
746 1115 1023 1197 alicujus
1051 1115 1327 1177 virtutis.
1362 1113 1449 1176 De
1483 1132 1645 1195 puro
1671 1131 1826 1195 quo-

316 1228 449 1291 que
480 1228 611 1273 non
640 1230 780 1274 esse
812 1212 877 1274 id
906 1219 1173 1285 constat,
1206 1210 1511 1293 quoniam
1554 1210 1825 1273 destruit

316 1308 629 1371 virtutem
660 1318 725 1372 et
754 1310 1121 1392 subjectum
1150 1310 1424 1370 virtutis
1460 1308 1587 1371 Nec
1625 1308 1819 1371 etiam

315 1414 419 1468 est
468 1407 743 1483 licitum,
786 1410 1090 1491 quoniam
1131 1408 1371 1470 malum
1420 1425 1623 1489 poenae
1666 1426 1824 1468 nun-

316 1524 519 1587 quam
548 1506 723 1569 licite
753 1507 1015 1589 eligitur
1050 1515 1309 1589 propter
1348 1505 1585 1569 malum
1618 1504 1823 1586 culpae

316 1604 681 1679 vitandum,
722 1606 849 1668 nisi
887 1606 1041 1688 quia
1087 1614 1181 1668 est
1228 1605 1657 1688 promotivum
1696 1603 1824 1667 vir-

318 1702 477 1763 tutis
504 1704 839 1785 oppositae.
874 1704 997 1765 Sed
1035 1722 1225 1785 poena
1266 1701 1501 1765 inferni
1542 1721 1655 1764 seu
1694 1720 1825 1764 om-

320 1800 479 1863 nino
506 1818 637 1863 non
666 1820 829 1875 esse,
856 1802 1099 1863 nullam
1136 1808 1469 1883 promovet
1496 1802 1820 1863 virtutem.

318 1899 465 1962 Haec
510 1900 869 1963 DuranduS.

400 1998 649 2072 Quibus
690 1998 1018 2079 objicitur,
1063 1998 1217 2081 quia
1262 2018 1339 2061 ex
1388 1998 1483 2060 eis
1532 2016 1825 2078 sequere-

320 2098 625 2179 tur,quod
654 2098 869 2180 potius
898 2096 1159 2159 deberet
1185 2098 1333 2179 quis
1360 2095 1525 2157 velle
1558 2095 1621 2156 in
1652 2096 1827 2158 vitiis

322 2203 637 2279 perpetue
683 2214 1081 2278 permanere,
1132 2214 1327 2277 qnam
1384 2194 1651 2257 omnino
1698 2211 1823 2255 non

320 2314 461 2358 esse
482 2312 497 2357 :
518 2295 693 2378 quod
724 2313 1127 2377 nequaquam
1160 2293 1515 2377 putandum
1544 2300 1659 2355 est.
1678 2294 1831 2355 Prae—

318 2402 517 2468 terea,
550 2394 745 2456 homo
774 2393 963 2456 debet
1002 2394 1203 2455 Deum
1238 2393 1303 2455 in
1336 2392 1668 2455 infinitum
1700 2411 1829 2454 ma-

322 2494 419 2574 gis
462 2492 735 2573 diligere
776 2511 969 2575 quam
1014 2511 1083 2555 se
1122 2491 1335 2573 ipsum
1370 2508 1385 2553 :
1426 2509 1579 2572 ergo
1616 2491 1829 2573 potius

323 2591 515 2654 debet
560 2591 733 2654 velle
780 2608 909 2653 non
956 2609 1119 2664 esse,
1157 2609 1351 2673 quam
1394 2590 1533 2651 sine
1570 2607 1829 2652 conver-

322 2690 525 2763 sione,
563 2691 633 2752 in
674 2689 1085 2762 contumelia,
1127 2688 1545 2752 irreverentia
1578 2695 1644 2750 et
1682 2705 1829 2749 con-

322 2795 573 2871 temptu
604 2786 1239 2870 supergloriosissimi
1271 2786 1583 2850 Creatoris
1613 2786 1828 2848 vivere

321 2896 383 2949 et
430 2887 685 2949 durare.
736 2886 1001 2959 Rursus»,
1054 2884 1285 2947 melius
1326 2884 1421 2965 (id
1468 2892 1567 2947 est
1615 2884 1828 2946 minus

322 2986 599 3066 malum)
626 2992 796 3047 esset
823 2984 1087 3048 omnino
1126 3001 1253 3047 non
1292 3003 1453 3058 esse,
1489 2983 1589 3045 vel
1620 2982 1830 3065 poenis

1931 822 2011 883 de
2058 821 2138 883 de
2187 839 2350 893 sero,
2401 831 2742 904 antequam
2806 840 3000 904 pergo
3056 822 3424 884 dormitum.

1930 920 2246 1002 Amplius,
2279 920 2346 981 in
2375 920 2714 1002 Sapientiae
2743 921 2909 984 libro
2937 921 3248 1002 scriptum
3279 928 3378 981 est
3410 936 3427 981 ε

1932 1017 2053 1079 Cor
2090 1018 2298 1099 iniqui
2344 1018 2508 1079 cinis
2555 1026 2672 1092 est,
2717 1026 2782 1081 et
2823 1026 2990 1081 terra
3035 1035 3432 1100 supervacua
3455 1034 3722 1092 εφαῃιο.

1932 1133 2079 1196 spes
2121 1116 2318 1189 illius,
2359 1125 2422 1177 et
2461 1117 2598 1179 luto
2633 1116 2824 1179 vilior
2859 1117 2993 1180 vita
3029 1116 3252 1198 ipsius.
3294 1116 3432 1179 lmo

1932 1212 2232 1293 indignus
2263 1222 2358 1275 est
2387 1232 2549 1295 pane
2577 1231 2705 1296 quo
2733 1214 3031 1289 vescitur,
3043 1222 3214 1277 terra
3239 1232 3432 1295 quam

1932 1310 2154 1381 calcat,
2185 1329 2332 1372 aere
2369 1329 2562 1392 quem
2607 1312 2897 1394 inspirat,
2928 1319 2994 1374 et
3029 1312 3224 1375 totius
3253 1311 3433 1373 obse-

1932 1408 2087 1491 quio
2132 1417 2440 1471 creatum
2481 1426 2496 1470 ε
2541 1410 2672 1472 imo
2719 1418 2922 1474 morte
2969 1410 3306 1492 temporali
3347 1416 3434 1471 at-

1932 1526 2059 1589 que
2088 1513 2324 1569 aeterna
2352 1514 2450 1569 est
2477 1508 2750 1589 dignus;
2781 1518 2844 1571 et
2881 1510 2966 1572 ita
3005 1507 3142 1571 zelo
3167 1508 3432 1589 justitiae

1936 1612 2142 1687 potest
2171 1624 2278 1668 eas
2307 1614 2610 1688 appetere
2643 1608 2842 1688 magis
2873 1626 3066 1689 quam
3095 1607 3261 1669 velle
3291 1625 3432 1688 pec-

1934 1723 2097 1767 care.
2132 1704 2293 1767 Hinc
2323 1706 2768 1786 persuasiones
2807 1705 2932 1768 illae
2973 1706 3252 1768 Durandi
3289 1705 3428 1767 nul-

1938 1801 2063 1863 lius
2110 1802 2349 1882 vigoris
2397 1811 2565 1865 sunt.
2617 1802 2774 1865 Nam
2822 1810 2887 1865 et
2935 1803 3176 1865 malum
3227 1820 3430 1884 poenae

1860 1902 1908 1965 B
1940 1899 2260 1962 interdum
2309 1900 2740 1963 necessarium
2789 1908 2888 1963 est
2927 1918 3006 1962 ex
3049 1900 3431 1982 suppositio-

1940 2018 2038 2061 ne.
2074 1998 2152 2060 Et
2191 1999 2490 2073 breviter,
2529 1999 2816 2063 absolute
2859 2000 3195 2082 loquendo,
3228 2001 3432 2063 multo

1942 2097 2172 2160 melius
2226 2098 2592 2180 justiusque
2639 2100 2948 2173 consistit,
2997 2106 3062 2161 et
3111 2098 3238 2161 Deo
3286 2099 3432 2182 plus

1942 2196 2272 2279 placitum,
2319 2196 2614 2279 iniquum
2659 2216 2881 2280 poenas
2929 2198 3056 2280 pati
3099 2199 3430 2280 gehennae,

1940 2314 2133 2376 quam
2179 2296 2442 2377 impune
2487 2314 2772 2378 peccare.

2019 2394 2342 2456 Postremo
2379 2394 2915 2458 Antisiodorensis
2953 2394 3060 2457 hic
3101 2394 3382 2477 loquitur
3413 2412 3430 2457 ε

1940 2490 2206 2572 Semper
2243 2491 2586 2554 dolendum
2627 2499 2724 2555 est
2768 2493 2848 2555 de
2889 2500 3170 2575 peccato,
3209 2493 3273 2555 id
3311 2500 3430 2567 est,

1942 2590 2180 2652 bonum
2214 2598 2310 2652 est
2339 2610 2592 2673 semper
2621 2591 2866 2667 dolere;
2889 2608 3016 2654 non
3045 2600 3257 2654 tamen
3289 2610 3436 2655 con-

1940 2688 2140 2762 tinne,
2173 2688 2284 2751 sed
2325 2687 2694 2771 frequenter
2735 2698 2801 2752 et
2836 2690 3011 2752 horis
3048 2690 3324 2765 statutiS,
3357 2709 3433 2753 eo

1940 2788 2129 2850 modo
2178 2804 2306 2869 quo
2349 2788 2440 2849 ait
2485 2788 2823 2870 Apostolus
2865 2805 2881 2849 ε
2923 2788 3072 2851 Sine
3119 2788 3436 2851 intermis·
3479 2812 3726 2867 irtacum,

1938 2884 2117 2946 sione
2145 2892 2338 2947 orate.
2358 2884 2588 2966 Sicque
2621 2884 3110 2966 intelligendum
3139 2894 3234 2948 est
3263 2886 3434 2968 quod
3465 2878 3531 2919 ¹⁷·

1938 2982 2224 3065 loquitur
2250 2983 2641 3064 Augustinus
2661 3001 2676 3045 :
2695 2983 3012 3047 Poenitens
3042 2984 3251 3048 doleat
3277 3004 3438 3047 sem-

319 3083 749 3148 infernalibus
780 3083 1077 3158 cruciari,
1110 3101 1303 3165 quam
1335 3081 1710 3146 mortalibus
1740 3082 1830 3146 vi·
1863 3082 1906 3148 C
1939 3101 2073 3164 per,
2122 3081 2188 3144 id
2237 3089 2333 3144 est
2379 3081 2554 3146 omni
2600 3088 2888 3165 tempore
2931 3091 3310 3166 opportuno.
3363 3082 3438 3146 Et

320 3185 425 3247 tiis
462 3182 779 3246 sordidari
814 3199 828 3244 :
860 3182 1015 3265 quia
1053 3199 1183 3263 quo
1223 3181 1427 3261 maior
1464 3189 1561 3243 est
1598 3182 1826 3244 sancti-

318 3291 435 3356 tas,
479 3281 757 3363 dignitas
802 3288 867 3344 et
915 3279 1373 3343 honorabilitas
1422 3279 1556 3352 Dei,
1602 3298 1678 3343 eo
1725 3281 1829 3341 de-

318 3379 700 3453 testabilior,
752 3378 1053 3441 odibilior
1092 3395 1165 3440 ac
1210 3376 1459 3458 turpior
1500 3384 1597 3440 est
1637 3377 1829 3459 culpa

322 3479 631 3542 mortalis.
656 3478 817 3540 Hinc
846 3494 1037 3539 omne
1067 3483 1402 3558 peccatum
1436 3475 1702 3537 mortale
1731 3483 1827 3538 est

321 3575 735 3659 fugibilitatis
766 3574 1119 3646 immensae,
1140 3580 1204 3635 et
1232 3573 1472 3635 malum
1504 3572 1709 3653 culpae
1736 3571 1829 3632 in-

322 3672 843 3758 comparabiliter
890 3671 1329 3734 detestabilius
1373 3690 1445 3734 ac
1493 3669 1827 3751 fugibilius

319 3781 417 3836 est
452 3791 649 3854 qnam
694 3770 935 3833 malum
975 3789 1179 3852 poenae
1229 3769 1398 3851 quod
1446 3769 1655 3832 solum
1701 3785 1829 3850 poe-

319 3872 465 3934 nale
513 3877 631 3933 est.
688 3869 863 3933 Unde
911 3876 975 3931 et
1024 3887 1195 3929 nunc
1244 3867 1471 3950 loquor
1516 3867 1595 3930 de
1640 3885 1827 3949 poena

322 3969 559 4034 inferni
592 3969 803 4031 solum
836 3974 907 4028 ut
942 3973 1041 4029 est
1080 3973 1493 4042 tormentum,
1526 3983 1653 4028 non
1684 3983 1827 4047 pro-

324 4076 394 4132 ut
433 4073 812 4151 perpetuam
854 4084 891 4128 a
928 4065 1057 4127 Deo
1095 4063 1519 4137 aversionem,
1552 4062 1829 4125 obstina-

320 4168 567 4230 tionem
602 4165 671 4227 in
704 4163 892 4238 malo,
912 4163 1222 4226 etodium
1253 4162 1466 4225 omnis
1496 4160 1649 4224 boni
1676 4179 1827 4224 vere

1938 3181 2025 3242 ita
2054 3180 2452 3244 Christianus
2483 3199 2550 3242 se
2583 3181 2822 3244 molere
2852 3180 3042 3243 debet
3079 3181 3246 3243 inter
3277 3182 3436 3243 duas

1936 3280 2300 3361 spirituales
2355 3279 2577 3353 molaS,
2629 3279 2750 3342 hoc
2797 3287 2916 3353 est,
2969 3278 3312 3342 salubriter
3365 3298 3434 3342 se

1936 3376 2312 3451 annihilare,
2363 3377 2539 3460 parvi
2592 3376 2895 3459 pendere,
2947 3385 3012 3440 et
3069 3395 3184 3460 pro
3231 3377 3436 3439 nihilo

1936 3482 2250 3556 reputare.
2275 3474 2450 3547 Quod
2481 3474 2534 3535 si
2566 3473 2812 3549 fecerit,
2839 3475 3005 3536 intra
3032 3482 3166 3537 rete
3195 3474 3432 3537 diaboli

1936 3589 2063 3634 non
2110 3572 2342 3653 poterit
2387 3571 2679 3646 detineri,
2729 3572 3266 3654 quemadmodum
3321 3570 3436 3634 mi-

1937 3669 2293 3732 nutissimae
2323 3667 2606 3730 bestiolae
2645 3669 2998 3751 pervolant,
3033 3668 3146 3731 ubi
3179 3669 3436 3752 capiun-

1934 3775 2041 3829 tur
2090 3767 2382 3848 majores.
2433 3765 2540 3829 121ae
2587 3775 2801 3829 autem
2855 3767 3038 3830 molae
3087 3775 3236 3829 sunt
3287 3787 3433 3850 spes

1936 3873 2001 3928 et
2046 3866 2259 3939 timor,
2313 3864 2397 3927 ita
2446 3864 2615 3946 quod
2663 3883 2809 3947 spes
2859 3865 3062 3928 veniae
3111 3866 3314 3927 tendit
3359 3883 3433 3928 ac

1936 3963 2129 4026 trahit
2173 3981 2450 4036 sursum,
2483 3981 2564 4024 nc
2603 3961 2944 4046 desperes;
2987 3963 3178 4026 timor
3217 3971 3432 4026 autem

1932 4061 2162 4143 judicii
2201 4079 2274 4123 ac
2311 4061 2612 4123 tormenti
2655 4060 2986 4124 descendit
3013 4079 3086 4124 ac
3117 4061 3314 4124 trahit
3343 4061 3434 4124 in·

1935 4159 2160 4234 serius,
2211 4178 2292 4222 ne
2350 4158 2736 4221 intumescas
2795 4177 3004 4241 neque
3061 4177 3427 4242 praesumaS.

323 4264 579 4330 honesti
620 4261 910 4326 includit.
956 4261 1243 4343 Denique
1287 4260 1353 4322 in
1398 4260 1824 4342 Vitaspatrum
1856 4265 1907 4328 D
1936 4259 2079 4323 Haec
2121 4257 2679 4322 Antisiodorensis.

320 4371 641 4436 narratur,
666 4361 837 4444 quod
868 4360 1239 4424 beatissimo
1268 4359 1432 4442 patri
1463 4365 1679 4422 nostro
1706 4360 1829 4421 An-

322 4464 499 4528 tonio
546 4461 854 4524 residenti
900 4460 965 4522 in
1009 4476 1226 4522 eremo
1270 4457 1531 4540 angelus
1570 4465 1826 4520 sanctus

321 4561 730 4626 denuntiavit
777 4577 792 4622 ε
838 4558 1095 4634 Antoni,
1143 4557 1427 4622 nondum
1480 4557 1825 4640 pervenisti

323 4663 399 4726 ad
446 4679 842 4734 mensuram,
876 4659 939 4720 id
976 4665 1075 4721 est
1112 4657 1595 4741 perfectionem,
1630 4655 1825 4718 coria—

321 4763 402 4825 rii
444 4761 623 4824 illius
664 4759 731 4821 in
770 4756 1169 4820 Alexandria.
1204 4757 1339 4829 Quo
1368 4756 1604 4829 audito,
1636 4754 1825 4817 Anto-

322 4863 469 4924 nius
501 4859 690 4922 illum
720 4855 1011 4930 accessit,
1044 4861 1109 4916 et
1136 4854 1299 4917 dixit
1330 4871 1345 4916 t
1379 4854 1527 4928 Quae
1556 4861 1653 4916 est
1682 4871 1827 4916 con-

322 4959 599 5022 versatio
642 4958 797 5018 tua?
836 4954 952 5028 Qui
998 4961 1143 5035 post
1183 4952 1435 5033 longam
1480 4951 1577 5013 sui
1624 4951 1826 5034 ipsius

324 5056 844 5121 humiliationem
900 5051 1160 5115 tandem
1220 5051 1547 5132 respondit
1599 5068 1614 5112 :
1676 5051 1825 5114 Om-

324 5157 393 5219 ni
442 5173 633 5219 mane
680 5160 1024 5235 antequam
1067 5149 1317 5232 operari
1368 5149 1629 5231 incipio,
1678 5166 1827 5230 rogo

324 5257 552 5330 Deum,
578 5261 651 5316 ut
678 5259 808 5316 tota
836 5251 973 5315 haec
1004 5249 1229 5312 civitas
1261 5255 1521 5330 propter
1546 5247 1826 5328 justitias

326 5375 475 5420 suas
502 5354 808 5426 salvetur,
840 5357 905 5412 et
932 5366 1049 5430 ego
1078 5348 1253 5411 solus
1282 5353 1545 5429 propter
1569 5355 1827 5430 peccata

2013 4457 2150 4520 Jam
2183 4456 2486 4539 quaeritur
2515 4457 2593 4519 de
2625 4455 2968 4520 effectibus
3007 4456 3429 4534 contritionis,

1936 4575 2013 4619 an
2049 4556 2325 4618 remittat
2362 4563 2643 4637 peccata,
2677 4561 2740 4616 et
2777 4555 3045 4636 gratiam
3087 4563 3326 4630 causet,
3357 4576 3431 4619 ac

1934 4663 2133 4718 totam
2166 4672 2418 4736 poenam
2450 4653 2651 4735 possit
2681 4652 2944 4714 diluere.
2969 4654 3234 4716 Videtur
3263 4655 3430 4738 quod

1936 4772 2085 4828 non,
2118 4752 2272 4835 quia
2297 4752 2471 4814 solus
2501 4753 2667 4814 Deus
2697 4751 2964 4812 dimittit
2991 4761 3279 4834 peccata3
3313 4772 3430 4817 nec

1934 4871 2085 4915 vera
2114 4850 2386 4913 habetur
2423 4849 2719 4912 contritio
2757 4849 2896 4911 sine
2930 4850 3132 4930 gratia
3169 4853 3427 4933 praevia,

1935 4969 2135 5034 quum
2167 4949 2463 5012 contritio
2493 4948 2578 5010 sit
2605 4948 2784 5010 dolor
2812 4965 2937 5010 non
2971 4947 3286 5024 informis,
3319 4951 3429 5013 sed

1934 5049 2194 5112 caritate
2230 5046 2578 5124 formatu83
2620 5053 2685 5108 et
2720 5045 3195 5127 quantumlibet
3232 5049 3432 5128 poeni-

1934 5156 2075 5210 tens
2103 5151 2316 5227 gemat
2343 5163 2418 5206 ae
2447 5143 2674 5227 ploret,
2710 5143 3064 5226 imponitur
3092 5145 3151 5206 ei
3185 5145 3429 5209 satisfa-

1936 5247 2064 5310 ctio
2092 5245 2308 5327 aliqua
2347 5243 2411 5305 in
2451 5243 2706 5323 signum
2744 5242 2913 5323 quod
2956 5252 3286 5325 permanet
3323 5245 3430 5308 de-

1938 5345 2105 5409 bitor
2143 5361 2367 5426 poenae.
