4267 6250
521 517 750 576 Qusssr.
791 519 858 568 vl
899 519 914 565 2
955 519 1044 567 AN
1087 517 1536 567 smmum
1575 515 1694 565 HOC
1735 515 1991 564 nanum!
2032 518 2126 564 sn·
2167 518 2269 565 ms
2310 518 2413 576 om
2452 517 2807 568 Noscmrmn
2846 517 2992 568 Bssn
3032 519 3269 569 mntem
3348 501 3469 568 245

361 689 524 754 lium
571 693 1029 775 potentiarum,
1076 711 1218 776 quae
1265 693 1331 754 in
1379 707 1606 755 somno
1646 689 1863 772 aliquo
1892 688 1943 752 A

365 792 554 855 modo
593 791 876 873 ligantur
913 800 977 856 et
1016 791 1480 874 conquiescunt
1513 807 1528 852 :
1563 789 1706 853 ideo
1735 807 1863 852 non

363 897 574 971 potest
633 909 776 954 esse
830 899 1165 974 peccatum
1225 890 1291 952 in
1340 887 1603 953 somnis.
1656 887 1866 951 Potest

360 995 577 1051 tamen
629 988 695 1051 in
744 990 840 1052 eis
885 1008 1025 1052 esse
1070 987 1312 1071 peccati
1358 987 1630 1051 effectus
1673 993 1737 1050 et
1782 985 1863 1048 si-

359 1103 580 1166 gnum.
625 1087 901 1150 Pollutio
938 1093 1150 1149 autem
1193 1086 1512 1149 interdum
1554 1084 1865 1165 contingit

361 1203 437 1246 ex
475 1184 796 1249 diabolica
837 1184 1157 1259 illusione,
1188 1184 1530 1267 aliquando
1566 1201 1645 1246 ex
1684 1182 1862 1244 infir-

363 1283 582 1346 mitate
631 1291 896 1358 naturae,
939 1291 1006 1347 et
1045 1290 1314 1365 utroque
1364 1283 1554 1345 modo
1596 1299 1722 1344 non
1767 1286 1865 1343 est

361 1390 722 1465 peccatum,
783 1402 903 1446 nec
961 1382 1205 1466 peccati
1265 1381 1538 1446 effectus
1605 1399 1723 1443 nec
1779 1380 1862 1442 si-

359 1499 602 1562 gnum3
641 1481 988 1565 aliquando
1026 1499 1179 1544 vero
1217 1499 1294 1544 ex
1335 1479 1720 1563 praecedenti
1759 1495 1862 1542 co-

360 1580 690 1661 gitatione,
732 1579 1114 1662 quandoque
1153 1599 1189 1642 a
1227 1578 1504 1661 crapula.
1549 1576 1666 1641 Ubi
1711 1593 1862 1658 ergo

363 1678 630 1741 dubium
677 1683 796 1752 est,
838 1697 920 1741 an
965 1686 1174 1742 ortum
1215 1677 1444 1741 habeat
1487 1695 1565 1740 ex
1609 1675 1859 1739 mortali

363 1785 645 1860 peccato,
693 1776 884 1840 debet
922 1777 1114 1839 homo
1152 1796 1188 1839 a
1227 1774 1679 1840 communione
1717 1773 1858 1837 abs-

2404 822 2878 897 QUAESTIO
2942 823 3051 888 VI

2100 1087 2389 1151 Ostremo
2454 1086 2560 1149 hic
2629 1086 2957 1169 quaeritur,
3020 1087 3151 1154 An
3218 1103 3471 1156 saera-

2124 1187 2484 1254 mentum
2550 1185 2703 1254 hoo
2770 1185 3115 1253 dandum
3173 1187 3284 1252 sit
3336 1185 3469 1253 his

1972 1286 2109 1368 qui
2138 1284 2582 1351 noscuntur
2609 1298 2777 1352 esse
2810 1284 3146 1365 indis-m,
3176 1287 3273 1350 ut
3302 1300 3468 1352 sus·

1972 1386 2227 1467 pectis
2269 1384 2368 1450 de
2405 1385 2765 1464 crimine,
2796 1383 3245 1451 amentibus
3282 1398 3465 1466 quo-

1973 1497 2124 1565 que
2166 1485 2248 1548 et
2289 1483 2587 1563 puer1s.

2049 1581 2315 1643 Videtur
2357 1579 2526 1662 quod
2571 1596 2697 1642 non
2742 1579 2826 1641 sit
2867 1578 3321 1661 porrigendum
3370 1579 3463 1643 in-

1971 1680 2200 1760 dignis.
2255 1679 2426 1742 Dixit
2469 1677 2666 1752 enim,
2715 1678 2844 1741 imo
2898 1685 2963 1740 et
3006 1678 3201 1760 jussit
3256 1679 3464 1743 Salva-

1969 1786 2070 1841 tor
2097 1795 2111 1839 ε
2145 1777 2351 1841 Nolite
2380 1784 2669 1840 sanctum
2700 1776 2848 1839 dare
2877 1777 3162 1840 canibus.
3188 1777 3309 1842 Sed
3338 1778 3461 1840 hoc
3500 1795 3759 1851 uanam,

363 1876 564 1939 tinere
603 1895 682 1940 ex
721 1877 1099 1940 necessitate
1138 1895 1250 1939 seu
1288 1874 1523 1938 debito.
1558 1872 1676 1936 Ubi
1707 1890 1858 1936 vero
1893 1873 1941 1936 B
1971 1883 2439 1942 sacramentum
2479 1875 2954 1939 sanctissimum
2987 1884 3084 1940 est
3117 1894 3131 1940 :
3163 1894 3313 1959 ergo
3343 1877 3462 1940 ini·
3518 1888 3531 1901 ·

366 1991 487 2038 non
529 1975 736 2037 oritur
769 1992 849 2037 ex
890 1973 1163 2048 mortali,
1194 1973 1514 2036 abstinere
1557 1971 1748 2035 debet
1781 1991 1860 2034 ex

367 2073 690 2136 honestate
723 2092 836 2136 seu
867 2073 1294 2155 congruitate3
1319 2091 1444 2135 non
1475 2078 1688 2133 tamen
1720 2088 1862 2153 pec-

367 2181 482 2246 cat,
527 2173 584 2235 si
629 2171 1080 2236 communicet.
1129 2170 1246 2234 Ubi
1290 2187 1442 2234 vero
1485 2187 1613 2232 non
1660 2169 1862 2233 oritur

369 2290 440 2334 ex
483 2277 768 2352 peccato,
801 2270 867 2332 in
909 2268 1171 2332 arbitrio
1208 2267 1488 2331 hominis
1531 2274 1630 2330 est
1668 2266 1861 2329 absti-

369 2387 514 2432 nere
563 2377 630 2431 et
677 2387 804 2431 non
857 2366 1195 2430 abstinere.
1250 2367 1510 2449 Propter
1567 2383 1860 2428 reveren-

371 2467 516 2530 tiam
555 2467 820 2529 demum
859 2465 1238 2528 sacramenti
1279 2463 1640 2528 excluditur
1667 2464 1862 2527 homo

373 2585 406 2626 a
441 2564 889 2628 communione
929 2562 1285 2646 tripliciter.
1331 2563 1560 2638 Primo,
1603 2567 1863 2645 propter

375 2661 785 2727 reverentiam
817 2661 1148 2725 exterioris
1177 2659 1556 2724 sacramenti
1587 2677 1604 2722 t
1641 2661 1861 2743 sicque

377 2761 646 2825 excludit
695 2760 964 2844 pollutio
1009 2767 1073 2822 et
1119 2758 1526 2822 immunditia
1575 2775 1862 2841 corpora-

380 2859 469 2922 lis.
503 2859 812 2933 Secundo,
846 2865 1107 2941 propter
1137 2857 1558 2920 reverentiam
1589 2857 1682 2920 rei
1714 2874 1860 2919 con-

379 2965 556 3022 tentae
588 2975 603 3020 :
635 2964 703 3020 et
731 2957 816 3019 ita
847 2955 1130 3019 excludit
1167 2955 1454 3019 defectus
1494 2955 1756 3019 rationis
1793 2955 1862 3018 in

381 3056 584 3138 pueris
621 3063 686 3119 et
713 3053 1096 3118 amentibus.
1130 3053 1362 3130 Tertio,
1397 3061 1657 3139 propter
1685 3073 1862 3118 reve·
1896 3055 1941 3120 C

385 3154 634 3217 rentiam
685 3154 777 3217 rei
827 3152 1200 3235 significatae
1249 3170 1377 3216 non
1421 3160 1754 3228 contentae,
1798 3153 1860 3215 id

383 3260 470 3315 est
507 3252 753 3335 mystici
786 3251 1070 3333 corporis
1101 3268 1214 3314 seu
1245 3251 1690 3315 ecclesiasticae
1721 3250 1862 3313 uni-

383 3352 550 3414 tatis:
579 3352 800 3435 sicque
835 3349 1120 3413 excludit
1150 3349 1481 3413 vinculum
1513 3348 1858 3424 interdicti,

383 3458 438 3515 et
499 3449 956 3534 suspensioniS,
1025 3456 1090 3511 et
1155 3448 1855 3512 excommunicationis,

381 3549 510 3613 llaee
549 3551 788 3614 Petrus.

453 3648 796 3713 Concordat
832 3646 1207 3720 Richardus,
1251 3644 1354 3707 cui
1393 3643 1648 3707 videtur
1691 3645 1860 3726 quod

383 3748 618 3828 quando
661 3745 933 3829 pollutio
980 3754 1292 3809 nocturna
1336 3743 1540 3807 oritur
1581 3761 1658 3805 ex
1704 3761 1862 3824 prae-

381 3844 492 3908 viis
533 3842 1022 3927 cogitationibus
1062 3843 1163 3906 vel
1209 3842 1489 3926 crapulis
1533 3858 1659 3905 non
1701 3858 1864 3904 mor-

383 3942 622 4017 talibus,
663 3960 792 4006 non
830 3942 912 4005 de
948 3940 1324 4005 necessitate
1372 3934 1642 4023 impedit
1690 3957 1862 4004 com-

385 4042 760 4105 munionem.

451 4140 894 4203 Verumtamen
935 4137 1056 4201 is‘ta
1092 4156 1234 4219 quae
1263 4137 1482 4200 Petrus
1514 4145 1578 4200 et
1605 4137 1860 4201 Richar-

1971 1973 2139 2054 quis,
2192 1972 2305 2056 qui
2360 1990 2549 2036 canes
2600 1980 2909 2036 vocantur
2966 1973 3032 2037 in
3092 1973 3459 2057 ScripturiS,

1970 2070 2251 2134 dandum
2282 2091 2410 2135 non
2441 2079 2555 2135 est.
2590 2107 2670 2117 —
2708 2071 3022 2147 Secund0‚
3068 2090 3195 2136 non
3235 2080 3331 2136 est
3366 2092 3467 2136 ac-

1971 2170 2432 2250 quiescendum
2463 2189 2583 2234 nec
2613 2171 3083 2254 cooperandum
3116 2171 3330 2253 impiae
3360 2190 3466 2236 vo-

1973 2266 2242 2348 luntati3
2293 2270 2404 2332 sed
2461 2269 2721 2352 iniquus
2779 2277 3002 2352 petens
3059 2268 3185 2332 sibi
3232 2269 3465 2333 Christi

1971 2383 2205 2449 corpus
2254 2365 2566 2442 exhiberi,
2617 2374 2715 2429 est
2762 2385 3078 2450 perversae
3126 2386 3201 2430 ac
3250 2367 3467 2450 impiae

1972 2465 2319 2529 voluntatis
2353 2483 2368 2528 ε
2412 2483 2562 2547 ergo
2600 2483 2727 2529 non
2767 2472 2864 2528 est
2896 2465 3022 2528 sibi
3057 2464 3467 2548 acquiescen-

1973 2563 2126 2626 dum
2180 2564 2245 2626 in
2292 2564 2431 2628 hoc.
2474 2600 2555 2609 —
2600 2563 2831 2638 Terti0,
2884 2563 3267 2627 medicinam
3316 2564 3466 2627 dare

1973 2669 2209 2744 aegroto
2256 2681 2397 2744 quae
2454 2661 2513 2724 ei
2568 2659 2895 2724 mortifera
2940 2668 3057 2736 est,
3107 2668 3206 2723 est
3252 2661 3466 2744 ipsum

1973 2760 2297 2840 occidere;
2328 2761 2463 2824 haec
2506 2767 2720 2823 autem
2757 2758 3073 2822 medicina
3102 2757 3363 2840 ingratis
3402 2766 3467 2821 et

1974 2857 2253 2940 indignis
2298 2866 2396 2922 est
2438 2858 2747 2941 pabulum
2792 2857 3014 2921 mortis
3056 2875 3135 2920 ex
3184 2865 3361 2940 parte
3402 2865 3467 2920 et

1972 2956 2164 3039 culpa
2194 2957 2475 3040 ipsorum
2502 2973 2691 3037 :ergo
2720 2955 2814 3019 eis
2844 2955 3065 3019 donari
3095 2972 3223 3019 non
3253 2955 3460 3019 debet.

2049 3155 2146 3217 Ad
2184 3155 2305 3217 hoc
2342 3154 2783 3218 Bonaventura
2824 3155 3163 3238 respondet
3194 3172 3209 3218 ε
3252 3155 3466 3219 Sacer-

1971 3254 2084 3317 dos
2114 3252 2307 3315 debet
2345 3253 2495 3316 dare
2534 3252 2655 3316 hoc
2685 3260 3152 3316 sacramentum
3185 3253 3244 3316 ei
3274 3272 3467 3336 quem

1972 3352 2093 3413 scit
2131 3370 2272 3413 esse
2314 3357 2735 3434 peccatorem,
2769 3351 2823 3413 si
2864 3351 2931 3413 in
2970 3350 3234 3433 publico
3270 3359 3465 3435 petat,

1971 3457 2035 3513 et
2073 3456 2406 3532 peccatum
2447 3447 2588 3531 ejus
2628 3448 2711 3511 sit
2750 3448 3059 3530 ignotum,
3092 3458 3156 3513 et
3194 3450 3331 3532 ipse
3370 3468 3469 3514 so-

1972 3547 2071 3610 lus
2112 3547 2233 3611 hoc
2276 3546 2451 3610 sciat.
2488 3547 2551 3609 Si
2593 3565 2744 3610 vero
2782 3546 2865 3609 sit
2904 3547 3284 3611 manifestus
3320 3567 3467 3631 pec·

1971 3653 2167 3720 cator,
2200 3646 2495 3708 sacerdos
2536 3645 2596 3707 ei
2641 3663 3044 3727 nequaquam
3089 3645 3279 3710 debet
3320 3664 3469 3710 con-

1971 3743 2154 3818 ferre,
2174 3744 2309 3806 sive
2340 3743 2404 3806 in
2439 3742 2695 3825 publico
2724 3750 2913 3826 petat,
2933 3743 3069 3807 sive
3100 3744 3166 3806 in
3197 3744 3463 3827 privato,

1973 3851 2042 3904 ut
2066 3841 2322 3904 divinus
2346 3840 2682 3924 Dionysius
2709 3848 3099 3924 protestatur.
3116 3842 3466 3926 Cyprianus
3548 3865 3610 3911 n.
3642 3865 3758 3911 8001.

1972 3957 2227 4024 quoque
2274 3957 2287 4001 :
2337 3939 2591 4002 Sacram
2634 3939 2901 4022 (inquit)
2942 3941 3463 4005 communionem
3493 3927 3740 3974 ''⁵“·⁶·¹²¹·

1970 4036 2391 4102 histrionibus
2433 4036 2591 4112 dari,
2632 4044 2789 4120 puto
2831 4057 2950 4101 nec
2992 4038 3225 4104 divinae
3270 4040 3464 4122 maje-

1971 4136 2116 4200 stati
2162 4154 2281 4198 nec
2323 4134 2769 4200 ecclesiasticae
2811 4136 3167 4219 disciplinae
3202 4156 3467 4220 congru-

384 4236 490 4300 dus
513 4237 786 4301 breviter
815 4236 1104 4299 scribunt
1132 4236 1212 4299 de
1241 4235 1697 4317 pollutionibus
1723 4234 1860 4297 istis
1890 4241 1939 4303 D
1970 4254 2094 4299 ere.
2145 4235 2325 4298 Ratio
2370 4240 2584 4296 autem
2625 4252 2822 4316 quare
2862 4234 2927 4298 in
2966 4243 3265 4318 praetacto
3312 4256 3465 4301 easu

385 4336 714 4411 nocturniS,
748 4353 877 4399 non
918 4340 1070 4397 sunt
1107 4334 1192 4396 ita
1223 4333 1498 4396 resoluta
1527 4341 1599 4394 ut
1626 4332 1862 4416 scripta

387 4432 618 4497 Thomae
663 4441 728 4497 et
766 4432 1030 4495 Alberti.
1076 4432 1166 4495 Ex
1207 4449 1481 4515 quorum
1521 4431 1708 4493 dictis
1751 4450 1859 4493 au-

391 4531 654 4595 ctoritate
726 4530 1010 4613 Gregorii
1080 4529 1413 4603 roboratiS,
1480 4528 1856 4603 ostenditur,

391 4630 540 4709 quod
569 4628 836 4712 pollutio
876 4635 1186 4692 nocturna
1223 4628 1573 4711 procedens
1607 4646 1686 4689 ex
1716 4626 1860 4689 illu-

391 4724 548 4789 sione
573 4727 888 4791 diabolica
922 4746 1114 4809 quam
1153 4727 1347 4790 homo
1379 4726 1442 4788 in
1474 4724 1694 4807 vigilia
1723 4743 1863 4808 pec-

1971 4334 2251 4396 dandum
2285 4332 2367 4394 sit
2407 4331 2645 4415 impiis,
2679 4339 2776 4394 est
2804 4333 3107 4415 quoniam
3138 4336 3342 4398 nescit
3370 4355 3465 4399 sa-

1971 4432 2193 4495 cerdos
2240 4450 2320 4493 an
2373 4431 2538 4493 Deus
2586 4430 2741 4493 velit
2799 4431 3047 4495 occulte
3099 4434 3347 4516 operari
3399 4436 3464 4498 in

1971 4529 2142 4608 illis;
2190 4530 2368 4603 item,
2419 4545 2501 4590 ne
2561 4530 2785 4610 prodat
2838 4530 3162 4593 occultum
3222 4532 3463 4595 crimen

1971 4627 2221 4710 iniqui3
2262 4626 2468 4700 tertio,
2503 4645 2583 4690 ne
2623 4625 2781 4688 alios
2822 4628 3242 4710 scandalizet3
3283 4649 3466 4712 quar·

1970 4734 2056 4800 te,
2083 4726 2236 4808 quia
2263 4725 2553 4787 occultus
2583 4730 3009 4805 transgressor
3037 4726 3244 4790 adhuc
3273 4728 3467 4793 babet

391 4825 568 4888 cando
599 4825 829 4889 meruit
858 4824 988 4908 pati
1017 4843 1092 4887 ac
1123 4824 1210 4887 ita
1240 4823 1560 4898 illudi,est
1587 4823 1860 4887 effectus
1965 4824 2072 4906 jus
2119 4824 2185 4885 in
2223 4821 2387 4885 facie
2428 4821 2727 4885 Ecclesiae
2774 4821 2851 4883 ad
2896 4822 3327 4887 ecclesiastica
3370 4846 3463 4889 sa-

391 4930 446 4984 et
469 4922 708 5006 signum
743 4922 1012 5007 peccati,
1033 4940 1158 4986 non
1193 4929 1406 4985 tamen
1439 4941 1694 5005 semper
1723 4940 1863 5004 pec·

393 5022 498 5083 cati
539 5022 836 5087 mortalis.

458 5120 522 5181 In
549 5119 934 5203 proehabitiS,
968 5118 1139 5180 dicta
1169 5117 1438 5180 aliorum
1469 5118 1546 5181 de
1579 5118 1699 5181 ista
1729 5138 1860 5181 ma-

395 5217 534 5280 teria
583 5236 776 5300 super
830 5217 1004 5279 hunc
1067 5216 1280 5279 locum
1339 5217 1490 5277 satis
1548 5218 1859 5280 contineri

397 5313 680 5378 videntur.

1970 4928 2314 4994 eramenta,
2358 4918 2509 5002 quia
2552 4920 2631 4981 de
2678 4918 2947 4981 occultis
2996 4919 3279 4983 Ecclesia
3326 4923 3465 5006 ipsa

1969 5038 2095 5084 non
2144 5019 2407 5100 judicat.
2459 5018 2603 5081 Haec
2648 5017 3109 5081 Bonaventura.
3158 5054 3240 5065 —
3287 5022 3460 5084 Idem

1969 5117 2341 5191 RicharduS,
2379 5116 2620 5190 Petrus,
2653 5114 2891 5196 aliique
2934 5118 3378 5182 communiter.

2049 5214 2399 5298 Responsio
2422 5232 2677 5296 quoque
2701 5212 2954 5278 Thomae
2980 5214 3143 5277 redit
3172 5215 3236 5278 in
3270 5216 3458 5294 idem,

1971 5314 2243 5378 dicentis
2278 5331 2291 5375 ε
2325 5312 2389 5376 Si
2428 5311 2719 5375 sacerdos
2758 5311 2916 5375 sciat
2952 5321 3283 5395 peccatum
3319 5316 3461 5399 ejus
