4267 6250
854 490 973 555 112

1510 506 1575 553 IN
1616 505 1840 554 Lunum
1880 506 1943 552 1v
1983 505 2466 553 summrlmmt.
2509 524 2592 535 —
2631 506 2784 553 msr.
2826 506 2937 570 1113
2977 506 3204 564 QUAEST.
3246 508 3316 554 111

850 698 1027 743 smus
1053 697 1068 742 τ
1091 676 1215 741 nisi
1245 677 1409 741 forte
1437 696 1603 760 aqua
1634 676 1979 741 misceatur
2005 695 2121 760 per
2150 684 2351 739 artem
2383 678 2432 742 A
2463 676 2592 740 cies
2655 680 2870 740 rerum
2933 696 3082 741 vere
3146 676 3496 760 permutari
3558 695 3686 741 non
3749 694 3970 759 posse.

851 777 917 839 in
970 776 1321 859 quantitate
1382 783 1511 839 tam
1572 795 1767 859 parva
1821 775 2013 837 alicui
2074 774 2348 858 corpori,

848 877 1019 957 quod
1068 874 1495 957 compositum
1556 874 1757 955 magis
1805 874 1888 936 sit
1934 873 2108 936 aliud
2156 892 2350 956 quam

848 992 1033 1056 aqua,
1076 973 1244 1035 sicut
1291 972 1495 1034 lutum
1548 972 1749 1052 magis
1798 978 1895 1033 θεῖ
1940 979 2109 1033 terra
2159 990 2350 1053 quam

848 1091 1033 1155 aqua,
1068 1080 1132 1135 et
1170 1072 1395 1134 vinum
1441 1071 1840 1154 lymphatum
1886 1070 2085 1150 magis
2125 1077 2222 1133 θεῖ
2259 1069 2352 1131 vi·-

849 1190 1005 1233 num
1048 1190 1241 1253 quam
1286 1189 1467 1252 aqua.
1507 1168 1975 1232 Transmutatio
2015 1186 2168 1231 vero
2209 1187 2352 1250 quae

848 1268 928 1332 fit
947 1288 984 1331 a
1008 1276 1247 1342 natura,
1262 1268 1582 1331 interdum
1611 1268 1891 1350 speciem
1918 1267 2107 1331 solvit
2132 1283 2348 1349 aquae:

848 1368 1015 1431 sicut
1054 1367 1208 1429 dum
1251 1385 1417 1449 aqua
1452 1366 1532 1429 fit
1560 1367 1638 1429 de
1673 1365 2028 1429 substantia
2066 1364 2352 1447 corporis

848 1465 1052 1529 mixti.
1097 1465 1457 1547 Aliquando
1503 1472 1718 1527 autem
1766 1464 1847 1527 fit
1896 1482 2012 1546 per
2058 1470 2350 1526 naturam

848 1564 1293 1627 transmutatio
1332 1582 1512 1646 aquae
1546 1564 1685 1625 sine
1714 1582 1847 1627 suae
1878 1571 2121 1626 naturae
2151 1562 2352 1645 speci-

847 1662 992 1727 ficae
1041 1662 1478 1736 dissolutione,
1524 1670 1595 1723 ut
1636 1668 1809 1743 patet
1851 1662 1930 1725 de
1978 1680 2142 1744 aqua
2189 1661 2352 1724 cale-

850 1762 1016 1825 facta
1066 1781 1103 1823 a
1149 1761 1301 1824 sole.
1356 1760 1431 1822 Et
1482 1760 1546 1823 in
1596 1760 1882 1843 qualibet
1928 1779 2095 1842 aqua
2154 1760 2354 1842 quali·

2463 776 2626 858 Ergo
2673 777 2752 840 de
2811 796 2878 841 re
2930 796 3072 859 quae
3129 783 3226 839 est
3273 775 3537 839 alterius
3593 776 3836 859 speciei
3890 774 3976 838 ab

2461 893 2646 956 aqua,
2688 892 2816 938 non
2865 881 3074 957 potest
3120 873 3268 936 fieri
3318 872 3564 957 species
3611 892 3814 956 aquae.
3866 874 3976 936 Di-

2461 973 2760 1048 cendum,
2809 972 2978 1055 quod
3031 972 3208 1034 nulla
3253 971 3611 1035 artificialis
3656 991 3825 1055 aqua
3875 979 3980 1034 est

2461 1071 2768 1153 Baptismi
2818 1070 3106 1144 materia,
3158 1069 3311 1153 quia
3363 1068 3430 1133 in
3476 1089 3642 1153 aqua
3690 1067 3976 1133 naturali

2463 1169 2792 1232 dumtaxat
2821 1168 3098 1232 instituit
3127 1187 3277 1232 eum
3307 1168 3615 1233 Christus.
3641 1168 3979 1251 Neeaqua

2464 1284 2719 1332 rosacea
2755 1276 2853 1330 est
2890 1267 3025 1330 veri
3071 1266 3351 1330 nominis
3391 1285 3575 1349 aqua.
3609 1266 3856 1354 Nempe
3903 1274 3979 1329 ut

2463 1365 2652 1429 tertio
2701 1366 2867 1428 libro
2915 1365 3198 1447 loquitur
3244 1365 3688 1440 Damascenu8‚
3737 1372 3978 1427 natura

2464 1464 2586 1527 rei·
2615 1483 2730 1548 per
2777 1464 3102 1547 propriam
3162 1463 3564 1545 cognoscitur
3617 1464 3970 1527 actionem.

2463 1563 2778 1644 Naturalis
2824 1570 3039 1625 autem
3087 1562 3254 1625 actio
3299 1581 3481 1645 aquae
3527 1580 3799 1627 rosaceae
3839 1562 3977 1625 alia

2463 1671 2559 1725 est
2587 1682 2624 1724 a
2657 1662 2930 1725 naturali
2971 1661 3220 1725 actione
3257 1680 3439 1744 aquae
3468 1678 3633 1725 verae
3669 1680 3746 1723 ac
3784 1668 3978 1724 natu-

2464 1760 2636 1835 ralis,
2679 1761 2980 1843 quoniam
3023 1761 3330 1823 naturalis
3371 1779 3536 1842 aqua
3577 1760 3772 1822 etiam
3811 1759 3978 1822 effe-

848 1868 1225 1942 tercumque
1274 1866 1693 1922 transmutata
1744 1858 1883 1923 sine
1932 1879 2063 1923 suae
2111 1867 2352 1921 naturae
2388 1855 2435 1919 B
2465 1860 2631 1921 ctive
2671 1867 2769 1921 est
2806 1859 3107 1938 humida3
3137 1878 3303 1942 aqua
3343 1876 3494 1921 vero
3536 1876 3792 1921 rosacea
3829 1876 3976 1921 cor-

851 1959 1281 2041 corruptione,
1314 1958 1676 2039 Baptismus
1716 1957 1860 2020 fieri
1894 1957 2083 2031 valet,
2116 1975 2242 2020 non
2285 1950 2371 2018 in'

848 2057 1012 2119 aliis,
1047 2056 1369 2119 Admixtio
1408 2064 1621 2118 autem
1663 2056 2025 2118 chrismatis
2070 2074 2196 2119 non
2233 2055 2354 2118 sol-

848 2156 943 2218 vit
990 2154 1273 2237 speciem
1323 2173 1521 2236 aquae.
1576 2155 1785 2229 Porro,
1830 2154 1885 2216 si
1935 2173 2011 2216 ex
2060 2154 2196 2217 luto
2242 2160 2352 2216 aut

848 2253 973 2317 alio
1033 2253 1385 2335 ingrossato
1441 2260 1507 2315 et
1562 2252 1901 2335 inspissato
1956 2252 2353 2335 exprimatur

848 2372 1015 2435 aqua
1042 2351 1480 2426 subtili5,fieri
1516 2358 1721 2434 potest
1754 2352 1817 2413 in
1847 2370 1921 2414 ea
1950 2352 2312 2434 Baptismus
2330 2369 2348 2431 3

848 2450 1272 2514 consimiliter
1314 2450 1381 2512 in
1427 2449 1647 2512 lixivio
1688 2458 1754 2511 et
1790 2450 1971 2533 aquis
2020 2449 2346 2525 sulfureiS‚

850 2550 1000 2632 quia
1028 2566 1157 2612 non
1188 2548 1673 2630 incorporantur
1703 2548 2077 2631 corporibus
2111 2548 2346 2621 mixtiS,

848 2649 959 2711 sed
990 2648 1199 2711 solum
1232 2646 1671 2711 alterationem
1704 2649 2043 2730 quamdam
2076 2648 2349 2710 sortiun-

846 2753 954 2808 tur
982 2745 1368 2808 transeundo
1397 2763 1511 2828 per
1542 2762 1807 2828 corpora
1834 2746 2145 2827 quaedam.
2171 2745 2351 2827 Aqua

848 2862 999 2907 vero
1047 2860 1304 2906 rosacea
1350 2851 1448 2907 est
1495 2844 1706 2925 liquor
1754 2862 1911 2907 rosae
1960 2844 2276 2906 resolutus
2331 2860 2345 2906 :

848 2942 1088 3004 idcirco
1116 2941 1181 3003 in
1212 2960 1287 3004 ea
1316 2941 1344 3003 s
1346 2941 1461 3009 ieri
1492 2940 1717 3023 nequit
1743 2941 2352 3023 BaptismuS,quem-

2464 1977 2584 2039 pus
2615 1957 2892 2020 exsiccat
2923 1966 2986 2020 et
3017 1957 3413 2039 constringit,
3447 1965 3512 2019 et
3542 1956 3606 2019 in
3637 1974 3867 2039 sapore
3897 1974 3978 2019 ac

2463 2057 2654 2119 odore
2697 2055 2779 2117 ab
2820 2074 2985 2139 aqua
3031 2056 3448 2138 distinguitur
3491 2055 3802 2134 naturali3
3855 2074 3978 2118 sua

2462 2172 2716 2237 quoque
2761 2153 3074 2236 frigiditas
3117 2174 3192 2217 ac
3235 2154 3660 2237 perspicuitas
3701 2154 3976 2217 alterius

2463 2254 2636 2316 modi
2677 2262 2825 2317 sunt
2855 2272 3048 2336 quam
3090 2252 3515 2335 perspicuitas
3549 2260 3614 2315 et
3645 2252 3976 2334 frigiditas

2461 2371 2642 2434 aquae
2681 2352 3010 2425 naturalia,
3045 2351 3337 2433 quamvis
3379 2350 3500 2414 hoc
3539 2367 3667 2413 non
3709 2368 3979 2433 semper

2461 2469 2654 2513 sensu
2693 2449 3104 2533 percipiatur.
3139 2450 3251 2511 Est
3279 2448 3470 2512 etiam
3502 2449 3858 2532 composita
3891 2468 3977 2512 ex

2461 2557 2734 2631 quatuor
2775 2549 3134 2623 elementiS,
3177 2555 3240 2611 θῖ
3285 2548 3352 2610 in
3399 2548 3754 2611 substantia
3794 2566 3980 2630 gros·

2462 2647 2592 2711 sior
2628 2654 2724 2709 est
2761 2665 3167 2729 quacumque
3204 2665 3370 2729 aqua
3407 2647 3701 2721 naturali,
3733 2647 3792 2709 si
3830 2647 3978 2711 haec

2463 2753 2751 2828 separata
2781 2745 3094 2808 exstiterit
3120 2744 3200 2808 ab
3231 2744 3521 2807 omnibus
3547 2744 3840 2828 partibus
3871 2764 3981 2808 cu-

2459 2842 2728 2923 juslibet
2754 2842 3016 2905 alterius
3046 2842 3676 2924 elementi,quamvis
3705 2850 3980 2925 propter

2461 2941 2920 3004 admixtionem
2971 2960 3155 3003 suam
3204 2958 3353 3002 cum
3399 2940 3627 3003 terreis
3674 2941 3978 3023 partibus

846 3039 1191 3101 admodum
1232 3058 1351 3102 nec
1382 3039 1446 3100 in
1480 3037 1664 3121 aquis
1704 3038 2098 3117 alchimicis;
2130 3038 2239 3101 sed
2284 3038 2350 3101 in
2384 3041 2428 3105 C
2461 3039 2544 3101 sit
2574 3039 2641 3101 in
2671 3038 2886 3121 aliqua
2916 3046 3092 3121 parte
3123 3058 3238 3100 sua
3265 3038 3543 3119 grossior
3572 3057 3764 3121 quam
3801 3058 3979 3121 aqua

847 3137 1240 3219 pluvialibus
1296 3136 1503 3219 aquiS,
1554 3136 1858 3218 quoniam
1909 3136 2154 3198 nullam
2208 3154 2352 3219 pro-

847 3235 1181 3317 prietatem
1210 3235 1487 3298 retinent
1515 3235 1787 3315 alicujus
1816 3235 2101 3318 corporis
2131 3236 2347 3298 mixti:

846 3334 1017 3415 quod
1056 3334 1135 3395 de
1180 3334 1362 3415 aquis
1407 3333 1681 3396 rosaceis
1722 3341 1786 3396 et
1822 3333 2180 3396 alchimicis
2221 3333 2349 3396 dici

846 3448 975 3494 non
1037 3439 1261 3514 potest.
1318 3432 1462 3496 Haec
1520 3431 1585 3494 in
1645 3432 1925 3495 Summa.
1977 3467 2059 3478 —-
2112 3431 2348 3496 Eadem

846 3529 1088 3594 Petrus.

927 3628 1367 3714 Consonatque
1407 3628 1779 3703 RicharduS‚
1813 3636 1876 3692 θῖ
1912 3628 2093 3692 addit
2125 3648 2140 3693 :
2173 3628 2346 3693 Nihil

846 3724 1020 3789 aliud
1062 3727 1144 3789 ab
1182 3745 1347 3810 aqua
1389 3735 1487 3790 θεῖ
1522 3727 1785 3790 materia
1814 3727 2143 3810 Baptismi,
2179 3745 2349 3790 com-

849 3824 1302 3906 prehendendo
1333 3825 1452 3889 sub
1482 3845 1647 3908 aqua
1674 3825 2067 3889 ablutionem
2100 3845 2244 3908 quae
2272 3825 2351 3888 fit

850 3923 915 3986 in
965 3943 1129 4006 aqua
1170 3926 1341 4006 (quae
1388 3924 1633 3987 ablutio
1679 3932 1776 3987 est
1826 3924 2093 3987 materia
2141 3925 2350 4006 proxi-

850 4024 1001 4104 ma),
1053 4029 1119 4086 et
1166 4023 1483 4106 loquendo
1536 4023 1614 4086 de
1663 4022 1981 4105 baptismo
2031 4022 2348 4099 fluminiS,

849 4129 1038 4205 prout
1077 4121 1492 4203 distinguitur
1528 4140 1565 4183 a
1604 4121 1923 4204 baptismo
1960 4121 2248 4184 flaminis
2289 4129 2354 4184 et

2461 3157 2734 3202 rosacea.
2770 3139 2910 3202 Haec
2955 3137 3324 3200 Richardus.

2538 3236 2835 3299 Albertus
2867 3237 3128 3298 demum
3162 3236 3484 3319 praedictis
3513 3235 3857 3312 consentit,
3893 3255 3976 3302 eo

2461 3335 2632 3418 quod
2691 3336 2769 3398 de
2829 3335 3051 3397 lixivio
3100 3334 3344 3397 dictum
3392 3341 3509 3410 est,
3559 3335 3841 3418 dempto.
3899 3337 3975 3398 In

2462 3452 2628 3515 aqua
2675 3433 3034 3515 (inquiens)
3083 3432 3280 3496 mixta
3330 3431 3442 3495 ubi
3496 3433 3768 3496 solvitur
3823 3453 3976 3518 spe-

2466 3532 2596 3595 cies
2642 3551 2846 3614 aquae,
2897 3531 3043 3594 fieri
3103 3531 3328 3613 nequit
3371 3531 3757 3614 Baptismus,
3799 3533 3982 3596 sicut

2465 3637 2562 3696 est
2603 3629 2901 3693 brodium
2947 3629 3282 3712 pinguium
3325 3630 3426 3693 vel
3463 3629 3760 3707 aliorum,
3794 3633 3978 3714 quod

2465 3727 2904 3810 infrigidatum
2949 3728 3330 3808 congelatur.
3377 3728 3454 3791 Et
3495 3737 3760 3803 constat,
3793 3731 3979 3812 quod

2463 3825 2733 3888 cervisia
2771 3835 2837 3889 θῖ
2873 3826 3079 3900 urina,
3125 3833 3189 3889 θῖ
3227 3826 3446 3889 lixivia
3482 3827 3772 3909 quaedam
3824 3848 3978 3911 quae

2462 3925 2726 3986 multam
2757 3924 2949 3986 habet
2977 3925 3436 3987 admixtionem
3463 3942 3802 4016 corporum
3829 3945 3982 3990 acu-

2463 4032 2695 4097 torum,
2745 4031 2809 4085 et
2857 4042 3037 4106 aquae
3085 4042 3244 4105 quas
3295 4023 3540 4086 faciunt
3584 4024 3977 4090 alchimistae

2460 4122 2540 4186 ad
2581 4122 2884 4204 mutanda
2925 4123 3200 4197 metalla,
3232 4122 3604 4203 hujusmodi
3645 4131 3816 4186 sunt.
3849 4124 3976 4188 Ve-

848 4219 1196 4300 sanguiniS.
1230 4219 1487 4282 Materia
1530 4219 1701 4281 enim
1748 4219 2124 4282 sacramenti
2170 4227 2350 4282 natu·
2382 4224 2431 4286 D
2463 4227 2823 4310 rumtamen
2854 4220 2908 4282 si
2941 4228 3107 4284 esset
3137 4219 3434 4284 brodium
3475 4239 3601 4284 non
3641 4231 3974 4289 remotum

849 4318 1047 4381 ralem
1096 4317 1286 4380 debet
1323 4317 1557 4380 habere
1598 4317 2089 4380 similitudinem
2131 4319 2211 4381 ad
2257 4338 2350 4382 re·

850 4417 1363 4499 praesentandum
1426 4415 1699 4479 effectus
1760 4416 2164 4491 sacramenti,
2225 4424 2344 4480 etc.

846 4550 929 4561 —
956 4515 1327 4578 Sciscitatur
1364 4532 1621 4597 quoque
1657 4514 2031 4591 RicharduS,
2064 4534 2146 4578 an
2185 4535 2350 4598 aqua

844 4612 1204 4677 artificialis
1250 4613 1334 4675 sit
1378 4613 1765 4677 conveniens
1805 4613 2111 4696 Baptismi
2157 4622 2350 4678 mate-

845 4712 958 4774 ria.
1012 4711 1277 4775 Videtur
1322 4712 1493 4794 quod
1550 4712 1683 4774 imo
1730 4713 1809 4775 de
1855 4731 2021 4794 aqua
2068 4730 2344 4787 rosacea,

844 4829 987 4894 quae
1015 4829 1144 4875 non
1174 4817 1273 4874 est
1301 4810 1458 4893 quid
1501 4810 1795 4886 mixtum,
1828 4810 2129 4892 quoniam
2158 4829 2348 4874 omne

846 4911 1117 4974 mixtum
1160 4917 1256 4974 est
1282 4909 1565 4992 grossius
1598 4928 2004 4993 quacumque
2038 4929 2206 4994 aqua
2239 4930 2349 4973 na-

842 5009 1054 5072 turali.
1096 5009 1277 5091 Aqua
1317 5017 1533 5072 autem
1578 5026 1835 5072 rosacea
1874 5028 2001 5073 non
2040 5016 2139 5072 est
2175 5027 2348 5091 gros-

844 5109 975 5172 sior
1009 5127 1175 5190 aqua
1216 5108 1505 5190 qualibet
1542 5107 1835 5171 naturali.
1870 5109 1941 5170 1n
1978 5110 2347 5191 oppositum

844 5215 942 5270 est
999 5207 1169 5289 quod
1231 5215 1457 5290 quarto
1512 5208 1932 5272 Meteororum
1990 5208 2080 5271 ait
2134 5208 2345 5272 Philo-

846 5306 1087 5390 sophus
1138 5323 1153 5368 :
1210 5306 1426 5370 Sciant
1470 5305 1755 5370 artifices
1802 5305 2146 5384 alchimiae,
2199 5327 2346 5392 spe-

2461 4339 2498 4382 a
2545 4319 2761 4402 specie
2809 4319 3132 4396 elementi,
3183 4339 3260 4383 ex
3320 4321 3441 4385 hoc
3489 4322 3658 4403 quod
3707 4330 3972 4387 coctum

2463 4427 2579 4493 est,
2623 4418 2787 4482 bene
2831 4419 3156 4482 crederem
3202 4419 3268 4482 in
3314 4437 3391 4483 eo
3432 4418 3576 4483 sieri
3621 4438 3810 4503 posse
3853 4423 3976 4485 Ba-

2464 4519 2714 4601 ptisma.
2748 4554 2831 4564 —
2859 4519 3003 4581 Haec
3032 4518 3346 4581 AlbertuS.
3383 4519 3580 4601 Cujus
3607 4519 3854 4584 dictum
3887 4523 3974 4586 de

2462 4617 2707 4692 lixivio,
2741 4616 3107 4680 concordari
3141 4624 3349 4700 potest
3379 4637 3526 4681 cum
3557 4617 3772 4682 verbis
3803 4620 3974 4685 Tho-

2465 4735 2605 4791 mae,
2629 4716 2708 4779 de
2738 4715 2980 4778 lixiviis
3009 4715 3480 4798 distinguendO,
3506 4725 3695 4800 prout
3725 4717 3792 4781 in
3825 4737 3976 4783 ver-

2462 4814 2562 4878 bis
2603 4814 2844 4878 Alberti
2891 4815 3270 4877 insinuatur.

2541 4913 2867 4988 Praeterea,
2901 4920 3120 4976 contra
3152 4913 3323 4976 dicta
3355 4914 3660 4995 objicitur
3687 4914 3767 4980 de
3795 4933 3974 5000 aqua

2461 5031 2604 5094 quae
2663 5011 2855 5074 fluxit
2910 5020 3200 5094 tempore
3256 5011 3571 5095 passionis
3627 5014 3706 5077 de
3764 5014 3972 5080 latere

2461 5109 2714 5186 Christi,
2749 5117 2814 5172 θῖ
2841 5109 2965 5172 fuit
3003 5110 3431 5192 significativa
3458 5112 3798 5195 Baptismi3
3833 5133 3970 5179 non

2461 5215 2674 5272 tamen
2706 5208 2960 5270 videtur
2994 5208 3194 5271 fuisse
3225 5226 3392 5291 aqua
3430 5228 3612 5291 pura,
3645 5229 3848 5292 quum
3899 5213 3969 5276 in

2463 5324 2727 5390 corpore
2757 5306 2958 5370 mixto
2987 5324 3114 5371 non
3149 5309 3232 5370 sit
3257 5307 3629 5389 hujusmodi
3658 5328 3846 5393 aqua.
3881 5345 3970 5360 -—
