4267 6250
854 460 936 525 88
1520 476 1585 523 m
1624 476 1847 523 Lmnun
1888 470 1951 521 rv
1992 473 2476 521 siz-mmmm.
2517 490 2600 503 -—
2637 474 2791 519 nis-r.
2833 473 2920 537 1¹3
2962 474 3188 531 oufflsr.
3231 472 3307 521 nr

856 647 1004 730 plex
1034 654 1131 711 est
1157 647 1381 710 virtus.
1415 646 1569 720 Una,
1600 666 1744 728 quae
1774 644 2188 727 consequitur
2219 662 2348 705 ma·
2377 642 2428 705 A
2458 646 2912 720 conversandO,
2948 646 3242 728 quamvis
3279 644 3481 728 aliqui
3521 644 3746 708 dicunt
3779 640 3953 726 quod

854 746 1079 809 teriam
1129 747 1271 828 ejus
1320 753 1383 808 et
1426 745 1700 808 formam
1745 744 2057 819 absolute,
2102 750 2169 805 et
2211 743 2348 806 haec
2455 750 2852 805 sacramenta
2878 744 3270 807 Poenitentiae
3297 752 3360 807 et
3400 744 3711 806 Extremae
3742 741 3956 805 Uncti-

854 845 1020 909 inest
1058 846 1118 908 ei
1158 865 1235 909 ex
1281 863 1396 906 sua
1440 842 1803 907 condi-tione
1837 860 1852 905 :
1884 843 2107 925 sicque
2145 842 2348 904 virtus
2455 841 2597 903 onis
2647 842 2936 904 instituta
2982 842 3111 905 sint
3157 861 3194 904 a
3237 842 3491 917 Iacobo,
3535 842 3706 924 apud
3753 859 3950 923 quem

851 944 1094 1007 securis
1123 950 1220 1007 est
1242 944 1433 1006 etiam
1464 943 1673 1024 aliquo
1702 942 1887 1004 modo
1913 959 1950 1002 a
1980 940 2174 1003 fabro.
2190 939 2344 1015 Alia,
2457 939 2688 1021 legitur
2739 957 2752 1001 :
2806 938 3216 1004 confitemini
3265 941 3642 1004 alterutrum
3691 946 3955 1021 peccata
4021 954 4209 997 10:0⁶.

851 1062 993 1124 quae
1036 1059 1161 1104 non
1216 1042 1380 1104 inest
1422 1040 1481 1103 ei
1533 1040 1668 1125 nisi·
1703 1040 1857 1101 dum
1906 1056 2098 1120 agens
2148 1038 2350 1099 utitur
2455 1046 2703 1117 vestra3
2736 1045 2797 1099 et
2843 1057 3083 1113 rursus,
3120 1038 3490 1100 Infirmatnr
3533 1038 3677 1121 quis
3720 1056 3797 1099 ex
3846 1053 3955 1098 vo-
3983 1020 4124 1122 ’ἳΜ
4141 1082 4196 1121 ,4-

850 1158 948 1214 ec,
982 1148 1045 1203 et
1076 1140 1209 1203 haec
1243 1140 1407 1202 inest
1436 1140 1495 1201 ei
1524 1158 1561 1200 a
1591 1146 1888 1201 movente
1922 1154 1936 1198 :
1972 1137 2192 1218 sicque
2221 1136 2346 1199 vir-

2456 1135 2579 1209 bis,
2625 1144 2744 1198 etc.
2792 1135 2969 1210 Quod
3018 1154 3144 1199 non
3193 1137 3446 1200 videtur
3494 1134 3824 1219 probabile
3870 1153 3955 1197 ex

848 1245 953 1300 tus
993 1245 1055 1301 et
1094 1237 1387 1300 efficacia
1431 1237 1673 1299 securis
1714 1245 1811 1298 est
1837 1255 1874 1297 a
1912 1241 2348 1317 carpentatore

2456 1252 2758 1316 processu
2791 1234 3035 1307 litterae,
3067 1236 3369 1316 quoniam
3403 1233 3700 1297 subditur
3729 1232 3842 1307 ibi,
3875 1233 3958 1294 Et

848 1336 1181 1399 actualiter
1223 1342 1543 1418 operante.
1578 1335 1912 1415 Quumque
1955 1340 2349 1395 sacramenta
2456 1338 2629 1395 orate
2659 1350 2776 1415 pro
2807 1332 3082 1395 invicem
3118 1350 3133 1395 ε
3168 1352 3283 1416 per
3310 1333 3481 1415 quod
3513 1350 3784 1414 sequens
3824 1348 3954 1393 non

850 1436 980 1498 sint
1008 1435 1240 1498 divinae
1274 1433 1727 1496 misericordiae
1759 1432 2200 1504 instrumenta,
2221 1449 2346 1494 non

2456 1430 2826 1493 intendebat
2886 1430 3145 1513 aliquod
3203 1430 3536 1494 instituere
3592 1448 3958 1493 sacramen-

848 1540 1097 1596 tantum
1142 1532 1208 1593 in
1248 1532 1342 1594 eis
1383 1537 1481 1593 est
1519 1531 1719 1594 virtus
1763 1548 1955 1613 quam
1996 1529 2233 1591 habent
2269 1548 2346 1591 ex
2455 1536 2616 1602 tum,
2649 1547 2768 1591 nec
2807 1527 2930 1590 fuit
2971 1528 3035 1590 in
3077 1546 3153 1591 eo
3194 1528 3535 1591 auctoritas
3579 1526 3958 1591 instituendi

847 1650 964 1693 sua
1003 1637 1247 1703 natura,
1281 1630 1449 1693 sicut
1480 1630 1680 1692 virtus
1722 1628 1971 1690 lavandi
2001 1628 2253 1690 exsistit
2281 1628 2344 1690 in

2455 1625 2886 1689 ecclesiastica
2913 1633 3326 1689 sacramenta.
3359 1626 3582 1689 Melius
3612 1642 3762 1707 ergo
3801 1625 3960 1687 dici-

844 1748 1031 1811 aqua,
1064 1728 1176 1791 sed
1214 1736 1279 1790 et
1320 1728 1465 1802 alia,
1509 1746 1651 1809 quae
1695 1727 1762 1788 in
1804 1727 1897 1788 eis
1937 1732 2093 1787 tunc
2136 1725 2345 1788 solum
2454 1731 2580 1797 tur,
2631 1732 3100 1787 sacramentum
3147 1724 3540 1789 Poenitentiae
3585 1724 3957 1786 institutum

845 1835 941 1891 est
986 1828 1240 1909 quando
1286 1826 1350 1888 in
1394 1845 1516 1888 usu
1560 1833 1729 1899 sunt,
1772 1824 1892 1888 hoc
1940 1831 2057 1899 est,
2090 1825 2346 1906 quando
2376 1820 2423 1883 B
2455 1822 2624 1904 apud
2677 1822 2983 1885 Joannem
3041 1822 3152 1885 ubi
3203 1822 3295 1884 ait
3349 1822 3652 1895 Salvator,
3696 1822 3958 1904 Accipi-
4001 1832 4148 1875 lma
4153 1842 4235 1879 -11

846 1926 1049 2008 pietas
1090 1926 1201 1988 Dei
1243 1925 1442 1987 utitur
1472 1924 1584 1986 eis.
1620 1923 1697 1985 Et
1736 1924 1869 1986 haec
1902 1923 2105 1985 virtus
2145 1923 2209 1984 in
2251 1922 2345 1985 eis
2454 1929 2517 1983 te
2557 1920 2863 2003 Spiritum
2897 1921 3233 1999 Sanctum3
3263 1940 3538 2003 quorum
3578 1920 3958 1983 remiseritis
3987 1898 4143 1945 ²²’²³'

2455 2026 2734 2102 peccata,
2751 2019 3166 2081 remittuntur
3191 2019 3317 2099 eis3
3340 2026 3530 2101 atque
3560 2018 3954 2101 promissum

2455 2117 2624 2200 apud
2671 2116 3054 2190 Matthaeum,
3105 2116 3247 2179 Tibi
3292 2116 3456 2179 dabo
3504 2116 3714 2178 claves
3772 2114 3954 2197 regnj
3986 2126 4189 2170 namu
4165 2140 4238 2175 m,

2457 2215 2786 2288 coelorum‚
2838 2223 2903 2277 et
2949 2215 3402 2297 quodcumque
3459 2214 3776 2295 ligaveriS,
3827 2220 3952 2276 etc.

2455 2313 2929 2375 Sacramentum
2962 2312 3155 2375 etiam
3187 2312 3507 2375 Unctionis
3535 2313 3847 2375 Extremae
3877 2313 3962 2375 le-

2453 2411 2626 2493 gitur
2673 2410 2960 2474 Christus
3015 2410 3082 2472 in
3133 2411 3339 2473 Marco
3396 2411 3772 2483 instituisse,
3823 2426 3957 2493 quo

846 2514 1073 2576 devote
1116 2511 1401 2575 affirmat
1434 2529 1449 2573 :
1484 2512 1712 2592 Legem
1760 2509 2193 2591 evangelicam
2241 2511 2348 2573 de·
2455 2509 2756 2571 recitatur
2781 2508 2951 2590 quod
2980 2508 3260 2591 Apostoli
3293 2508 3603 2591 ungebant
3629 2509 3771 2571 oleo
3799 2510 3960 2571 mul·
4020 2531 4165 2574 um.
4189 2542 4237 2577 n.

846 2612 981 2674 cuit
1028 2610 1439 2673 sacramentis
1488 2608 1973 2692 perfectissimis
2026 2608 2341 2683 adornari,
2454 2615 2550 2671 tos
2602 2606 2917 2681 infirmos,
2947 2614 3012 2669 et
3053 2606 3377 2669 sanabant.
3422 2608 3730 2689 Denique,
3781 2608 3958 2689 quod
3991 2598 4058 2637 ¹³·

848 2710 1000 2792 quia
1029 2710 1163 2773 haec
1192 2715 1291 2771 est
1320 2708 1421 2771 lex
1450 2706 1917 2790 perfectissima
1955 2725 2147 2788 quam
2179 2707 2346 2769 Deus
2454 2725 2493 2768 a
2530 2705 2664 2768 solo
2707 2706 2836 2768 Deo
2875 2705 3162 2767 instituta
3205 2706 3334 2767 sint
3369 2712 3782 2779 sacramenta,
3817 2724 3964 2788 pro-

848 2808 1120 2871 Trinitas
1151 2807 1468 2889 disposuit
1494 2805 1740 2867 homini
1772 2804 1943 2878 dare,
1976 2812 2040 2866 et
2078 2812 2176 2867 est
2206 2804 2349 2866 ulti·
2458 2803 2662 2865 batur.
2697 2803 2869 2866 Nulli
2900 2804 3074 2866 enim
3115 2803 3420 2886 competit
3453 2804 3786 2866 instituere
3817 2822 3964 2886 pra-

852 2926 955 2969 ma
987 2907 1109 2980 lex,
1138 2906 1323 2987 juxta
1353 2905 1510 2966 illud
1539 2904 1812 2966 Matthaei
1845 2921 1859 2965 ε
1892 2902 2048 2965 Νονί
2081 2910 2146 2965 et
2175 2911 2349 2967 aeter-
2459 2903 2694 2965 cticum
2727 2901 2978 2983 signum
3008 2902 3134 2963 nisi
3163 2908 3452 2984 respectu
3485 2902 3727 2983 proprii
3757 2910 3962 2977 actus,

852 3006 918 3068 ni
966 3004 1375 3077 Testamenti,
1420 3002 1481 3064 id
1529 3010 1645 3075 est,
1687 3010 1831 3083 post
1878 3001 2047 3083 quod
2094 3001 2347 3063 nullum
2387 3003 2430 3065 C
2460 3000 2562 3063 vel
2595 3007 2888 3081 respectu
2919 2999 3179 3062 alterius
3208 3000 3319 3081 qui
3351 2999 3570 3063 subest
3607 2999 3728 3062 sibi
3762 3020 3967 3082 quan-

847 2031 945 2086 est
992 2022 1353 2086 efficienter
1396 2021 1963 2105 principaliterque
2009 2020 2089 2082 ab
2139 2021 2344 2084 omni-

846 2122 1133 2205 potentia
1173 2121 1505 2194 Creatoris,
1541 2119 1863 2183 meritorie
1901 2125 2113 2180 autem
2155 2138 2192 2179 a
2222 2119 2345 2181 vir-

844 2227 980 2282 tute
1029 2227 1093 2281 et
1142 2219 1369 2281 merito
1427 2217 1741 2301 passionis
1788 2216 2160 2280 salvatoris·
2201 2217 2344 2279 Haec

846 2317 1217 2381 Richardus.

927 2417 1195 2497 Insuper
1238 2414 1461 2478 Scotus
1505 2412 1676 2476 circa
1722 2412 1858 2476 haec
1905 2412 2226 2475 subtiliter
2272 2430 2345 2475 ac

609 2926 787 2972 Mulli.

557 3003 672 3044 xxvi,
692 2992 760 3035 28.

850 3103 1024 3166 aliud
1069 3110 1166 3165 est
1208 3100 1517 3164 futurum.
1555 3100 1625 3162 In
1670 3117 1971 3182 processu
2012 3106 2226 3162 autem
2268 3100 2348 3163 ab

852 3199 1229 3284 imperfecto
1272 3201 1351 3262 ad
1401 3199 1779 3281 perfectum,
1815 3198 2164 3280 posteriora
2202 3207 2352 3260 sunt

849 3298 1249 3383 perfectiora.
1284 3289 1547 3372 Rursus,
1580 3297 2051 3359 Testamentum
2093 3296 2214 3358 hoc
2242 3315 2351 3359 no-

848 3418 1025 3472 vum,
1059 3405 1157 3460 est
1192 3396 1557 3480 proximum
1604 3394 2090 3477 perfectissimO,
2126 3401 2348 3476 utpote

850 3497 1042 3560 statui
1082 3495 1495 3559 beatitudinis
1533 3492 1765 3556 futurae
1798 3511 1811 3554 :
1846 3510 1995 3575 ergo
2034 3500 2351 3575 compete-

850 3596 961 3658 bat
1000 3595 1327 3658 hominem
1368 3594 1433 3654 in
1474 3600 1639 3655 statu
1671 3593 2055 3655 Testamenti
2095 3599 2160 3655 et
2193 3593 2350 3673 legis

852 3695 1060 3769 istiuS,
1094 3691 1581 3776 perfectissimis
1611 3691 1944 3772 adjutoriis
1972 3691 2050 3752 ad
2080 3691 2348 3772 gratiam

854 3800 917 3856 et
945 3791 1210 3874 gloriam
1242 3790 1606 3873 praeparari,
1640 3789 2001 3870 cujusmodi
2034 3795 2185 3851 sunt
2215 3808 2351 3870 per-

852 3891 1204 3954 fectissima
1237 3895 1649 3952 sacramenta.
1673 3888 1998 3961 Praeterea,
2024 3887 2351 3970 perfectis-

853 3989 1016 4052 sima
1046 4007 1234 4050 causa
1272 3987 1599 4050 meritoria
1636 4005 1826 4069 quam
1866 3985 2140 4048 Trinitas
2178 4005 2350 4047 sum—

853 4107 957 4150 ma
1013 4088 1164 4150 dare
1220 4084 1534 4167 disposuit
1589 4084 1869 4146 humano
1925 4083 2168 4164 generi,
2229 4083 2353 4146 fuit

2462 3106 2601 3160 tum
2631 3098 2708 3160 ad
2743 3096 2923 3160 illum
2953 3104 3188 3160 actum.
3225 3098 3702 3161 Sacramentum
3743 3107 3966 3162 autem

2463 3204 2560 3259 est
2598 3196 2850 3277 signum
2883 3203 3176 3279 respectu
3221 3196 3490 3259 effectus
3529 3197 3771 3279 proprii
3805 3197 3964 3271 Deo,

2465 3314 2583 3358 nec
2614 3295 2780 3358 Deus
2810 3302 3020 3378 potest
3057 3295 3124 3357 in
3163 3303 3308 3357 actu
3349 3294 3473 3358 sibi
3513 3295 3773 3378 proprio
3809 3296 3968 3358 sub-

2463 3413 2604 3457 esse
2632 3393 2824 3455 alicui
2853 3393 3060 3466 alteri,
3093 3393 3266 3456 solus
3294 3410 3550 3476 quoque
3578 3395 3970 3457 determinat

2465 3512 2533 3555 se
2562 3493 2640 3555 ad
2672 3492 3062 3554 causandum
3095 3492 3428 3575 proprium
3459 3489 3583 3554 sibi
3623 3491 3960 3555 effectum.

2542 3589 2856 3672 AmpliuS,
2889 3589 3134 3651 homini
3177 3589 3344 3652 facto
3385 3589 3647 3653 inimico
3691 3589 3802 3652 Dei
3849 3610 3970 3672 per

2465 3688 2744 3769 culpam,
2786 3687 3102 3769 disposuit
3139 3688 3304 3750 Deus
3349 3705 3476 3750 non
3516 3689 3840 3752 remittere
3892 3689 3971 3750 il-

2465 3786 2612 3858 lam,
2637 3803 2756 3847 nec
2788 3785 3044 3867 aliquod
3073 3785 3466 3866 adjutorium
3495 3785 3644 3848 dare
3672 3786 3752 3848 ad
3784 3786 3969 3849 illam

2463 3883 2929 3956 remissionem,
2962 3883 3064 3945 vel
3091 3884 3171 3945 ad
3211 3883 3622 3946 beatitudinis
3662 3901 3970 3947 consecu-

2462 3981 2866 4055 tionem,nisi
2896 4001 3011 4062 per
3039 3981 3280 4064 aliquid
3311 3981 3437 4043 sibi
3467 3981 3966 4064 oblatum,quod

2461 4080 2700 4162 gratius
2739 4087 3098 4161 acceptaret
3134 4097 3328 4161 quam
3365 4079 3612 4142 offensa
3650 4080 3761 4142 ilia
3793 4089 3970 4144 esset

854 4186 1139 4250 Christus
1183 4183 1511 4265 complens
1556 4201 1817 4244 cursum
1870 4201 2057 4244 suum
2109 4182 2191 4243 in·
2221 4181 2352 4243 vita
2382 4179 2431 4241 D
2462 4179 2586 4242 sibi
2627 4179 2975 4260 displicens
3015 4178 3117 4240 vel
3161 4179 3423 4259 ingrata.
3457 4177 3556 4241 Nil
3599 4187 3812 4242 autem
3865 4180 3968 4242 in-

856 4285 977 4346 ista
1012 4282 1369 4344 nobiscum.
1405 4281 1605 4344 Causa
1643 4287 1855 4342 autem
1896 4279 2220 4342 meritoria
2250 4279 2350 4360 ju-

852 4389 949 4444 ste
978 4381 1243 4442 inclinat
1273 4380 1473 4442 Deum
1504 4378 1579 4440 ad
1613 4378 1887 4439 dandum
1921 4376 2082 4440 bona
2113 4377 2206 4438 illi
2238 4396 2353 4460 pro

853 4497 981 4562 quo
1031 4497 1221 4541 causa
1268 4477 1406 4560 ipsa
1455 4475 1826 4558 promeruit.
1879 4474 2045 4538 Talis
2091 4493 2350 4558 quoque

854 4598 1044 4642 causa
1096 4577 1227 4658 jam
1276 4575 1560 4638 exhibita
1608 4575 1751 4656 plus
1811 4574 2109 4656 impetrat
2157 4593 2347 4656 quam

854 4678 1059 4742 solum
1093 4675 1424 4759 promissa.
1449 4673 1612 4754 Ergo
1641 4690 1758 4756 per
1787 4672 2148 4754 passionem
2179 4673 2350 4736 Chri-

852 4776 933 4840 sti
964 4775 1313 4840 exhibitam
1344 4781 1409 4836 et
1437 4772 1789 4854 impletam,
1815 4771 2352 4833 confirmativam-

849 4893 977 4958 que
1026 4892 1205 4938 novae
1262 4873 1442 4952 legis,
1492 4887 1845 4951 congruum
1893 4867 2018 4930 fuit
2073 4869 2350 4931 maxima

848 4973 1167 5055 adjutoria
1223 4970 1567 5052 gratiarum
1635 4965 1911 5030 conferri
1976 4966 2348 5030 hominibus

849 5089 966 5155 pro
1008 5079 1295 5154 tempore
1340 5068 1497 5149 legis
1546 5067 1740 5129 illius.

917 5170 1062 5234 Haec
1091 5175 1303 5253 autem
1335 5171 1724 5230 sacramenta
1753 5172 1897 5226 sunt
1924 5171 2348 5245 septem,quae

849 5271 1121 5352 ipsemet
1166 5267 1453 5331 Christus
1513 5265 1788 5328 instituit
1842 5264 2006 5326 inter
2052 5263 2346 5326 homines

2461 4278 2667 4341 veniri
2711 4284 2918 4358 potest
2962 4276 3202 4358 gratius
3250 4276 3538 4339 Trinitati
3586 4296 3776 4359 quam
3829 4285 3970 4342 tota

2459 4376 2712 4457 generis
2753 4375 3016 4436 humani
3058 4373 3309 4437 offensa
3353 4375 3436 4436 sit
3478 4375 3824 4456 displicens
3873 4379 3963 4452 ei,

2461 4475 2583 4537 nisi
2616 4475 2700 4536 sit
2727 4473 2985 4555 aliquod
3017 4471 3398 4554 obsequium
3431 4491 3716 4555 personae
3757 4477 3966 4557 magis

2461 4573 2708 4636 dilectae
2755 4589 2948 4653 quam
2997 4577 3126 4633 tota
3173 4571 3600 4633 communitas
3654 4571 3763 4634 illa
3815 4591 3966 4655 quae

2460 4670 2816 4733 offenderat
2859 4688 2973 4751 per
3011 4668 3436 4731 universalem
3485 4668 3824 4745 offensam,
3859 4671 3963 4733 fu-

2459 4779 2594 4832 erat
2623 4768 2723 4832 vel
2753 4766 3025 4830 debebat
3051 4785 3190 4830 esse
3220 4785 3365 4829 cara
3399 4767 3455 4829 si
3493 4785 3621 4830 non
3651 4767 3965 4833 offendis-

2459 4876 2572 4932 set.
2609 4868 2823 4931 Talem
2854 4885 3007 4929 vero
3044 4885 3380 4950 personam
3412 4867 3540 4930 Deo
3580 4875 3706 4930 tam
3741 4887 3962 4934 caram

2459 4986 2586 5030 non
2618 4966 2825 5050 potuit
2863 4983 3064 5046 genus
3105 4965 3458 5028 humanum
3495 4965 3726 5029 habere
3755 4986 3831 5030 ex
3861 4987 3960 5044 se,

2458 5065 2761 5148 quoniam
2791 5071 2994 5126 totum
3029 5061 3150 5125 fuit
3180 5063 3518 5126 inimicum
3547 5064 3626 5126 de
3654 5084 3780 5128 una
3807 5085 3966 5129 mas-

2457 5185 2527 5226 sa
2576 5162 2970 5245 perditionis.
3023 5161 3267 5223 Idcirco
3325 5162 3640 5243 disposuit
3683 5163 3960 5226 Trinitas

2458 5279 2793 5345 personam
2831 5267 2958 5322 tam
3004 5259 3300 5322 dilectam
3343 5258 3464 5322 sibi
3507 5261 3841 5342 providere
3879 5280 3959 5325 ac
