4267 6250
558 1752 618 1798 Dc
627 1717 826 1796 Consocr.

553 1817 656 1859 disi.
669 1830 712 1868 ιι,
730 1829 768 1859 c.
781 1818 820 1857 7.

602 2909 780 2954 Ibidem.

571 3024 690 3069 ibid.
711 3038 751 3069 e.
773 3027 816 3070 2.

580 3722 686 3768 ibid.
711 3734 753 3767 e.
775 3725 814 3767 3.

575 4658 744 4704 loann-
759 4670 818 4713 n,

549 4722 815 4837 mmmm.

547 5294 608 5340 De
618 5294 816 5340 Con-eet.

547 5360 650 5403 dist.
664 5372 706 5411 u,
719 5371 758 5403 c.
771 5359 814 5401 7.

845 497 966 563 276
1791 520 1968 566 unm
2008 521 2070 566 iv
2111 519 2595 567 snmmrunuu.
2636 537 2719 550 —
2757 521 2911 567 uls-r.
2950 520 3015 567 xi

848 690 1172 772 ChristuS,
1205 695 1426 757 tamen
1463 712 1594 758 non
1629 695 1705 760 fit
1737 696 2078 760 conversio
2119 696 2313 778 panis
2351 697 2481 760 nisi
2519 697 2587 760 in
2615 714 2901 778 carnem,
2933 715 3055 760 nec
3083 695 3223 760 vini
3258 695 3392 760 nisi
3427 695 3495 758 in
3534 694 3963 776 sanguinem.

847 807 986 871 Nec
1013 809 1250 873 debent
1287 811 1419 902 dici
1454 812 1585 875 duo
1618 815 2046 894 sacramenta,
2079 813 2196 877 sed
2234 830 2467 893 unum,
2501 813 2659 895 quia
2692 813 2817 877 sub
2858 813 3133 895 utraque
3170 813 3388 895 specie
3426 813 3601 876 idem
3640 812 3963 875 sumitur.

847 923 1078 1004 Neque
1132 926 1326 991 debet
1375 929 1594 993 iterari
1654 931 2162 1010 sacramentum,
2213 929 2371 1010 quia
2426 928 2793 993 benedictio
2848 946 2981 992 non
3038 931 3357 1011 repetitur
3410 947 3611 1010 super
3662 927 3966 1009 speciem

849 1040 1172 1105 eamdem.
1205 1043 1434 1124 Neque
1471 1045 1618 1110 aliae
1655 1047 2040 1110 substantiae
2077 1047 2148 1109 in
2184 1045 2580 1110 sacrificium
2617 1046 2915 1110 veritatis
2951 1045 3169 1110 offerri
3203 1045 3466 1125 debent,
3499 1045 3657 1127 quia
3692 1045 3775 1108 de
3806 1043 3966 1118 aliis

850 1175 984 1220 non
1028 1160 1246 1238 potest
1291 1163 1655 1225 consecrari
1701 1180 1940 1245 corpus
1985 1163 2232 1226 Christi
2279 1162 2383 1226 vel
2430 1161 2722 1243 sanguis.

1797 1404 1881 1468 G.
1930 1407 2173 1472 Quare
2220 1419 2417 1479 aqua
2465 1405 2995 1468 admisceatur.

990 1614 1179 1697 Aqua
1224 1634 1378 1680 vero
1433 1615 1853 1679 admiscenda
1903 1617 2002 1680 est
2048 1617 2228 1696 vin0,
2279 1617 2436 1698 quia
2489 1634 2661 1698 aqua
2709 1618 3033 1699 populum
3080 1618 3319 1699 signat,
3374 1618 3488 1700 qui
3538 1635 3656 1699 per
3705 1617 3961 1681 Christi

853 1731 1226 1812 passionem
1273 1732 1652 1812 redemptus
1695 1733 1818 1796 est.
1855 1732 2042 1795 Calix
2083 1750 2238 1814 ergo
2281 1732 2676 1812 dominicus,
2712 1733 2907 1814 juxta
2944 1750 3271 1797 canonum
3310 1733 3739 1815 praeceptum,
3780 1749 3961 1814 aqua

851 1849 916 1910 et
971 1847 1124 1911 vino
1173 1849 1424 1912 mixtus
1475 1848 1668 1912 dehet
1720 1848 1937 1911 offerri
1989 1868 2003 1909 :
2056 1849 2214 1930 quia
2259 1849 2563 1912 videmus
2616 1849 2687 1910 in
2737 1866 2909 1930 aqua
2961 1849 3285 1931 populum
3335 1848 3638 1931 intelligi,
3678 1849 3746 1911 in
3794 1849 3957 1912 vino

849 1965 1104 2029 ostendi
1142 1964 1531 2045 sanguinem
1569 1964 1835 2028 Christi.
1877 1965 2100 2038 Quum
2139 1983 2293 2046 ergo
2334 1964 2401 2027 in
2439 1965 2639 2028 calice
2676 1965 2831 2028 vino
2862 1983 3033 2047 aqua
3069 1965 3405 2046 miscetur,
3440 1965 3699 2029 Christo
3737 1982 3963 2047 popu-

846 2081 953 2144 lus
996 2081 1342 2159 adunatur,
1385 2082 1449 2144 et
1486 2080 1891 2144 credentium
1936 2080 2124 2163 plebs
2170 2081 2255 2160 ei,
2307 2082 2375 2143 in
2431 2098 2628 2162 quem
2686 2082 2913 2162 credit,
2956 2082 3301 2163 copulatur
3352 2103 3366 2143 :
3418 2099 3565 2163 quae
3614 2081 3955 2163 copulatio

847 2215 1036 2278 aquae
1067 2199 1134 2261 et
1167 2196 1309 2260 vini
1345 2197 1440 2260 sic
1469 2197 1782 2260 miscetur
1819 2197 1887 2259 in
1926 2197 2124 2261 calice
2162 2197 2431 2277 Christi,
2474 2200 2549 2261 ut
2585 2199 2822 2261 mixtio
2859 2198 2976 2261 illa
3012 2215 3145 2262 non
3184 2199 3396 2280 possit
3430 2198 3741 2280 separari.
3774 2197 3953 2261 Nam

847 2314 907 2378 si
952 2314 1186 2376 vinum
1231 2313 1384 2394 quis
1428 2313 1688 2376 tantum
1737 2313 1986 2393 offerat,
2029 2314 2300 2395 sanguis
2345 2312 2589 2378 Christi
2636 2314 2869 2395 incipit
2914 2332 3057 2379 esse
3103 2314 3247 2378 sine
3292 2314 3507 2379 nobis

1295 2555 1382 2617 H.
1431 2556 1805 2624 Quaeritur
1846 2557 1916 2619 si
1961 2557 2271 2618 irritum
2316 2556 2438 2632 sit,
2480 2560 2549 2620 si
2595 2572 2792 2633 aqua
2832 2558 3486 2631 praetermittatur.

977 2770 1049 2834 Si
1077 2787 1231 2834 vero
1260 2769 1601 2850 quaeritur,
1633 2785 1717 2832 an
1747 2768 2008 2832 irritum
2037 2768 2125 2831 sit
2154 2769 2334 2849 quod
2368 2769 2638 2850 geritur,
2674 2770 2732 2834 si
2762 2787 2935 2852 aqua
2968 2771 3542 2853 praetermittatun
3582 2769 3737 2834 audi
3768 2765 3954 2850 quod

845 2886 1143 2967 sequitur
1193 2886 1262 2949 in
1308 2885 1538 2948 eodem
1593 2901 1839 2948 canone
1881 2903 1895 2944 :
1937 2885 2088 2948 Non
2131 2886 2353 2966 potest
2397 2884 2670 2970 (inquit)
2718 2887 2889 2950 calix
2935 2887 3207 2950 Domini
3243 2905 3387 2952 esse
3430 2905 3601 2968 aqua
3644 2886 3787 2950 sola
3834 2886 3957 2948 aut

845 3003 1077 3066 vinum
1127 3002 1366 3082 solum,
1408 3001 1536 3065 nisi
1583 3002 1938 3081 utrumque
1988 3000 2365 3064 misceatur.
2415 3003 2579 3066 Item
2629 3003 2999 3085 Cyprianus
3045 3022 3060 3064 ε
3108 3002 3297 3066 Calix
3342 3003 3614 3067 Domini
3659 3019 3794 3066 non
3852 3001 3958 3064 est

844 3136 1016 3201 aqua
1058 3101 1220 3182 sola*
1245 3119 1359 3181 aut
1395 3117 1625 3180 vinum
1671 3116 1912 3197 solum,
1961 3116 2091 3180 nisi
2144 3119 2498 3200 utrumque
2546 3118 2945 3202 misceatur3
2998 3119 3171 3183 sicut
3224 3137 3344 3184 nec
3394 3137 3632 3202 corpus
3678 3117 3958 3183 Domini

843 3236 1063 3317 potest
1111 3251 1256 3298 esse
1315 3233 1524 3296 farina
1571 3232 1734 3313 sola,
1782 3250 1902 3297 nec
1951 3250 2122 3314 aqua
2178 3234 2341 3313 sola,
2388 3235 2520 3298 nisi
2566 3237 2923 3317 utrumque
2970 3235 3168 3299 fuerit
3212 3236 3598 3315 adunatum,
3650 3236 3717 3299 et
3760 3234 3960 3316 panis

844 3353 1044 3415 unius
1081 3367 1394 3432 compage
1431 3349 1810 3413 solidatum.
1853 3350 1921 3415 Si
1961 3352 2112 3432 quis
2150 3353 2371 3415 tamen
2411 3370 2545 3415 non
2588 3352 2933 3416 intendens
2970 3352 3382 3416 introducere
3423 3352 3755 3431 haeresim,
3782 3349 3959 3414 obli-

845 3468 1039 3532 vione
1076 3468 1181 3530 vel
1217 3467 1585 3547 ignorantia
1628 3484 1870 3548 aquam
1917 3468 2432 3549 praetermiserit,
2468 3486 2600 3532 non
2642 3468 2905 3532 videtur
2940 3486 3083 3533 esse
3130 3469 3390 3532 irritum
3436 3470 3950 3547 sacramentum,

843 3585 960 3648 sed
997 3584 1108 3647 ille
1145 3583 1431 3666 graviter
1465 3584 1565 3645 est
1606 3584 2077 3665 corripiendus.
2111 3584 2283 3646 Nam
2321 3585 2387 3647 et
2422 3584 2803 3649 Graecorum
2842 3585 3135 3649 Ecclesia
3170 3602 3305 3647 non
3344 3601 3673 3667 apponere
3711 3600 3955 3665 aquam

844 3702 1106 3765 dicitur.
1149 3700 1342 3775 Quod
1383 3700 1582 3763 etiam
1621 3718 1703 3763 ex
1739 3701 1935 3764 dictis
1971 3700 2284 3782 Cypriani
2324 3701 2585 3764 videtur
2620 3720 2815 3783 posse
2853 3702 3097 3783 colligi.
3132 3702 3247 3765 Ait
3286 3702 3465 3765 enim
3504 3720 3520 3764 ε
3561 3702 3633 3766 Si
3674 3700 3827 3781 quis
3868 3701 3955 3765 de

845 3816 1365 3882 antecessoribus
1409 3817 1653 3879 nostris
1699 3816 1803 3881 vel
1853 3816 2228 3897 ignoranter
2271 3816 2377 3880 vel
2422 3816 2811 3898 simpliciter
2854 3834 2985 3879 non
3034 3818 3161 3881 hoc
3206 3816 3566 3881 servaverit
3603 3817 3781 3898 quod
3828 3832 3955 3880 nos

844 3934 1171 3999 Dominus
1199 3932 1410 3996 facere
1449 3933 1513 3996 et
1550 3931 1852 4013 exemplo
1883 3935 1948 3995 et
1977 3932 2355 4013 magisterio
2387 3933 2635 4013 docuit,
2661 3935 2879 4015 potest
2913 3933 3323 4015 simplicitati
3360 3932 3507 4013 ejus
3541 3932 3955 4015 indulgentia

844 4051 1114 4115 Domini
1151 4050 1344 4113 venia
1379 4049 1670 4113 concedi.
1704 4048 1912 4112 Nobis
1951 4066 2106 4113 vero
2145 4066 2277 4112 non
2316 4050 2537 4132 potest
2573 4050 2849 4130 ignosci,
2883 4050 2997 4131 qui
3034 4066 3209 4113 nunc
3245 4066 3284 4113 a
3319 4049 3608 4113 Domino
3646 4048 3955 4112 instructi

844 4185 1078 4233 sumus
1131 4168 1206 4229 ut
1254 4164 1526 4228 calicem
1575 4164 1846 4227 Domini
1904 4182 2055 4227 cum
2103 4166 2259 4228 vino
2309 4165 2619 4245 mixtum,
2672 4164 3037 4229 secundum
3085 4164 3263 4246 quod
3307 4165 3637 4228 Dominus
3684 4162 3948 4243 obtulit,

847 4284 1220 4347 offeramus.
1257 4315 1344 4325 -
1373 4280 1474 4342 Ex
1511 4278 1636 4341 hoc
1672 4279 1955 4359 videtur,
1987 4280 2167 4361 quod
2204 4281 2262 4343 si
2300 4280 2451 4362 quis
2486 4279 2878 4362 simpliciter
2907 4280 3010 4344 'vel
3049 4280 3424 4361 ignoranter
3450 4279 3683 4342 vinum
3722 4279 3955 4341 offerat

844 4401 986 4464 sine
1023 4414 1215 4478 aqua,
1257 4396 1738 4459 sacramentum
1778 4391 2100 4459 conficiat.
2142 4394 2335 4478 Aqua
2370 4414 2525 4459 vero
2567 4395 2944 4460 nullatenus
2978 4396 3121 4460 sine
3158 4396 3315 4459 vino
3356 4396 3575 4477 potest
3618 4396 3837 4459 offerri
3880 4395 3951 4457 in

844 4510 1186 4592 sacrificio,
1220 4529 1340 4576 nec
1377 4512 1566 4593 panis
1601 4512 1730 4575 nisi
1767 4512 1848 4576 de
1887 4510 2243 4589 frumento,
2275 4530 2395 4576 nec
2430 4529 2709 4593 granum
2747 4512 3063 4577 frumenti
3100 4512 3229 4575 nisi
3268 4512 3601 4575 redactum
3642 4510 3843 4575 fuerit
3880 4512 3952 4574 in

848 4648 1084 4715 panem
1133 4650 1147 4691 :
1194 4629 1352 4711 quia
1397 4626 1699 4692 Christus
1750 4628 1815 4692 et
1859 4645 2098 4710 panem
2143 4646 2215 4692 se
2265 4629 2448 4709 dicit,
2496 4631 2563 4695 et
2606 4647 2808 4711 grano
2865 4629 3179 4693 frumenti
3228 4646 3301 4692 se
3346 4628 3703 4709 comparat.
3754 4626 3951 4701 Quod

847 4764 1000 4828 ergo
1037 4762 1236 4827 supra
1264 4744 1516 4808 dictum
1554 4746 1673 4824 est,
1711 4761 1844 4808 non
1880 4762 2075 4826 posse
2104 4745 2337 4809 vinum
2375 4745 2593 4810 solum
2632 4746 2874 4828 offerri,
2915 4745 3338 4810 determinari
3376 4747 3633 4826 oportet
3666 4763 3681 4805 :
3715 4744 3953 4825 recipit

845 4864 1024 4929 enim
1060 4862 1534 4943 exceptionem.
1565 4866 1727 4927 Non
1745 4865 2012 4938 potest,
2042 4862 2174 4925 nisi
2211 4861 2599 4944 simpliciter
2627 4862 2731 4925 vel
2761 4862 3137 4944 ignoranter
3171 4855 3320 4943 fiat3
3351 4860 3479 4939 vel,
3506 4877 3657 4926 non
3677 4861 3947 4936 potest,

842 4982 913 5044 id
942 4982 1062 5061 est,
1090 4997 1223 5044 non
1252 4978 1465 5043 debet.
1499 4976 1911 5051 Quibusdam
1948 4980 2167 5042 tamen
2207 4978 2468 5042 videtur
2494 4978 2621 5041 hoc
2657 4979 3046 5059 generaliter
3082 4995 3335 5041 verum.
3370 4976 3717 5058 Colligitur
3746 4977 3951 5041 etiam

846 5116 930 5163 ex
965 5096 1319 5179 praedicti8‚
1353 5095 1532 5176 quod
1566 5095 1869 5159 Christus
1907 5096 2135 5157 vinum
2175 5112 2346 5175 aqua
2386 5095 2673 5158 mixtum
2711 5095 2892 5158 dedit
2932 5094 3300 5175 discipulis
3334 5094 3588 5175 Corpus
3623 5110 3781 5158 vero
3818 5094 3950 5159 tale

845 5214 1047 5292 dedit,
1089 5212 1282 5295 quale
1329 5213 1488 5275 tunc
1532 5210 1786 5291 habuit,
1831 5210 1898 5273 id
1946 5211 2045 5275 est
2091 5210 2367 5275 mortale
2418 5212 2485 5275 et
2532 5210 2865 5293 passibile.
2906 5210 3097 5274 Nunc
3142 5227 3301 5275 vero
3346 5210 3635 5273 sumitur
3670 5226 3711 5273 a
3752 5210 3949 5276 nobis

844 5329 1214 5393 lmmortale
1251 5330 1317 5392 et
1353 5326 1782 5408 impassibile,
1815 5344 1933 5391 nec
1971 5329 2193 5390 tamen
2231 5328 2551 5409 majorem
2589 5326 2787 5391 habet
2821 5326 3196 5391 efficaciam.
3227 5325 3644 5391 Eucharistia
3676 5342 3944 5409 quoque
