4267 6250
206 4633 253 4674 q.
271 4620 343 4661 2⁸.

994 478 1220 538 ousssr.
1260 478 1373 527 vm
1414 479 1429 525 Ξ
1470 478 1557 525 ΔΝ
1595 478 1927 526 ΤΕΝΕΔΙΠῘΒ
1960 478 2049 525 ΙΙ
2088 478 2388 527 cantum
2428 474 2769 547 cuspium,
2807 480 2938 529 mu.

3397 458 3524 527 1187

420 649 591 713 circa
620 650 839 734 ipsum
868 650 1285 714 confitentem
1318 650 1675 732 impediens
1706 668 1785 712 ne
1816 648 1919 712 ab·
1948 647 2000 710 A
2033 650 2131 725 lis,
2166 668 2294 713 non
2321 651 2585 715 auderet
2623 670 2698 715 eo
2739 653 2831 714 uti
2869 652 2997 715 nisi
3033 652 3388 715 efficaciter
3423 670 3528 715 ex-

418 749 724 825 solvatur,
760 760 829 814 ut
859 751 913 814 si
942 749 1187 832 aliquid
1229 757 1459 832 sponte
1491 748 1654 811 celet
1688 767 1701 811 :
1736 756 1801 811 et
1827 750 1919 813 sic

420 866 829 931 nequaquam
856 847 1233 921 absolvitur,
1266 848 1419 930 quia
1448 866 1565 909 nec
1596 866 1745 911 vere
1778 865 1923 910 con-

418 946 627 1010 fessus
673 956 789 1010 est.
823 948 890 1012 Si
927 964 1081 1010 vero
1126 946 1293 1008 circa
1338 945 1754 1008 confitentem
1794 963 1921 1008 non

420 1053 519 1107 est
553 1046 817 1128 aliquod
860 1045 1395 1127 impedimentum
1433 1044 1591 1125 quin
1638 1043 1921 1107 absolva-

419 1151 525 1205 tur
554 1162 673 1225 per
704 1144 977 1227 primam
1008 1143 1501 1216 confessionem,
1536 1150 1645 1205 aut
1676 1141 1739 1204 id
1782 1160 1922 1225 pro-

420 1251 563 1325 pter
595 1244 771 1326 quod
804 1244 1029 1306 iterato
1058 1241 1497 1305 confitendum
1528 1249 1647 1316 est,
1680 1241 1923 1304 contin-

417 1341 515 1423 git
542 1360 621 1403 ex
651 1340 907 1403 defectu
946 1338 1419 1413 satisfactioniS,
1451 1338 1555 1402 vel
1594 1358 1673 1403 ex
1710 1338 1923 1421 aliqua

416 1438 811 1521 obligatione
847 1438 1017 1501 circa
1048 1437 1472 1511 confitentem,
1505 1438 1673 1519 quod
1716 1444 1924 1520 potest

416 1556 557 1601 csse
607 1535 968 1619 tripliciter.
1002 1536 1212 1599 Primo
1248 1537 1362 1609 sic,
1405 1536 1571 1617 quod
1619 1534 1923 1617 obligatio

417 1636 586 1699 facta
645 1642 745 1698 est
802 1634 973 1698 circa
1034 1634 1450 1697 confitentem
1508 1653 1545 1696 a
1604 1633 1920 1716 superiori

417 1735 703 1817 praelatO,
736 1734 850 1816 qui
878 1734 1071 1815 jussit
1108 1740 1179 1795 ut
1218 1732 1535 1796 confitens
1568 1732 1782 1807 alicui,
1814 1733 1919 1795 de-

2030 748 2342 812 bortando
2356 750 2508 814 conf
2510 751 2737 815 itentes
2767 751 2911 827 sibi,
2927 758 2996 813 ut
3019 752 3239 815 eadem
3269 758 3528 833 peccata

2032 846 2494 911 confiterentur
2520 849 2654 913 suis
2683 849 2941 924 curatiS,
2964 857 3028 912 et
3057 868 3183 914 non
3215 849 3422 913 solum
3453 868 3527 912 ea

2032 965 2175 1027 quae
2213 946 2335 1009 sibi
2379 947 2858 1023 confiterentur,
2891 948 3003 1013 sed
3043 954 3106 1011 et
3142 947 3357 1011 omnia
3385 966 3528 1029 quae

2030 1051 2164 1107 toto
2204 1064 2372 1108 anno
2411 1046 2918 1125 committerent3
2950 1054 3015 1109 et
3051 1047 3221 1129 quod
3259 1044 3529 1109 intentio

2032 1144 2272 1205 summi
2301 1143 2629 1207 Pontificis
2659 1162 2788 1207 non
2818 1144 2941 1207 fuit
2971 1163 3278 1207 evacuare
3307 1144 3529 1207 Decre-

2032 1241 2223 1304 talem
2256 1241 2432 1304 illam
2460 1242 2776 1324 generalis
2805 1242 3084 1317 concilii,
3116 1241 3338 1305 Omnis
3376 1242 3529 1304 utri-

2034 1346 2238 1423 usque
2267 1360 2478 1416 sexuS,
2511 1348 2658 1415 etc„
2691 1360 2811 1405 nec
2840 1342 3142 1422 derogare
3171 1340 3528 1404 auctoritati

2032 1446 2143 1500 aut
2174 1439 2305 1520 juri
2347 1440 2752 1522 propriorum
2793 1458 2906 1502 seu
2941 1438 3404 1522 parochialium
3435 1458 3530 1501 sa-

2032 1538 2381 1599 cerdotum.
2426 1537 2667 1600 Recitat
2708 1555 2962 1620 quoque
3007 1537 3280 1619 qualiter
3317 1554 3533 1600 coram

2032 1634 2446 1697 universitate
2470 1635 2804 1698 Parisiensi
2831 1642 3268 1698 convenerunt
3288 1635 3434 1697 dom
3444 1634 3530 1696 ini

2031 1733 2495 1816 archiepiscopi
2533 1741 2725 1814 atque
2762 1734 3071 1816 episcopi,
3110 1736 3528 1816 protestantes

416 1833 763 1897 terminate
792 1832 1174 1895 confiteatur
1202 1840 1433 1915 praeter
1460 1851 1610 1895 eum
1641 1832 1745 1895 cui
1776 1850 1920 1895 con·
1956 1830 2004 1892 B
2033 1851 2101 1895 se
2135 1832 2220 1894 ita
2249 1832 2506 1905 sentire,
2541 1839 2606 1894 et
2642 1850 2679 1893 a
2720 1831 3086 1895 doctoribus
3130 1830 3527 1912 requirentes

416 1932 629 1995 fessus
660 1938 787 2009 est3
810 1938 917 1993 aut
944 1949 1022 1993 ex
1054 1939 1231 2014 parte
1260 1930 1624 1993 confitentis
1655 1929 1825 1992 circa
1853 1948 1921 1992 se

418 2030 661 2112 ipsum,
696 2038 768 2091 ut
805 2029 859 2091 si
904 2029 1198 2111 promisit
1226 2028 1407 2091 alteri
1440 2027 1733 2091 confiteri
1763 2045 1779 2106 ;
1818 2027 1921 2091 vel

414 2127 472 2189 si
505 2124 837 2190 confessor
876 2144 992 2208 pro
1030 2125 1405 2208 poenitentia
1434 2124 1493 2188 ei
1526 2125 1818 2207 injungat
1854 2132 1924 2186 ut

414 2225 633 2287 adbuc
670 2224 853 2287 alteri
898 2224 1297 2287 confiteatur.
1343 2224 1464 2286 Sed
1498 2222 1763 2305 quaestio
1805 2223 1923 2285 ista

418 2323 789 2405 specialiter
836 2322 1159 2405 proposita
1204 2330 1303 2385 est
1349 2329 1609 2404 propter
1656 2322 1799 2395 hoc,
1840 2340 1921 2383 an

420 2422 745 2486 confitens
786 2420 1116 2485 confessus
1157 2428 1223 2483 et
1260 2421 1611 2495 absolutuS,
1635 2427 1923 2483 teneatur

422 2520 806 2604 quandoque
852 2519 1085 2581 iterum
1130 2518 1423 2582 confiteri
1464 2526 1724 2602 propter
1762 2518 1922 2582 obli-

420 2620 747 2701 gationem
786 2616 911 2680 sibi
947 2616 1181 2679 factam
1210 2636 1247 2680 a
1276 2616 1587 2700 superiori
1619 2618 1697 2681 de
1728 2616 1925 2680 confi-

421 2718 617 2781 tendo
657 2715 850 2778 alicui
892 2715 1333 2789 determinate,
1376 2723 1448 2778 ut
1488 2715 1541 2778 si
1581 2715 1923 2798 episcopus

424 2835 609 2879 meus
646 2814 817 2877 dicat
855 2813 1016 2875 mibi
1061 2833 1075 2877 :
1119 2814 1409 2888 Henrice,
1444 2822 1701 2896 propter
1738 2813 1923 2876 devo-

423 2914 668 2978 tionem
702 2930 896 2993 quam
938 2911 1215 2994 populus
1252 2911 1547 2975 dioecesis
1588 2930 1747 2975 meae
1776 2930 1925 2992 erga

2031 1929 2188 2012 quid
2217 1928 2556 2008 sentirent3
2597 1928 3188 2011 responderuntque
3216 1927 3526 2001 doctoreS,

2031 2036 2160 2089 tam
2199 2026 2474 2108 theologi
2515 2045 2708 2108 quam
2734 2026 3001 2108 juristae,
3035 2044 3104 2089 se
3143 2026 3229 2089 ita
3265 2025 3524 2099 sentire,

2032 2143 2366 2207 quousque
2423 2124 2712 2189 Pontifex
2768 2142 3062 2187 summus
3119 2143 3300 2187 suam
3359 2123 3528 2186 circa

2032 2223 2154 2286 hoc
2184 2222 2532 2286 declararet
2562 2222 2996 2286 intentionem.
3015 2221 3319 2304 Denique,
3335 2241 3530 2303 quum

2034 2321 2192 2403 ipsis
2237 2321 2475 2384 curatis
2518 2322 2738 2384 divino
2780 2328 3100 2403 competat
3135 2321 3304 2402 jure,
3345 2328 3410 2382 et
3451 2339 3530 2383 ex

2032 2419 2248 2482 debito
2277 2419 2480 2482 officii
2514 2419 2845 2502 pastoralis
2878 2418 3218 2493 incumbat,
3233 2418 3533 2501 praedica-

2034 2537 2101 2581 re
2129 2518 2368 2600 populo
2396 2536 2513 2580 suo
2542 2518 2619 2580 de
2645 2516 3114 2599 pertinentibus
3139 2517 3217 2578 ad
3241 2515 3526 2589 salutem,

2033 2623 2097 2679 et
2125 2615 2398 2698 qualiter
2429 2615 2701 2678 debeant
2738 2614 3032 2677 resistere
3063 2613 3260 2688 vitiis,
3289 2632 3531 2696 praeva-

2037 2714 2166 2776 lere
2210 2713 2691 2787 tentationibuS,
2733 2712 2812 2775 ad
2851 2712 3118 2774 virtutes
3157 2730 3228 2774 se
3274 2711 3445 2785 dare,
3491 2730 3528 2773 a

2034 2812 2322 2895 pristinis
2387 2810 2804 2893 pravitatibus
2861 2809 3181 2873 abstinere
3241 2826 3256 2872 :
3317 2827 3530 2873 nonne

2032 2910 2216 2973 valde
2254 2910 2600 2993 expediens
2638 2917 2754 2983 est,
2787 2916 2860 2970 ut
2897 2908 3182 2990 ipsorum
3229 2907 3532 2971 interiora

423 3022 487 3077 te
518 3011 733 3084 habet,
766 3018 829 3073 et
859 3018 1117 3093 propter
1150 3010 1432 3073 fructum
1474 3030 1665 3094 quem
1705 3028 1923 3073 conse·
1960 3014 2003 3078 C
2034 3016 2418 3090 cognoscant
2465 3008 2620 3071 vitia
2677 3015 2741 3070 et
2796 3007 3084 3070 defectus
3134 3025 3208 3069 ac
3261 3005 3532 3089 pristina

422 3112 538 3196 qui
580 3117 790 3194 potest
818 3108 938 3172 tibi
968 3109 1356 3184 confitendo,
1389 3110 1613 3172 damus
1644 3108 1761 3171 tibi
1794 3108 1924 3192 ple-

424 3231 575 3274 nam
629 3207 1067 3272 auctoritatem
1113 3207 1415 3271 audiendi
1458 3208 1925 3272 confessionem

426 3309 673 3392 ipsius;
706 3307 800 3370 sic
830 3313 1068 3380 tamen,
1100 3313 1172 3368 ut
1201 3307 1591 3388 quicumque
1621 3306 1737 3368 tibi
1777 3323 1925 3368 con-

431 3407 585 3472 fessi
617 3405 879 3480 fuerint,
904 3413 1240 3468 teneantur
1268 3405 1489 3468 eadem
1522 3412 1780 3489 peccata
1806 3404 1925 3466 sal-

432 3515 561 3569 tem
602 3505 803 3569 semel
842 3504 909 3566 in
946 3521 1114 3566 anno
1151 3503 1425 3586 propriis
1468 3504 1603 3566 suis
1640 3504 1925 3566 sacerdo-

428 3605 604 3668 tibus
636 3604 869 3666 iterum
904 3600 1219 3676 confiteri,
1251 3609 1444 3683 atque
1482 3609 1553 3664 ut
1587 3609 1656 3664 tu
1692 3603 1771 3665 ad
1805 3602 1927 3665 hoc

426 3701 749 3784 agendum
798 3718 907 3763 eos
952 3699 1293 3780 diligenter
1337 3700 1627 3763 horteriS.
1679 3701 1749 3762 ln
1799 3719 1928 3782 quo

426 3819 578 3863 casu
613 3799 781 3872 dic0,
816 3798 986 3880 quod
1017 3796 1355 3873 confitens,
1386 3817 1425 3860 a
1455 3816 1558 3860 me
1596 3797 1715 3860 rite
1746 3798 1926 3862 abso-

428 3899 627 3971 lutus„
660 3904 915 3960 tenetur
964 3895 1196 3958 iterum
1241 3898 1462 3959 eadem
1508 3904 1768 3978 peccata
1811 3915 1927 3959 suo

428 3995 806 4079 presbytero
836 3993 1129 4058 confiteri
1157 4013 1170 4057 :
1206 3994 1337 4057 imo
1366 4014 1484 4058 nec
1513 3994 1864 4058 absolvitur
1891 4015 1929 4058 a

428 4115 550 4169 me,
568 4094 696 4157 nisi
728 4092 1021 4156 habendo
1050 4094 1445 4175 propositum
1478 4093 1638 4155 illud
1667 4093 1929 4175 implen-

426 4195 511 4256 di.
556 4193 735 4267 Quod
778 4191 902 4254 nisi
948 4191 1313 4274 impleverit
1354 4191 1652 4254 facultate
1693 4191 1923 4266 oblata,
1957 4192 2009 4255 D

428 4289 883 4354 inobedientiae
942 4295 1274 4372 peccatum
1330 4288 1598 4351 incurrit
1651 4307 1665 4350 :
1716 4307 1753 4350 a
1799 4307 1928 4370 quo

426 4388 678 4453 absolvi
716 4405 845 4451 non
884 4387 1136 4469 poterit,
1176 4387 1296 4450 nisi
1340 4387 1665 4469 proposito
1702 4387 1929 4450 iteran-

428 4491 525 4553 dae
576 4485 999 4550 confessionis
1045 4493 1391 4568 resumpto.
1433 4521 1513 4530 —
1546 4485 1689 4548 Haec
1732 4484 1922 4548 idem.

508 4586 628 4661 Qui
670 4585 863 4648 tertio
909 4583 1289 4658 sciscitatur,
1330 4603 1411 4646 an
1460 4583 1736 4646 confessi
1786 4584 1927 4646 Fra-

426 4684 636 4749 tribus
672 4681 927 4746 Ordinis
967 4681 1448 4745 Praedicatorum
1490 4689 1554 4744 et
1588 4681 1925 4755 Minorum,

2036 3108 2244 3170 mala?
2273 3107 2364 3170 Ad
2395 3108 2567 3191 quod
2599 3106 2876 3170 maxime
2907 3105 3173 3180 confert,
3207 3111 3277 3169 ut
3304 3103 3530 3168 saltem

2035 3206 2234 3269 semel
2286 3207 2350 3268 in
2397 3223 2566 3268 anno
2611 3205 3031 3288 personaliter
3075 3203 3338 3266 audiant
3384 3220 3530 3266 con-

2037 3304 2348 3367 fessiones
2387 3303 2669 3386 ipsorum
2704 3320 2718 3365 :
2761 3322 2918 3385 quas
2959 3301 3296 3376 audiend0‚
3339 3299 3529 3364 etiam

2035 3403 2375 3485 diligenter
2429 3419 2502 3466 ac
2560 3401 2772 3465 debite
2825 3401 2998 3483 ipsos
3057 3399 3406 3472 informent,
3456 3417 3531 3461 ac

2036 3503 2242 3565 sciant
2281 3501 2556 3585 qualiter
2601 3501 2677 3563 ad
2722 3519 2966 3564 sacram
3011 3497 3529 3562 communionem

2032 3601 2165 3664 sint
2205 3598 2516 3683 dispositi.

2443 3914 2916 3988 QUAESTIO
2973 3916 3174 3980 VIII

2184 4189 2452 4252 Uaeritur
2493 4206 2769 4270 quoque,
2811 4188 2941 4255 An
2976 4191 3389 4255 teneamur
3429 4203 3527 4255 ex

2045 4186 2177 4388 Q
2211 4290 2543 4355 caritate
2587 4287 2994 4368 conflter13
3032 4289 3114 4353 et
3154 4288 3424 4352 utrum
3454 4289 3527 4353 is

2036 4388 2175 4466 qm
2241 4401 2398 4453 non
2463 4386 2888 4455 confltetur
2948 4401 3044 4452 ex
3114 4386 3527 4453 contritio·

2036 4501 2160 4566 ne,
2223 4485 2555 4565 1mp1eat
2621 4486 3102 4566 praeceptum
3157 4484 3528 4552 Ecclesiae

2038 4586 2133 4650 de
2177 4581 2620 4649 confitendo
2661 4583 2907 4649 semel
2948 4584 3034 4647 111
3076 4597 3306 4650 anno,

2117 4680 2382 4743 Videtur
2419 4680 2588 4760 quod
2621 4699 2698 4742 ex
2739 4679 2996 4742 caritate
3031 4678 3325 4742 confiteri
3356 4688 3527 4744 tene-

2040 4798 2202 4841 mur.
2239 4776 2564 4842 Confessio
2593 4795 2869 4857 namque
2897 4777 2997 4856 (ut
3025 4777 3266 4839 dictum
3297 4785 3394 4841 est
3420 4797 3530 4842 sae·
3556 4798 3826 4856 cfiqoesm.

2040 4878 2148 4960 pe)
2177 4884 2274 4939 est
2300 4882 2478 4938 actus
2509 4874 2782 4948 virtutis,
2817 4880 2881 4937 et
2907 4874 3008 4953 (ut
3037 4875 3128 4937 ait
3162 4875 3530 4957 auctoritas)
3583 4895 3629 4942 s,
3651 4897 3829 4942 amu-

2040 4975 2256 5039 omnia
2299 4974 2364 5035 in
2405 4971 2803 5035 confessione
2847 4972 3175 5052 lavantur3
3221 4981 3286 5036 et
3327 4993 3526 5055 quum
3557 4962 3655 5006 Μ’·

2042 5077 2124 5139 sit
2171 5079 2662 5145 sacramentum,
2715 5072 3076 5135 contentiva
3124 5081 3188 5136 et
3233 5073 3533 5137 effectiva

2043 5183 2141 5238 est
2166 5174 2401 5255 gratiae.
2421 5207 2502 5217 —
2519 5171 2824 5234 Praeterea
2854 5171 3150 5234 Ecclesiae
3179 5171 3535 5234 obediendo

2047 5274 2112 5334 i·
2144 5269 2509 5335 confitendo
2539 5277 2602 5332 et
2633 5269 2698 5331 in
2728 5269 2869 5331 aliis
2898 5268 3145 5332 actibus
3176 5269 3384 5345 boniS,
3409 5289 3537 5332 me·

430 4790 771 4846 teneantur
808 4781 1033 4844 eadem
1077 4785 1333 4863 peccata
1376 4780 1587 4843 denuo
1635 4779 1927 4844 confiteri

431 4881 693 4965 proprio
722 4878 1032 4942 sacerdoti
1060 4879 1137 4940 ad
1172 4877 1385 4940 minus
1414 4879 1614 4942 semel
1647 4881 1709 4943 in
1742 4897 1925 4942 anno.

430 4979 737 5054 Quocirca
778 4976 1003 5042 scribit
1044 4975 1312 5060 prolixe,
1354 4984 1419 5038 et
1461 4977 1801 5060 respondet
1839 4977 1929 5040 af-

432 5076 779 5150 firmative,
812 5075 983 5158 quod
1014 5074 1259 5137 scilicet
1292 5081 1626 5138 teneantur
1661 5075 1738 5137 ad
1771 5076 1929 5154 hoc;

432 5193 507 5238 ac
557 5180 961 5257 protestatur,
1002 5173 1173 5255 quod
1222 5172 1276 5235 si
1328 5173 1451 5234 sibi
1501 5173 1716 5235 datum
1768 5182 1936 5237 esset

440 5271 852 5356 privilegium
891 5271 1061 5352 quod
1102 5271 1320 5333 datum
1365 5278 1463 5332 est
1500 5271 1822 5334 Fratribus
1863 5273 1932 5335 il·
