4267 6250
869 456 988 520 182
1599 476 1665 523 m
1702 475 1925 522 malum
1966 476 2028 523 iv
2069 475 2551 523 samm-uam.
2594 493 2675 504 —
2714 476 2867 523 msr.
2910 477 2997 523 vn
3039 477 3249 524 summ

869 649 1248 715 Paracletus
1285 651 1562 715 traditur
1601 651 1952 734 baptizato,
1993 653 2069 715 ut
2103 649 2446 715 roboretur
2481 669 2599 732 per
2636 652 2959 733 Spiritum
2996 651 3309 717 Sanctum
3354 652 3437 716 ad
3481 650 3981 734 praedicandum

649 783 845 828 conum
872 766 1022 830 aliis
1070 767 1234 831 illud
1270 768 1449 849 quod
1485 769 1626 850 ipse
1671 769 1740 831 in
1777 767 2118 850 Baptismo
2166 769 2557 832 consecutus
2606 770 2727 832 est.
2774 769 2943 833 Item
2983 788 2998 830 ε
3041 769 3289 834 Omnes
3322 769 3549 834 fideles
3584 786 3702 851 per
3735 785 3981 831 manus

645 849 846 898 ‘³¹⁶³'
869 882 1366 964 impositionem
1409 885 1893 966 episcoporum,
1925 885 2076 964 post
2113 883 2530 965 Baptismum
2567 884 2858 966 accipere
2893 885 3132 949 debent
3167 885 3487 967 Spiritum
3524 884 3863 962 Sanctum,
3902 885 3982 946 ut

869 998 1049 1081 pleni
1095 998 1450 1064 Christiani
1497 999 1935 1064 inveniantur.

576 783 638 829 Do

574 847 644 891 dis

1288 1240 1364 1303 Β.
1425 1244 1786 1310 Quomodo
1841 1240 2320 1315 Confirmatio
2378 1244 2624 1305 danda
2668 1242 2770 1305 sit
2821 1245 2913 1306 ab
2961 1245 3344 1318 episcopis,
3393 1243 3467 1306 et
3512 1258 3560 1307 a

2010 1360 2307 1431 jejunis
2361 1361 2818 1432 accipienda.

611 1599 718 1645 ma,
738 1612 778 1645 ο,
800 1603 840 1644 2,
1003 1571 1247 1637 Scitote
1305 1573 1660 1651 utrumque
1715 1588 1858 1635 esse
1914 1587 2233 1652 magnum
2288 1572 2793 1652 sacramentum,
2834 1571 2950 1635 sed
3002 1589 3213 1635 unum
3266 1571 3503 1654 majori
3556 1573 3983 1636 veneratione

872 1687 1251 1767 tenendum,
1284 1688 1456 1751 sicut
1493 1704 1532 1750 a
1573 1685 1936 1767 majoribus
1971 1685 2185 1750 datur.
2230 1687 2398 1750 Ecce
2434 1685 2655 1767 majus
2692 1686 2853 1750 dicit
2896 1689 3379 1751 sacramentum
3415 1687 3977 1766 ConfirmationiS‚

867 1805 984 1869 sed
1027 1804 1194 1868 forte
1227 1821 1361 1867 non
1400 1803 1485 1867 ob
1521 1804 1841 1885 majorem
1870 1803 2185 1867 virtutem
2214 1805 2279 1866 et
2320 1803 2672 1867 utilitatem
2710 1819 2909 1884 quam
2949 1803 3261 1884 conferat,
3293 1804 3410 1868 sed
3446 1804 3604 1885 quia
3638 1821 3678 1867 a
3712 1803 3983 1884 dignio-

865 1922 1051 1986 ribus
1087 1922 1301 2001 datur,
1335 1923 1400 1984 et
1436 1921 1504 1984 in
1543 1920 1828 2001 digniori
1864 1921 2047 2001 parte
2085 1919 2378 2000 corporis
2414 1917 2511 1999 fit,
2542 1919 2793 1982 scilicet
2828 1921 2897 1982 in
2934 1919 3183 2001 fronte3
3218 1919 3320 1983 vel
3360 1920 3526 1983 forte
3564 1919 3719 2000 quia
3756 1921 3983 2002 majus

869 2040 1297 2119 augmentum
1343 2038 1668 2100 virtutum
1710 2037 2000 2117 praestat,
2041 2036 2197 2099 licet
2244 2035 2626 2117 Baptismus
2671 2036 2823 2117 plus
2872 2037 2953 2099 ad
3002 2035 3461 2100 remissionem
3510 2035 3746 2100 valeat.
3780 2035 3984 2110 Quod

571 2177 764 2285 lius?
787 2177 842 2223 «ι.
869 2153 1131 2218 videtur
1159 2153 1429 2216 innuere
1457 2137 1792 2231 Rabar‘iuS,
1811 2151 2057 2232 dicens,
2076 2151 2147 2214 in
2176 2151 2485 2215 unctione
2520 2151 2845 2234 Baptismi
2874 2153 3194 2234 Spiritum
3234 2152 3548 2216 Sanctum
3585 2152 3983 2216 descendere

589 2245 678 2284 nst.
735 2241 839 2285 αἱο.

571 2303 822 2356 nh,.‚0‚20‚
870 2269 954 2334 ad
981 2269 1455 2332 habitationem
1481 2269 1622 2331 Deo
1652 2267 2194 2350 consecrandam;
2226 2267 2291 2329 in
2322 2267 2444 2331 hac
2473 2284 2651 2347 ver0,
2685 2268 2982 2349 ejusdem
3016 2268 3468 2349 septiformem
3506 2269 3785 2350 gratiam
3821 2285 3983 2331 cum

872 2386 1054 2451 omni
1101 2384 1508 2468 plenitudine
1549 2384 1916 2448 sanctitatis
1966 2384 2032 2447 et
2071 2383 2337 2446 virtutis
2384 2385 2605 2449 venire
2653 2385 2722 2447 in
2767 2385 3129 2448 hominem.
3170 2419 3261 2430 ——
3295 2384 3440 2448 Hoc
3490 2385 3983 2448 sacramentum

570 2519 839 2594 necem.
869 2502 1128 2565 tantum
1176 2517 1216 2562 a
1245 2499 1496 2581 jejunis
1541 2500 1748 2581 accipi
1787 2500 1852 2562 et
1882 2498 2133 2580 jejunis
2168 2499 2337 2562 tradi
2374 2497 2589 2580 debet,
2628 2500 2803 2563 sicut
2842 2502 2908 2564 et
2942 2500 3346 2581 Baptismus,
3377 2499 3505 2563 nisi
3553 2500 3743 2564 aliter
3788 2503 3988 2582 cogat

569 2583 839 2634 ‘¹¹⁸⁸'v'⁶'⁶'
867 2619 1246 2683 necessitas.
1281 2619 1416 2684 Nec
1453 2618 1646 2682 debet
1683 2617 1928 2697 iterari,
1964 2617 2139 2682 sicut
2171 2635 2291 2681 nec
2326 2617 2711 2699 Baptismus
2748 2616 2853 2679 vel
2890 2616 3089 2681 Ordo.
3123 2616 3309 2680 Nulli
3347 2617 3524 2680 enim
3566 2619 3983 2680 sacramento

868 2735 1166 2799 facienda
1195 2737 1295 2799 est
1329 2735 1573 2816 inJuria
1614 2755 1629 2797 :
1665 2734 1843 2815 quod
1871 2734 2012 2798 fleri
2051 2734 2344 2815 putatur,
2378 2733 2638 2814 quando
2679 2750 2809 2796 non
2847 2732 3216 2796 iterandum
3256 2733 3547 2796 iteratur.
3584 2733 3713 2796 Sed
3750 2734 3985 2797 utrum

867 2853 1091 2934 aliqua
1127 2853 1231 2916 vel
1267 2853 1451 2916 nulla
1487 2852 1706 2916 iterari
1748 2852 2028 2933 possint,
2066 2851 2346 2932 quaestio
2378 2851 2499 2914 est.
2534 2851 2706 2913 Nam
2741 2850 2823 2914 de
2854 2850 3195 2931 Baptismo
3228 2851 3292 2913 et
3329 2849 3595 2930 Ordine,
3628 2850 3810 2931 quod
3844 2867 3984 2914 non

573 2986 846 3042 Anguem·
872 2968 1149 3032 debeant
1204 2968 1447 3049 iterari,
1490 2968 1710 3049 aperte
1757 2968 2173 3049 Augustinus
2230 2967 2392 3029 dicit
2424 2986 2437 3028 :
2472 2967 2841 3048 Utrumque
2888 2967 3372 3030 sacramentum
3414 2967 3535 3047 est,
3577 2967 3641 3029 et
3689 2967 3985 3049 quadam

573 3049 768 3094 Parnon·
799 3063 826 3092 n

573 3063 843 3167 nb,„‚„‚⁸{3‡
873 3083 1360 3150 consecratione
1397 3085 1589 3149 datur
1629 3104 1644 3147 ε
1688 3083 1852 3147 illud
1893 3083 2188 3165 quidem,
2228 3100 2436 3165 quum
2476 3082 2879 3165 baptizatur3
2920 3082 3085 3148 illud
3128 3099 3305 3165 vern,
3355 3099 3563 3165 quum
3610 3083 3981 3147 ordinatur.

869 3202 1158 3282 Ideoque
1195 3202 1265 3263 in
1311 3200 1606 3265 Ecclesia
1642 3201 1964 3264 catholica
2014 3201 2371 3283 utrumque
2415 3218 2550 3264 non
2597 3200 2751 3264 licet
2798 3200 3043 3282 iterari,
3079 3202 3235 3282 quia
3279 3201 3495 3265 neutri
3544 3201 3842 3264 facienda
3882 3203 3989 3265 est

869 3318 1134 3399 injuria.
1177 3317 1371 3391 Quod
1424 3316 1869 3381 indubitanter
1923 3316 2123 3381 etiam
2178 3316 2260 3381 de
2315 3316 2823 3381 Confirmatione
2871 3317 3226 3382 tenendum
3283 3319 3403 3380 est.
3459 3317 3559 3381 De
3616 3316 3767 3380 aliis
3823 3334 3985 3381 vero

871 3435 1097 3498 utrum
1143 3434 1366 3498 iterari
1411 3433 1673 3497 valeant
1717 3432 1822 3496 vel
1868 3431 2168 3514 debeant,
2216 3434 2447 3514 postea
2492 3432 2913 3496 disseremus.

2402 3695 2454 3759 A
2483 3703 2607 3757 tur.
2662 3694 2739 3757 Et
2766 3694 2978 3778 primo
3031 3696 3313 3777 tangitur
3360 3695 3565 3760 forma
3619 3697 3785 3778 ejus,
3835 3718 3987 3781 quae

1451 3772 1791 3837 SUMMA
2484 3800 2581 3855 est
2622 3793 2819 3856 series
2867 3793 3209 3857 verborum
3260 3814 3402 3876 quae
3449 3795 3692 3877 profert
3736 3796 3989 3878 episco-

1111 3937 1715 3996 DISTINCTIONIS
1769 3936 2133 3993 SEPTIMAE
2483 3910 2604 3973 pus
2636 3891 2701 3953 in
2733 3890 3191 3955 confirmando.
3216 3892 3519 3975 Tangitur
3546 3910 3803 3977 quoque
3834 3914 3989 3978 pars

2483 3989 2769 4071 corporis
2802 3989 2919 4051 ubi
2958 3991 3161 4065 datur,
3197 3998 3352 4073 puta
3390 3991 3459 4054 in
3494 3990 3743 4071 fronte3
3777 4000 3843 4055 et
3882 4013 3991 4057 ex·

2482 4086 2721 4149 hibitor
2758 4106 2868 4150 seu
2911 4088 3205 4150 minister
3242 4089 3622 4152 sacramenti
3661 4090 3987 4171 ejusdem,

1001 4189 1352 4255 OMPLETO
1395 4194 1664 4250 tractatu
1707 4187 1786 4249 de
1829 4194 2226 4251 sacramento
2262 4186 2374 4250 Ba·
2484 4184 2595 4265 qui
2643 4191 2740 4247 est
2796 4184 3005 4247 solum
3062 4186 3421 4269 episcopus
3476 4187 3717 4251 Deinde
3764 4190 3990 4272 expri-

1029 4287 1272 4371 ptismi,
1328 4286 1440 4369 qui
1499 4293 1595 4348 est
1653 4292 2121 4348 sacramentum
2181 4284 2373 4348 intro-
2486 4282 2682 4343 mitur
2720 4282 2816 4345 vis
2856 4284 3237 4346 sacramenti
3282 4284 3489 4357 istius,
3532 4304 3674 4368 quae
3712 4294 3811 4349 est
3853 4287 3989 4350 col-

877 4388 1192 4461 euntium,
1233 4394 1296 4448 et
1333 4392 1690 4448 ceterorum
1717 4384 1915 4463 janua
1947 4390 2372 4446 sacramento·
2484 4378 2634 4443 latio
2680 4382 2897 4461 gratiae
2940 4381 3215 4463 Spiritus
3254 4382 3467 4444 Sancti
3510 4382 3588 4446 ad
3638 4382 3835 4447 robur
3858 4404 3876 4465 ;
3920 4393 3991 4448 et

877 4505 1045 4561 rum,
1105 4502 1277 4547 nunc
1332 4482 1462 4565 agit
1508 4481 1801 4561 Magister
1848 4480 1927 4543 de
1975 4489 2373 4544 sacramento
2482 4478 2560 4540 ad
2600 4495 2758 4560 quos
2807 4485 3051 4561 spectet
3090 4487 3557 4542 sacramentum
3600 4481 3769 4543 istud
3819 4484 3985 4546 reci-

875 4582 1405 4655 Confirmationis,
1420 4580 1586 4663 quod
1617 4585 1715 4643 est
1741 4587 2208 4641 sacramentum
2233 4597 2373 4661 pro·
2482 4595 2655 4660 pere,
2689 4585 2843 4660 puta
2878 4579 2956 4642 ad
2996 4578 3327 4643 universos
3367 4579 3634 4661 fideles3
3674 4590 3739 4644 et
3782 4602 3987 4665 quan-

873 4681 1304 4769 gredientium
1343 4680 1410 4742 in
1449 4678 1560 4742 Dei
1601 4678 1850 4751 itinere,
1883 4685 1947 4740 et
1985 4684 2128 4760 post
2166 4677 2372 4760 Bapti-
2481 4677 2583 4749 do,
2622 4684 2843 4758 utpote
2881 4678 3035 4739 dum
3076 4678 3287 4739 adhuc
3330 4677 3540 4759 jejuni
3586 4680 3983 4761 consistunt;

875 4802 1088 4848 smum
1121 4797 1269 4843 mox
1308 4776 1738 4841 necessarium
1777 4776 1855 4839 ad
1897 4775 2369 4858 persistendum
2398 4772 2444 4835 B
2482 4775 2763 4859 itemque
2820 4775 2991 4859 quod
3048 4784 3323 4858 nequeat
3379 4777 3615 4853 iterari,
3672 4781 3986 4861 quemad-

877 4884 942 4946 in
983 4880 1191 4953 bonis,
1242 4878 1321 4941 ad
1368 4874 1947 4939 corroborationem
1995 4874 2213 4955 gratiae
2262 4874 2368 4936 ba·
2481 4876 2741 4938 modum
2792 4893 2910 4937 nec
2958 4874 3339 4958 Baptismus.
3392 4875 3515 4939 Sed
3572 4883 3636 4939 et
3683 4877 3761 4939 de
3810 4896 3987 4941 com-

877 4978 1215 5064 ptismali3‚
1261 4976 1340 5039 ad
1386 4973 1804 5057 praeliandum
1849 4972 2075 5036 idonee
2121 4972 2187 5034 in
2233 4972 2368 5035 acie
2479 4974 2804 5055 paratione
2852 4973 3080 5036 horum
3127 4974 3396 5037 duorum
3446 4982 3983 5040 sacramentorum

874 5087 1094 5143 contra
1129 5074 1522 5139 adversarios
1561 5072 1738 5146 fidei,
1771 5078 1990 5134 contra
2019 5078 2369 5134 tentamen-
2476 5071 2556 5134 ad
2596 5071 2872 5135 invicem
2916 5071 3023 5133 hic
3065 5072 3291 5153 agitur,
3325 5072 3493 5154 quod
3538 5091 3759 5136 eorum
3812 5094 3980 5156 prae-

871 5186 936 5241 ta
983 5174 1240 5241 diaboli.
1294 5174 1511 5255 Itaque
1559 5172 1638 5234 de
1685 5170 1806 5233 hoc
1856 5176 2253 5232 sacramento
2297 5168 2363 5232 in
2477 5170 2768 5244 stantius,
2837 5178 2902 5233 et
2965 5170 3029 5231 in
3092 5169 3329 5251 quibus
3394 5189 3597 5233 unum
3656 5171 3832 5235 aliud
3892 5174 3984 5236 sit

873 5278 990 5340 hac
1027 5274 1162 5339 sola
1201 5270 1610 5335 distinctione
1655 5268 2106 5351 compendiose
2146 5275 2367 5331 tracta·
2476 5268 2807 5332 excedens
