4267 6250
799 480 919 545 414

1455 500 1522 547 m
1559 500 1784 547 Lunum
1825 500 1886 545 lv
1927 498 2413 547 smmmmm.
2450 514 2533 527 -
2572 498 2727 545 msr.
2768 498 2891 561 1V3
2933 497 3159 555 Qusssr.
3200 497 3263 543 lv

803 668 996 732 rebus
1056 668 1354 735 Ecclesiae
1421 670 1780 735 melioravit
1845 670 2302 755 patrimonium
2336 670 2389 735 A
2412 670 2493 732 ad
2524 668 2823 733 Ecclesiae
2851 668 3193 731 utilitatem
3223 665 3546 749 expendit.
3560 662 3921 729 conformi-

803 786 1031 847 suum3
1063 775 1126 831 et
1155 769 1310 831 item
1341 769 1394 833 si
1425 778 1686 853 propter
1713 770 1984 833 nimiam
2024 770 2303 851 negotio-

805 882 948 927 rum
979 885 1240 930 suorum
1275 868 1796 943 sollicitudinem,
1830 867 2110 950 neglexit
2140 866 2307 930 bona

803 962 1102 1027 Ecclesiae
1131 983 1494 1047 procurare.
1522 965 1786 1029 Videtur
1816 983 2070 1048 quoque
2100 964 2305 1027 teneri

803 1059 882 1123 de
933 1062 1124 1144 culpa
1171 1071 1234 1125 et
1293 1064 1681 1146 negligentia
1729 1063 1827 1127 sui
1879 1062 2305 1146 procuratoris

801 1166 994 1241 atque
1039 1160 1282 1223 vicarii.
1318 1162 1507 1224 Porro
1549 1162 1604 1225 si
1647 1162 1724 1225 de
1767 1179 1883 1225 suo
1931 1160 2307 1244 expenderit

802 1256 1045 1338 aliquid
1086 1275 1202 1340 pro
1231 1260 1504 1340 negotiis
1543 1259 1864 1335 Ecclesiae,
1897 1266 2106 1342 potest
2144 1258 2305 1321 illud

805 1362 1114 1437 repetere,
1147 1357 1250 1420 vel
1294 1357 1479 1420 heres
1522 1358 1662 1439 ejus
1707 1376 1786 1420 ex
1829 1357 1969 1439 ejus
2009 1357 2306 1419 commis-

805 1453 1008 1527 sione,
1043 1462 1113 1516 ut
1151 1456 1244 1517 sic
1275 1454 1391 1517 fiat
1428 1456 1951 1538 recompensatio.
1985 1455 2140 1518 Item
2173 1473 2303 1518 non

805 1551 1259 1627 deservienteS,
1301 1561 1366 1615 et
1406 1562 1619 1617 tamen
1661 1554 2048 1636 accipientes
2091 1553 2303 1615 distri-

807 1648 1102 1713 butiones
1161 1652 1581 1734 quotidianas,
1629 1652 1756 1715 nisi
1789 1652 1872 1715 in
1929 1652 2305 1716 infirmitate

804 1747 910 1811 vel
947 1750 1323 1813 necessitate
1361 1751 1696 1834 corporali,
1727 1758 1838 1814 aut
1874 1769 1991 1833 pro
2021 1750 2302 1814 evidenti

2418 776 2514 831 ter
2550 768 2779 832 divites
2822 775 2887 831 et
2923 774 3213 850 potentes
3251 765 3587 828 restituere
3628 763 3919 845 obligan-

2416 874 2543 941 tur,
2564 866 2819 949 quando
2848 883 2964 948 per
2992 864 3247 927 fraudes
3277 862 3379 926 vel
3411 862 3640 937 minas,
3662 860 3765 925 vel
3796 879 3921 943 per

2418 964 2965 1048 importunitatem
3033 962 3357 1045 recipiunt
3422 980 3524 1025 res
3588 959 3915 1031 Ecclesiae,

2416 1080 2545 1124 non
2586 1068 2847 1145 propter
2882 1060 3379 1143 hospitalitatem
3424 1066 3536 1121 aut
3572 1056 3919 1121 rationabi-

2418 1160 2541 1222 lem
2587 1178 2864 1223 causam.
2910 1159 3055 1223 Haec
3096 1157 3454 1221 DurauduS.

2496 1258 2615 1332 Qui
2661 1259 2741 1321 de
2790 1258 2891 1320 his
2948 1255 3173 1319 scribit
3218 1255 3471 1337 egregie
3525 1272 3600 1316 ac
3646 1251 3913 1327 diffuse,

2416 1376 2559 1440 quae
2586 1357 2805 1420 omnia
2833 1356 3099 1419 recitare
3135 1362 3303 1417 esset
3340 1354 3535 1417 nimis
3565 1351 3911 1435 prolixum.

2416 1456 2659 1538 Nempe
2689 1456 2767 1517 de
2808 1453 3206 1517 restitutione
3238 1450 3527 1535 pecuniae
3562 1450 3913 1513 simoniace

2417 1554 2578 1617 datae
2604 1561 2715 1616 aut
2752 1560 3059 1634 receptae3
3090 1550 3169 1614 de
3206 1550 3607 1613 restitutione
3644 1548 3915 1611 advoca-

2417 1662 2629 1717 torum
2657 1651 2895 1734 quibus
2926 1649 3085 1712 illud
3122 1648 3415 1712 officium
3456 1656 3553 1710 est
3586 1646 3913 1721 illicitum,

2421 1758 2490 1813 ut
2518 1758 2669 1813 sunt
2698 1749 2977 1831 religiosi
3006 1756 3072 1811 et
3102 1748 3318 1811 clerici
3351 1748 3417 1809 in
3453 1746 3651 1809 sacris
3678 1745 3917 1809 consti-

807 1845 1106 1911 Ecclesiae
1136 1848 1429 1922 utilitate,
1463 1849 1748 1931 ipsarum
1785 1848 2141 1913 dominium
2174 1865 2299 1912 non
2342 1852 2389 1916 B
2418 1849 2577 1926 tuti3
2608 1856 2675 1911 et
2715 1850 2869 1911 item
2908 1848 2987 1910 de
3025 1845 3425 1909 restitutione
3460 1845 3917 1907 advocatorum

804 1946 1150 2028 accipiunt,
1184 1947 1294 2009 sed
1337 1948 1417 2010 ad
1466 1948 1933 2011 restitutionem
1981 1955 2300 2010 tenentur.

803 2043 978 2106 Idem
1022 2045 1100 2108 dc
1143 2046 1578 2109 anniversario
1617 2063 1732 2128 pro
1775 2046 2045 2109 mortuis
2084 2054 2183 2109 est
2221 2054 2307 2108 te-

805 2144 1110 2205 nendum.
1171 2144 1462 2227 Denique
1518 2146 1810 2208 sacerdos
1865 2153 1976 2207 aut
2031 2145 2303 2207 clericus

803 2240 1076 2305 abutens
1112 2242 1306 2305 rebus
1349 2242 1670 2317 Ecclesiae,
1701 2251 1810 2306 aut
1846 2242 2132 2306 abutitur
2175 2260 2303 2306 non

805 2340 1160 2415 serviend0,
1197 2347 1266 2401 ut
1303 2341 1356 2403 si
1397 2358 1522 2403 non
1553 2340 1708 2403 fecit
1747 2340 2156 2403 residentiam
2192 2358 2206 2403 ε
2240 2348 2305 2403 et

802 2436 896 2499 sic
946 2444 1197 2500 tenetur
1247 2438 1578 2501 restituere
1637 2438 1882 2501 fructus
1939 2446 2297 2521 perceptoS,

800 2536 903 2597 vel
935 2537 999 2598 in
1039 2556 1192 2599 usus
1231 2556 1584 2619 pauperum
1627 2554 1904 2618 erogare.
1939 2537 2064 2599 Aut
2099 2535 2304 2598 abuti-

800 2642 906 2696 tur
937 2635 1102 2697 male
1141 2636 1498 2710 serviendo,
1535 2643 1600 2697 et
1638 2635 1804 2697 male
1845 2635 2157 2699 servando
2191 2652 2205 2698 :
2238 2642 2304 2698 et

800 2733 894 2795 sic
923 2742 1034 2795 aut
1071 2734 1375 2817 expendit
1413 2752 1513 2797 res
1551 2734 2012 2797 ecclesiasticas
2053 2734 2121 2795 in
2159 2752 2303 2816 pec-

798 2839 939 2894 cato
971 2831 1245 2906 mortali,
1277 2840 1341 2894 et
1369 2832 1448 2893 ad
1489 2831 1794 2911 mortale3
1826 2839 1934 2894 aut
1973 2832 2040 2893 in
2069 2839 2301 2894 morta—

800 2928 868 3003 li,
903 2930 1012 2992 sed
1043 2947 1170 2993 non
1201 2930 1281 2992 ad
1311 2930 1596 2994 mortale.
1633 2929 1696 2993 Si
1737 2930 1946 3013 primo
1986 2929 2197 3003 modo,
2230 2936 2301 2991 ut

2415 1966 2691 2030 quorum
2722 1945 3105 2029 negligentia
3133 1944 3237 2007 vel
3270 1943 3591 2027 imperitia
3624 1942 3922 2025 perditur

2414 2066 2626 2121 causa,
2676 2053 2739 2108 et
2788 2046 2899 2128 qui
2947 2044 3231 2108 inidonei
3278 2051 3429 2106 sunt
3475 2043 3556 2105 ad
3602 2042 3917 2105 advocan-

2412 2146 2591 2219 dum,
2624 2152 2688 2208 et
2717 2145 2829 2227 qui
2860 2143 3005 2226 plus
3040 2143 3214 2224 justo
3242 2142 3570 2225 accipiunt
3600 2158 3716 2224 pro
3749 2159 3916 2203 mer·

2412 2244 2589 2318 cede,
2632 2242 2734 2306 vel
2780 2260 3001 2305 causas
3046 2260 3203 2323 quas
3248 2241 3461 2303 sciunt
3502 2239 3773 2321 injustas
3816 2258 3915 2302 as-

2412 2349 2718 2421 sumunt3
2767 2342 2847 2403 de
2896 2341 3297 2405 restitutione
3346 2340 3539 2402 etiam
3586 2340 3664 2401 ad
3714 2357 3910 2421 quam

2412 2447 2711 2504 tenentur
2738 2448 2931 2503 testes
2970 2438 3198 2521 iniqui,
3226 2439 3475 2520 judices
3514 2438 3761 2518 injusti,
3796 2438 3910 2500 im·

2412 2538 2624 2621 periti,
2657 2546 2721 2601 et
2768 2539 2879 2621 qui
2920 2538 3059 2600 sine
3108 2536 3467 2600 rationabili
3516 2554 3704 2599 causa
3744 2534 3915 2617 judi-

2411 2638 2586 2701 cium
2644 2636 3023 2720 protrahunt
3070 2637 3134 2699 in
3192 2654 3533 2717 gravamen
3594 2634 3914 2718 proximo-

2411 2753 2607 2817 rum3
2666 2744 2856 2818 atque
2910 2736 2991 2797 de
3048 2734 3560 2798 restitutionibus
3614 2734 3697 2796 ad
3754 2750 3914 2815 quas

2410 2834 2661 2899 diversa
2724 2852 2959 2916 genera
3022 2833 3380 2909 hominum,
3451 2831 3912 2905 officiatorum,

2411 2942 2845 3007 mercatorum,
2861 2932 3193 3004 viatorum,
3212 2931 3745 3005 mechanicorum,
3758 2930 3917 2993 obli·

801 3028 856 3089 si
895 3028 1071 3091 dedit
1108 3028 1406 3110 turpibus
1447 3029 1736 3111 personis
1778 3036 1887 3091 aut
1932 3029 2150 3091 mimis
2191 3035 2301 3090 aut
2337 3038 2380 3101 C
2409 3040 2659 3115 gantur,
2692 3031 2919 3095 scribit
2960 3050 3089 3113 prae
3133 3030 3275 3093 aliis
3322 3030 3527 3112 plene.
3561 3030 3629 3091 ln
3670 3029 3911 3111 quibus

801 3127 1222 3190 histrionibus
1253 3127 1354 3190 vel
1379 3126 1854 3208 joculatoribus,
1871 3136 2130 3210 propter
2158 3146 2301 3211 pec·

804 3234 1016 3288 catum
1049 3226 1150 3288 vel
1181 3225 1614 3288 carnalitatem
1644 3225 2009 3289 favoremve
2039 3226 2295 3289 saeculi:

803 3324 896 3386 sic
945 3331 1165 3406 peccat
1207 3324 1575 3399 mortaliter,
1609 3333 1674 3386 et
1713 3325 1789 3387 ad
1834 3325 2300 3387 restitutionem

801 3429 1072 3485 tenetur.
1107 3423 1459 3485 Restituere
1489 3440 1744 3505 quoque
1781 3422 1972 3485 debet
2003 3441 2081 3485 ex
2113 3421 2304 3504 patri-

803 3520 1018 3583 monio
1064 3527 1174 3584 aut
1225 3520 1524 3596 artificio,
1567 3522 1668 3583 vel
1717 3520 1910 3584 rebus
1950 3539 2092 3604 quae
2142 3521 2302 3583 datae

801 3626 950 3681 sunt
993 3619 1234 3683 ratione
1274 3639 1405 3682 suae
1445 3637 1731 3702 personae
1765 3637 1781 3681 ε
1814 3639 1962 3682 nam
2001 3620 2158 3682 alias
2202 3638 2302 3681 res

799 3717 1082 3781 tribuere
1111 3717 1302 3781 debet
1330 3717 1714 3801 pauperibus
1746 3718 2127 3792 indistincte,
2151 3737 2305 3801 prae·

801 3825 899 3880 ter
927 3816 1167 3879 victum
1199 3824 1265 3880 et
1290 3817 1619 3890 vestitum,
1661 3816 1814 3900 quia
1843 3817 2299 3900 patrimonium

802 3915 1033 3979 Christi
1064 3922 1162 3978 est
1189 3917 1725 3998 pauperum.ltem
1754 3916 2066 3998 recipiens
2097 3915 2308 3977 Eccle-

801 4014 960 4076 siam
990 4014 1437 4096 parochialem,
1455 4032 1582 4077 non
1615 4014 1952 4077 intendens
1983 4031 2309 4096 promove-

805 4112 882 4185 ri,
916 4112 1027 4176 sed
1058 4111 1305 4175 fructus
1334 4131 1449 4194 per
1487 4130 1726 4174 annum
1763 4113 2114 4194 percipere,
2149 4112 2305 4174 dum

2410 3132 2712 3196 omnibus
2758 3138 3023 3206 constat,
3056 3131 3225 3213 quod
3270 3131 3661 3213 quicumque
3706 3129 3909 3192 alium

2412 3232 2649 3313 injuste
2697 3229 3093 3304 damnificat,
3137 3229 3491 3305 defraudat,
3534 3237 3755 3311 gravat
3797 3237 3913 3291 aut

2411 3329 2665 3411 decipit,
2682 3329 2760 3392 ad
2792 3345 3271 3409 recompensam
3300 3345 3415 3390 seu
3445 3325 3912 3389 restitutionem

2412 3434 2665 3490 tenetur
2697 3444 2711 3489 :
2746 3426 2911 3489 sicut
2939 3425 3051 3508 qui
3083 3424 3339 3506 injustis
3372 3423 3687 3486 mensuris
3720 3431 3913 3485 utun·

2410 3533 2537 3600 tur,
2570 3533 2634 3587 et
2663 3543 2764 3587 res
2796 3543 2943 3587 suas
2974 3523 3167 3586 nimis
3198 3540 3343 3584 care
3370 3522 3679 3596 vendunt,
3702 3529 3767 3584 et
3796 3521 3911 3604 qui

2414 3623 2763 3686 infideliter
2811 3622 3101 3684 serviunt
3140 3639 3215 3684 ac
3259 3620 3563 3683 laborant.
3597 3620 3769 3682 Idem
3820 3620 3918 3682 di·

2413 3722 2688 3784 cendum
2719 3721 2798 3784 de
2831 3718 3245 3801 medicisqui
3286 3718 3773 3781 immoderatum
3812 3737 3919 3780 ac-

2414 3820 2665 3903 cipiunt
2694 3820 2961 3892 lucrum,
2974 3825 3085 3880 aut
3114 3817 3447 3900 peritiores
3476 3835 3543 3879 se
3572 3816 3918 3879 ostendunt

2414 3927 2524 3980 aut
2553 3918 2860 3981 simulant
2898 3934 3091 3999 quam
3130 3924 3300 3991 sunt,
3333 3915 3438 3979 vel
3466 3933 3547 3977 ne
3577 3915 3920 3978 videantur

2416 4016 2723 4100 imperiti,
2751 4016 2969 4098 inepta
2998 4015 3422 4078 medicamina
3448 4013 3775 4097 applicant
3800 4021 3917 4076 aut

2417 4123 2587 4179 certe
2626 4115 2869 4178 nociva.
2903 4114 3021 4187 Qui
3063 4131 3286 4176 omnes
3324 4112 3403 4175 ad
3444 4112 3913 4176 restitutionem

805 4210 1127 4274 voluntate
1157 4218 1398 4272 mutata
1436 4218 1766 4293 promotus
1805 4210 2018 4285 fuerit,
2054 4217 2307 4274 tenetur
2336 4220 2387 4283 D
2414 4213 2881 4289 tenentur,imo
2910 4211 3229 4275 interdum
3260 4211 3353 4274 rei
3385 4218 3531 4273 sunt
3564 4211 3789 4274 mortis
3816 4229 3919 4276 eo-

803 4311 880 4372 ad
921 4309 1406 4372 restitutionem.
1442 4309 1575 4372 lmo
1617 4316 1682 4371 et
1721 4309 1830 4390 qui
1875 4309 1968 4370 sic
2011 4310 2301 4385 contulit,

805 4415 1060 4471 tenetur
1107 4407 1454 4470 Ecclesiam
1505 4425 1756 4470 servare
1806 4407 2196 4470 indemnem.
2240 4408 2303 4472 Si

805 4524 958 4569 vero
995 4506 1302 4588 expendit
1339 4506 1404 4568 in
1443 4505 1695 4568 mortali
1735 4523 1863 4569 non
1901 4507 1981 4568 ad
2012 4507 2298 4582 mortale,

805 4613 877 4667 ut
914 4605 968 4667 si
1014 4624 1206 4668 causa
1241 4604 1660 4688 eleemosynae
1698 4605 1800 4668 vel
1842 4623 1959 4687 pro
1995 4612 2304 4668 sustenta-

803 4705 974 4767 tione
1013 4711 1254 4768 naturae
1293 4704 1564 4768 contulit
1592 4703 1806 4787 aliqua
1836 4705 2301 4780 meretricibuS,

800 4803 1243 4878 histrionibuS,
1275 4812 1422 4879 etc.,
1455 4803 1788 4868 restituere
1827 4823 1952 4868 non
1997 4813 2253 4868 tenetur
2283 4821 2297 4866 ε

801 4904 1102 4986 quoniam
1161 4903 1435 4966 odienda
1491 4911 1640 4966 sunt
1688 4903 1864 4979 vitia,
1917 4921 2044 4967 non
2102 4903 2304 4967 homi·

801 5021 934 5065 neS.
971 5003 1058 5065 De
1096 5002 1197 5065 bis
1236 5020 1491 5085 quoque
1532 5003 1642 5085 qui
1683 5003 1891 5065 taliter
1924 5010 2305 5085 receperunt

803 5110 1064 5185 propter
1093 5102 1624 5167 committendum
1655 5110 2012 5184 peccatum,
2031 5121 2158 5165 non
2189 5103 2303 5164 du-

803 5201 982 5264 bium
1013 5201 1172 5284 quin
1199 5200 1280 5263 ad
1311 5200 1776 5264 restitutionem
1807 5209 2174 5282 teneantur3
2194 5201 2303 5263 sed

803 5319 933 5366 non
963 5301 1072 5364 illc
1099 5300 1214 5382 qui
1249 5299 1426 5364 dedit
1462 5299 1798 5383 superiori,
1831 5300 2136 5383 quoniam
2180 5300 2301 5363 hoc

2416 4332 2558 4375 rum
2602 4309 2839 4394 quibus
2880 4317 3273 4393 praesumunt
3316 4309 3580 4383 mederi,
3614 4316 3683 4371 ut
3716 4308 3915 4373 ctiam

2414 4429 2608 4494 super
2648 4409 2945 4473 Genesim
2974 4408 3199 4471 scribit
3225 4407 3535 4471 Henricus
3561 4408 3642 4471 de
3670 4408 3911 4472 Hassia.

2495 4510 2617 4573 Sed
2648 4528 2819 4572 nunc
2847 4509 2997 4572 huic
3036 4508 3372 4590 quaestioni
3409 4507 3755 4570 terminum
3794 4509 3915 4572 im-

2415 4609 2731 4692 ponendo,
2764 4608 3071 4690 quaeritur
3100 4607 3331 4691 primo,
3352 4608 3507 4690 quid
3543 4625 3659 4690 per
3688 4607 3914 4671 ludum

2414 4707 2566 4771 aleae
2594 4707 3002 4787 intelligatur.
3024 4707 3399 4780 Dicendum,
3417 4707 3587 4788 quod
3618 4705 3915 4789 pluribus

2416 4806 2621 4869 modis
2648 4805 2964 4888 accipitur
2988 4804 3143 4868 alea.
3176 4805 3282 4868 Ait
3311 4805 3553 4888 quippe
3580 4803 3917 4888 Brachylo-

2412 4923 2530 4986 gus
2556 4904 2741 4968 :Alea
2769 4904 3003 4966 dicitur
3033 4903 3219 4966 ludus
3246 4904 3508 4986 quidam
3537 4922 3649 4966 seu
3681 4903 3915 4967 iustru-

2416 5011 2702 5067 mentum
2748 5020 2877 5084 quo
2928 5002 3188 5076 luditur,
3234 5002 3313 5064 ab
3361 5003 3517 5066 Alco
3566 5002 3767 5066 milite
3816 5003 3913 5066 sic

2414 5110 2659 5176 vocato,
2691 5101 2803 5184 qui
2836 5101 2903 5163 in
2932 5100 3103 5164 bello
3131 5101 3401 5183 Trojano
3440 5102 3651 5184 ipsum
3683 5101 3911 5165 ludum

2416 5201 2679 5265 invenit.
2724 5201 2955 5283 Sicque
2993 5200 3248 5263 videtur
3294 5201 3540 5284 species
3588 5201 3915 5284 specialis-

2414 5301 2595 5363 sima.
2648 5299 2823 5362 Idem
2880 5298 3038 5362 dicit
3084 5297 3328 5380 Ugutio.
3380 5298 3465 5362 Et
3504 5299 3767 5383 quidam
3814 5299 3911 5364 di·
