4267 6250
855 488 978 555 458

1490 510 1556 559 m
1593 512 1816 559 mlum
1857 512 1918 559 lv
1958 510 2441 560 smmunuu.
2485 528 2567 541 —
2606 512 2761 561 msr.
2800 513 2969 578 xvl13
3012 513 3238 571 QUAEST.
3279 512 3341 559 tv

856 688 1067 763 partes
1096 680 1417 745 interdum
1455 690 1606 745 sunt
1642 690 1890 746 tantum
1931 684 1997 745 in
2027 684 2353 747 voluntate
2382 682 2435 747 A
2543 684 2868 761 Praeterea,
2918 685 3187 749 Thomas
3245 685 3688 767 respondendo
3741 684 3821 747 ad
3880 683 3970 747 is·

854 780 957 843 vel
989 788 1152 844 voto.
1187 782 1432 845 Dicitur
1459 790 1674 846 autem
1705 783 2022 858 contritio,
2055 783 2353 846 Volunta-

857 878 990 940 rius
1021 878 1220 954 dolor,
1255 880 1582 943 voluntate
1611 881 2029 945 deliberativa
2061 899 2076 944 ε
2109 881 2264 964 quia
2291 888 2355 943 et

855 976 994 1058 ipse
1036 976 1216 1040 dolor
1254 986 1480 1060 sponte
1523 980 1875 1042 assumitur
1915 998 2030 1061 pro
2068 987 2349 1062 peccato,

855 1082 928 1135 ut
957 1076 1299 1157 puniatur;
1341 1085 1404 1140 et
1435 1077 1742 1141 voluntati
1786 1077 2016 1160 placet,
2050 1079 2116 1139 in
2155 1096 2352 1159 quan-

854 1180 990 1234 tum
1043 1181 1139 1235 est
1186 1175 1509 1237 curativus
1553 1182 1616 1238 et
1664 1174 2035 1258 expulsivus
2084 1175 2348 1257 peccati.

852 1271 1088 1334 Verum
1121 1281 1340 1336 contra
1376 1274 1496 1336 hoc
1533 1275 1794 1355 quidam
1831 1273 2168 1355 objiciunt,
2202 1273 2355 1355 quia

852 1369 1204 1433 secundum
1241 1372 1360 1435 hoc
1390 1372 1570 1436 dolor
1599 1372 1997 1436 contritionis
2028 1389 2156 1434 non
2187 1376 2354 1433 esset

849 1468 1247 1532 voluntarius
1280 1488 1394 1553 per
1423 1490 1511 1545 se,
1546 1471 1656 1534 sed
1689 1490 1803 1553 per
1831 1470 2127 1533 accidens
2147 1487 2161 1531 :
2181 1468 2350 1551 quod

851 1566 1310 1631 inconveniens
1355 1578 1669 1652 reputant.
1704 1570 1834 1650 Ego
1871 1577 2084 1631 autem
2125 1574 2352 1649 reputo

850 1665 1330 1741 inconvenienS,
1385 1668 1556 1749 quod
1604 1667 1836 1749 aliquis
1889 1666 2067 1730 dolor
2119 1685 2235 1747 per
2282 1684 2351 1727 se

847 1763 1220 1845 appetibilis
1247 1773 1580 1838 asseratur,
1594 1784 1789 1847 quum
1822 1765 2032 1828 omnis
2062 1764 2242 1828 dolor
2270 1764 2354 1826 sit

2465 782 2600 856 tud,
2652 790 2867 845 utrum
2920 784 3215 847 contritio
3274 784 3361 845 sit
3404 783 3583 846 dolor
3634 800 3648 845 ε
3700 782 3968 845 Initium
3998 796 4245 847 ssoeams.

2464 880 2731 961 (inquit)
2760 881 2969 943 omnis
2999 881 3244 963 peccati
3276 888 3481 944 exstat
3507 880 3832 962 superbia,
3850 899 3971 962 per

2466 997 2659 1060 quam
2703 978 2897 1043 homo
2936 980 3149 1042 sensui
3192 998 3309 1043 suo
3346 979 3685 1053 inhaerenS‚
3717 998 3756 1041 a
3793 998 3975 1041 man·

2467 1076 2631 1138 datis
2662 1076 2903 1140 recedit
2938 1076 3197 1140 diviniS.
3232 1078 3393 1140 Hinc
3432 1083 3683 1158 oportet
3709 1082 3779 1138 ut
3810 1076 3974 1138 illud

2472 1176 2643 1257 quod
2672 1176 2943 1239 destruit
2969 1182 3328 1258 peccatum,
3352 1175 3544 1237 faciat
3574 1174 3903 1238 hominem
3936 1193 3977 1235 a

2467 1292 2658 1336 sensu
2688 1291 2805 1337 suo
2834 1272 3181 1337 discedere.
3198 1274 3315 1349 Qui
3342 1281 3559 1337 autem
3593 1273 3658 1335 in
3690 1291 3805 1337 suo
3834 1292 3979 1336 sen-

2466 1392 2540 1434 su
2573 1379 2957 1453 perseverat,
2980 1372 3181 1435 durus
3209 1391 3284 1435 ac
3315 1373 3557 1453 rigidus
3584 1371 3968 1454 appellatur.

2465 1470 2641 1533 Unde
2672 1479 2735 1533 et
2766 1470 2968 1552 frangi
3000 1471 3256 1545 dicitur,
3280 1472 3535 1553 quando
3563 1490 3600 1533 a
3628 1489 3821 1533 sensu
3852 1490 3975 1533 suo

2465 1569 2781 1631 avellitur.
2816 1570 2937 1632 Sed
2983 1570 3149 1633 iuter
3189 1570 3563 1633 fractionem
3600 1577 3665 1631 et
3705 1570 3975 1632 commi-

2466 1669 2795 1731 nutionem
2828 1686 2939 1731 seu
2972 1668 3418 1731 contritionem
3452 1668 3516 1730 in
3548 1667 3742 1731 rebus
3774 1676 3975 1730 mate·

2463 1765 2754 1841 rialibus‚
2786 1785 2865 1829 ex
2909 1766 3144 1848 quibus
3188 1766 3324 1830 haec
3367 1766 3627 1830 nomina
3663 1766 3743 1827 ad
3782 1766 3972 1848 spiri·

851 1861 1090 1924 malum
1123 1881 1348 1944 poenae,
1381 1871 1446 1926 et
1488 1864 1664 1926 nulla
1700 1882 1888 1946 poena
1934 1862 1997 1924 in
2037 1869 2347 1945 quantum
2387 1864 2435 1927 B
2466 1865 2661 1928 tualia
2688 1865 3173 1939 transferuntur,
3194 1864 3317 1927 hoc
3346 1865 3723 1938 interest-ut
3750 1874 3971 1947 quarto

851 1960 1242 2040 hujusmodi,
1279 1963 1361 2023 sit
1393 1963 1685 2044 optanda.
1719 1962 1967 2026 Dicitur
2010 1962 2163 2024 item
2208 1979 2352 2023 con-

851 2059 1046 2133 triti0,
1072 2059 1337 2142 Semper
1367 2060 1662 2142 puniens,
1682 2079 1810 2124 non
1841 2070 2008 2135 actu,
2027 2060 2140 2122 sed
2170 2058 2350 2122 habi-

852 2165 943 2229 tu,
977 2156 1079 2220 vel
1109 2166 1254 2220 actu
1287 2176 1398 2220 seu
1431 2160 1609 2221 omni
1648 2166 1935 2241 tempore
1963 2166 2344 2240 opportuno.

851 2254 929 2318 Et
958 2257 1128 2338 quod
1168 2257 1420 2319 additur
1449 2257 1527 2319 de
1568 2257 1868 2331 lacrimis,
1902 2256 2345 2339 accipiendum

851 2362 946 2417 est
1003 2355 1082 2417 de
1141 2354 1421 2417 lacrimis
1471 2355 1834 2429 voluntatis,
1888 2355 2181 2437 quamvis
2238 2354 2349 2416 ali-

848 2454 1104 2536 quando
1145 2452 1354 2517 fluant
1401 2455 1593 2517 etiam
1640 2454 1918 2517 lacrimae
1965 2452 2345 2535 corporaleS,

845 2571 984 2634 quae
1014 2560 1226 2615 tamen
1259 2552 1616 2615 necessario
1646 2571 1772 2617 uon
1803 2552 2223 2635 requiruntur,
2238 2551 2348 2613 sed

845 2659 995 2714 sunt
1051 2651 1306 2732 signum
1356 2660 1420 2714 et
1474 2650 1746 2714 effectus
1797 2650 2215 2714 contritionis.
2267 2684 2348 2695 —-

845 2749 1132 2831 Denique
1173 2750 1472 2812 contritio
1511 2750 1950 2813 consideratur
1979 2748 2341 2831 dupliciter.

844 2849 1075 2922 Prim0‚
1099 2849 1308 2930 quoad
1337 2848 1704 2911 essentialia
1732 2868 1866 2920 sua,
1889 2867 2031 2930 quae
2062 2854 2213 2910 sunt
2241 2865 2347 2910 vo-

848 2947 1159 3009 luntarius
1202 2947 1382 3010 dolor
1420 2954 1610 3029 atque
1655 2946 1904 3029 punitio
1949 2945 2070 3019 sui,
2106 2946 2349 3028 propri-

2463 1965 2881 2027 Meteororum
2912 1963 3206 2037 habetur,
3226 1964 3393 2045 quod
3428 1963 3630 2044 frangi
3662 1962 3971 2025 dicuntur

2464 2081 2606 2143 quae
2638 2061 2701 2123 in
2733 2080 2992 2143 magnas
3023 2070 3232 2144 partes
3271 2061 3666 2135 dividuntur,
3699 2061 3968 2124 commi-

2464 2160 2575 2221 nui
2606 2167 2818 2223 autem
2850 2178 2963 2223 seu
2992 2160 3234 2223 conteri
3266 2179 3407 2241 quae
3438 2160 3503 2221 in
3534 2168 3745 2241 partes
3777 2160 3971 2221 mini·

2466 2277 2602 2321 mas
2645 2257 3038 2340 rediguntur.
3080 2259 3157 2321 Et
3203 2258 3356 2341 quia
3395 2259 3473 2321 ad
3520 2257 3966 2321 dimissionem

2464 2357 2707 2440 pcccati
2740 2357 3109 2439 requiritur,
3141 2358 3313 2439 quod
3343 2357 3535 2420 homo
3570 2356 3849 2419 totaliter
3875 2356 3969 2419 af-

2461 2455 2701 2519 fectum
2744 2456 2986 2537 peccati
3027 2455 3325 2530 dimittat,
3360 2474 3474 2537 per
3510 2473 3705 2536 quem
3746 2474 3971 2537 quam-

2462 2554 2605 2615 dam
2652 2554 3133 2617 continuitatem
3184 2560 3249 2616 et
3294 2552 3677 2617 soliditatem
3730 2553 3797 2615 in
3850 2572 3971 2616 suo

2460 2651 2738 2714 habebat
2776 2670 2966 2714 sensu
3002 2669 3017 2714 :
3050 2651 3202 2714 hinc
3241 2658 3419 2714 actus
3456 2668 3584 2733 quo
3627 2660 3966 2733 peccatum

2460 2750 2826 2825 dimittitur,
2860 2749 3160 2813 contritio
3201 2757 3628 2831 nuncupatur.

2540 2849 2607 2910 In
2641 2867 2768 2930 qua
2806 2848 3187 2911 contritione
3227 2848 3413 2930 plura
3448 2855 3715 2930 possunt
3754 2849 3967 2911 consi-

2459 2947 2689 3019 derari,
2708 2954 2894 3029 puta:
2918 2946 3271 3009 substantia
3300 2953 3500 3020 actus,
3521 2947 3747 3009 modus
3778 2966 3968 3028 agen-

849 3062 1088 3126 umque
1134 3043 1482 3126 objectum,
1516 3044 1686 3128 quod
1735 3052 1832 3107 est
1881 3050 2236 3127 peccatum.
2273 3044 2348 3106 Et
2385 3042 2430 3106 C
2459 3045 2546 3120 di,
2580 3045 2973 3129 principium
3004 3052 3071 3107 et
3102 3044 3392 3108 effectus.
3428 3045 3660 3128 Sicque
3702 3045 3783 3107 de
3814 3062 3965 3107 con-

844 3143 1027 3224 juxta
1065 3143 1199 3206 haec
1237 3144 1421 3205 datur
1458 3143 1752 3206 definitio
1791 3143 2017 3224 prima.
2056 3143 2349 3206 Secundo

847 3241 1275 3304 consideratur
1297 3261 1492 3324 penes
1511 3241 1937 3314 accidentalia,
1952 3260 2090 3323 quae
2115 3241 2351 3303 varian-

847 3347 953 3402 tur
985 3358 999 3402 ε
1031 3348 1140 3403 aut
1168 3341 1341 3403 enim
1382 3348 1532 3404 sunt
1561 3340 1627 3403 in
1657 3348 1824 3416 actu,
1857 3348 1966 3402 aut
1996 3340 2062 3402 in
2095 3358 2347 3422 compa-

847 3439 1088 3502 ratione
1117 3439 1193 3502 ad
1223 3439 1482 3521 aliquid,
1499 3445 1652 3520 puta
1678 3439 1757 3502 ad
1788 3439 2042 3500 causam
2073 3438 2349 3500 excitan—

846 3544 976 3599 tem
1005 3538 1082 3599 ad
1114 3537 1596 3611 conterendum,
1628 3545 1738 3600 aut
1769 3537 1832 3600 in
1876 3537 2349 3619 comparatione

845 3637 921 3699 ad
953 3635 1280 3710 effectum,
1306 3636 1407 3699 vel
1442 3637 1506 3698 in
1539 3635 2011 3718 comparatione
2041 3636 2118 3698 ad
2151 3635 2346 3697 virtu-

845 3743 940 3798 tes
980 3734 1275 3816 juvantes
1319 3735 1384 3796 in
1425 3742 1592 3809 actu,
1627 3735 1928 3816 quoniam
1978 3754 2104 3797 una
2143 3735 2348 3797 virtus

843 3833 1104 3914 adjuvat
1145 3833 1354 3895 aliam.
1410 3833 1484 3895 Et
1521 3833 1704 3914 juxta
1746 3833 1880 3896 haec
1924 3832 2064 3896 aliae
2111 3832 2346 3896 descri-

846 3933 1096 4014 ptiones
1129 3931 1528 3994 contritionis
1560 3930 2347 3994 diversificantur.—Haec

845 4029 1161 4094 AlbertuS.

931 4129 1047 4202 Qui
1109 4129 1370 4210 insuper
1429 4128 1598 4191 circa
1657 4128 1791 4190 haec
1851 4126 2081 4190 multas
2141 4127 2347 4190 efficit

2459 3145 2715 3208 tritione
2754 3145 3020 3208 diversae
3062 3144 3473 3207 definitiones
3512 3151 3663 3206 sunt
3690 3144 3961 3208 traditae.

2458 3244 2613 3308 Nam
2633 3251 2957 3325 ,quantum
2990 3244 3066 3306 ad
3098 3242 3519 3305 substantiam
3550 3250 3751 3316 actus,
3778 3243 3966 3304 datur

2460 3342 2753 3406 definitio
2783 3341 2893 3405 illa
2926 3359 2940 3405 :
2973 3341 3283 3406 Contritio
3322 3349 3417 3405 est
3456 3341 3637 3404 dolor
3664 3360 3783 3423 pro
3816 3361 3965 3424 pec·

2459 3441 2617 3504 catis
2646 3447 3036 3522 assumptus,
3072 3459 3217 3502 cum
3251 3440 3579 3522 proposito
3608 3439 3965 3502 confitendi

2459 3547 2523 3602 et
2552 3538 3002 3602 satisfaciendi.
3038 3539 3373 3619 Quumque
3412 3539 3706 3601 contritio
3746 3538 3833 3600 sit
3860 3557 3962 3601 ac-

2460 3645 2563 3700 tus
2594 3636 2871 3710 virtutiS,
2904 3644 2967 3700 et
2998 3655 3141 3719 pars
3172 3636 3565 3700 Poenitentiae
3604 3655 3965 3700 sacramen-

2458 3736 2544 3814 ti3
2579 3735 2721 3798 ideo
2752 3735 2815 3797 in
2846 3734 3224 3798 definitione
3254 3735 3372 3796 hac
3411 3734 3859 3797 manifestatur
3895 3737 3961 3798 in

2460 3841 2767 3917 quantum
2808 3839 2906 3895 est
2943 3839 3123 3895 actus
3163 3831 3439 3906 virtutis,
3474 3851 3589 3914 per
3628 3832 3751 3895 hoc
3789 3835 3963 3915 quod

2459 3932 2719 4015 ponitur
2756 3950 2957 4012 genus
2993 3931 3217 4012 ipsius,
3259 3931 3430 4012 quod
3468 3937 3585 4004 est,
3628 3930 3863 4011 Dolor;
3898 3941 3962 3994 et

2458 4031 2807 4112 objectum,
2858 4049 3059 4112 quum
3111 4027 3427 4103 subditur,
3474 4028 3591 4092 Pro
3640 4031 3959 4111 peccatis;

2458 4130 2685 4194 electio
2732 4146 2987 4211 quoque
3036 4148 3177 4210 quae
3222 4127 3571 4210 requiritur
3616 4130 3696 4191 ad
3742 4137 3959 4192 actum

848 4227 1252 4308 quaestioneS,
1286 4226 1586 4289 videlicet
1627 4227 1690 4287 in
1722 4245 1848 4307 qua
1882 4234 2060 4309 parte
2097 4246 2210 4289 seu
2243 4245 2348 4309 po-
2376 4225 2429 4290 D
2459 4229 2715 4292 virtutis
2745 4228 2899 4290 dum
2927 4227 3201 4300 additur,
3219 4227 3638 4309 Assumptus3
3668 4233 3863 4310 atque
3894 4229 3959 4290 in

846 4325 1044 4388 tentia
1073 4323 1300 4387 animae
1331 4325 1413 4386 sit
1443 4324 1758 4396 contritio,
1783 4331 1846 4386 et
1875 4333 2088 4386 utrum
2121 4325 2345 4388 eodem

849 4423 1038 4485 modo
1078 4422 1273 4485 fuerit
1311 4423 1377 4483 in
1407 4421 1608 4484 veteri
1639 4422 2038 4485 Testamento
2077 4423 2242 4486 sicut
2280 4424 2345 4486 in

847 4538 1013 4584 novo
1046 4538 1060 4583 :
1095 4521 1174 4583 de
1204 4520 1442 4603 quibus
1472 4539 1672 4602 quum
1711 4520 1932 4584 faciles
1963 4522 2110 4595 sint,
2146 4530 2345 4585 trans-

845 4637 937 4683 eo.
960 4619 1212 4683 Certum
1247 4626 1342 4682 est
1373 4639 1669 4700 namque,
1689 4621 1859 4702 quod
1899 4621 2196 4683 contritio
2227 4621 2346 4684 ista

843 4717 1300 4800 poenitentialis
1331 4725 1397 4780 et
1422 4718 1897 4780 sacramentalis
1937 4717 2020 4780 sit
2051 4719 2116 4780 in
2158 4738 2343 4801 supe-

841 4816 991 4879 riori
1044 4815 1107 4878 vi
1153 4815 1524 4898 appetitiva,
1559 4823 1624 4878 et
1669 4815 1794 4878 fuit
1842 4816 1906 4878 in
1954 4817 2154 4878 veteri
2206 4817 2343 4899 lege

839 4915 1006 4977 sicut
1033 4921 1098 4977 et
1129 4921 1644 4996 nunc‚quantum
1677 4913 1755 4975 ad
1787 4933 1966 4976 suam
1999 4915 2339 4978 essentiam

839 5021 905 5076 et
934 5012 1304 5075 interiorem
1333 5012 1636 5075 dolorem.
1675 5011 2003 5075 Confessio
2030 5021 2243 5076 autem
2278 5023 2341 5078 et

841 5110 1188 5174 satisfactio
1246 5127 1373 5174 non
1421 5109 1685 5173 fuerunt
1741 5116 1895 5173 tunc
1944 5110 2111 5174 sicut
2170 5132 2341 5175 nunc

2457 4335 2767 4410 quantum
2818 4334 2915 4388 est
2961 4344 3107 4408 pars
3154 4324 3557 4400 sacramenti,
3607 4326 3763 4388 dum
3814 4325 3963 4388 sub-

2455 4426 2767 4507 jungitur,
2802 4426 2961 4489 Cum
3002 4423 3328 4507 proposito
3362 4423 3715 4487 confitendi
3760 4434 3827 4487 et
3864 4444 3958 4488 sa-

2456 4523 2839 4586 tisfaciendi.
2883 4523 3022 4586 Alia
3069 4539 3325 4604 quoque
3372 4522 3669 4585 definitio
3716 4523 3961 4586 inveni-

2455 4629 2580 4694 tur,
2632 4641 2775 4705 quae
2824 4621 3054 4684 definit
3101 4619 3551 4684 contritionem
3601 4621 3958 4683 secundum

2456 4721 2627 4802 quod
2666 4727 2763 4782 est
2803 4727 2982 4781 actus
3022 4717 3276 4782 virtutis
3318 4726 3598 4796 tantum3
3630 4719 3742 4780 sed
3782 4719 3958 4782 addi—

2454 4826 2561 4881 tur
2606 4819 2683 4880 ad
2734 4818 3101 4900 praedictam
3158 4816 3603 4880 definitionem
3653 4816 3960 4880 differen—

2455 4917 2542 4979 tia
2586 4916 2964 4979 contrahens
3005 4915 3217 4997 ipsum
3257 4915 3335 4977 ad
3374 4915 3720 4997 specialem
3757 4915 3957 4978 virtu-

2452 5025 2606 5089 tem,
2632 5021 2851 5097 utpote
2882 5013 3343 5096 poenitentiam.
3369 5013 3537 5076 Dicit
3562 5013 3760 5088 enim,
3784 5016 3956 5096 quod

2453 5112 2830 5196 poenitentia
2872 5119 2967 5174 est
3006 5110 3186 5173 dolor
3217 5111 3614 5174 voluntarius
3653 5129 3771 5193 pro
3808 5131 3952 5194 pec-

2454 5219 2613 5285 cato,
2648 5228 2903 5292 semper
2942 5209 3215 5291 puniens
3254 5210 3425 5290 quod
3465 5209 3635 5272 dolet
3674 5229 3744 5272 se
3784 5229 3952 5273 com-

2454 5309 2725 5373 misisse.
2778 5308 2919 5371 Alia
2964 5314 3059 5370 est
3107 5306 3351 5382 Isidori,
3403 5308 3481 5370 de
3532 5327 3657 5390 qua
3704 5309 3945 5374 dictum
3975 5323 4244 5408 emman}

4242 5453 4244 5502 4

4242 5521 4244 5562 ψ

4243 5631 4244 5672 ι

841 5216 989 5273 sunt
1037 5227 1052 5271 τ
1103 5209 1254 5291 quia
1302 5227 1428 5272 non
1478 5208 1602 5271 fuit
1657 5217 1809 5271 tunc
1866 5212 2342 5274 sacramentalis

847 5307 1166 5370 confessio
1210 5314 1280 5368 ut
1320 5315 1416 5369 est
1458 5307 1666 5382 modo,
1701 5307 1868 5370 sicut
1910 5308 2176 5372 dicetur.
