4267 6250
514 2084 587 2141 Cf.
597 2084 717 2139 p.172
730 2081 776 2127 B.

810 498 927 564 174

1672 518 1738 565 IN
1779 517 2002 565 1.me
2042 516 2105 562 lv
2147 513 2630 562 summum.
2671 534 2754 546 —
2792 518 2946 565 DIST.
2989 518 3052 564 Vl

807 687 1059 752 delibus
1100 695 1493 771 competunt,
1537 662 1688 771 quia
1732 689 1811 752 ad
1856 688 1972 751 hos
2014 704 2310 749 exercen-
2337 685 2390 749 A
2419 686 2910 750 sanctificationi
2953 707 3068 771 per
3103 695 3486 751 consensum
3525 705 3540 752 t
3585 689 3726 753 ideo
3763 708 3934 773 qua-

808 786 921 849 dos
972 806 1085 850 seu
1134 787 1573 868 suscipiendos
1618 793 1869 869 oportet
1910 784 2310 867 spiritualem

808 884 953 947 addi
998 885 1370 968 potentiam.

886 984 1213 1057 Praeterea,
1256 983 1307 1046 si
1351 990 1671 1065 quaeratur
1708 984 1787 1046 de
1830 981 2119 1063 subjecto
2166 980 2311 1042 cha-

808 1082 1111 1161 racteris3
1145 1082 1682 1164 respondendum,
1716 1082 1884 1164 quod
1914 1088 2142 1142 natura
2171 1096 2312 1162 pro-

807 1180 1317 1263 portionabiliter
1364 1180 1801 1263 spiritualitati
1855 1177 2306 1251 substernitur,

807 1279 1348 1361 quemadmodum
1395 1277 1797 1361 perfectibile
1840 1295 1970 1340 suae
2015 1274 2310 1358 perfecti-

806 1378 934 1439 oni.
978 1376 1139 1440 Hinc
1180 1377 1347 1439 sicut
1383 1376 1606 1458 gratia,
1643 1395 1785 1458 quae
1822 1381 1919 1438 est
1956 1372 2308 1456 spiritualis

806 1476 952 1537 vitae
983 1475 1397 1557 principium,
1422 1482 1518 1537 est
1546 1473 1904 1555 subiective
1934 1472 2001 1535 in
2032 1470 2310 1534 essentia

805 1573 1075 1652 animae3
1126 1574 1219 1635 sic
1268 1573 1613 1647 character,
1654 1572 1768 1655 qui
1810 1578 1908 1634 est
1954 1569 2308 1653 spiritualis

807 1672 1109 1753 potentia,
1142 1679 1239 1735 est
1267 1671 1625 1753 subjective
1656 1672 1722 1733 in
1762 1670 2035 1733 naturali
2074 1670 2138 1731 vi
2180 1668 2311 1731 ani-

810 1789 948 1843 mae,
1004 1788 1129 1833 non
1181 1771 1247 1832 in
1296 1770 1437 1851 ejus
1480 1770 1777 1845 essentia,
1821 1769 1944 1831 nisi
1991 1767 2310 1830 mediante

2420 783 2844 868 litercumque
2886 787 3100 849 anima
3138 786 3420 849 varietur
3465 807 3583 870 per
3630 788 3936 872 proprias

2418 882 2841 964 operationes,
2905 903 3234 967 nunquam
3301 886 3541 948 amittit
3605 886 3938 949 characte-

2416 997 2588 1060 rem3
2621 981 2787 1043 sicut
2816 1000 2936 1045 nec
2967 982 3246 1045 chrisma
3275 983 3378 1047 vel
3408 984 3626 1047 oleum
3655 985 3934 1067 panisve

2420 1087 2848 1155 consecratuS,
2881 1080 3478 1145 sanctificationem.
3513 1083 3657 1147 Haec
3703 1092 3930 1146 autem

2421 1175 2848 1241 indelebilitas
2877 1178 3259 1242 characteris
3289 1188 3387 1243 est
3417 1182 3646 1263 partim
3679 1200 3754 1244 ex
3785 1200 3938 1265 par-

2421 1281 2482 1335 te
2520 1275 2818 1355 subJecti,
2861 1277 3032 1359 quod
3071 1286 3170 1341 est
3209 1278 3737 1361 incorruptibile3
3778 1299 3932 1362 par-

2419 1373 2534 1434 tim
2567 1392 2645 1435 ex
2677 1382 2854 1456 parte
2885 1393 3090 1439 causae
3121 1395 3252 1439 suae
3281 1376 3620 1452 effectivae,
3652 1397 3793 1461 quae
3823 1388 3933 1443 est

2419 1471 2817 1535 invariabilis
2854 1474 3041 1536 Deua.
3084 1473 3295 1538 Gratia
3335 1482 3548 1539 tamen
3589 1485 3653 1539 et
3691 1478 3928 1541 caritas

2421 1578 2687 1651 possunt
2713 1572 3249 1655 amitti,quoniam
3280 1574 3656 1657 dispositive
3685 1583 3749 1638 et
3777 1593 3932 1638 con-

2419 1670 2732 1732 servative
2779 1670 3144 1752 dependent
3192 1690 3270 1734 ex
3320 1690 3436 1735 suo
3483 1673 3791 1755 subjecto.
3841 1710 3932 1721 ——

2417 1767 2608 1830 Porro
2654 1768 2708 1830 si
2759 1788 3026 1851 quaeraS,
3083 1789 3161 1831 an
3214 1770 3541 1834 character
3589 1781 3802 1835 manet
3855 1772 3926 1835 in

808 1870 1106 1951 potentia.
1140 1906 1222 1915 —
1252 1868 1314 1933 Si
1348 1877 1560 1932 autem
1593 1867 1955 1950 objiciatur,
1999 1867 2150 1949 quia
2188 1866 2310 1928 dis·
2335 1872 2383 1933 B
2419 1866 2623 1946 patrIa
2656 1882 2673 1944 ;
2731 1868 3272 1949 respondendum,
3326 1870 3496 1951 quod
3556 1870 3748 1934 homo
3804 1890 3926 1954 per

808 1967 1038 2050 positio
1086 1976 1151 2030 et
1208 1968 1461 2031 habitus
1514 1975 1665 2031 sunt
1711 1968 1777 2031 in
1831 1968 2054 2030 eodem
2098 1965 2310 2045 subje-

808 2075 944 2145 cto;
974 2086 1173 2150 quum
1205 2085 1356 2148 ergo
1381 2067 1563 2148 juxta
1592 2066 1959 2149 praehabita,
1984 2067 2310 2128 character

806 2166 891 2227 sit
933 2166 1266 2247 dispositio
1308 2166 1387 2228 ad
1430 2165 1720 2246 gratiam,
1763 2164 1885 2227 erit
1930 2164 1993 2225 in
2034 2163 2308 2226 essentia

805 2263 1035 2327 animae
1077 2263 1246 2325 sicut
1282 2272 1347 2326 et
1383 2264 1599 2345 gratia.
1644 2263 2102 2345 Respondetur,
2136 2264 2306 2345 quod

805 2361 1289 2443 dispositionem
1338 2369 1403 2424 et
1450 2361 1739 2423 habitum
1784 2379 1924 2423 esse
1973 2360 2037 2422 in
2080 2361 2304 2425 eodem

804 2459 1097 2541 subjecto
1136 2478 1262 2523 non
1301 2468 1571 2543 oportet,
1606 2459 1730 2522 nisi
1771 2460 1923 2523 dum
1970 2460 2307 2542 dispositio

803 2558 880 2621 fit
926 2560 1204 2634 habituS,
1256 2560 1423 2623 sicut
1479 2559 1747 2623 scientia
1806 2559 2182 2642 imperfecta
2231 2559 2307 2621 fit

802 2657 1122 2741 perfecta3
1164 2677 1290 2722 non
1331 2666 1545 2722 autem
1578 2666 1847 2743 oportet,
1882 2660 2136 2742 quando
2177 2660 2303 2722 dis-

802 2758 1034 2839 positio
1073 2765 1137 2820 et
1176 2758 1430 2821 habitus
1474 2758 1897 2821 essentialiter
1940 2757 2298 2821 differunt:

801 2856 969 2918 sicut
1015 2856 1299 2938 operatio
1346 2856 1649 2919 sensitiva
1698 2863 1795 2920 est
1840 2856 2181 2938 dispositio
2223 2856 2300 2919 ad

803 2954 1279 3017 intellectivam.

2417 1964 2844 2027 characterem
2875 1964 3310 2047 configuratur
3339 1968 3466 2031 Deo
3493 1968 3572 2031 ad
3602 1969 3718 2033 hoc
3746 1970 3923 2051 quod

2417 2061 2501 2123 sit
2545 2063 2624 2125 de
2674 2070 2841 2126 coetu
2893 2062 3210 2140 fidelium,
3256 2074 3448 2149 atque
3493 2067 3920 2131 hierarchica·

2417 2179 2560 2222 rum
2591 2162 2910 2244 particeps
2940 2162 3283 2226 actionum.
3319 2165 3780 2229 Ecclesiasticae
3809 2186 3922 2229 au-

2415 2266 2546 2321 tem
2578 2259 2950 2324 hierarchiae
2979 2262 3286 2337 succedit,
3319 2272 3632 2345 quantum
3670 2266 3750 2327 ad
3785 2265 3918 2328 ele-

2417 2365 2551 2421 ctos
2589 2358 2839 2434 fideles,
2880 2359 3236 2424 hierarchia
3276 2362 3556 2425 coelestis
3597 2380 3613 2425 :
3655 2364 3798 2426 ideo
3836 2365 3920 2427 ad

2417 2458 2934 2520 communionem
3003 2457 3296 2521 fidelium
3365 2459 3432 2522 in
3490 2461 3913 2544 triumphanti

2415 2554 2720 2630 Ecclesia,
2762 2562 2827 2618 et
2863 2557 2942 2618 ad
2982 2557 3536 2640 participationem
3586 2562 3916 2624 actionum

2414 2654 2691 2716 coelestis
2752 2654 3126 2719 hierarchiae
3191 2656 3518 2721 character
3579 2657 3644 2721 in
3708 2660 3918 2741 patria

2413 2751 2747 2833 perficie't3
2791 2760 2855 2814 et
2901 2753 2994 2815 sic
3041 2752 3164 2815 erit
3215 2754 3308 2816 ibi
3361 2755 3440 2817 ad
3498 2756 3658 2820 alios
3704 2764 3911 2833 actus,

2412 2850 2580 2911 sicut
2605 2849 2873 2913 virtutes
2903 2859 2967 2913 et
2995 2852 3171 2914 dona.
3185 2852 3391 2915 Manet
3421 2854 3615 2917 etiam
3647 2856 3712 2918 in
3741 2856 3915 2919 dam-

2412 2949 2610 3027 natis3
2641 2950 2752 3011 sed
2784 2949 2904 3013 hoc
2935 2956 3032 3012 est
3069 2968 3185 3032 per
3215 2952 3512 3015 accidens
3551 2961 3780 3036 praeter
3821 2954 3917 3017 in·

880 3053 1192 3128 Quaeritur
1221 3070 1497 3137 quoque,
1521 3073 1600 3115 an
1632 3053 1957 3117 character
1986 3054 2071 3116 sit
2100 3055 2300 3137 magis
2331 3058 2374 3123 C
2411 3047 2761 3110 tentionem
2792 3048 3222 3131 imprimentis
3251 3049 3704 3128 characterem,
3739 3054 3912 3136 quod

798 3152 866 3215 in
905 3151 1205 3215 affectiva
1245 3171 1437 3235 quam
1480 3152 1887 3215 intellectiva.
1923 3152 2296 3228 Dicendum,

800 3251 967 3333 quod
1014 3251 1224 3331 imago
1273 3250 1715 3332 principaliter
1760 3251 2052 3314 consistit
2092 3252 2160 3313 in
2199 3271 2300 3314 co-

797 3349 1060 3431 gnitiva,
1094 3349 1397 3431 quoniam
1426 3367 1503 3411 ex
1538 3349 1847 3412 memoria
1876 3357 1942 3412 et
1970 3349 2298 3413 intellectu

797 3447 1002 3510 oritur
1038 3448 1331 3510 voluntas
1366 3465 1379 3511 :
1416 3448 1635 3530 sicque
1676 3455 1807 3510 tota
1848 3449 2056 3529 imago
2092 3456 2190 3511 est
2233 3449 2299 3512 in

798 3545 1187 3608 intellectiva
1234 3544 1433 3608 veluti
1486 3547 1551 3608 in
1605 3545 1859 3624 radice;
1911 3545 2055 3609 ideo
2106 3564 2298 3609 omne

796 3645 965 3727 quod
1002 3643 1369 3706 attribuitur
1406 3643 1651 3707 homini
1691 3644 1934 3707 ratione
1975 3644 2294 3726 imaginis,

795 3743 1236 3825 principaliter
1264 3743 1529 3825 respicit
1555 3743 1688 3805 vim
1723 3743 2201 3816 intellectivam,
2236 3751 2299 3804 et

796 3859 874 3903 ex
903 3841 1317 3925 consequenti
1356 3841 1744 3906 affectivam.
1779 3841 1870 3904 Ex
1910 3841 2299 3904 intellectiva

795 3940 1035 4002 etenim
1066 3947 1243 4022 parte
1282 3957 1396 4002 seu
1436 3939 1725 4003 rationali
1768 3939 2159 4022 perfectione
2189 3939 2296 4002 ha-

796 4038 905 4102 bet
935 4039 1127 4102 homo
1156 4040 1327 4121 quod
1356 4039 1440 4101 sit
1469 4039 1660 4102 homo
1678 4057 1695 4118 ;
1728 4058 1806 4101 ex
1846 4039 1909 4100 vi
1950 4056 2103 4102 vero
2141 4038 2298 4101 affe-

796 4136 986 4210 ctiva,
1019 4138 1189 4219 quod
1222 4137 1305 4199 sit
1335 4137 1539 4200 bonus
1569 4144 1678 4199 aut
1710 4137 1933 4198 maluS.
1960 4138 2298 4219 Quumque

2409 3146 2727 3229 recipiens
2771 3148 3248 3211 condemnetur.
3299 3150 3541 3214 Idcirco
3585 3152 3914 3216 character

2408 3264 2536 3310 non
2580 3254 2676 3309 est
2719 3246 2810 3308 ibi
2850 3246 3178 3310 ordinatus
3212 3248 3291 3310 ad
3329 3248 3612 3331 aliquem
3651 3250 3856 3314 finem
3891 3269 3907 3314 :

2409 3347 2559 3429 quia
2587 3365 2729 3428 quae
2759 3354 2988 3428 praeter
3017 3347 3434 3411 intentionem
3466 3348 3657 3424 fiunt,
3689 3359 3911 3414 carent

2407 3444 2631 3507 ordine
2659 3445 2738 3507 ad
2768 3445 2988 3508 finem.
3024 3446 3190 3508 Deus
3221 3453 3434 3509 tamen
3464 3449 3576 3529 qui
3609 3449 3774 3512 nihil
3811 3449 3908 3512 in-

2407 3544 2769 3606 ordinatum
2828 3543 3154 3625 relinquit,
3203 3543 3383 3607 elicit
3441 3546 3588 3608 inde
3644 3547 3906 3629 aliquod

2409 3640 2673 3716 bonum,
2729 3648 2800 3702 ut
2855 3641 3025 3723 quod
3069 3641 3302 3723 justior
3359 3652 3624 3726 apparet
3679 3663 3906 3708 eorum

2409 3740 2751 3814 damnati0,
2774 3740 2886 3822 qui
2917 3747 3164 3802 tantum
3197 3759 3432 3804 munus
3463 3742 3904 3823 neglexerunt.

2485 3839 2580 3901 Ad
2609 3839 2962 3900 secundum
2992 3837 3146 3900 illud
3173 3839 3512 3920 quaesitum
3544 3841 3906 3919 dicendum,

2408 3937 2576 4020 quod
2602 3937 2956 3999 secundum
2986 3937 3314 4019 quosdam,
3329 3938 3616 4002 Christus
3645 3957 3774 4004 non
3803 3941 3911 4004 ha-

2406 4035 2547 4098 buit
2575 4035 3004 4097 characterem
3039 4034 3509 4116 baptismalem,
3533 4039 3838 4120 quoniam
3870 4060 3909 4104 a

2404 4134 2728 4216 Baptismo
2765 4133 2928 4194 nihil
2965 4134 3232 4215 accepit,
3266 4135 3378 4196 sed
3417 4134 3642 4198 habuit
3683 4138 3906 4201 chara·

796 4235 1120 4298 character
1164 4234 1465 4318 respiciat
1509 4235 1877 4317 imaginem,
1925 4235 2295 4318 principali·
2325 4248 2374 4310 1)
2405 4239 2644 4294 cterem
2675 4230 2949 4306 Ordinis,
2981 4232 3092 4313 qui
3132 4231 3410 4313 pertinet
3446 4233 3526 4296 ad
3557 4236 3904 4316 quemdam

798 4341 892 4396 ter
934 4341 1030 4395 est
1072 4332 1138 4394 in
1183 4333 1532 4396 intellectu.

874 4431 1189 4505 Quaeritur
1228 4431 1404 4506 item,
1444 4451 1525 4494 an
1576 4431 1903 4494 character
1945 4431 2149 4514 possit
2190 4432 2294 4495 de-

796 4528 934 4603 leri,
976 4536 1042 4592 et
1089 4537 1304 4592 utrum
1348 4529 1472 4592 fuit
1518 4529 1583 4591 in
1628 4529 1894 4593 Christo.
1940 4530 2294 4593 Dicendum

792 4629 872 4691 ad
932 4627 1239 4710 primum,
1292 4628 1462 4710 quod
1523 4628 1860 4711 impressio
1912 4628 2294 4692 characteris

794 4735 893 4790 est
922 4745 1036 4810 per
1064 4727 1407 4809 quamdam
1438 4727 1669 4791 animae
1708 4727 2031 4790 rationalis
2062 4727 2295 4790 sancti-

795 4825 1188 4900 ficationem,
1222 4832 1412 4909 prout
1450 4824 1872 4888 sanctificatio
1914 4824 2150 4888 dicitur
2188 4826 2292 4889 de-

795 4926 1037 5008 putatio
1095 4925 1369 5006 alicujus
1426 4925 1504 4988 ad
1564 4923 1821 5006 aliquod
1871 4943 2145 4987 sacrum.
2197 4925 2292 4988 Ad

791 5042 985 5105 quam
1050 5021 1623 5086 sanctificationem
1688 5039 1817 5085 non
1874 5022 2073 5103 magis
2139 5023 2292 5084 acti-

792 5139 871 5184 ve
904 5129 1311 5203 comparatur
1345 5120 1559 5182 anima
1601 5119 2060 5183 sanctificanda
2095 5139 2288 5202 quam

790 5236 956 5302 aqua
984 5219 1459 5294 sanctificanda,
1474 5217 1577 5280 vel
1608 5219 1886 5281 chrisma
1914 5226 2025 5281 aut
2050 5219 2286 5295 oleum,

2404 4330 2770 4394 eminentiae
2799 4337 3053 4392 statum.
3088 4330 3538 4394 Verumtamen
3568 4333 3785 4397 verius
3812 4336 3907 4399 di-

2404 4429 2590 4504 citur,
2632 4429 2802 4511 quod
2847 4428 3134 4492 Christus
3179 4429 3432 4492 nullum
3469 4431 3906 4498 characterem

2406 4528 2650 4603 habuit,
2683 4527 2986 4610 quoniam
3025 4527 3250 4590 habuit
3285 4536 3662 4610 potestatem
3697 4532 3906 4614 pleni-

2401 4629 2644 4696 tudinis
2678 4626 2745 4689 in
2783 4626 3218 4700 sacramentis,
3251 4627 3418 4690 sicut
3455 4645 3532 4690 ea
3560 4629 3904 4695 instituens

2402 4740 2464 4795 et
2494 4726 2850 4792 efficaciam
2891 4727 2986 4788 eis
3025 4725 3337 4808 praebens.
3371 4727 3548 4790 Unde
3587 4729 3755 4791 sicut
3793 4749 3904 4812 po-

2401 4830 2525 4893 tuit
2563 4828 2863 4890 inducere
2902 4824 3210 4887 effectum
3252 4826 3632 4889 sacramenti
3675 4827 3742 4890 in
3784 4829 3901 4892 ali-

2400 4946 2592 5011 quem
2651 4925 2790 4988 sine
2847 4932 3244 4987 sacramento
3299 4925 3622 5000 exteriori,
3675 4927 3761 4989 ita
3817 4947 3899 4991 ex

2400 5033 2578 5109 parte
2613 5024 2816 5106 ipsius
2853 5023 2932 5085 ad
2971 5023 3092 5085 hoc
3131 5039 3258 5085 non
3299 5024 3744 5105 requirebatur
3781 5025 3902 5089 ali-

2398 5123 2553 5206 quid
2591 5123 3046 5186 sacramentale
3086 5121 3385 5184 exterius.
3418 5157 3500 5168 —
3529 5123 3608 5185 Et
3643 5124 3698 5186 si
3737 5124 3902 5206 obji-

2399 5221 2624 5297 ciatur,
2665 5222 2836 5303 quod
2873 5220 3109 5284 habere
3146 5220 3576 5284 characterem
3623 5230 3722 5285 est
3757 5241 3900 5306 per-

790 5318 917 5382 nisi
964 5317 1137 5402 quod
1182 5318 1376 5382 homo
1430 5317 1686 5381 adultus
1744 5335 1813 5380 se
1864 5317 2130 5398 subjicit
2175 5318 2286 5381 tali
2394 5318 2715 5394 fectioniS,
2765 5336 2916 5401 ergo
2965 5318 3240 5381 maxime
3290 5317 3415 5381 fuit
3470 5319 3539 5382 in
3597 5319 3850 5384 Christo
3873 5339 3894 5403 3
