4267 6250
593 2624 768 2670 Manli.
788 2641 845 2679 iv,

574 2690 740 2794 §zoam
754 2754 841 2802 ιι,2.

576 3415 841 3469 Marandis.

604 3514 707 3558 Act.
728 3531 757 3568 ι,
774 3519 813 3560 5.

872 444 955 511 90

876 635 1101 700 scribit
1133 653 1148 699 :
1180 636 1465 701 Christus
1508 636 1933 701 diversimode
1976 638 2372 699 sacramenta
2399 632 2452 696 A

878 733 1175 811 instituit,
1218 743 1457 818 utpote,
1500 736 1789 819 quaedam
1827 732 2271 798 confirmando
2307 738 2373 795 et

878 833 1308 917 approbando,
1343 843 1414 896 ut
1452 834 1923 897 Matrimonium
1963 840 2028 896 et
2060 832 2372 895 Poeniten·

876 933 1069 1012 tiam3
1100 934 1389 1015 quaedam
1420 933 1805 996 insinuando
1842 939 1907 995 et
1935 931 2267 1005 initiando,
2301 938 2371 992 ut

876 1031 1441 1095 confirmationem
1471 1039 1536 1095 et
1564 1031 1937 1095 Unctionem
1968 1030 2366 1110 Extremam3

875 1131 1165 1213 quaedam
1204 1130 1536 1205 initiando,
1570 1130 2072 1194 consummando
2102 1136 2165 1191 et
2196 1128 2260 1190 in
2300 1146 2368 1191 se

874 1229 1014 1311 ipso
1062 1229 1449 1311 recipiendo,
1492 1236 1563 1292 ut
1608 1228 2026 1311 Baptismum‚
2073 1227 2371 1291 Euchari-

872 1327 1059 1390 stiam
1098 1334 1163 1390 et
1206 1327 1525 1391 Ordinem.
1558 1327 1715 1391 Nam
1753 1326 2049 1409 quamvis
2086 1326 2368 1389 Verbum

872 1427 1271 1489 incarnatum
1328 1425 1411 1488 sit
1456 1424 1600 1488 fons
1648 1425 1857 1488 omnis
1902 1424 2118 1507 gratiae
2165 1444 2371 1487 sacra-

876 1524 1192 1597 mentaliS,
1224 1522 1437 1605 aliqua
1468 1531 1680 1586 tamen
1719 1523 1919 1605 gratia
1952 1531 2370 1588 sacramenta-

875 1624 953 1685 lis
1002 1622 1126 1685 fuit
1180 1630 1325 1685 ante
1382 1622 1912 1697 lncarnationem,
1961 1623 2176 1705 aliqua
2227 1631 2371 1705 post

873 1722 1147 1804 Spiritus
1177 1721 1388 1785 Sancti
1421 1721 1805 1795 missionem,
1824 1728 1887 1784 et
1916 1723 2206 1804 quaedam
2239 1741 2371 1785 me-

1542 464 1611 513 m
1648 464 1873 511 Lunum
1912 462 1974 509 1v
2016 462 2500 509 summanum
2541 479 2622 491 ·-
2661 462 2814 509 nlsr.
2857 461 2944 525 113
2987 462 3212 519 Quffisr.
3253 462 3318 509 lv

2916 762 3393 837 QUAESTIO
3440 763 3547 827 lv

2625 1034 2812 1098 Uarto
2854 1034 2960 1096 hic
3001 1034 3306 1116 quaeritur
3345 1035 3460 1101 De
3501 1024 3980 1101 coordinati-

2651 1148 2800 1201 one
2855 1134 3532 1200 sacramentorum
3587 1134 3982 1214 quantum

2479 1234 2582 1300 ad
2621 1231 3127 1313 prioritatem
3167 1234 3251 1298 et
3289 1232 3786 1311 ‹ng-mtatem.

2558 1330 2652 1393 Ad
2706 1331 2875 1413 quod
2925 1330 3063 1393 sine
3122 1330 3516 1411 argumentis
3562 1328 3842 1393 breviter
3887 1348 3988 1392 re-

2480 1429 2848 1511 spondetur.
2884 1427 3136 1491 Etenim
3187 1429 3253 1491 in
3301 1428 3762 1510 quaestionibus
3811 1428 3990 1491 circa

2481 1527 2755 1591 litteram
2783 1526 2874 1589 ait
2899 1526 3680 1609 BonaventuratMagister
3707 1527 3775 1589 in
3803 1533 3988 1590 textu

2480 1625 2644 1689 bene
2681 1625 2952 1699 ordinat,
2986 1625 3048 1687 id
3089 1632 3207 1700 est,
3241 1625 3530 1689 ordinate
3557 1623 3862 1707 exprimit
3891 1643 3989 1688 sa-

2479 1730 2819 1787 cramenta.
2853 1723 3146 1797 Quaedam
3181 1723 3354 1786 enim
3384 1728 3780 1787 sacramenta
3808 1741 3985 1786 com-

871 1821 978 1884 dio
1018 1821 1204 1883 modo
1242 1837 1312 1882 se
1352 1820 1612 1883 habens.
1648 1820 1806 1883 Hinc
1844 1820 2125 1902 oportuit
2162 1821 2368 1883 diver·
2403 1820 2450 1882 B
2480 1824 2760 1886 muniter
2816 1822 3174 1905 respiciunt
3233 1840 3479 1897 omnes,
3540 1830 3606 1885 et
3663 1822 3773 1884 illa
3829 1830 3984 1885 sunt

871 1919 1116 1982 simode
1154 1925 1549 1981 sacramenta
1586 1918 1853 1981 institui.
1888 1919 2045 1981 Nam
2084 1925 2230 1981 ante
2269 1919 2367 1982 ln·

871 2017 1302 2081 carnationem
1362 2018 1719 2080 necessaria
1778 2016 1899 2080 fuit
1956 2018 2367 2099 compunctio

870 2115 1349 2199 poenitentialiS,
1381 2122 1447 2177 et
1474 2115 1798 2197 generatio
1829 2116 2316 2179 matrimonialis
2350 2134 2363 2178 :

871 2214 1015 2277 ideo
1044 2214 1181 2277 haec
1218 2213 1345 2276 duo
1382 2220 1776 2277 sacramenta
1804 2213 2089 2277 Christus
2128 2233 2257 2278 non
2289 2216 2367 2278 de

870 2330 1037 2375 novo
1068 2310 1363 2385 instituit,
1389 2312 1499 2374 sed
1528 2330 1563 2374 a
1594 2330 1661 2374 se
1688 2312 1821 2393 jam
1852 2312 2143 2375 instituta
2172 2321 2233 2375 et
2264 2332 2370 2375 na-

869 2410 1058 2474 turali
1116 2410 1446 2472 dictamini
1505 2411 1975 2492 quodammodo
2032 2412 2365 2493 impressa,

872 2509 1340 2571 consummavit
1369 2516 1433 2571 et
1463 2507 1889 2583 confirmavit,
1907 2509 1970 2571 in
2003 2496 2370 2591 evangelica

874 2608 1011 2689 lege
1059 2607 1501 2690 poenitentiam
1551 2608 1973 2690 praedicando,
2014 2616 2078 2671 et
2124 2610 2368 2691 nuptiis

872 2705 1323 2768 interessendo.
1357 2705 1549 2768 Porro
1585 2713 1730 2767 ante
1770 2705 2142 2769 missionem
2178 2706 2370 2789 Spiri-

870 2811 973 2866 tus
1014 2803 1225 2866 Sancti
1271 2821 1398 2866 non
1443 2802 1568 2865 fuit
1610 2804 1799 2885 plena
1842 2803 2114 2886 Spiritus
2156 2805 2368 2867 Sancti

869 2901 1127 2964 donatio
1172 2902 1249 2963 ad
1308 2901 1862 2965 confirmationem
1921 2910 1984 2964 et
2040 2902 2368 2985 publicam

2477 1922 2808 2005 quinque3
2854 1928 2918 1983 et
2964 1922 3090 1984 duo
3139 1921 3492 2003 sequentia,
3543 1927 3764 2002 utpote
3813 1920 3984 1983 Ordo

2477 2028 2541 2083 et
2571 2019 2976 2101 Conjugium,
3011 2019 3364 2101 respiciunt
3402 2018 3766 2101 specialiter
3793 2037 3986 2101 quos-

2478 2120 2624 2181 dam
2658 2136 2673 2180 ε
2707 2125 2771 2181 θῖ
2799 2118 2964 2181 sicut
2994 2135 3334 2180 commune
3365 2125 3461 2179 θεῖ
3500 2124 3646 2179 ante
3675 2117 3982 2198 speciale,

2477 2217 2572 2281 sic
2619 2216 2906 2299 quinque
2956 2216 3066 2277 illa
3111 2222 3259 2277 ante
3307 2216 3442 2279 haec
3488 2216 3635 2279 duo.
3689 2214 3765 2278 Et
3815 2215 3988 2278 inter

2481 2316 2766 2398 quinque
2816 2314 2924 2376 illa
2970 2314 3254 2396 primum
3307 2322 3404 2377 est
3450 2313 3834 2396 Baptismus»,
3867 2314 3986 2396 qui

2479 2421 2576 2475 est
2631 2412 2984 2494 spiritualis
3041 2412 3457 2493 regeneratio,
3509 2412 3986 2493 vulnerumque

2479 2511 2759 2589 curati03
2809 2510 3162 2573 secundum
3211 2508 3648 2584 Confirmatio,
3695 2529 3837 2593 quoe
3881 2519 3988 2573 est

2477 2609 2555 2670 ad
2609 2608 2956 2671 curationis
3015 2626 3330 2671 concessae
3385 2608 3982 2687 conservationem3

2479 2707 2738 2769 tertium
2779 2706 3197 2781 Eucharistia,
3230 2706 3307 2767 ad
3341 2706 3686 2770 curationis
3723 2723 3983 2789 promo·

2478 2805 2757 2884 tionem3
2789 2812 3086 2886 quartum
3119 2803 3417 2867 Extrema
3457 2804 3702 2878 Uncti0,
3736 2823 3985 2887 praepa-

2479 2922 2626 2965 rans
2675 2904 2752 2965 ad
2801 2902 3245 2966 evolationem.
3299 2902 3419 2965 Sed
3468 2903 3622 2984 quia
3669 2904 3989 2985 contingit

870 2998 1102 3063 Christi
1152 2999 1640 3073 confessionem,
1691 3018 1809 3062 nec
1868 3000 2086 3064 unctio
2136 3002 2367 3063 mentis
2405 2998 2449 3062 C
2481 3020 2782 3065 concessa
2819 3001 3199 3063 charismata
3239 3000 3468 3075 amitti,
3504 3001 3647 3064 ideo
3678 3002 3986 3083 quintum

870 3098 1156 3181 plenaria
1193 3098 1272 3160 ad
1310 3098 1754 3162 evolationem.
1787 3098 2029 3163 Idcirco
2066 3100 2194 3164 duo
2232 3100 2368 3164 haec

868 3205 1284 3271 sacramenta,
1319 3205 1470 3279 puta
1520 3197 2085 3262 Confirmationem
2135 3207 2198 3262 et
2249 3200 2368 3262 Un-

870 3295 1149 3358 ctionem
1180 3295 1567 3370 Extremam,
1602 3297 1889 3360 Christus
1919 3297 2126 3360 solum
2161 3297 2366 3360 initia-

870 3395 964 3456 vit
996 3401 1058 3456 et
1088 3393 1467 3458 insinuavit:
1488 3394 2074 3470 confirmationem,
2104 3415 2365 3459 manum

871 3492 1155 3574 parvulis
1204 3493 1611 3574 imponendo,
1653 3500 1717 3556 et
1759 3494 2161 3576 praedicendo
2201 3495 2365 3576 Apo-

870 3590 1064 3653 stolos
1094 3590 1525 3672 baptizandoS,
1544 3591 1605 3653 id
1632 3599 1728 3654 est
1756 3592 2092 3673 replendos
2123 3592 2368 3674 Spiritu

870 3688 1135 3767 Sancto;
1170 3689 1543 3753 Unctionem
1591 3708 1743 3753 vero
1792 3690 2178 3766 Extremam,
2222 3691 2366 3753 mit-

868 3788 1061 3850 tendo
1098 3787 1447 3871 discipulos
1488 3788 1565 3851 ad
1610 3790 1987 3863 curandum,
2020 3789 2130 3873 qui
2177 3808 2368 3870 unge-

868 3888 1021 3950 bant
1058 3886 1350 3950 infirmos
1389 3887 1548 3950 oleo.
1582 3887 1786 3950 Medio
1823 3893 2037 3950 autem
2074 3895 2366 3969 tempore

868 3985 991 4049 fuit
1037 3985 1450 4067 regeneratio,
1502 3985 1564 4048 id
1624 3992 1720 4047 est
1766 3985 2128 4066 Baptismus
2176 3993 2366 4067 atque

868 4083 1167 4147 Ecclesiae
1222 4082 1538 4146 ordinatio
1581 4101 1656 4145 ac
1702 4083 2054 4164 spiritualis
2106 4082 2360 4146 cibatio.

2479 3107 2577 3164 est
2627 3099 3023 3175 Poenitentia,
3075 3100 3152 3162 ad
3200 3098 3584 3163 amissorum
3643 3100 3987 3184 reparatio-

2479 3217 2648 3261 nem.
2682 3199 2853 3261 Inter
2896 3198 3020 3260 alia
3061 3197 3188 3260 duo
3231 3198 3604 3280 praeeminet
3647 3198 3834 3274 Ordo,
3865 3201 3985 3280 qui

2480 3297 2809 3360 concernit
2860 3296 3296 3379 perfectioreS,
3342 3296 3811 3360 Matrimonium
3869 3315 3985 3360 au-

2479 3402 2610 3457 tem
2654 3394 3178 3477 imperfectiores.
3224 3394 3369 3458 Haec
3409 3394 3866 3458 Bonaventura.

2559 3494 2637 3556 At
2667 3511 2818 3556 vero
2845 3493 3114 3555 Thomas
3141 3492 3356 3555 :Prius
3383 3493 3652 3575 (inquit)
3678 3501 3741 3556 et
3772 3501 3986 3575 poste-

2481 3591 2614 3653 rius
2657 3590 3100 3672 multipliciter
3136 3590 3392 3652 dicitur.
3425 3591 3545 3653 Sed
3586 3591 3652 3654 in
3697 3591 3798 3654 his
3835 3611 3986 3674 quae

2480 3688 2806 3771 pertinent
2832 3689 2910 3750 ad
2941 3689 3244 3762 actiones,
3273 3688 3453 3771 prius
3483 3690 3690 3772 quoad
3721 3708 3860 3765 ῃοε,
3881 3698 3988 3754 θεῖ

2481 3787 2640 3849 illud
2686 3787 2853 3869 quod
2903 3794 2996 3849 est
3042 3787 3221 3869 prius
3271 3787 3336 3850 in
3383 3787 3487 3850 via
3528 3788 3980 3869 generationis.

2479 3887 2626 3949 Ideo
2669 3885 3022 3948 secundum
3067 3884 3231 3948 banc
3269 3887 3438 3948 viam
3481 3886 3772 3968 Magister
3813 3887 3987 3950 ordi-

2479 3990 2589 4046 nat
2617 3990 3032 4058 sacramenta,
3064 4002 3206 4065 quae
3243 3983 3783 4047 sanctificationes
3813 4003 3987 4066 quae-

2479 4083 2625 4145 dam
2669 4081 3002 4144 exsistunt.
3036 4081 3216 4145 Prius
3259 4081 3502 4165 quippe
3541 4082 3607 4145 in
3647 4083 3751 4145 via
3793 4102 3986 4165 gene-

868 4181 1109 4244 Idcirco
1154 4181 1289 4244 haec
1326 4181 1449 4243 tria
1486 4186 1903 4254 sacramenta,
1944 4181 2362 4263 Baptismum‚
2397 4181 2446 4243 D
2478 4180 2741 4243 rationis
2771 4187 2868 4243 est
2897 4179 3128 4242 bonum
3159 4181 3478 4264 privatum
3511 4199 3704 4262 quam
3734 4181 3982 4245 bonum

870 4279 1357 4353 Eucharistiam,
1385 4279 1707 4354 Ordinem,
1732 4278 2019 4342 Christus
2051 4279 2367 4362 complete

870 4385 935 4441 et
974 4379 1141 4441 clare
1187 4377 1479 4441 instituit.
1514 4377 1657 4440 Haec
1697 4377 2155 4440 Bonaventura.

950 4477 1255 4550 Quocirca
1299 4475 1655 4549 sciendum,
1688 4475 1857 4558 quod
1897 4483 2042 4538 ante
2083 4477 2371 4539 lucarna-

869 4574 1109 4636 tionem
1140 4591 1267 4635 non
1302 4571 1427 4634 fuit
1462 4573 1838 4636 Poenitentia
1876 4591 2086 4656 neque
2126 4573 2370 4636 confes-

868 4672 964 4735 sio
1007 4679 1076 4733 ut
1114 4679 1211 4733 est
1248 4677 1715 4733 sacramentum
1758 4671 2142 4753 evangelicae
2187 4671 2365 4753 legis,

868 4790 987 4834 nec
1017 4769 1487 4833 Matrimonium
1518 4777 1590 4831 ut
1617 4777 1713 4832 est
1742 4777 2208 4833 sacramentum
2235 4789 2371 4853 gra·

867 4869 1023 4932 tiam
1060 4867 1395 4931 conferens
1430 4884 1444 4930 :
1480 4867 1623 4931 ideo
1654 4887 1801 4932 vere
1838 4868 2165 4943 asseritur,
2199 4870 2367 4951 quod

866 4967 1085 5030 omnia
1114 4972 1508 5030 sacramenta
1536 4965 1916 5047 evangelicae
1958 4965 2115 5047 legis
2146 4986 2369 5029 secun-

868 5066 1022 5128 dum
1066 5066 1236 5148 quod
1279 5065 1451 5139 talia,
1483 5084 1521 5127 a
1564 5064 1812 5128 Christo
1860 5073 2010 5128 sunt
2058 5065 2362 5127 instituta.

864 5162 1032 5225 Istud
1062 5171 1273 5226 tamen
1302 5164 1380 5225 ad
1412 5163 1875 5245 praecedentem
1906 5163 2183 5245 pertinet
2210 5183 2372 5245 quae·

866 5261 1161 5336 stionem,
1194 5269 1259 5324 et
1298 5280 1413 5344 per
1442 5261 1914 5344 suppletionem
1945 5261 2051 5324 hic
2088 5260 2362 5324 additur.

2478 4297 2842 4352 commune,
2873 4277 3044 4360 quod
3075 4297 3153 4341 ex
3184 4277 3369 4341 bonis
3399 4279 3799 4360 singulorum
3831 4297 3986 4343 con·

2477 4376 2681 4458 surgit
2712 4393 2728 4438 ε
2761 4375 2929 4438 sicut
2976 4376 3203 4438 domus
3247 4377 3424 4459 prior
3463 4384 3560 4439 est
3601 4377 3880 4453 civitate,
3916 4388 3990 4442 et

2477 4475 2670 4537 homo
2723 4473 2988 4536 familia.
3041 4473 3202 4536 Hinc
3249 4482 3644 4538 sacramenta
3702 4495 3846 4559 quae
3897 4479 3984 4540 ad

2477 4573 2670 4636 unius
2698 4590 2985 4656 personae
3015 4573 3372 4636 remedium
3401 4573 3786 4648 ordinantur,
3801 4576 3984 4658 prius

2478 4678 2825 4754 ponuntur,
2861 4671 3025 4734 inter
3066 4690 3210 4753 quae
3255 4671 3465 4753 primo
3513 4671 3774 4754 ponitur
3815 4674 3980 4738 illud

2477 4769 2648 4852 quod
2698 4770 2975 4852 pertinet
3023 4770 3101 4831 ad
3151 4769 3482 4845 intranteS,
3523 4771 3587 4832 id
3630 4779 3728 4834 est
3771 4772 3984 4855 Bapti-

2478 4885 2698 4948 smus3
2729 4866 2978 4942 ultimo,
3022 4868 3191 4950 quod
3240 4875 3484 4950 spectat
3524 4870 3602 4932 ad
3646 4879 3978 4946 exeunteS,

2479 4974 2550 5029 ut
2595 4966 2890 5028 Extrema
2927 4965 3187 5046 Uncti03
3219 4973 3283 5029 et
3323 4966 3388 5028 in
3419 4967 3655 5042 medio,
3690 4967 3797 5031 illa
3835 4989 3984 5052 quae

2479 5065 2802 5148 pertinent
2837 5065 2916 5126 ad
2962 5064 3462 5147 progredientes,
3493 5085 3636 5149 quae
3678 5065 3772 5129 sic
3813 5069 3988 5130 ordi-

2479 5169 2730 5226 nantur.
2763 5162 2920 5226 Nam
2966 5161 3196 5245 perfici
3241 5163 3306 5225 in
3353 5163 3541 5239 bono,
3573 5166 3982 5230 essentialius

2479 5269 2577 5324 est
2617 5261 2862 5336 virtuti,
2894 5261 3326 5343 omnibusque
3367 5279 3710 5326 commune
3745 5264 3860 5347 qui
3894 5267 3980 5328 ad
