<?xml version="1.0" encoding="UTF-8"?>
<!DOCTYPE html PUBLIC "-//W3C//DTD XHTML 1.0 Transitional//EN"
    "http://www.w3.org/TR/xhtml1/DTD/xhtml1-transitional.dtd">
<html xmlns="http://www.w3.org/1999/xhtml" xml:lang="en" lang="en">
 <head>
  <title>
</title>
<meta http-equiv="Content-Type" content="text/html;charset=utf-8" />
  <meta name='ocr-system' content='tesseract 3.04.00' />
  <meta name='ocr-capabilities' content='ocr_page ocr_carea ocr_par ocr_line ocrx_word'/>
</head>
<body>
  <div class='ocr_page' id='page_1' title='image "./doctorisecstati04unkngoog_0285.png"; bbox 0 0 4267 6250; ppageno 0'>
   <div class='ocr_carea' id='block_1_1' title="bbox 42 1169 262 1258">
    <p class='ocr_par' dir='ltr' id='par_1_1' title="bbox 42 1169 262 1258">
     <span class='ocr_line' id='line_1_1' title="bbox 42 1169 262 1258; baseline 0.009 -12"><span class='ocrx_word' id='word_1_1' title='bbox 42 1169 44 1194; x_wconf 72' lang='lat'><strong>¹</strong></span> <span class='ocrx_word' id='word_1_2' title='bbox 111 1217 138 1258; x_wconf 66' lang='lat' dir='ltr'>p.</span> <span class='ocrx_word' id='word_1_3' title='bbox 155 1203 262 1248; x_wconf 66' lang='lat' dir='ltr'>me.</span> 
     </span>
    </p>
   </div>
   <div class='ocr_carea' id='block_1_2' title="bbox 864 519 2835 576">
    <p class='ocr_par' dir='ltr' id='par_1_2' title="bbox 864 519 2835 576">
     <span class='ocr_line' id='line_1_2' title="bbox 864 519 2835 576; baseline -0.003 -5"><span class='ocrx_word' id='word_1_4' title='bbox 864 525 944 571; x_wconf 81' lang='lat' dir='ltr'>DE</span> <span class='ocrx_word' id='word_1_5' title='bbox 982 523 1380 576; x_wconf 66' lang='lat' dir='ltr'>vlsmlu&#39;ram</span> <span class='ocrx_word' id='word_1_6' title='bbox 1421 522 1711 572; x_wconf 75' lang='lat' dir='ltr'>CORPORIS</span> <span class='ocrx_word' id='word_1_7' title='bbox 1751 521 1989 571; x_wconf 63' lang='lat' dir='ltr'>culum!</span> <span class='ocrx_word' id='word_1_8' title='bbox 2031 521 2095 568; x_wconf 87' lang='lat' dir='ltr'>IN</span> <span class='ocrx_word' id='word_1_9' title='bbox 2138 519 2538 568; x_wconf 61' lang='lat' dir='ltr'>mmmm</span> <span class='ocrx_word' id='word_1_10' title='bbox 2579 519 2835 566; x_wconf 79' lang='lat' dir='ltr'>ALTAms</span> 
     </span>
    </p>
   </div>
   <div class='ocr_carea' id='block_1_3' title="bbox 3283 498 3405 564">
    <p class='ocr_par' dir='ltr' id='par_1_3' title="bbox 3283 498 3405 564">
     <span class='ocr_line' id='line_1_3' title="bbox 3283 498 3405 564; baseline -0.016 1"><span class='ocrx_word' id='word_1_11' title='bbox 3283 498 3405 564; x_wconf 76' lang='lat'>269</span> 
     </span>
    </p>
   </div>
   <div class='ocr_carea' id='block_1_4' title="bbox 309 688 3405 778">
    <p class='ocr_par' dir='ltr' id='par_1_4' title="bbox 309 688 3405 778">
     <span class='ocr_line' id='line_1_4' title="bbox 309 688 3405 778; baseline -0.001 -25"><span class='ocrx_word' id='word_1_12' title='bbox 309 697 460 754; x_wconf 90' lang='lat' dir='ltr'>nent</span> <span class='ocrx_word' id='word_1_13' title='bbox 486 690 574 753; x_wconf 91' lang='lat' dir='ltr'>ibi</span> <span class='ocrx_word' id='word_1_14' title='bbox 605 692 924 758; x_wconf 89' lang='lat' dir='ltr'>situaliter</span> <span class='ocrx_word' id='word_1_15' title='bbox 949 703 1140 778; x_wconf 90' lang='lat' dir='ltr'>atque</span> <span class='ocrx_word' id='word_1_16' title='bbox 1171 695 1478 770; x_wconf 78' lang='lat' dir='ltr'>localiter,</span> <span class='ocrx_word' id='word_1_17' title='bbox 1502 713 1622 758; x_wconf 89' lang='lat' dir='ltr'>nec</span> <span class='ocrx_word' id='word_1_18' title='bbox 1651 699 1802 757; x_wconf 90' lang='lat' dir='ltr'>sunt</span> <span class='ocrx_word' id='word_1_19' title='bbox 1829 690 1882 755; x_wconf 89' lang='lat' dir='ltr'>A</span> <span class='ocrx_word' id='word_1_20' title='bbox 1988 692 2058 757; x_wconf 93' lang='lat' dir='ltr'>In</span> <span class='ocrx_word' id='word_1_21' title='bbox 2086 690 2325 775; x_wconf 88' lang='lat' dir='ltr'>quibus</span> <span class='ocrx_word' id='word_1_22' title='bbox 2361 698 2625 774; x_wconf 87' lang='lat' dir='ltr'>apparet</span> <span class='ocrx_word' id='word_1_23' title='bbox 2659 691 3029 763; x_wconf 90' lang='lat' dir='ltr'>obscurum,</span> <span class='ocrx_word' id='word_1_24' title='bbox 3062 688 3234 771; x_wconf 90' lang='lat' dir='ltr'>quod</span> <span class='ocrx_word' id='word_1_25' title='bbox 3272 706 3405 751; x_wconf 91' lang='lat' dir='ltr'>cor-</span> 
     </span>
    </p>
   </div>
   <div class='ocr_carea' id='block_1_5' title="bbox 307 791 1803 1846">
    <p class='ocr_par' dir='ltr' id='par_1_5' title="bbox 307 791 1803 1846">
     <span class='ocr_line' id='line_1_5' title="bbox 309 791 1796 875; baseline 0.001 -23"><span class='ocrx_word' id='word_1_26' title='bbox 309 796 450 853; x_wconf 78' lang='lat' dir='ltr'>wtae</span> <span class='ocrx_word' id='word_1_27' title='bbox 483 797 548 852; x_wconf 88' lang='lat' dir='ltr'>et</span> <span class='ocrx_word' id='word_1_28' title='bbox 586 791 848 873; x_wconf 80' lang='lat' dir='ltr'>integrae</span> <span class='ocrx_word' id='word_1_29' title='bbox 887 793 954 855; x_wconf 91' lang='lat' dir='ltr'>in</span> <span class='ocrx_word' id='word_1_30' title='bbox 994 792 1280 875; x_wconf 89' lang='lat' dir='ltr'>qualibet</span> <span class='ocrx_word' id='word_1_31' title='bbox 1316 792 1540 857; x_wconf 81' lang='lat' dir='ltr'>hostiae</span> <span class='ocrx_word' id='word_1_32' title='bbox 1577 799 1796 874; x_wconf 84' lang='lat' dir='ltr'>parte3</span> 
     </span>
     <span class='ocr_line' id='line_1_6' title="bbox 309 887 1798 973; baseline 0.002 -26"><span class='ocrx_word' id='word_1_33' title='bbox 309 887 732 952; x_wconf 79' lang='lat' dir='ltr'>dimensiones</span> <span class='ocrx_word' id='word_1_34' title='bbox 761 907 914 954; x_wconf 84' lang='lat' dir='ltr'>vero</span> <span class='ocrx_word' id='word_1_35' title='bbox 945 891 1228 973; x_wconf 88' lang='lat' dir='ltr'>corporis</span> <span class='ocrx_word' id='word_1_36' title='bbox 1259 890 1491 954; x_wconf 80' lang='lat' dir='ltr'>Christi</span> <span class='ocrx_word' id='word_1_37' title='bbox 1530 897 1680 952; x_wconf 92' lang='lat' dir='ltr'>sunt</span> <span class='ocrx_word' id='word_1_38' title='bbox 1709 887 1798 951; x_wconf 90' lang='lat' dir='ltr'>ibi</span> 
     </span>
     <span class='ocr_line' id='line_1_7' title="bbox 311 986 1800 1069; baseline 0 -21"><span class='ocrx_word' id='word_1_39' title='bbox 311 991 450 1048; x_wconf 79' lang='lat' dir='ltr'>totae</span> <span class='ocrx_word' id='word_1_40' title='bbox 475 986 544 1048; x_wconf 93' lang='lat' dir='ltr'>in</span> <span class='ocrx_word' id='word_1_41' title='bbox 573 986 782 1051; x_wconf 86' lang='lat' dir='ltr'>hostia</span> <span class='ocrx_word' id='word_1_42' title='bbox 807 996 958 1064; x_wconf 91' lang='lat' dir='ltr'>tota,</span> <span class='ocrx_word' id='word_1_43' title='bbox 991 996 1056 1051; x_wconf 89' lang='lat' dir='ltr'>et</span> <span class='ocrx_word' id='word_1_44' title='bbox 1083 995 1230 1052; x_wconf 81' lang='lat' dir='ltr'>totae</span> <span class='ocrx_word' id='word_1_45' title='bbox 1260 988 1328 1050; x_wconf 94' lang='lat' dir='ltr'>in</span> <span class='ocrx_word' id='word_1_46' title='bbox 1361 987 1630 1068; x_wconf 79' lang='lat' dir='ltr'>singulis</span> <span class='ocrx_word' id='word_1_47' title='bbox 1662 1005 1800 1069; x_wconf 91' lang='lat' dir='ltr'>par-</span> 
     </span>
     <span class='ocr_line' id='line_1_8' title="bbox 308 1083 1801 1165; baseline 0.002 -21"><span class='ocrx_word' id='word_1_48' title='bbox 308 1083 476 1146; x_wconf 90' lang='lat' dir='ltr'>tibus</span> <span class='ocrx_word' id='word_1_49' title='bbox 519 1083 685 1165; x_wconf 88' lang='lat' dir='ltr'>ejus,</span> <span class='ocrx_word' id='word_1_50' title='bbox 729 1105 852 1148; x_wconf 86' lang='lat' dir='ltr'>nec</span> <span class='ocrx_word' id='word_1_51' title='bbox 899 1095 1050 1149; x_wconf 89' lang='lat' dir='ltr'>sunt</span> <span class='ocrx_word' id='word_1_52' title='bbox 1097 1086 1188 1148; x_wconf 91' lang='lat' dir='ltr'>ibi</span> <span class='ocrx_word' id='word_1_53' title='bbox 1236 1086 1538 1149; x_wconf 80' lang='lat' dir='ltr'><strong>localiter.</strong></span> <span class='ocrx_word' id='word_1_54' title='bbox 1589 1084 1801 1148; x_wconf 90' lang='lat' dir='ltr'><strong>Nihilo</strong></span> 
     </span>
     <span class='ocr_line' id='line_1_9' title="bbox 307 1183 1799 1267; baseline 0.001 -24"><span class='ocrx_word' id='word_1_55' title='bbox 307 1183 514 1244; x_wconf 89' lang='lat' dir='ltr'>minus</span> <span class='ocrx_word' id='word_1_56' title='bbox 559 1183 660 1246; x_wconf 92' lang='lat' dir='ltr'>his</span> <span class='ocrx_word' id='word_1_57' title='bbox 707 1183 905 1266; x_wconf 82' lang='lat' dir='ltr'>objici</span> <span class='ocrx_word' id='word_1_58' title='bbox 952 1192 1186 1267; x_wconf 89' lang='lat' dir='ltr'>posset,</span> <span class='ocrx_word' id='word_1_59' title='bbox 1219 1185 1372 1267; x_wconf 90' lang='lat' dir='ltr'>quia</span> <span class='ocrx_word' id='word_1_60' title='bbox 1412 1187 1512 1266; x_wconf 91' lang='lat' dir='ltr'>(ut</span> <span class='ocrx_word' id='word_1_61' title='bbox 1558 1183 1799 1246; x_wconf 89' lang='lat' dir='ltr'>dictum</span> 
     </span>
     <span class='ocr_line' id='line_1_10' title="bbox 307 1281 1803 1365; baseline 0.001 -23"><span class='ocrx_word' id='word_1_62' title='bbox 307 1281 426 1360; x_wconf 90' lang='lat' dir='ltr'>est)</span> <span class='ocrx_word' id='word_1_63' title='bbox 453 1281 702 1363; x_wconf 88' lang='lat' dir='ltr'>corpori</span> <span class='ocrx_word' id='word_1_64' title='bbox 733 1282 966 1346; x_wconf 81' lang='lat' dir='ltr'>Christi</span> <span class='ocrx_word' id='word_1_65' title='bbox 995 1291 1060 1345; x_wconf 90' lang='lat' dir='ltr'>et</span> <span class='ocrx_word' id='word_1_66' title='bbox 1097 1281 1388 1365; x_wconf 86' lang='lat' dir='ltr'>partibus</span> <span class='ocrx_word' id='word_1_67' title='bbox 1425 1281 1567 1363; x_wconf 84' lang='lat' dir='ltr'>ejus</span> <span class='ocrx_word' id='word_1_68' title='bbox 1607 1281 1672 1343; x_wconf 91' lang='lat' dir='ltr'>in</span> <span class='ocrx_word' id='word_1_69' title='bbox 1711 1299 1803 1343; x_wconf 90' lang='lat' dir='ltr'>sa-</span> 
     </span>
     <span class='ocr_line' id='line_1_11' title="bbox 307 1381 1800 1444; baseline 0.001 -4"><span class='ocrx_word' id='word_1_70' title='bbox 307 1386 624 1442; x_wconf 86' lang='lat' dir='ltr'>cramento</span> <span class='ocrx_word' id='word_1_71' title='bbox 669 1381 972 1443; x_wconf 89' lang='lat' dir='ltr'>convenit</span> <span class='ocrx_word' id='word_1_72' title='bbox 1027 1397 1156 1444; x_wconf 90' lang='lat' dir='ltr'>non</span> <span class='ocrx_word' id='word_1_73' title='bbox 1215 1381 1422 1444; x_wconf 91' lang='lat' dir='ltr'>solum</span> <span class='ocrx_word' id='word_1_74' title='bbox 1481 1381 1641 1441; x_wconf 91' lang='lat' dir='ltr'>situs</span> <span class='ocrx_word' id='word_1_75' title='bbox 1687 1397 1800 1442; x_wconf 92' lang='lat' dir='ltr'>seu</span> 
     </span>
     <span class='ocr_line' id='line_1_12' title="bbox 307 1476 1800 1560; baseline 0 -22"><span class='ocrx_word' id='word_1_76' title='bbox 307 1477 530 1558; x_wconf 90' lang='lat' dir='ltr'>positio</span> <span class='ocrx_word' id='word_1_77' title='bbox 572 1478 650 1539; x_wconf 91' lang='lat' dir='ltr'>de</span> <span class='ocrx_word' id='word_1_78' title='bbox 688 1496 922 1559; x_wconf 81' lang='lat' dir='ltr'>genere</span> <span class='ocrx_word' id='word_1_79' title='bbox 960 1479 1354 1560; x_wconf 77' lang='lat' dir='ltr'><strong>quantitatis,</strong></span> <span class='ocrx_word' id='word_1_80' title='bbox 1387 1478 1498 1540; x_wconf 91' lang='lat' dir='ltr'>sed</span> <span class='ocrx_word' id='word_1_81' title='bbox 1537 1485 1602 1540; x_wconf 93' lang='lat' dir='ltr'>et</span> <span class='ocrx_word' id='word_1_82' title='bbox 1641 1476 1800 1539; x_wconf 90' lang='lat' dir='ltr'>situs</span> 
     </span>
     <span class='ocr_line' id='line_1_13' title="bbox 307 1575 1802 1660; baseline -0.001 -23"><span class='ocrx_word' id='word_1_83' title='bbox 307 1575 380 1636; x_wconf 89' lang='lat' dir='ltr'>de</span> <span class='ocrx_word' id='word_1_84' title='bbox 425 1594 654 1658; x_wconf 83' lang='lat' dir='ltr'>genere</span> <span class='ocrx_word' id='word_1_85' title='bbox 702 1579 840 1648; x_wconf 83' lang='lat' dir='ltr'>ubi,</span> <span class='ocrx_word' id='word_1_86' title='bbox 892 1577 978 1640; x_wconf 88' lang='lat' dir='ltr'>ita</span> <span class='ocrx_word' id='word_1_87' title='bbox 1027 1578 1198 1660; x_wconf 90' lang='lat' dir='ltr'>quod</span> <span class='ocrx_word' id='word_1_88' title='bbox 1249 1584 1460 1660; x_wconf 88' lang='lat' dir='ltr'>partes</span> <span class='ocrx_word' id='word_1_89' title='bbox 1517 1575 1802 1658; x_wconf 91' lang='lat' dir='ltr'>corporis</span> 
     </span>
     <span class='ocr_line' id='line_1_14' title="bbox 307 1673 1802 1738; baseline -0.001 -3"><span class='ocrx_word' id='word_1_90' title='bbox 307 1673 528 1736; x_wconf 82' lang='lat' dir='ltr'><strong>Christi</strong></span> <span class='ocrx_word' id='word_1_91' title='bbox 569 1674 808 1737; x_wconf 90' lang='lat' dir='ltr'>habent</span> <span class='ocrx_word' id='word_1_92' title='bbox 851 1675 1046 1738; x_wconf 91' lang='lat' dir='ltr'>etiam</span> <span class='ocrx_word' id='word_1_93' title='bbox 1088 1675 1377 1738; x_wconf 86' lang='lat' dir='ltr'>ordinem</span> <span class='ocrx_word' id='word_1_94' title='bbox 1425 1675 1592 1737; x_wconf 88' lang='lat' dir='ltr'>inter</span> <span class='ocrx_word' id='word_1_95' title='bbox 1633 1692 1700 1736; x_wconf 93' lang='lat' dir='ltr'>se</span> <span class='ocrx_word' id='word_1_96' title='bbox 1739 1680 1802 1735; x_wconf 92' lang='lat' dir='ltr'>et</span> 
     </span>
     <span class='ocr_line' id='line_1_15' title="bbox 307 1771 1798 1846; baseline 0.001 -14"><span class='ocrx_word' id='word_1_97' title='bbox 307 1779 500 1834; x_wconf 81' lang='lat' dir='ltr'>totum</span> <span class='ocrx_word' id='word_1_98' title='bbox 526 1789 540 1834; x_wconf 90' lang='lat'><strong>:</strong></span> <span class='ocrx_word' id='word_1_99' title='bbox 564 1780 628 1835; x_wconf 91' lang='lat' dir='ltr'>et</span> <span class='ocrx_word' id='word_1_100' title='bbox 657 1773 754 1835; x_wconf 92' lang='lat' dir='ltr'>sic</span> <span class='ocrx_word' id='word_1_101' title='bbox 783 1792 912 1835; x_wconf 91' lang='lat' dir='ltr'>una</span> <span class='ocrx_word' id='word_1_102' title='bbox 938 1780 1036 1836; x_wconf 92' lang='lat' dir='ltr'>est</span> <span class='ocrx_word' id='word_1_103' title='bbox 1063 1781 1242 1836; x_wconf 85' lang='lat' dir='ltr'>extra</span> <span class='ocrx_word' id='word_1_104' title='bbox 1270 1792 1434 1846; x_wconf 86' lang='lat' dir='ltr'>eam,</span> <span class='ocrx_word' id='word_1_105' title='bbox 1469 1779 1532 1834; x_wconf 92' lang='lat' dir='ltr'>et</span> <span class='ocrx_word' id='word_1_106' title='bbox 1559 1771 1798 1834; x_wconf 88' lang='lat' dir='ltr'>distans</span> 
     </span>
    </p>
   </div>
   <div class='ocr_carea' id='block_1_6' title="bbox 307 1867 1881 1954">
    <p class='ocr_par' dir='ltr' id='par_1_6' title="bbox 307 1867 1881 1954">
     <span class='ocr_line' id='line_1_16' title="bbox 307 1867 1881 1954; baseline 0.003 -24"><span class='ocrx_word' id='word_1_107' title='bbox 307 1867 382 1930; x_wconf 89' lang='lat' dir='ltr'>ab</span> <span class='ocrx_word' id='word_1_108' title='bbox 409 1889 498 1932; x_wconf 87' lang='lat' dir='ltr'>ea.</span> <span class='ocrx_word' id='word_1_109' title='bbox 517 1869 640 1932; x_wconf 88' lang='lat' dir='ltr'>Sed</span> <span class='ocrx_word' id='word_1_110' title='bbox 667 1871 750 1933; x_wconf 89' lang='lat' dir='ltr'>ad</span> <span class='ocrx_word' id='word_1_111' title='bbox 777 1870 900 1934; x_wconf 87' lang='lat' dir='ltr'>hoc</span> <span class='ocrx_word' id='word_1_112' title='bbox 930 1879 1102 1954; x_wconf 90' lang='lat' dir='ltr'>patet</span> <span class='ocrx_word' id='word_1_113' title='bbox 1130 1889 1210 1934; x_wconf 81' lang='lat' dir='ltr'>cx</span> <span class='ocrx_word' id='word_1_114' title='bbox 1241 1870 1518 1934; x_wconf 90' lang='lat' dir='ltr'>inductis</span> <span class='ocrx_word' id='word_1_115' title='bbox 1548 1887 1799 1952; x_wconf 90' lang='lat' dir='ltr'>respon·</span> <span class='ocrx_word' id='word_1_116' title='bbox 1834 1873 1881 1935; x_wconf 92' lang='lat' dir='ltr'>B</span> 
     </span>
    </p>
   </div>
   <div class='ocr_carea' id='block_1_7' title="bbox 309 1967 1801 2347">
    <p class='ocr_par' dir='ltr' id='par_1_7' title="bbox 309 1967 1801 2246">
     <span class='ocr_line' id='line_1_17' title="bbox 309 1967 1800 2053; baseline 0.002 -25"><span class='ocrx_word' id='word_1_117' title='bbox 309 1967 418 2043; x_wconf 91' lang='lat' dir='ltr'>sio,</span> <span class='ocrx_word' id='word_1_118' title='bbox 461 1969 614 2050; x_wconf 90' lang='lat' dir='ltr'>quia</span> <span class='ocrx_word' id='word_1_119' title='bbox 659 1969 928 2033; x_wconf 73' lang='lat' dir='ltr'>diffusio</span> <span class='ocrx_word' id='word_1_120' title='bbox 973 1971 1334 2053; x_wconf 82' lang='lat' dir='ltr'>specierum</span> <span class='ocrx_word' id='word_1_121' title='bbox 1383 1968 1462 2032; x_wconf 85' lang='lat' dir='ltr'>fit</span> <span class='ocrx_word' id='word_1_122' title='bbox 1510 1987 1625 2052; x_wconf 90' lang='lat' dir='ltr'>per</span> <span class='ocrx_word' id='word_1_123' title='bbox 1674 1987 1800 2031; x_wconf 90' lang='lat' dir='ltr'>me-</span> 
     </span>
     <span class='ocr_line' id='line_1_18' title="bbox 309 2065 1801 2149; baseline 0.001 -22"><span class='ocrx_word' id='word_1_124' title='bbox 309 2065 496 2140; x_wconf 88' lang='lat' dir='ltr'>dium,</span> <span class='ocrx_word' id='word_1_125' title='bbox 547 2068 719 2149; x_wconf 91' lang='lat' dir='ltr'>quod</span> <span class='ocrx_word' id='word_1_126' title='bbox 776 2086 906 2131; x_wconf 91' lang='lat' dir='ltr'>non</span> <span class='ocrx_word' id='word_1_127' title='bbox 965 2077 1062 2131; x_wconf 91' lang='lat' dir='ltr'>est</span> <span class='ocrx_word' id='word_1_128' title='bbox 1118 2069 1258 2131; x_wconf 92' lang='lat' dir='ltr'>sine</span> <span class='ocrx_word' id='word_1_129' title='bbox 1315 2067 1690 2131; x_wconf 82' lang='lat' dir='ltr'>habitudine</span> <span class='ocrx_word' id='word_1_130' title='bbox 1737 2073 1801 2130; x_wconf 91' lang='lat' dir='ltr'>et</span> 
     </span>
     <span class='ocr_line' id='line_1_19' title="bbox 309 2165 994 2246; baseline 0.004 -21"><span class='ocrx_word' id='word_1_131' title='bbox 309 2173 592 2246; x_wconf 87' lang='lat' dir='ltr'>respectu</span> <span class='ocrx_word' id='word_1_132' title='bbox 633 2166 714 2228; x_wconf 92' lang='lat' dir='ltr'>ad</span> <span class='ocrx_word' id='word_1_133' title='bbox 759 2165 994 2230; x_wconf 93' lang='lat' dir='ltr'>locum.</span> 
     </span>
    </p>

    <p class='ocr_par' dir='ltr' id='par_1_8' title="bbox 379 2264 1800 2347">
     <span class='ocr_line' id='line_1_20' title="bbox 379 2264 1800 2347; baseline 0.001 -22"><span class='ocrx_word' id='word_1_134' title='bbox 379 2264 642 2346; x_wconf 88' lang='lat' dir='ltr'>Insuper</span> <span class='ocrx_word' id='word_1_135' title='bbox 697 2264 1079 2338; x_wconf 86' lang='lat' dir='ltr'>Quodlibeto</span> <span class='ocrx_word' id='word_1_136' title='bbox 1142 2265 1484 2328; x_wconf 89' lang='lat' dir='ltr'>undecimo</span> <span class='ocrx_word' id='word_1_137' title='bbox 1544 2283 1800 2347; x_wconf 89' lang='lat' dir='ltr'>respon-</span> 
     </span>
    </p>
   </div>
   <div class='ocr_carea' id='block_1_8' title="bbox 163 2361 1798 2445">
    <p class='ocr_par' dir='ltr' id='par_1_9' title="bbox 163 2361 1798 2445">
     <span class='ocr_line' id='line_1_21' title="bbox 163 2361 1798 2445; baseline 0 -19"><span class='ocrx_word' id='word_1_138' title='bbox 163 2417 172 2426; x_wconf 96' lang='lat'><strong>.</strong></span> <span class='ocrx_word' id='word_1_139' title='bbox 229 2419 238 2428; x_wconf 94' lang='lat'><strong>.</strong></span> <span class='ocrx_word' id='word_1_140' title='bbox 311 2361 458 2422; x_wconf 88' lang='lat' dir='ltr'>dens</span> <span class='ocrx_word' id='word_1_141' title='bbox 499 2362 577 2423; x_wconf 90' lang='lat' dir='ltr'>ad</span> <span class='ocrx_word' id='word_1_142' title='bbox 621 2363 816 2438; x_wconf 88' lang='lat' dir='ltr'>istud,</span> <span class='ocrx_word' id='word_1_143' title='bbox 850 2370 1067 2426; x_wconf 89' lang='lat' dir='ltr'>utrum</span> <span class='ocrx_word' id='word_1_144' title='bbox 1115 2363 1379 2445; x_wconf 86' lang='lat' dir='ltr'>angelus</span> <span class='ocrx_word' id='word_1_145' title='bbox 1427 2363 1798 2426; x_wconf 85' lang='lat' dir='ltr'>naturaliter</span> 
     </span>
    </p>
   </div>
   <div class='ocr_carea' id='block_1_9' title="bbox 302 2459 1799 3034">
    <p class='ocr_par' dir='ltr' id='par_1_10' title="bbox 302 2459 1799 3034">
     <span class='ocr_line' id='line_1_22' title="bbox 307 2459 1799 2542; baseline 0.003 -23"><span class='ocrx_word' id='word_1_146' title='bbox 307 2459 496 2539; x_wconf 83' lang='lat' dir='ltr'><strong>possit</strong></span> <span class='ocrx_word' id='word_1_147' title='bbox 525 2459 742 2521; x_wconf 88' lang='lat' dir='ltr'>videre</span> <span class='ocrx_word' id='word_1_148' title='bbox 773 2477 1006 2542; x_wconf 93' lang='lat' dir='ltr'>corpus</span> <span class='ocrx_word' id='word_1_149' title='bbox 1037 2460 1269 2523; x_wconf 87' lang='lat' dir='ltr'><strong>Christi</strong></span> <span class='ocrx_word' id='word_1_150' title='bbox 1299 2461 1420 2522; x_wconf 91' lang='lat' dir='ltr'>sub</span> <span class='ocrx_word' id='word_1_151' title='bbox 1451 2479 1799 2523; x_wconf 90' lang='lat' dir='ltr'>sacramen-</span> 
     </span>
     <span class='ocr_line' id='line_1_23' title="bbox 305 2557 1796 2640; baseline 0.001 -22"><span class='ocrx_word' id='word_1_152' title='bbox 305 2564 364 2618; x_wconf 90' lang='lat' dir='ltr'>to</span> <span class='ocrx_word' id='word_1_153' title='bbox 395 2574 409 2618; x_wconf 91' lang='lat'>:</span> <span class='ocrx_word' id='word_1_154' title='bbox 439 2557 831 2640; x_wconf 73' lang='lat' dir='ltr'>Hysterium,</span> <span class='ocrx_word' id='word_1_155' title='bbox 876 2558 1105 2640; x_wconf 90' lang='lat' dir='ltr'>inquit,</span> <span class='ocrx_word' id='word_1_156' title='bbox 1145 2559 1208 2620; x_wconf 89' lang='lat' dir='ltr'>id</span> <span class='ocrx_word' id='word_1_157' title='bbox 1255 2566 1354 2622; x_wconf 91' lang='lat' dir='ltr'>est</span> <span class='ocrx_word' id='word_1_158' title='bbox 1399 2577 1650 2622; x_wconf 86' lang='lat' dir='ltr'>sacrum</span> <span class='ocrx_word' id='word_1_159' title='bbox 1700 2577 1796 2621; x_wconf 92' lang='lat' dir='ltr'>se-</span> 
     </span>
     <span class='ocr_line' id='line_1_24' title="bbox 305 2657 1798 2732; baseline 0.003 -16"><span class='ocrx_word' id='word_1_160' title='bbox 305 2663 539 2718; x_wconf 87' lang='lat' dir='ltr'>cretum</span> <span class='ocrx_word' id='word_1_161' title='bbox 577 2657 962 2719; x_wconf 84' lang='lat' dir='ltr'>sacramenti</span> <span class='ocrx_word' id='word_1_162' title='bbox 1000 2657 1208 2732; x_wconf 90' lang='lat' dir='ltr'>istius,</span> <span class='ocrx_word' id='word_1_163' title='bbox 1243 2657 1309 2720; x_wconf 91' lang='lat' dir='ltr'>in</span> <span class='ocrx_word' id='word_1_164' title='bbox 1349 2657 1556 2720; x_wconf 90' lang='lat' dir='ltr'>tribus</span> <span class='ocrx_word' id='word_1_165' title='bbox 1595 2657 1798 2720; x_wconf 91' lang='lat' dir='ltr'>consi-</span> 
     </span>
     <span class='ocr_line' id='line_1_25' title="bbox 302 2754 1794 2838; baseline 0.002 -23"><span class='ocrx_word' id='word_1_166' title='bbox 302 2754 421 2815; x_wconf 87' lang='lat' dir='ltr'><strong>stit.</strong></span> <span class='ocrx_word' id='word_1_167' title='bbox 439 2755 723 2818; x_wconf 88' lang='lat' dir='ltr'>Primum</span> <span class='ocrx_word' id='word_1_168' title='bbox 754 2761 874 2831; x_wconf 91' lang='lat' dir='ltr'>est,</span> <span class='ocrx_word' id='word_1_169' title='bbox 889 2755 1221 2819; x_wconf 87' lang='lat' dir='ltr'>conversio</span> <span class='ocrx_word' id='word_1_170' title='bbox 1251 2755 1434 2838; x_wconf 92' lang='lat' dir='ltr'>panis</span> <span class='ocrx_word' id='word_1_171' title='bbox 1465 2757 1531 2818; x_wconf 91' lang='lat' dir='ltr'>in</span> <span class='ocrx_word' id='word_1_172' title='bbox 1563 2773 1794 2838; x_wconf 92' lang='lat' dir='ltr'>corpus</span> 
     </span>
     <span class='ocr_line' id='line_1_26' title="bbox 302 2851 1797 2937; baseline 0.001 -22"><span class='ocrx_word' id='word_1_173' title='bbox 302 2851 544 2916; x_wconf 87' lang='lat' dir='ltr'><strong>Christi.</strong></span> <span class='ocrx_word' id='word_1_174' title='bbox 577 2853 970 2930; x_wconf 89' lang='lat' dir='ltr'>Secundum,</span> <span class='ocrx_word' id='word_1_175' title='bbox 1002 2854 1320 2937; x_wconf 90' lang='lat' dir='ltr'>quomodo</span> <span class='ocrx_word' id='word_1_176' title='bbox 1359 2854 1424 2917; x_wconf 92' lang='lat' dir='ltr'>id</span> <span class='ocrx_word' id='word_1_177' title='bbox 1464 2854 1631 2936; x_wconf 92' lang='lat' dir='ltr'>quod</span> <span class='ocrx_word' id='word_1_178' title='bbox 1670 2854 1797 2917; x_wconf 79' lang='lat' dir='ltr'>fuit</span> 
     </span>
     <span class='ocr_line' id='line_1_27' title="bbox 303 2951 1794 3034; baseline 0.002 -23"><span class='ocrx_word' id='word_1_179' title='bbox 303 2951 498 3031; x_wconf 79' lang='lat' dir='ltr'>paniS,</span> <span class='ocrx_word' id='word_1_180' title='bbox 529 2969 659 3014; x_wconf 89' lang='lat' dir='ltr'>non</span> <span class='ocrx_word' id='word_1_181' title='bbox 689 2951 775 3014; x_wconf 91' lang='lat' dir='ltr'>sit</span> <span class='ocrx_word' id='word_1_182' title='bbox 802 2951 1252 3028; x_wconf 87' lang='lat' dir='ltr'>annihilatum,</span> <span class='ocrx_word' id='word_1_183' title='bbox 1285 2952 1397 3015; x_wconf 91' lang='lat' dir='ltr'>sed</span> <span class='ocrx_word' id='word_1_184' title='bbox 1428 2959 1524 3014; x_wconf 91' lang='lat' dir='ltr'>est</span> <span class='ocrx_word' id='word_1_185' title='bbox 1551 2951 1794 3034; x_wconf 91' lang='lat' dir='ltr'>aliquid</span> 
     </span>
    </p>
   </div>
   <div class='ocr_carea' id='block_1_10' title="bbox 1909 785 3407 1364">
    <p class='ocr_par' dir='ltr' id='par_1_11' title="bbox 1909 785 3407 1364">
     <span class='ocr_line' id='line_1_28' title="bbox 1909 785 3405 873; baseline -0.004 -20"><span class='ocrx_word' id='word_1_186' title='bbox 1909 810 2029 873; x_wconf 90' lang='lat' dir='ltr'>pus</span> <span class='ocrx_word' id='word_1_187' title='bbox 2061 790 2295 853; x_wconf 89' lang='lat' dir='ltr'><strong>Christi</strong></span> <span class='ocrx_word' id='word_1_188' title='bbox 2326 789 2481 851; x_wconf 91' lang='lat' dir='ltr'>dicit</span> <span class='ocrx_word' id='word_1_189' title='bbox 2519 787 2610 851; x_wconf 88' lang='lat' dir='ltr'>ibi</span> <span class='ocrx_word' id='word_1_190' title='bbox 2644 807 2781 851; x_wconf 91' lang='lat' dir='ltr'>esse</span> <span class='ocrx_word' id='word_1_191' title='bbox 2821 805 2935 870; x_wconf 93' lang='lat' dir='ltr'>per</span> <span class='ocrx_word' id='word_1_192' title='bbox 2974 785 3405 849; x_wconf 89' lang='lat' dir='ltr'>concomitan-</span> 
     </span>
     <span class='ocr_line' id='line_1_29' title="bbox 1909 884 3405 971; baseline -0.004 -19"><span class='ocrx_word' id='word_1_193' title='bbox 1909 890 2304 971; x_wconf 87' lang='lat' dir='ltr'>tiam,quum</span> <span class='ocrx_word' id='word_1_194' title='bbox 2334 887 2419 950; x_wconf 91' lang='lat' dir='ltr'>sit</span> <span class='ocrx_word' id='word_1_195' title='bbox 2448 887 2539 950; x_wconf 92' lang='lat' dir='ltr'>ibi</span> <span class='ocrx_word' id='word_1_196' title='bbox 2570 905 2685 969; x_wconf 90' lang='lat' dir='ltr'>per</span> <span class='ocrx_word' id='word_1_197' title='bbox 2710 885 3192 949; x_wconf 88' lang='lat' dir='ltr'>conversionem</span> <span class='ocrx_word' id='word_1_198' title='bbox 3223 884 3405 967; x_wconf 90' lang='lat' dir='ltr'>panis</span> 
     </span>
     <span class='ocr_line' id='line_1_30' title="bbox 1911 982 3407 1070; baseline -0.003 -22"><span class='ocrx_word' id='word_1_199' title='bbox 1911 987 1974 1049; x_wconf 90' lang='lat' dir='ltr'>in</span> <span class='ocrx_word' id='word_1_200' title='bbox 2007 987 2221 1070; x_wconf 91' lang='lat' dir='ltr'>ipsum</span> <span class='ocrx_word' id='word_1_201' title='bbox 2252 986 2605 1060; x_wconf 89' lang='lat' dir='ltr'>directe‚ac</span> <span class='ocrx_word' id='word_1_202' title='bbox 2635 984 2866 1046; x_wconf 90' lang='lat' dir='ltr'>deinde</span> <span class='ocrx_word' id='word_1_203' title='bbox 2896 1001 3010 1065; x_wconf 89' lang='lat' dir='ltr'>per</span> <span class='ocrx_word' id='word_1_204' title='bbox 3039 982 3284 1064; x_wconf 90' lang='lat' dir='ltr'>species</span> <span class='ocrx_word' id='word_1_205' title='bbox 3315 1000 3407 1044; x_wconf 90' lang='lat' dir='ltr'>re-</span> 
     </span>
     <span class='ocr_line' id='line_1_31' title="bbox 1910 1079 3405 1162; baseline -0.004 -15"><span class='ocrx_word' id='word_1_206' title='bbox 1910 1093 2239 1148; x_wconf 84' lang='lat' dir='ltr'>manentes</span> <span class='ocrx_word' id='word_1_207' title='bbox 2279 1083 2874 1147; x_wconf 85' lang='lat' dir='ltr'>determinationem</span> <span class='ocrx_word' id='word_1_208' title='bbox 2919 1080 3261 1162; x_wconf 88' lang='lat' dir='ltr'>quamdam</span> <span class='ocrx_word' id='word_1_209' title='bbox 3301 1079 3405 1141; x_wconf 90' lang='lat' dir='ltr'>ha-</span> 
     </span>
     <span class='ocr_line' id='line_1_32' title="bbox 1909 1177 3405 1260; baseline -0.003 -15"><span class='ocrx_word' id='word_1_210' title='bbox 1909 1183 2054 1246; x_wconf 89' lang='lat' dir='ltr'>beat</span> <span class='ocrx_word' id='word_1_211' title='bbox 2095 1184 2174 1246; x_wconf 89' lang='lat' dir='ltr'>ad</span> <span class='ocrx_word' id='word_1_212' title='bbox 2213 1182 2649 1245; x_wconf 81' lang='lat' dir='ltr'>exsistendum</span> <span class='ocrx_word' id='word_1_213' title='bbox 2690 1179 2952 1254; x_wconf 86' lang='lat' dir='ltr'>ibidem,</span> <span class='ocrx_word' id='word_1_214' title='bbox 2985 1186 3048 1241; x_wconf 89' lang='lat' dir='ltr'>et</span> <span class='ocrx_word' id='word_1_215' title='bbox 3086 1177 3405 1260; x_wconf 86' lang='lat' dir='ltr'>quantitas</span> 
     </span>
     <span class='ocr_line' id='line_1_33' title="bbox 1909 1277 3405 1364; baseline -0.005 -20"><span class='ocrx_word' id='word_1_216' title='bbox 1909 1301 2023 1344; x_wconf 90' lang='lat' dir='ltr'>sua</span> <span class='ocrx_word' id='word_1_217' title='bbox 2050 1282 2311 1364; x_wconf 90' lang='lat' dir='ltr'>propria</span> <span class='ocrx_word' id='word_1_218' title='bbox 2338 1280 2430 1343; x_wconf 91' lang='lat' dir='ltr'>ibi</span> <span class='ocrx_word' id='word_1_219' title='bbox 2459 1279 2544 1342; x_wconf 91' lang='lat' dir='ltr'>sit</span> <span class='ocrx_word' id='word_1_220' title='bbox 2574 1298 2687 1362; x_wconf 92' lang='lat' dir='ltr'>per</span> <span class='ocrx_word' id='word_1_221' title='bbox 2714 1277 3268 1342; x_wconf 84' lang='lat' dir='ltr'>concomitantiam</span> <span class='ocrx_word' id='word_1_222' title='bbox 3300 1296 3405 1338; x_wconf 89' lang='lat' dir='ltr'>na-</span> 
     </span>
    </p>
   </div>
   <div class='ocr_carea' id='block_1_11' title="bbox 1908 1376 3664 1458">
    <p class='ocr_par' dir='ltr' id='par_1_12' title="bbox 1908 1376 3664 1458">
     <span class='ocr_line' id='line_1_34' title="bbox 1908 1376 3664 1458; baseline -0.002 -17"><span class='ocrx_word' id='word_1_223' title='bbox 1908 1382 2203 1454; x_wconf 89' lang='lat' dir='ltr'>turalem,</span> <span class='ocrx_word' id='word_1_224' title='bbox 2239 1388 2309 1442; x_wconf 96' lang='lat' dir='ltr'>ut</span> <span class='ocrx_word' id='word_1_225' title='bbox 2345 1378 2635 1441; x_wconf 91' lang='lat' dir='ltr'>habitum</span> <span class='ocrx_word' id='word_1_226' title='bbox 2674 1385 2792 1450; x_wconf 91' lang='lat' dir='ltr'>est,</span> <span class='ocrx_word' id='word_1_227' title='bbox 2824 1385 2889 1439; x_wconf 93' lang='lat' dir='ltr'>et</span> <span class='ocrx_word' id='word_1_228' title='bbox 2932 1376 3204 1458; x_wconf 86' lang='lat' dir='ltr'>ipsemet</span> <span class='ocrx_word' id='word_1_229' title='bbox 3244 1376 3405 1438; x_wconf 89' lang='lat' dir='ltr'>Hen-</span> <span class='ocrx_word' id='word_1_230' title='bbox 3458 1403 3664 1458; x_wconf 53' lang='grc' dir='ltr'>μεως,</span> 
     </span>
    </p>
   </div>
   <div class='ocr_carea' id='block_1_12' title="bbox 1910 1474 3411 1852">
    <p class='ocr_par' dir='ltr' id='par_1_13' title="bbox 1910 1474 3411 1852">
     <span class='ocr_line' id='line_1_35' title="bbox 1910 1474 3405 1560; baseline -0.002 -21"><span class='ocrx_word' id='word_1_231' title='bbox 1910 1479 2080 1541; x_wconf 90' lang='lat' dir='ltr'>ricus</span> <span class='ocrx_word' id='word_1_232' title='bbox 2117 1478 2274 1540; x_wconf 90' lang='lat' dir='ltr'>alibi</span> <span class='ocrx_word' id='word_1_233' title='bbox 2318 1483 2719 1560; x_wconf 78' lang='lat' dir='ltr'>protestatur.</span> <span class='ocrx_word' id='word_1_234' title='bbox 2752 1476 2901 1538; x_wconf 91' lang='lat' dir='ltr'>Ideo</span> <span class='ocrx_word' id='word_1_235' title='bbox 2942 1474 3157 1538; x_wconf 79' lang='lat' dir='ltr'>forsan</span> <span class='ocrx_word' id='word_1_236' title='bbox 3194 1492 3405 1537; x_wconf 82' lang='lat' dir='ltr'>exem-</span> 
     </span>
     <span class='ocr_line' id='line_1_36' title="bbox 1912 1573 3408 1659; baseline -0.003 -21"><span class='ocrx_word' id='word_1_237' title='bbox 1912 1576 2050 1658; x_wconf 91' lang='lat' dir='ltr'>plar</span> <span class='ocrx_word' id='word_1_238' title='bbox 2078 1577 2248 1659; x_wconf 91' lang='lat' dir='ltr'>quod</span> <span class='ocrx_word' id='word_1_239' title='bbox 2282 1575 2403 1658; x_wconf 83' lang='lat' dir='ltr'>legi</span> <span class='ocrx_word' id='word_1_240' title='bbox 2438 1582 2534 1638; x_wconf 90' lang='lat' dir='ltr'>est</span> <span class='ocrx_word' id='word_1_241' title='bbox 2572 1575 3018 1637; x_wconf 89' lang='lat' dir='ltr'>incorrectum.</span> <span class='ocrx_word' id='word_1_242' title='bbox 3054 1573 3183 1635; x_wconf 90' lang='lat' dir='ltr'>Nec</span> <span class='ocrx_word' id='word_1_243' title='bbox 3222 1579 3408 1652; x_wconf 83' lang='lat' dir='ltr'>negat</span> 
     </span>
     <span class='ocr_line' id='line_1_37' title="bbox 1910 1670 3411 1755; baseline -0.003 -19"><span class='ocrx_word' id='word_1_244' title='bbox 1910 1674 2014 1737; x_wconf 93' lang='lat' dir='ltr'>hic</span> <span class='ocrx_word' id='word_1_245' title='bbox 2062 1675 2302 1748; x_wconf 91' lang='lat' dir='ltr'>doctor,</span> <span class='ocrx_word' id='word_1_246' title='bbox 2334 1673 2491 1755; x_wconf 90' lang='lat' dir='ltr'>quin</span> <span class='ocrx_word' id='word_1_247' title='bbox 2532 1671 2740 1753; x_wconf 82' lang='lat' dir='ltr'>angeli</span> <span class='ocrx_word' id='word_1_248' title='bbox 2790 1670 3260 1754; x_wconf 90' lang='lat' dir='ltr'>supernaturali</span> <span class='ocrx_word' id='word_1_249' title='bbox 3308 1688 3411 1733; x_wconf 92' lang='lat' dir='ltr'>co-</span> 
     </span>
     <span class='ocr_line' id='line_1_38' title="bbox 1911 1767 3403 1852; baseline -0.003 -18"><span class='ocrx_word' id='word_1_250' title='bbox 1911 1771 2197 1852; x_wconf 85' lang='lat' dir='ltr'>gnitione</span> <span class='ocrx_word' id='word_1_251' title='bbox 2226 1772 2361 1836; x_wconf 78' lang='lat' dir='ltr'>haec</span> <span class='ocrx_word' id='word_1_252' title='bbox 2391 1777 2677 1846; x_wconf 84' lang='lat' dir='ltr'>noscant,</span> <span class='ocrx_word' id='word_1_253' title='bbox 2703 1768 3052 1851; x_wconf 67' lang='lat' dir='ltr'>praesertim</span> <span class='ocrx_word' id='word_1_254' title='bbox 3086 1769 3151 1830; x_wconf 92' lang='lat' dir='ltr'>in</span> <span class='ocrx_word' id='word_1_255' title='bbox 3181 1767 3403 1831; x_wconf 88' lang='lat' dir='ltr'>Verbo.</span> 
     </span>
    </p>
   </div>
   <div class='ocr_carea' id='block_1_13' title="bbox 1904 1963 3410 3031">
    <p class='ocr_par' dir='ltr' id='par_1_14' title="bbox 1904 1963 3410 3031">
     <span class='ocr_line' id='line_1_39' title="bbox 1989 1963 3406 2050; baseline -0.002 -20"><span class='ocrx_word' id='word_1_256' title='bbox 1989 1968 2299 2050; x_wconf 90' lang='lat' dir='ltr'>Denique,</span> <span class='ocrx_word' id='word_1_257' title='bbox 2317 1967 2485 2030; x_wconf 90' lang='lat' dir='ltr'>circa</span> <span class='ocrx_word' id='word_1_258' title='bbox 2517 1967 2638 2032; x_wconf 87' lang='lat' dir='ltr'>ista</span> <span class='ocrx_word' id='word_1_259' title='bbox 2666 1966 2875 2030; x_wconf 92' lang='lat' dir='ltr'>adhuc</span> <span class='ocrx_word' id='word_1_260' title='bbox 2907 1972 3191 2028; x_wconf 90' lang='lat' dir='ltr'>remanet</span> <span class='ocrx_word' id='word_1_261' title='bbox 3220 1963 3406 2027; x_wconf 93' lang='lat' dir='ltr'>dubi-</span> 
     </span>
     <span class='ocr_line' id='line_1_40' title="bbox 1907 2062 3410 2146; baseline -0.003 -18"><span class='ocrx_word' id='word_1_262' title='bbox 1907 2086 2016 2128; x_wconf 91' lang='lat' dir='ltr'>um</span> <span class='ocrx_word' id='word_1_263' title='bbox 2047 2085 2255 2129; x_wconf 92' lang='lat' dir='ltr'>unum.</span> <span class='ocrx_word' id='word_1_264' title='bbox 2267 2065 2573 2140; x_wconf 85' lang='lat' dir='ltr'>Quoniam</span> <span class='ocrx_word' id='word_1_265' title='bbox 2606 2065 2844 2127; x_wconf 91' lang='lat' dir='ltr'>dictum</span> <span class='ocrx_word' id='word_1_266' title='bbox 2864 2071 2961 2128; x_wconf 90' lang='lat' dir='ltr'>est</span> <span class='ocrx_word' id='word_1_267' title='bbox 2990 2080 3213 2146; x_wconf 90' lang='lat' dir='ltr'>corpus</span> <span class='ocrx_word' id='word_1_268' title='bbox 3238 2062 3410 2126; x_wconf 93' lang='lat' dir='ltr'>Chri-</span> 
     </span>
     <span class='ocr_line' id='line_1_41' title="bbox 1909 2160 3403 2244; baseline -0.003 -18"><span class='ocrx_word' id='word_1_269' title='bbox 1909 2165 1990 2226; x_wconf 90' lang='lat' dir='ltr'>sti</span> <span class='ocrx_word' id='word_1_270' title='bbox 2046 2164 2112 2226; x_wconf 91' lang='lat' dir='ltr'>in</span> <span class='ocrx_word' id='word_1_271' title='bbox 2166 2170 2563 2227; x_wconf 88' lang='lat' dir='ltr'>sacramento</span> <span class='ocrx_word' id='word_1_272' title='bbox 2607 2182 2645 2226; x_wconf 88' lang='lat' dir='ltr'>a</span> <span class='ocrx_word' id='word_1_273' title='bbox 2687 2161 3039 2226; x_wconf 90' lang='lat' dir='ltr'>viatoribus</span> <span class='ocrx_word' id='word_1_274' title='bbox 3091 2160 3403 2244; x_wconf 91' lang='lat' dir='ltr'>corporali</span> 
     </span>
     <span class='ocr_line' id='line_1_42' title="bbox 1906 2259 3405 2344; baseline -0.002 -19"><span class='ocrx_word' id='word_1_275' title='bbox 1906 2262 2093 2326; x_wconf 90' lang='lat' dir='ltr'>oculo</span> <span class='ocrx_word' id='word_1_276' title='bbox 2123 2281 2251 2325; x_wconf 91' lang='lat' dir='ltr'>non</span> <span class='ocrx_word' id='word_1_277' title='bbox 2283 2262 2484 2324; x_wconf 87' lang='lat' dir='ltr'>videri</span> <span class='ocrx_word' id='word_1_278' title='bbox 2504 2261 2828 2344; x_wconf 89' lang='lat' dir='ltr'>(quamvis</span> <span class='ocrx_word' id='word_1_279' title='bbox 2858 2259 3186 2323; x_wconf 90' lang='lat' dir='ltr'>communi</span> <span class='ocrx_word' id='word_1_280' title='bbox 3216 2259 3405 2322; x_wconf 90' lang='lat' dir='ltr'>modo</span> 
     </span>
     <span class='ocr_line' id='line_1_43' title="bbox 1907 2358 3405 2443; baseline -0.003 -19"><span class='ocrx_word' id='word_1_281' title='bbox 1907 2360 2209 2443; x_wconf 91' lang='lat' dir='ltr'>loquendi</span> <span class='ocrx_word' id='word_1_282' title='bbox 2238 2361 2527 2423; x_wconf 87' lang='lat' dir='ltr'>dicamus</span> <span class='ocrx_word' id='word_1_283' title='bbox 2557 2377 2673 2423; x_wconf 90' lang='lat' dir='ltr'>nos</span> <span class='ocrx_word' id='word_1_284' title='bbox 2704 2359 2863 2422; x_wconf 84' lang='lat' dir='ltr'>illud</span> <span class='ocrx_word' id='word_1_285' title='bbox 2892 2358 3131 2433; x_wconf 89' lang='lat' dir='ltr'>videre,</span> <span class='ocrx_word' id='word_1_286' title='bbox 3150 2359 3405 2440; x_wconf 88' lang='lat' dir='ltr'>quando</span> 
     </span>
     <span class='ocr_line' id='line_1_44' title="bbox 1907 2455 3407 2541; baseline -0.002 -20"><span class='ocrx_word' id='word_1_287' title='bbox 1907 2459 2153 2541; x_wconf 91' lang='lat' dir='ltr'>species</span> <span class='ocrx_word' id='word_1_288' title='bbox 2183 2457 2671 2521; x_wconf 87' lang='lat' dir='ltr'>sacramentales</span> <span class='ocrx_word' id='word_1_289' title='bbox 2711 2455 2830 2520; x_wconf 91' lang='lat' dir='ltr'>sub</span> <span class='ocrx_word' id='word_1_290' title='bbox 2859 2456 3095 2538; x_wconf 91' lang='lat' dir='ltr'>quibus</span> <span class='ocrx_word' id='word_1_291' title='bbox 3123 2456 3407 2519; x_wconf 88' lang='lat' dir='ltr'>contine-</span> 
     </span>
     <span class='ocr_line' id='line_1_45' title="bbox 1907 2552 3401 2634; baseline -0.001 -17"><span class='ocrx_word' id='word_1_292' title='bbox 1907 2564 2025 2630; x_wconf 90' lang='lat' dir='ltr'>tur,</span> <span class='ocrx_word' id='word_1_293' title='bbox 2056 2555 2411 2634; x_wconf 90' lang='lat' dir='ltr'>videmus);</span> <span class='ocrx_word' id='word_1_294' title='bbox 2444 2561 2748 2625; x_wconf 89' lang='lat' dir='ltr'>remanet,</span> <span class='ocrx_word' id='word_1_295' title='bbox 2789 2552 3072 2634; x_wconf 90' lang='lat' dir='ltr'>inquam,</span> <span class='ocrx_word' id='word_1_296' title='bbox 3113 2553 3401 2634; x_wconf 79' lang='lat' dir='ltr'>quaestiO,</span> 
     </span>
     <span class='ocr_line' id='line_1_46' title="bbox 1906 2650 3406 2735; baseline -0.003 -19"><span class='ocrx_word' id='word_1_297' title='bbox 1906 2655 2036 2717; x_wconf 91' lang='lat' dir='ltr'>imo</span> <span class='ocrx_word' id='word_1_298' title='bbox 2075 2660 2141 2717; x_wconf 90' lang='lat' dir='ltr'>et</span> <span class='ocrx_word' id='word_1_299' title='bbox 2180 2661 2401 2717; x_wconf 90' lang='lat' dir='ltr'>contra</span> <span class='ocrx_word' id='word_1_300' title='bbox 2433 2653 2565 2735; x_wconf 83' lang='lat' dir='ltr'>jam</span> <span class='ocrx_word' id='word_1_301' title='bbox 2600 2651 2769 2714; x_wconf 88' lang='lat' dir='ltr'>dicta</span> <span class='ocrx_word' id='word_1_302' title='bbox 2798 2650 3099 2733; x_wconf 77' lang='lat' dir='ltr'>obJectio,</span> <span class='ocrx_word' id='word_1_303' title='bbox 3131 2652 3283 2733; x_wconf 93' lang='lat' dir='ltr'>quia</span> <span class='ocrx_word' id='word_1_304' title='bbox 3314 2651 3406 2713; x_wconf 92' lang='lat' dir='ltr'>in-</span> 
     </span>
     <span class='ocr_line' id='line_1_47' title="bbox 1905 2749 3404 2832; baseline -0.002 -18"><span class='ocrx_word' id='word_1_305' title='bbox 1905 2753 2157 2815; x_wconf 88' lang='lat' dir='ltr'>terdum</span> <span class='ocrx_word' id='word_1_306' title='bbox 2199 2752 2263 2814; x_wconf 92' lang='lat' dir='ltr'>in</span> <span class='ocrx_word' id='word_1_307' title='bbox 2303 2751 2509 2814; x_wconf 88' lang='lat' dir='ltr'>hostia</span> <span class='ocrx_word' id='word_1_308' title='bbox 2548 2756 2911 2813; x_wconf 86' lang='lat' dir='ltr'>consecrata</span> <span class='ocrx_word' id='word_1_309' title='bbox 2940 2749 3193 2813; x_wconf 85' lang='lat' dir='ltr'>videtur</span> <span class='ocrx_word' id='word_1_310' title='bbox 3221 2749 3404 2832; x_wconf 87' lang='lat' dir='ltr'>quasi</span> 
     </span>
     <span class='ocr_line' id='line_1_48' title="bbox 1905 2847 3405 2931; baseline -0.001 -19"><span class='ocrx_word' id='word_1_311' title='bbox 1905 2868 2052 2914; x_wconf 90' lang='lat' dir='ltr'>caro</span> <span class='ocrx_word' id='word_1_312' title='bbox 2094 2850 2375 2912; x_wconf 88' lang='lat' dir='ltr'>humana</span> <span class='ocrx_word' id='word_1_313' title='bbox 2416 2857 2525 2911; x_wconf 90' lang='lat' dir='ltr'>aut</span> <span class='ocrx_word' id='word_1_314' title='bbox 2566 2867 2747 2931; x_wconf 87' lang='lat' dir='ltr'>puer,</span> <span class='ocrx_word' id='word_1_315' title='bbox 2780 2867 2895 2911; x_wconf 91' lang='lat' dir='ltr'>seu</span> <span class='ocrx_word' id='word_1_316' title='bbox 2941 2848 3066 2910; x_wconf 91' lang='lat' dir='ltr'>alia</span> <span class='ocrx_word' id='word_1_317' title='bbox 3115 2847 3405 2930; x_wconf 81' lang='lat' dir='ltr'>quaedam</span> 
     </span>
     <span class='ocr_line' id='line_1_49' title="bbox 1904 2948 3405 3031; baseline -0.002 -18"><span class='ocrx_word' id='word_1_318' title='bbox 1904 2951 2050 3014; x_wconf 89' lang='lat' dir='ltr'>viva</span> <span class='ocrx_word' id='word_1_319' title='bbox 2079 2949 2354 3031; x_wconf 79' lang='lat' dir='ltr'>effigieS,</span> <span class='ocrx_word' id='word_1_320' title='bbox 2378 2967 2521 3031; x_wconf 84' lang='lat' dir='ltr'>quae</span> <span class='ocrx_word' id='word_1_321' title='bbox 2549 2949 2650 3030; x_wconf 90' lang='lat' dir='ltr'>(ut</span> <span class='ocrx_word' id='word_1_322' title='bbox 2676 2948 2967 3031; x_wconf 91' lang='lat' dir='ltr'>apparet)</span> <span class='ocrx_word' id='word_1_323' title='bbox 2994 2954 3145 3010; x_wconf 89' lang='lat' dir='ltr'>sunt</span> <span class='ocrx_word' id='word_1_324' title='bbox 3172 2965 3405 3029; x_wconf 91' lang='lat' dir='ltr'>corpus</span> 
     </span>
    </p>
   </div>
   <div class='ocr_carea' id='block_1_14' title="bbox 303 3046 3400 3133">
    <p class='ocr_par' dir='ltr' id='par_1_15' title="bbox 303 3046 3400 3133">
     <span class='ocr_line' id='line_1_50' title="bbox 303 3046 3400 3133; baseline -0 -24"><span class='ocrx_word' id='word_1_325' title='bbox 303 3048 362 3109; x_wconf 92' lang='lat' dir='ltr'>in</span> <span class='ocrx_word' id='word_1_326' title='bbox 391 3067 654 3132; x_wconf 88' lang='lat' dir='ltr'>corpore</span> <span class='ocrx_word' id='word_1_327' title='bbox 685 3049 922 3113; x_wconf 90' lang='lat' dir='ltr'>Christi</span> <span class='ocrx_word' id='word_1_328' title='bbox 938 3067 956 3131; x_wconf 84' lang='lat'>3</span> <span class='ocrx_word' id='word_1_329' title='bbox 979 3069 1092 3112; x_wconf 90' lang='lat' dir='ltr'>seu</span> <span class='ocrx_word' id='word_1_330' title='bbox 1121 3069 1262 3113; x_wconf 90' lang='lat' dir='ltr'>esse</span> <span class='ocrx_word' id='word_1_331' title='bbox 1293 3050 1468 3112; x_wconf 88' lang='lat' dir='ltr'>illius</span> <span class='ocrx_word' id='word_1_332' title='bbox 1499 3050 1668 3133; x_wconf 92' lang='lat' dir='ltr'>quod</span> <span class='ocrx_word' id='word_1_333' title='bbox 1699 3057 1795 3113; x_wconf 99' lang='grc' dir='ltr'>θεῖ</span> <span class='ocrx_word' id='word_1_334' title='bbox 1827 3055 1870 3120; x_wconf 85' lang='lat' dir='ltr'>C</span> <span class='ocrx_word' id='word_1_335' title='bbox 1906 3049 2138 3113; x_wconf 91' lang='lat' dir='ltr'>Christi</span> <span class='ocrx_word' id='word_1_336' title='bbox 2168 3068 2282 3111; x_wconf 90' lang='lat' dir='ltr'>seu</span> <span class='ocrx_word' id='word_1_337' title='bbox 2313 3047 2623 3122; x_wconf 91' lang='lat' dir='ltr'>Christus,</span> <span class='ocrx_word' id='word_1_338' title='bbox 2645 3046 2829 3110; x_wconf 87' lang='lat' dir='ltr'>aliter</span> <span class='ocrx_word' id='word_1_339' title='bbox 2858 3063 2985 3110; x_wconf 91' lang='lat' dir='ltr'>non</span> <span class='ocrx_word' id='word_1_340' title='bbox 3014 3046 3400 3109; x_wconf 86' lang='lat' dir='ltr'>adoraretur.</span> 
     </span>
    </p>
   </div>
   <div class='ocr_carea' id='block_1_15' title="bbox 296 3148 1797 4218">
    <p class='ocr_par' dir='ltr' id='par_1_16' title="bbox 296 3148 1797 4218">
     <span class='ocr_line' id='line_1_51' title="bbox 303 3148 1795 3231; baseline 0.001 -22"><span class='ocrx_word' id='word_1_341' title='bbox 303 3165 523 3230; x_wconf 88' lang='lat' dir='ltr'>corpus</span> <span class='ocrx_word' id='word_1_342' title='bbox 573 3148 832 3224; x_wconf 89' lang='lat' dir='ltr'>Christi,</span> <span class='ocrx_word' id='word_1_343' title='bbox 883 3148 1102 3231; x_wconf 88' lang='lat' dir='ltr'>aliquo</span> <span class='ocrx_word' id='word_1_344' title='bbox 1150 3150 1340 3214; x_wconf 90' lang='lat' dir='ltr'>modo</span> <span class='ocrx_word' id='word_1_345' title='bbox 1391 3150 1692 3213; x_wconf 86' lang='lat' dir='ltr'>convenit</span> <span class='ocrx_word' id='word_1_346' title='bbox 1735 3151 1795 3212; x_wconf 91' lang='lat' dir='ltr'>ei</span> 
     </span>
     <span class='ocr_line' id='line_1_52' title="bbox 302 3246 1797 3330; baseline 0.001 -22"><span class='ocrx_word' id='word_1_347' title='bbox 302 3248 462 3328; x_wconf 89' lang='lat' dir='ltr'>quod</span> <span class='ocrx_word' id='word_1_348' title='bbox 490 3246 618 3310; x_wconf 78' lang='lat' dir='ltr'>fuit</span> <span class='ocrx_word' id='word_1_349' title='bbox 646 3246 1003 3310; x_wconf 90' lang='lat' dir='ltr'>substantia</span> <span class='ocrx_word' id='word_1_350' title='bbox 1033 3248 1324 3330; x_wconf 90' lang='lat' dir='ltr'>panis,ut</span> <span class='ocrx_word' id='word_1_351' title='bbox 1353 3247 1519 3310; x_wconf 80' lang='lat' dir='ltr'>infra</span> <span class='ocrx_word' id='word_1_352' title='bbox 1547 3248 1797 3311; x_wconf 87' lang='lat' dir='ltr'>dicetur</span> 
     </span>
     <span class='ocr_line' id='line_1_53' title="bbox 303 3344 1794 3430; baseline 0.002 -25"><span class='ocrx_word' id='word_1_353' title='bbox 303 3344 364 3406; x_wconf 90' lang='lat' dir='ltr'>in</span> <span class='ocrx_word' id='word_1_354' title='bbox 391 3345 514 3409; x_wconf 90' lang='lat' dir='ltr'>alia</span> <span class='ocrx_word' id='word_1_355' title='bbox 551 3348 924 3429; x_wconf 81' lang='lat' dir='ltr'>quaestione.</span> <span class='ocrx_word' id='word_1_356' title='bbox 959 3345 1266 3421; x_wconf 88' lang='lat' dir='ltr'>Tertium,</span> <span class='ocrx_word' id='word_1_357' title='bbox 1299 3345 1620 3430; x_wconf 89' lang='lat' dir='ltr'>quomodo</span> <span class='ocrx_word' id='word_1_358' title='bbox 1659 3364 1794 3409; x_wconf 90' lang='lat' dir='ltr'>cor-</span> 
     </span>
     <span class='ocr_line' id='line_1_54' title="bbox 305 3444 1794 3525; baseline 0.001 -20"><span class='ocrx_word' id='word_1_359' title='bbox 305 3463 416 3525; x_wconf 88' lang='lat' dir='ltr'>pus</span> <span class='ocrx_word' id='word_1_360' title='bbox 445 3445 676 3509; x_wconf 91' lang='lat' dir='ltr'>Christi</span> <span class='ocrx_word' id='word_1_361' title='bbox 708 3445 904 3508; x_wconf 89' lang='lat' dir='ltr'>habet</span> <span class='ocrx_word' id='word_1_362' title='bbox 932 3463 1072 3509; x_wconf 89' lang='lat' dir='ltr'>esse</span> <span class='ocrx_word' id='word_1_363' title='bbox 1101 3445 1644 3509; x_wconf 87' lang='lat' dir='ltr'>sacramentaliter</span> <span class='ocrx_word' id='word_1_364' title='bbox 1673 3444 1794 3507; x_wconf 91' lang='lat' dir='ltr'>sub</span> 
     </span>
     <span class='ocr_line' id='line_1_55' title="bbox 302 3543 1796 3627; baseline 0.001 -23"><span class='ocrx_word' id='word_1_365' title='bbox 302 3543 633 3625; x_wconf 86' lang='lat' dir='ltr'>speciebus</span> <span class='ocrx_word' id='word_1_366' title='bbox 663 3544 793 3607; x_wconf 89' lang='lat' dir='ltr'>illis</span> <span class='ocrx_word' id='word_1_367' title='bbox 833 3544 956 3607; x_wconf 89' lang='lat' dir='ltr'>sub</span> <span class='ocrx_word' id='word_1_368' title='bbox 995 3543 1230 3627; x_wconf 90' lang='lat' dir='ltr'>quibus</span> <span class='ocrx_word' id='word_1_369' title='bbox 1270 3552 1455 3607; x_wconf 89' lang='lat' dir='ltr'>antea</span> <span class='ocrx_word' id='word_1_370' title='bbox 1492 3543 1616 3607; x_wconf 86' lang='lat' dir='ltr'>fuit</span> <span class='ocrx_word' id='word_1_371' title='bbox 1650 3543 1796 3608; x_wconf 86' lang='lat' dir='ltr'>sub·</span> 
     </span>
     <span class='ocr_line' id='line_1_56' title="bbox 301 3642 1796 3727; baseline 0.001 -23"><span class='ocrx_word' id='word_1_372' title='bbox 301 3643 522 3705; x_wconf 85' lang='lat' dir='ltr'>stantia</span> <span class='ocrx_word' id='word_1_373' title='bbox 549 3643 756 3725; x_wconf 80' lang='lat' dir='ltr'>panis.</span> <span class='ocrx_word' id='word_1_374' title='bbox 792 3643 866 3705; x_wconf 90' lang='lat' dir='ltr'>Et</span> <span class='ocrx_word' id='word_1_375' title='bbox 896 3642 976 3705; x_wconf 90' lang='lat' dir='ltr'>ad</span> <span class='ocrx_word' id='word_1_376' title='bbox 1005 3643 1258 3705; x_wconf 89' lang='lat' dir='ltr'>nullum</span> <span class='ocrx_word' id='word_1_377' title='bbox 1289 3642 1556 3706; x_wconf 90' lang='lat' dir='ltr'>istorum</span> <span class='ocrx_word' id='word_1_378' title='bbox 1589 3651 1796 3727; x_wconf 89' lang='lat' dir='ltr'>potest</span> 
     </span>
     <span class='ocr_line' id='line_1_57' title="bbox 301 3740 1793 3824; baseline 0.002 -23"><span class='ocrx_word' id='word_1_379' title='bbox 301 3756 362 3801; x_wconf 89' lang='lat' dir='ltr'>se</span> <span class='ocrx_word' id='word_1_380' title='bbox 401 3740 744 3803; x_wconf 84' lang='lat' dir='ltr'>extendere</span> <span class='ocrx_word' id='word_1_381' title='bbox 781 3740 1002 3804; x_wconf 84' lang='lat' dir='ltr'>videre</span> <span class='ocrx_word' id='word_1_382' title='bbox 1040 3740 1250 3822; x_wconf 80' lang='lat' dir='ltr'>angeli</span> <span class='ocrx_word' id='word_1_383' title='bbox 1290 3742 1599 3818; x_wconf 89' lang='lat' dir='ltr'>naturale,</span> <span class='ocrx_word' id='word_1_384' title='bbox 1639 3759 1793 3824; x_wconf 88' lang='lat' dir='ltr'>quo-</span> 
     </span>
     <span class='ocr_line' id='line_1_58' title="bbox 299 3835 1794 3922; baseline 0.002 -24"><span class='ocrx_word' id='word_1_385' title='bbox 299 3835 464 3901; x_wconf 92' lang='lat' dir='ltr'>niam</span> <span class='ocrx_word' id='word_1_386' title='bbox 518 3838 856 3922; x_wconf 89' lang='lat' dir='ltr'>quodlibet</span> <span class='ocrx_word' id='word_1_387' title='bbox 915 3839 1146 3903; x_wconf 91' lang='lat' dir='ltr'>horum</span> <span class='ocrx_word' id='word_1_388' title='bbox 1207 3847 1302 3902; x_wconf 88' lang='lat' dir='ltr'>est</span> <span class='ocrx_word' id='word_1_389' title='bbox 1357 3839 1512 3922; x_wconf 91' lang='lat' dir='ltr'>quid</span> <span class='ocrx_word' id='word_1_390' title='bbox 1569 3858 1794 3922; x_wconf 89' lang='lat' dir='ltr'>super·</span> 
     </span>
     <span class='ocr_line' id='line_1_59' title="bbox 299 3936 1795 4021; baseline 0.002 -24"><span class='ocrx_word' id='word_1_391' title='bbox 299 3937 594 4000; x_wconf 84' lang='lat' dir='ltr'>naturale.</span> <span class='ocrx_word' id='word_1_392' title='bbox 647 3936 786 4001; x_wconf 88' lang='lat' dir='ltr'>Non</span> <span class='ocrx_word' id='word_1_393' title='bbox 845 3938 1021 4001; x_wconf 89' lang='lat' dir='ltr'>enim</span> <span class='ocrx_word' id='word_1_394' title='bbox 1079 3944 1288 4021; x_wconf 90' lang='lat' dir='ltr'>potest</span> <span class='ocrx_word' id='word_1_395' title='bbox 1343 3938 1561 4001; x_wconf 89' lang='lat' dir='ltr'>videre</span> <span class='ocrx_word' id='word_1_396' title='bbox 1616 3938 1795 4001; x_wconf 91' lang='lat' dir='ltr'>illam</span> 
     </span>
     <span class='ocr_line' id='line_1_60' title="bbox 296 4036 1794 4120; baseline 0.001 -24"><span class='ocrx_word' id='word_1_397' title='bbox 296 4036 909 4111; x_wconf 84' lang='lat' dir='ltr'>transmutationem,</span> <span class='ocrx_word' id='word_1_398' title='bbox 972 4036 1266 4119; x_wconf 88' lang='lat' dir='ltr'>quamvis</span> <span class='ocrx_word' id='word_1_399' title='bbox 1327 4037 1543 4100; x_wconf 89' lang='lat' dir='ltr'>videre</span> <span class='ocrx_word' id='word_1_400' title='bbox 1600 4044 1794 4120; x_wconf 87' lang='lat' dir='ltr'>queat</span> 
     </span>
     <span class='ocr_line' id='line_1_61' title="bbox 298 4132 1794 4218; baseline 0.003 -24"><span class='ocrx_word' id='word_1_401' title='bbox 298 4132 610 4197; x_wconf 80' lang='lat' dir='ltr'>defectum</span> <span class='ocrx_word' id='word_1_402' title='bbox 660 4134 1032 4199; x_wconf 75' lang='lat' dir='ltr'>substantiae</span> <span class='ocrx_word' id='word_1_403' title='bbox 1075 4135 1262 4218; x_wconf 91' lang='lat' dir='ltr'>panis</span> <span class='ocrx_word' id='word_1_404' title='bbox 1309 4134 1431 4197; x_wconf 93' lang='lat' dir='ltr'>sub</span> <span class='ocrx_word' id='word_1_405' title='bbox 1479 4134 1606 4198; x_wconf 91' lang='lat' dir='ltr'>illis</span> <span class='ocrx_word' id='word_1_406' title='bbox 1655 4155 1794 4218; x_wconf 91' lang='lat' dir='ltr'>spe-</span> 
     </span>
    </p>
   </div>
   <div class='ocr_carea' id='block_1_16' title="bbox 1904 3144 3405 4216">
    <p class='ocr_par' dir='ltr' id='par_1_17' title="bbox 1904 3144 3405 4216">
     <span class='ocr_line' id='line_1_62' title="bbox 1985 3144 3405 3231; baseline -0.003 -20"><span class='ocrx_word' id='word_1_407' title='bbox 1985 3150 2203 3231; x_wconf 87' lang='lat' dir='ltr'>ltaque</span> <span class='ocrx_word' id='word_1_408' title='bbox 2244 3148 2323 3211; x_wconf 91' lang='lat' dir='ltr'>de</span> <span class='ocrx_word' id='word_1_409' title='bbox 2361 3148 2482 3210; x_wconf 92' lang='lat' dir='ltr'>hoc</span> <span class='ocrx_word' id='word_1_410' title='bbox 2521 3147 2792 3211; x_wconf 88' lang='lat' dir='ltr'>Thomas</span> <span class='ocrx_word' id='word_1_411' title='bbox 2834 3146 3069 3209; x_wconf 79' lang='lat' dir='ltr'>latetur</span> <span class='ocrx_word' id='word_1_412' title='bbox 3100 3163 3115 3207; x_wconf 92' lang='lat'><strong>:</strong></span> <span class='ocrx_word' id='word_1_413' title='bbox 3147 3144 3405 3227; x_wconf 88' lang='lat' dir='ltr'>Absque</span> 
     </span>
     <span class='ocr_line' id='line_1_63' title="bbox 1904 3243 3404 3326; baseline -0.003 -16"><span class='ocrx_word' id='word_1_414' title='bbox 1904 3247 2079 3311; x_wconf 91' lang='lat' dir='ltr'>omni</span> <span class='ocrx_word' id='word_1_415' title='bbox 2129 3246 2525 3309; x_wconf 88' lang='lat' dir='ltr'>dubitatione</span> <span class='ocrx_word' id='word_1_416' title='bbox 2573 3244 2917 3308; x_wconf 89' lang='lat' dir='ltr'>dicendum</span> <span class='ocrx_word' id='word_1_417' title='bbox 2965 3252 3082 3320; x_wconf 91' lang='lat' dir='ltr'>est,</span> <span class='ocrx_word' id='word_1_418' title='bbox 3119 3243 3184 3306; x_wconf 97' lang='lat' dir='ltr'>id</span> <span class='ocrx_word' id='word_1_419' title='bbox 3232 3243 3404 3326; x_wconf 92' lang='lat' dir='ltr'>quod</span> 
     </span>
     <span class='ocr_line' id='line_1_64' title="bbox 1907 3341 3403 3427; baseline -0.003 -20"><span class='ocrx_word' id='word_1_420' title='bbox 1907 3346 1996 3407; x_wconf 90' lang='lat' dir='ltr'>ibi</span> <span class='ocrx_word' id='word_1_421' title='bbox 2055 3352 2340 3427; x_wconf 90' lang='lat' dir='ltr'>apparet,</span> <span class='ocrx_word' id='word_1_422' title='bbox 2400 3362 2540 3407; x_wconf 88' lang='lat' dir='ltr'>esse</span> <span class='ocrx_word' id='word_1_423' title='bbox 2595 3362 2819 3407; x_wconf 88' lang='lat' dir='ltr'>verum</span> <span class='ocrx_word' id='word_1_424' title='bbox 2880 3359 3111 3426; x_wconf 89' lang='lat' dir='ltr'>corpus</span> <span class='ocrx_word' id='word_1_425' title='bbox 3170 3341 3403 3405; x_wconf 90' lang='lat' dir='ltr'>Christi</span> 
     </span>
     <span class='ocr_line' id='line_1_65' title="bbox 1904 3442 3397 3525; baseline -0.002 -19"><span class='ocrx_word' id='word_1_426' title='bbox 1904 3444 2087 3525; x_wconf 86' lang='lat' dir='ltr'>(alias</span> <span class='ocrx_word' id='word_1_427' title='bbox 2123 3461 2251 3507; x_wconf 91' lang='lat' dir='ltr'>non</span> <span class='ocrx_word' id='word_1_428' title='bbox 2284 3442 2679 3524; x_wconf 90' lang='lat' dir='ltr'>adoraretur)</span> <span class='ocrx_word' id='word_1_429' title='bbox 2708 3442 2876 3505; x_wconf 91' lang='lat' dir='ltr'>sicut</span> <span class='ocrx_word' id='word_1_430' title='bbox 2917 3448 2981 3505; x_wconf 91' lang='lat' dir='ltr'>et</span> <span class='ocrx_word' id='word_1_431' title='bbox 3024 3442 3205 3524; x_wconf 90' lang='lat' dir='ltr'>prius</span> <span class='ocrx_word' id='word_1_432' title='bbox 3242 3449 3397 3515; x_wconf 86' lang='lat' dir='ltr'>erat,</span> 
     </span>
     <span class='ocr_line' id='line_1_66' title="bbox 1905 3539 3401 3625; baseline -0.003 -20"><span class='ocrx_word' id='word_1_433' title='bbox 1905 3543 2161 3625; x_wconf 90' lang='lat' dir='ltr'>quando</span> <span class='ocrx_word' id='word_1_434' title='bbox 2220 3542 2285 3603; x_wconf 93' lang='lat' dir='ltr'>in</span> <span class='ocrx_word' id='word_1_435' title='bbox 2348 3541 2561 3623; x_wconf 88' lang='lat' dir='ltr'>specie</span> <span class='ocrx_word' id='word_1_436' title='bbox 2623 3539 2805 3623; x_wconf 88' lang='lat' dir='ltr'>panis</span> <span class='ocrx_word' id='word_1_437' title='bbox 2861 3540 3217 3603; x_wconf 86' lang='lat' dir='ltr'>videbatur.</span> <span class='ocrx_word' id='word_1_438' title='bbox 3280 3540 3401 3603; x_wconf 91' lang='lat' dir='ltr'>Sed</span> 
     </span>
     <span class='ocr_line' id='line_1_67' title="bbox 1906 3638 3403 3722; baseline -0.003 -19"><span class='ocrx_word' id='word_1_439' title='bbox 1906 3648 2120 3703; x_wconf 87' lang='lat' dir='ltr'>utrum</span> <span class='ocrx_word' id='word_1_440' title='bbox 2179 3639 2427 3722; x_wconf 89' lang='lat' dir='ltr'>species</span> <span class='ocrx_word' id='word_1_441' title='bbox 2483 3638 2571 3700; x_wconf 90' lang='lat' dir='ltr'>ibi</span> <span class='ocrx_word' id='word_1_442' title='bbox 2631 3656 2966 3721; x_wconf 89' lang='lat' dir='ltr'>apparens,</span> <span class='ocrx_word' id='word_1_443' title='bbox 3016 3638 3099 3700; x_wconf 90' lang='lat' dir='ltr'>sit</span> <span class='ocrx_word' id='word_1_444' title='bbox 3154 3638 3403 3720; x_wconf 90' lang='lat' dir='ltr'>species</span> 
     </span>
     <span class='ocr_line' id='line_1_68' title="bbox 1905 3735 3396 3823; baseline -0.003 -21"><span class='ocrx_word' id='word_1_445' title='bbox 1905 3739 2189 3823; x_wconf 89' lang='lat' dir='ltr'>corporis</span> <span class='ocrx_word' id='word_1_446' title='bbox 2222 3737 2476 3812; x_wconf 90' lang='lat' dir='ltr'>Christi,</span> <span class='ocrx_word' id='word_1_447' title='bbox 2508 3736 2780 3799; x_wconf 73' lang='lat' dir='ltr'>difficile</span> <span class='ocrx_word' id='word_1_448' title='bbox 2819 3744 2917 3799; x_wconf 90' lang='lat' dir='ltr'>est</span> <span class='ocrx_word' id='word_1_449' title='bbox 2954 3735 3396 3798; x_wconf 92' lang='lat' dir='ltr'>determinare.</span> 
     </span>
     <span class='ocr_line' id='line_1_69' title="bbox 1904 3832 3405 3917; baseline -0.003 -17"><span class='ocrx_word' id='word_1_450' title='bbox 1904 3838 2173 3912; x_wconf 86' lang='lat' dir='ltr'>Quidam</span> <span class='ocrx_word' id='word_1_451' title='bbox 2230 3836 2405 3899; x_wconf 90' lang='lat' dir='ltr'>enim</span> <span class='ocrx_word' id='word_1_452' title='bbox 2462 3835 2707 3910; x_wconf 90' lang='lat' dir='ltr'>dicunt,</span> <span class='ocrx_word' id='word_1_453' title='bbox 2761 3834 2933 3917; x_wconf 90' lang='lat' dir='ltr'>quod</span> <span class='ocrx_word' id='word_1_454' title='bbox 2992 3832 3237 3916; x_wconf 91' lang='lat' dir='ltr'>species</span> <span class='ocrx_word' id='word_1_455' title='bbox 3294 3833 3405 3896; x_wconf 91' lang='lat' dir='ltr'>illa</span> 
     </span>
     <span class='ocr_line' id='line_1_70' title="bbox 1905 3931 3401 4016; baseline -0.005 -16"><span class='ocrx_word' id='word_1_456' title='bbox 1905 3936 2115 4000; x_wconf 89' lang='lat' dir='ltr'>carnis</span> <span class='ocrx_word' id='word_1_457' title='bbox 2160 3954 2272 3999; x_wconf 91' lang='lat' dir='ltr'>seu</span> <span class='ocrx_word' id='word_1_458' title='bbox 2316 3934 2499 4016; x_wconf 90' lang='lat' dir='ltr'>pueri</span> <span class='ocrx_word' id='word_1_459' title='bbox 2542 3932 2625 3995; x_wconf 92' lang='lat' dir='ltr'>sit</span> <span class='ocrx_word' id='word_1_460' title='bbox 2667 3939 2916 3995; x_wconf 85' lang='lat' dir='ltr'>tantum</span> <span class='ocrx_word' id='word_1_461' title='bbox 2968 3932 3034 3995; x_wconf 91' lang='lat' dir='ltr'>in</span> <span class='ocrx_word' id='word_1_462' title='bbox 3081 3931 3269 3995; x_wconf 88' lang='lat' dir='ltr'>oculo</span> <span class='ocrx_word' id='word_1_463' title='bbox 3306 3932 3401 3993; x_wconf 94' lang='lat' dir='ltr'>in-</span> 
     </span>
     <span class='ocr_line' id='line_1_71' title="bbox 1905 4031 3401 4113; baseline -0.004 -15"><span class='ocrx_word' id='word_1_464' title='bbox 1905 4035 2163 4098; x_wconf 90' lang='lat' dir='ltr'>tuentis.</span> <span class='ocrx_word' id='word_1_465' title='bbox 2212 4034 2388 4109; x_wconf 88' lang='lat' dir='ltr'>Quod</span> <span class='ocrx_word' id='word_1_466' title='bbox 2437 4032 2598 4096; x_wconf 77' lang='lat' dir='ltr'>forte</span> <span class='ocrx_word' id='word_1_467' title='bbox 2646 4031 2987 4113; x_wconf 89' lang='lat' dir='ltr'>aliquando</span> <span class='ocrx_word' id='word_1_468' title='bbox 3036 4031 3121 4093; x_wconf 89' lang='lat' dir='ltr'>ita</span> <span class='ocrx_word' id='word_1_469' title='bbox 3164 4038 3281 4106; x_wconf 90' lang='lat' dir='ltr'>est,</span> <span class='ocrx_word' id='word_1_470' title='bbox 3330 4038 3401 4093; x_wconf 89' lang='lat' dir='ltr'>ut</span> 
     </span>
     <span class='ocr_line' id='line_1_72' title="bbox 1904 4129 3400 4216; baseline -0.004 -19"><span class='ocrx_word' id='word_1_471' title='bbox 1904 4136 2058 4197; x_wconf 90' lang='lat' dir='ltr'>dum</span> <span class='ocrx_word' id='word_1_472' title='bbox 2109 4133 2223 4196; x_wconf 90' lang='lat' dir='ltr'>uni</span> <span class='ocrx_word' id='word_1_473' title='bbox 2265 4139 2528 4216; x_wconf 90' lang='lat' dir='ltr'>apparet</span> <span class='ocrx_word' id='word_1_474' title='bbox 2572 4130 2637 4193; x_wconf 93' lang='lat' dir='ltr'>in</span> <span class='ocrx_word' id='word_1_475' title='bbox 2682 4130 2894 4213; x_wconf 88' lang='lat' dir='ltr'>specie</span> <span class='ocrx_word' id='word_1_476' title='bbox 2942 4130 3173 4205; x_wconf 92' lang='lat' dir='ltr'>carnis,</span> <span class='ocrx_word' id='word_1_477' title='bbox 3217 4129 3400 4192; x_wconf 91' lang='lat' dir='ltr'>alteri</span> 
     </span>
    </p>
   </div>
   <div class='ocr_carea' id='block_1_17' title="bbox 299 4228 3402 4317">
    <p class='ocr_par' dir='ltr' id='par_1_18' title="bbox 299 4228 3402 4317">
     <span class='ocr_line' id='line_1_73' title="bbox 299 4228 3402 4317; baseline -0.001 -25"><span class='ocrx_word' id='word_1_478' title='bbox 299 4231 530 4295; x_wconf 88' lang='lat' dir='ltr'>ciebus.</span> <span class='ocrx_word' id='word_1_479' title='bbox 561 4232 693 4296; x_wconf 86' lang='lat' dir='ltr'>Nec</span> <span class='ocrx_word' id='word_1_480' title='bbox 723 4233 1096 4296; x_wconf 86' lang='lat' dir='ltr'>naturaliter</span> <span class='ocrx_word' id='word_1_481' title='bbox 1125 4239 1334 4315; x_wconf 91' lang='lat' dir='ltr'>potest</span> <span class='ocrx_word' id='word_1_482' title='bbox 1362 4233 1603 4308; x_wconf 87' lang='lat' dir='ltr'>videre,</span> <span class='ocrx_word' id='word_1_483' title='bbox 1636 4252 1790 4317; x_wconf 90' lang='lat' dir='ltr'>quo-</span> <span class='ocrx_word' id='word_1_484' title='bbox 1822 4239 1874 4302; x_wconf 91' lang='lat' dir='ltr'>D</span> <span class='ocrx_word' id='word_1_485' title='bbox 1905 4234 1971 4296; x_wconf 93' lang='lat' dir='ltr'>in</span> <span class='ocrx_word' id='word_1_486' title='bbox 2003 4232 2217 4316; x_wconf 91' lang='lat' dir='ltr'>specie</span> <span class='ocrx_word' id='word_1_487' title='bbox 2247 4231 2453 4314; x_wconf 80' lang='lat' dir='ltr'>paniS,</span> <span class='ocrx_word' id='word_1_488' title='bbox 2485 4230 2588 4293; x_wconf 87' lang='lat' dir='ltr'>vel</span> <span class='ocrx_word' id='word_1_489' title='bbox 2626 4228 2835 4292; x_wconf 91' lang='lat' dir='ltr'>eidem</span> <span class='ocrx_word' id='word_1_490' title='bbox 2877 4228 3066 4311; x_wconf 88' lang='lat' dir='ltr'>paulo</span> <span class='ocrx_word' id='word_1_491' title='bbox 3095 4236 3240 4310; x_wconf 91' lang='lat' dir='ltr'>post</span> <span class='ocrx_word' id='word_1_492' title='bbox 3266 4246 3402 4290; x_wconf 86' lang='lat' dir='ltr'>rur-</span> 
     </span>
    </p>
   </div>
   <div class='ocr_carea' id='block_1_18' title="bbox 299 4331 1794 5384">
    <p class='ocr_par' dir='ltr' id='par_1_19' title="bbox 299 4331 1794 5384">
     <span class='ocr_line' id='line_1_74' title="bbox 299 4331 1791 4415; baseline 0.001 -22"><span class='ocrx_word' id='word_1_493' title='bbox 299 4332 480 4394; x_wconf 90' lang='lat' dir='ltr'>modo</span> <span class='ocrx_word' id='word_1_494' title='bbox 525 4351 669 4395; x_wconf 90' lang='lat' dir='ltr'>esse</span> <span class='ocrx_word' id='word_1_495' title='bbox 719 4331 977 4414; x_wconf 89' lang='lat' dir='ltr'>aliquod</span> <span class='ocrx_word' id='word_1_496' title='bbox 1024 4332 1362 4395; x_wconf 87' lang='lat' dir='ltr'>conveniat</span> <span class='ocrx_word' id='word_1_497' title='bbox 1410 4332 1477 4394; x_wconf 92' lang='lat' dir='ltr'>in</span> <span class='ocrx_word' id='word_1_498' title='bbox 1525 4350 1791 4415; x_wconf 92' lang='lat' dir='ltr'>corpore</span> 
     </span>
     <span class='ocr_line' id='line_1_75' title="bbox 303 4428 1791 4512; baseline 0.001 -21"><span class='ocrx_word' id='word_1_499' title='bbox 303 4428 547 4506; x_wconf 90' lang='lat' dir='ltr'>Christi,</span> <span class='ocrx_word' id='word_1_500' title='bbox 589 4430 650 4493; x_wconf 93' lang='lat' dir='ltr'>ei</span> <span class='ocrx_word' id='word_1_501' title='bbox 684 4430 855 4512; x_wconf 89' lang='lat' dir='ltr'>quod</span> <span class='ocrx_word' id='word_1_502' title='bbox 897 4428 1022 4492; x_wconf 79' lang='lat' dir='ltr'>fuit</span> <span class='ocrx_word' id='word_1_503' title='bbox 1061 4429 1240 4512; x_wconf 94' lang='lat' dir='ltr'>prius</span> <span class='ocrx_word' id='word_1_504' title='bbox 1283 4430 1404 4491; x_wconf 91' lang='lat' dir='ltr'>sub</span> <span class='ocrx_word' id='word_1_505' title='bbox 1453 4429 1791 4512; x_wconf 88' lang='lat' dir='ltr'>speciebus</span> 
     </span>
     <span class='ocr_line' id='line_1_76' title="bbox 303 4528 1792 4611; baseline 0.003 -22"><span class='ocrx_word' id='word_1_506' title='bbox 303 4529 496 4609; x_wconf 85' lang='lat' dir='ltr'>panis.</span> <span class='ocrx_word' id='word_1_507' title='bbox 527 4529 660 4593; x_wconf 83' lang='lat' dir='ltr'>Nec</span> <span class='ocrx_word' id='word_1_508' title='bbox 706 4528 896 4591; x_wconf 89' lang='lat' dir='ltr'>tertio</span> <span class='ocrx_word' id='word_1_509' title='bbox 945 4536 1152 4611; x_wconf 89' lang='lat' dir='ltr'>potest</span> <span class='ocrx_word' id='word_1_510' title='bbox 1199 4528 1439 4603; x_wconf 85' lang='lat' dir='ltr'>videre,</span> <span class='ocrx_word' id='word_1_511' title='bbox 1473 4531 1792 4611; x_wconf 90' lang='lat' dir='ltr'>quomodo</span> 
     </span>
     <span class='ocr_line' id='line_1_77' title="bbox 303 4626 1794 4710; baseline 0.001 -21"><span class='ocrx_word' id='word_1_512' title='bbox 303 4644 524 4710; x_wconf 84' lang='lat' dir='ltr'>corpus</span> <span class='ocrx_word' id='word_1_513' title='bbox 553 4627 790 4691; x_wconf 89' lang='lat' dir='ltr'>Christi</span> <span class='ocrx_word' id='word_1_514' title='bbox 829 4634 927 4689; x_wconf 91' lang='lat' dir='ltr'>est</span> <span class='ocrx_word' id='word_1_515' title='bbox 963 4627 1084 4690; x_wconf 91' lang='lat' dir='ltr'>sub</span> <span class='ocrx_word' id='word_1_516' title='bbox 1115 4626 1451 4709; x_wconf 88' lang='lat' dir='ltr'>speciebus</span> <span class='ocrx_word' id='word_1_517' title='bbox 1491 4628 1697 4709; x_wconf 82' lang='lat' dir='ltr'>paniS,</span> <span class='ocrx_word' id='word_1_518' title='bbox 1731 4638 1794 4691; x_wconf 88' lang='lat' dir='ltr'>et</span> 
     </span>
     <span class='ocr_line' id='line_1_78' title="bbox 301 4725 1793 4809; baseline 0.002 -24"><span class='ocrx_word' id='word_1_519' title='bbox 301 4726 482 4789; x_wconf 87' lang='lat' dir='ltr'>etiam</span> <span class='ocrx_word' id='word_1_520' title='bbox 521 4746 604 4789; x_wconf 91' lang='lat' dir='ltr'>an</span> <span class='ocrx_word' id='word_1_521' title='bbox 645 4727 730 4789; x_wconf 89' lang='lat' dir='ltr'>sit</span> <span class='ocrx_word' id='word_1_522' title='bbox 764 4725 880 4802; x_wconf 91' lang='lat' dir='ltr'>ibi,</span> <span class='ocrx_word' id='word_1_523' title='bbox 910 4726 1215 4809; x_wconf 90' lang='lat' dir='ltr'>quoniam</span> <span class='ocrx_word' id='word_1_524' title='bbox 1255 4741 1382 4788; x_wconf 90' lang='lat' dir='ltr'>non</span> <span class='ocrx_word' id='word_1_525' title='bbox 1423 4733 1521 4788; x_wconf 90' lang='lat' dir='ltr'>est</span> <span class='ocrx_word' id='word_1_526' title='bbox 1557 4725 1646 4789; x_wconf 91' lang='lat' dir='ltr'>ibi</span> <span class='ocrx_word' id='word_1_527' title='bbox 1678 4746 1793 4809; x_wconf 90' lang='lat' dir='ltr'>per</span> 
     </span>
     <span class='ocr_line' id='line_1_79' title="bbox 301 4823 1790 4906; baseline 0.003 -21"><span class='ocrx_word' id='word_1_528' title='bbox 301 4842 364 4885; x_wconf 87' lang='lat' dir='ltr'>se</span> <span class='ocrx_word' id='word_1_529' title='bbox 409 4825 530 4888; x_wconf 89' lang='lat' dir='ltr'>nisi</span> <span class='ocrx_word' id='word_1_530' title='bbox 583 4825 829 4887; x_wconf 87' lang='lat' dir='ltr'>ratione</span> <span class='ocrx_word' id='word_1_531' title='bbox 869 4823 1260 4898; x_wconf 77' lang='lat' dir='ltr'>substantiae,</span> <span class='ocrx_word' id='word_1_532' title='bbox 1306 4843 1448 4906; x_wconf 80' lang='lat' dir='ltr'>quae</span> <span class='ocrx_word' id='word_1_533' title='bbox 1497 4826 1790 4906; x_wconf 90' lang='lat' dir='ltr'>quamvis</span> 
     </span>
     <span class='ocr_line' id='line_1_80' title="bbox 300 4922 1792 5006; baseline 0.003 -23"><span class='ocrx_word' id='word_1_534' title='bbox 300 4940 371 4983; x_wconf 81' lang='lat' dir='ltr'>ex</span> <span class='ocrx_word' id='word_1_535' title='bbox 415 4942 480 4985; x_wconf 90' lang='lat' dir='ltr'>se</span> <span class='ocrx_word' id='word_1_536' title='bbox 529 4922 907 4986; x_wconf 88' lang='lat' dir='ltr'>naturaliter</span> <span class='ocrx_word' id='word_1_537' title='bbox 953 4922 1228 4985; x_wconf 86' lang='lat' dir='ltr'>visibilis</span> <span class='ocrx_word' id='word_1_538' title='bbox 1275 4922 1358 4984; x_wconf 89' lang='lat' dir='ltr'>sit</span> <span class='ocrx_word' id='word_1_539' title='bbox 1403 4922 1628 5005; x_wconf 81' lang='lat' dir='ltr'>angelo</span> <span class='ocrx_word' id='word_1_540' title='bbox 1677 4943 1792 5006; x_wconf 87' lang='lat' dir='ltr'>per</span> 
     </span>
     <span class='ocr_line' id='line_1_81' title="bbox 301 5020 1792 5103; baseline 0.003 -22"><span class='ocrx_word' id='word_1_541' title='bbox 301 5020 710 5095; x_wconf 88' lang='lat' dir='ltr'>intellectum,</span> <span class='ocrx_word' id='word_1_542' title='bbox 743 5038 872 5084; x_wconf 92' lang='lat' dir='ltr'>non</span> <span class='ocrx_word' id='word_1_543' title='bbox 901 5029 1114 5084; x_wconf 89' lang='lat' dir='ltr'>tamen</span> <span class='ocrx_word' id='word_1_544' title='bbox 1145 5028 1217 5083; x_wconf 90' lang='lat' dir='ltr'>ut</span> <span class='ocrx_word' id='word_1_545' title='bbox 1245 5029 1343 5085; x_wconf 91' lang='lat' dir='ltr'>est</span> <span class='ocrx_word' id='word_1_546' title='bbox 1370 5020 1462 5083; x_wconf 92' lang='lat' dir='ltr'>ibi</span> <span class='ocrx_word' id='word_1_547' title='bbox 1502 5040 1616 5103; x_wconf 91' lang='lat' dir='ltr'>per</span> <span class='ocrx_word' id='word_1_548' title='bbox 1645 5041 1792 5087; x_wconf 91' lang='lat' dir='ltr'>con-</span> 
     </span>
     <span class='ocr_line' id='line_1_82' title="bbox 301 5119 1790 5195; baseline 0.001 -13"><span class='ocrx_word' id='word_1_549' title='bbox 301 5121 752 5195; x_wconf 86' lang='lat' dir='ltr'>comitantiam,</span> <span class='ocrx_word' id='word_1_550' title='bbox 787 5119 898 5183; x_wconf 90' lang='lat' dir='ltr'>sed</span> <span class='ocrx_word' id='word_1_551' title='bbox 939 5120 1341 5184; x_wconf 90' lang='lat' dir='ltr'>solummodo</span> <span class='ocrx_word' id='word_1_552' title='bbox 1383 5127 1455 5181; x_wconf 89' lang='lat' dir='ltr'>ut</span> <span class='ocrx_word' id='word_1_553' title='bbox 1495 5128 1593 5183; x_wconf 90' lang='lat' dir='ltr'>est</span> <span class='ocrx_word' id='word_1_554' title='bbox 1632 5120 1790 5184; x_wconf 89' lang='lat' dir='ltr'>alibi</span> 
     </span>
     <span class='ocr_line' id='line_1_83' title="bbox 299 5218 1788 5302; baseline 0.001 -21"><span class='ocrx_word' id='word_1_555' title='bbox 299 5238 408 5300; x_wconf 87' lang='lat' dir='ltr'>per</span> <span class='ocrx_word' id='word_1_556' title='bbox 433 5220 864 5301; x_wconf 82' lang='lat' dir='ltr'>accidentium</span> <span class='ocrx_word' id='word_1_557' title='bbox 895 5218 962 5281; x_wconf 92' lang='lat' dir='ltr'>in</span> <span class='ocrx_word' id='word_1_558' title='bbox 991 5218 1132 5282; x_wconf 90' lang='lat' dir='ltr'>loco</span> <span class='ocrx_word' id='word_1_559' title='bbox 1169 5219 1428 5302; x_wconf 91' lang='lat' dir='ltr'>proprio</span> <span class='ocrx_word' id='word_1_560' title='bbox 1467 5218 1788 5300; x_wconf 78' lang='lat' dir='ltr'>significa-</span> 
     </span>
     <span class='ocr_line' id='line_1_84' title="bbox 299 5317 1106 5384; baseline 0 -5"><span class='ocrx_word' id='word_1_561' title='bbox 299 5318 545 5384; x_wconf 87' lang='lat' dir='ltr'>tionem.</span> <span class='ocrx_word' id='word_1_562' title='bbox 589 5320 736 5383; x_wconf 83' lang='lat' dir='ltr'>Haec</span> <span class='ocrx_word' id='word_1_563' title='bbox 777 5317 1106 5380; x_wconf 87' lang='lat' dir='ltr'>Henricus.</span> 
     </span>
    </p>
   </div>
   <div class='ocr_carea' id='block_1_19' title="bbox 1898 4327 3402 5392">
    <p class='ocr_par' dir='ltr' id='par_1_20' title="bbox 1898 4327 3402 5392">
     <span class='ocr_line' id='line_1_85' title="bbox 1905 4327 3402 4413; baseline -0.002 -19"><span class='ocrx_word' id='word_1_564' title='bbox 1905 4351 2011 4395; x_wconf 91' lang='lat' dir='ltr'>sus</span> <span class='ocrx_word' id='word_1_565' title='bbox 2063 4332 2128 4393; x_wconf 91' lang='lat' dir='ltr'>in</span> <span class='ocrx_word' id='word_1_566' title='bbox 2172 4330 2387 4413; x_wconf 89' lang='lat' dir='ltr'>specie</span> <span class='ocrx_word' id='word_1_567' title='bbox 2434 4328 2636 4412; x_wconf 89' lang='lat' dir='ltr'>panis.</span> <span class='ocrx_word' id='word_1_568' title='bbox 2672 4329 2903 4411; x_wconf 89' lang='lat' dir='ltr'>Sicque</span> <span class='ocrx_word' id='word_1_569' title='bbox 2948 4327 3167 4391; x_wconf 90' lang='lat' dir='ltr'>divino</span> <span class='ocrx_word' id='word_1_570' title='bbox 3218 4328 3402 4391; x_wconf 87' lang='lat' dir='ltr'>mira-</span> 
     </span>
     <span class='ocr_line' id='line_1_86' title="bbox 1905 4426 3401 4510; baseline -0.001 -19"><span class='ocrx_word' id='word_1_571' title='bbox 1905 4428 2052 4491; x_wconf 93' lang='lat' dir='ltr'>culo</span> <span class='ocrx_word' id='word_1_572' title='bbox 2099 4428 2244 4491; x_wconf 80' lang='lat' dir='ltr'>fieri</span> <span class='ocrx_word' id='word_1_573' title='bbox 2302 4434 2533 4510; x_wconf 89' lang='lat' dir='ltr'>potest,</span> <span class='ocrx_word' id='word_1_574' title='bbox 2585 4433 2655 4487; x_wconf 91' lang='lat' dir='ltr'>ut</span> <span class='ocrx_word' id='word_1_575' title='bbox 2704 4426 3060 4489; x_wconf 91' lang='lat' dir='ltr'>similitudo</span> <span class='ocrx_word' id='word_1_576' title='bbox 3117 4426 3401 4508; x_wconf 90' lang='lat' dir='ltr'>corporis</span> 
     </span>
     <span class='ocr_line' id='line_1_87' title="bbox 1905 4522 3399 4599; baseline -0.002 -10"><span class='ocrx_word' id='word_1_577' title='bbox 1905 4524 2139 4589; x_wconf 92' lang='lat' dir='ltr'>Christi</span> <span class='ocrx_word' id='word_1_578' title='bbox 2181 4523 2295 4587; x_wconf 78' lang='lat' dir='ltr'>fiat</span> <span class='ocrx_word' id='word_1_579' title='bbox 2336 4524 2403 4586; x_wconf 90' lang='lat' dir='ltr'>in</span> <span class='ocrx_word' id='word_1_580' title='bbox 2439 4523 2647 4599; x_wconf 91' lang='lat' dir='ltr'>ocu10,</span> <span class='ocrx_word' id='word_1_581' title='bbox 2682 4522 2848 4585; x_wconf 90' lang='lat' dir='ltr'>sicut</span> <span class='ocrx_word' id='word_1_582' title='bbox 2885 4524 3255 4587; x_wconf 90' lang='lat' dir='ltr'>naturaliter</span> <span class='ocrx_word' id='word_1_583' title='bbox 3284 4522 3399 4586; x_wconf 86' lang='lat' dir='ltr'>fie-</span> 
     </span>
     <span class='ocr_line' id='line_1_88' title="bbox 1905 4621 3402 4706; baseline 0.001 -21"><span class='ocrx_word' id='word_1_584' title='bbox 1905 4630 2020 4699; x_wconf 88' lang='lat' dir='ltr'>ret,</span> <span class='ocrx_word' id='word_1_585' title='bbox 2065 4622 2120 4685; x_wconf 93' lang='lat' dir='ltr'>si</span> <span class='ocrx_word' id='word_1_586' title='bbox 2169 4640 2399 4706; x_wconf 88' lang='lat' dir='ltr'>corpus</span> <span class='ocrx_word' id='word_1_587' title='bbox 2443 4621 2675 4685; x_wconf 90' lang='lat' dir='ltr'>Christi</span> <span class='ocrx_word' id='word_1_588' title='bbox 2724 4640 3003 4704; x_wconf 80' lang='lat' dir='ltr'>praesens</span> <span class='ocrx_word' id='word_1_589' title='bbox 3051 4632 3237 4686; x_wconf 91' lang='lat' dir='ltr'>esset.</span> <span class='ocrx_word' id='word_1_590' title='bbox 3274 4624 3402 4687; x_wconf 91' lang='lat' dir='ltr'>Nec</span> 
     </span>
     <span class='ocr_line' id='line_1_89' title="bbox 1903 4719 3402 4804; baseline -0.001 -19"><span class='ocrx_word' id='word_1_591' title='bbox 1903 4732 2002 4786; x_wconf 88' lang='lat' dir='ltr'>est</span> <span class='ocrx_word' id='word_1_592' title='bbox 2029 4720 2345 4804; x_wconf 89' lang='lat' dir='ltr'>deceptio,</span> <span class='ocrx_word' id='word_1_593' title='bbox 2378 4721 2528 4803; x_wconf 90' lang='lat' dir='ltr'>quia</span> <span class='ocrx_word' id='word_1_594' title='bbox 2564 4737 2692 4785; x_wconf 90' lang='lat' dir='ltr'>non</span> <span class='ocrx_word' id='word_1_595' title='bbox 2733 4719 2811 4782; x_wconf 79' lang='lat' dir='ltr'>sit</span> <span class='ocrx_word' id='word_1_596' title='bbox 2840 4720 2965 4781; x_wconf 90' lang='lat' dir='ltr'>nisi</span> <span class='ocrx_word' id='word_1_597' title='bbox 3003 4720 3081 4781; x_wconf 90' lang='lat' dir='ltr'>ad</span> <span class='ocrx_word' id='word_1_598' title='bbox 3119 4719 3275 4783; x_wconf 78' lang='lat' dir='ltr'>l&#39;idei</span> <span class='ocrx_word' id='word_1_599' title='bbox 3308 4721 3402 4784; x_wconf 91' lang='lat' dir='ltr'>in·</span> 
     </span>
     <span class='ocr_line' id='line_1_90' title="bbox 1903 4816 3402 4899; baseline -0.003 -15"><span class='ocrx_word' id='word_1_600' title='bbox 1903 4820 2344 4894; x_wconf 88' lang='lat' dir='ltr'>structionem,</span> <span class='ocrx_word' id='word_1_601' title='bbox 2394 4826 2457 4881; x_wconf 89' lang='lat' dir='ltr'>et</span> <span class='ocrx_word' id='word_1_602' title='bbox 2503 4816 2905 4880; x_wconf 89' lang='lat' dir='ltr'>devotionem</span> <span class='ocrx_word' id='word_1_603' title='bbox 2966 4817 3189 4899; x_wconf 91' lang='lat' dir='ltr'>populi</span> <span class='ocrx_word' id='word_1_604' title='bbox 3236 4820 3402 4881; x_wconf 84' lang='lat' dir='ltr'>exci-</span> 
     </span>
     <span class='ocr_line' id='line_1_91' title="bbox 1902 4914 3399 4999; baseline -0.002 -16"><span class='ocrx_word' id='word_1_605' title='bbox 1902 4921 2179 4983; x_wconf 87' lang='lat' dir='ltr'>tandam.</span> <span class='ocrx_word' id='word_1_606' title='bbox 2232 4918 2352 4983; x_wconf 91' lang='lat' dir='ltr'>Sed</span> <span class='ocrx_word' id='word_1_607' title='bbox 2397 4916 2547 4999; x_wconf 90' lang='lat' dir='ltr'>quia</span> <span class='ocrx_word' id='word_1_608' title='bbox 2595 4914 2917 4977; x_wconf 89' lang='lat' dir='ltr'>interdum</span> <span class='ocrx_word' id='word_1_609' title='bbox 2963 4914 3044 4977; x_wconf 90' lang='lat' dir='ltr'>ab</span> <span class='ocrx_word' id='word_1_610' title='bbox 3096 4916 3399 4980; x_wconf 89' lang='lat' dir='ltr'>omnibus</span> 
     </span>
     <span class='ocr_line' id='line_1_92' title="bbox 1903 5014 3396 5097; baseline -0.004 -14"><span class='ocrx_word' id='word_1_611' title='bbox 1903 5021 1991 5083; x_wconf 89' lang='lat' dir='ltr'>ita</span> <span class='ocrx_word' id='word_1_612' title='bbox 2027 5019 2301 5093; x_wconf 88' lang='lat' dir='ltr'>videtur,</span> <span class='ocrx_word' id='word_1_613' title='bbox 2334 5023 2397 5079; x_wconf 93' lang='grc' dir='ltr'>θῖ</span> <span class='ocrx_word' id='word_1_614' title='bbox 2434 5014 2814 5097; x_wconf 89' lang='lat' dir='ltr'>quandoque</span> <span class='ocrx_word' id='word_1_615' title='bbox 2853 5014 2963 5075; x_wconf 90' lang='lat' dir='ltr'>diu</span> <span class='ocrx_word' id='word_1_616' title='bbox 3002 5022 3291 5076; x_wconf 88' lang='lat' dir='ltr'>servatur</span> <span class='ocrx_word' id='word_1_617' title='bbox 3329 5015 3396 5077; x_wconf 93' lang='lat' dir='ltr'>in</span> 
     </span>
     <span class='ocr_line' id='line_1_93' title="bbox 1901 5112 3395 5202; baseline -0.003 -21"><span class='ocrx_word' id='word_1_618' title='bbox 1901 5118 2116 5202; x_wconf 93' lang='lat' dir='ltr'>specie</span> <span class='ocrx_word' id='word_1_619' title='bbox 2154 5116 2307 5195; x_wconf 85' lang='lat' dir='ltr'>tali3</span> <span class='ocrx_word' id='word_1_620' title='bbox 2347 5113 2499 5176; x_wconf 94' lang='lat' dir='ltr'>hinc</span> <span class='ocrx_word' id='word_1_621' title='bbox 2538 5112 2647 5175; x_wconf 92' lang='lat' dir='ltr'>alii</span> <span class='ocrx_word' id='word_1_622' title='bbox 2684 5112 3005 5188; x_wconf 86' lang='lat' dir='ltr'>dixerunt,</span> <span class='ocrx_word' id='word_1_623' title='bbox 3036 5112 3207 5195; x_wconf 92' lang='lat' dir='ltr'>quod</span> <span class='ocrx_word' id='word_1_624' title='bbox 3245 5130 3395 5176; x_wconf 88' lang='lat' dir='ltr'>vera</span> 
     </span>
     <span class='ocr_line' id='line_1_94' title="bbox 1900 5210 3388 5299; baseline -0.005 -18"><span class='ocrx_word' id='word_1_625' title='bbox 1900 5216 2147 5299; x_wconf 89' lang='lat' dir='ltr'>species</span> <span class='ocrx_word' id='word_1_626' title='bbox 2204 5212 2487 5295; x_wconf 91' lang='lat' dir='ltr'>corporis</span> <span class='ocrx_word' id='word_1_627' title='bbox 2539 5210 2771 5274; x_wconf 89' lang='lat' dir='ltr'>Christi</span> <span class='ocrx_word' id='word_1_628' title='bbox 2825 5218 3001 5274; x_wconf 85' lang='lat' dir='ltr'>extra</span> <span class='ocrx_word' id='word_1_629' title='bbox 3053 5210 3388 5285; x_wconf 80' lang='lat' dir='ltr'>exsistenS,</span> 
     </span>
     <span class='ocr_line' id='line_1_95' title="bbox 1898 5309 3393 5392; baseline -0.003 -12"><span class='ocrx_word' id='word_1_630' title='bbox 1898 5317 2110 5380; x_wconf 91' lang='lat' dir='ltr'>visum</span> <span class='ocrx_word' id='word_1_631' title='bbox 2156 5313 2467 5375; x_wconf 88' lang='lat' dir='ltr'>immutat.</span> <span class='ocrx_word' id='word_1_632' title='bbox 2500 5312 2628 5375; x_wconf 91' lang='lat' dir='ltr'>Nec</span> <span class='ocrx_word' id='word_1_633' title='bbox 2673 5309 2884 5374; x_wconf 88' lang='lat' dir='ltr'>obstat</span> <span class='ocrx_word' id='word_1_634' title='bbox 2928 5310 3096 5392; x_wconf 91' lang='lat' dir='ltr'>quod</span> <span class='ocrx_word' id='word_1_635' title='bbox 3137 5309 3393 5375; x_wconf 88' lang='lat' dir='ltr'>videtur</span> 
     </span>
    </p>
   </div>
  </div>
 </body>
</html>
