4267 6250
537 4120 688 4166 Μανο.
705 4134 788 4175 xiv,

523 4190 591 4232 22.

819 468 940 533 214
1468 490 1535 536 m
1573 490 1797 537 nmnmr
1839 490 1900 534 ιν
1940 487 2424 535 sauram-unuin.
2465 504 2546 515 -
2586 485 2741 532 nis-r.
2782 485 2933 548 vm;
2975 485 3201 543 ouffisr.
3241 484 3281 532 v

821 659 1183 736 infundere,
1227 670 1292 726 et
1333 663 1412 726 de
1458 680 1624 726 novo
1672 661 2048 742 sanguinem
2097 677 2316 722 conse·
2342 656 2395 721 A
2422 656 2607 721 istius
2636 657 2699 720 in
2730 658 2867 740 ipsa
2898 657 3161 721 materia
3189 664 3255 720 et
3278 657 3418 738 ejus
3442 654 3923 720 consecratione

821 778 999 823 crare
1025 779 1100 823 ac
1134 779 1386 824 sumere
1421 781 1435 825 :
1469 761 1772 844 quoniam
1810 767 2203 842 praeceptum
2235 757 2314 821 de
2421 756 2731 830 consistit,
2776 775 2919 838 quae
2966 763 3063 818 est
3109 774 3225 839 per
3269 753 3921 818 transsubstantiatio-

819 876 949 923 non
995 861 1426 924 consecrando
1481 877 1746 943 corpore
1791 859 1930 922 sine
1985 856 2314 939 sanguinis
2421 873 2568 917 nem
2602 855 2785 937 panis
2818 855 2882 916 in
2912 872 3145 937 corpus
3176 853 3409 918 Christi
3443 872 3457 916 :
3490 873 3685 936 quam
3714 859 3921 914 trans-

817 959 1315 1033 consecratione‚
1368 959 1576 1040 majus
1622 966 1722 1020 est
1766 964 1830 1020 et
1877 956 2105 1020 fortius
2165 955 2317 1036 ligat
2420 952 3017 1016 substantiationem
3047 953 3419 1036 exprimunt
3443 951 3795 1026 verba‚Hoc
3824 958 3923 1013 est

815 1075 1009 1140 quam
1055 1065 1446 1140 praeceptum
1494 1056 1572 1119 de
1607 1055 1859 1138 jejunio
1901 1063 2143 1118 naturae
2185 1070 2311 1116 non
2421 1069 2653 1134 corpus
2688 1052 3116 1131 meum;‘ideo
3144 1051 3338 1115 verba
3368 1051 3503 1114 haec
3534 1049 3738 1113 forma
3770 1057 3924 1112 sunt

815 1155 1120 1219 solvendo
1149 1163 1296 1218 ante
1326 1154 1880 1232 communionem3
1921 1153 2064 1216 ideo
2095 1151 2161 1214 in
2192 1151 2313 1214 hoc
2421 1149 2802 1213 sacramenti
2845 1150 3049 1213 istius.

816 1271 966 1315 casu
1009 1253 1129 1315 hoc
1172 1259 1562 1335 praeceptum
1605 1269 1734 1314 non
1777 1249 1947 1332 ligat.
2498 1248 2689 1311 Porro
2735 1249 2814 1310 de
2862 1248 3004 1323 hoc,
3054 1267 3137 1310 an
3186 1247 3472 1311 Christus
3526 1247 3923 1310 consecravit

2420 1345 2802 1428 proferendo
2849 1346 2985 1410 haec
3031 1345 3244 1420 verba,
3286 1354 3438 1409 sunt
3477 1353 3749 1428 quatuor
3788 1345 3925 1427 opi·

2419 1443 2663 1507 niones.
2708 1445 2861 1520 Una,
2902 1446 3072 1528 quod
3122 1445 3409 1509 Christus
3456 1445 3697 1509 habens
3744 1451 3921 1527 pote-

1265 1569 1741 1643 QUAESTIO
1802 1568 1864 1630 v
2418 1549 2646 1605 statem
2678 1543 3074 1607 excellentiae
3106 1543 3171 1606 in
3208 1543 3642 1617 sacramentiS‚
3676 1543 3921 1625 absque

2416 1641 2594 1705 omni
2634 1640 2841 1705 forma
2882 1643 3223 1707 verborum
3276 1643 3397 1707 hoc
3448 1651 3919 1706 sacramentum

2418 1739 2689 1823 perfecit
2718 1749 3025 1823 potestate
3056 1741 3289 1816 divina,
3300 1761 3375 1805 ac
3404 1749 3622 1825 postea
3650 1741 3919 1805 formam

956 1840 1142 1904 Uinto
1187 1841 1513 1924 quaeritur‚
1557 1842 1688 1907 An
1735 1839 1993 1907 forma
2039 1853 2305 1906 conse-
2343 1840 2391 1902 B
2419 1840 2733 1921 expressit
2763 1839 2827 1902 in
2862 1858 2989 1921 qua
3022 1841 3215 1903 ceteri
3251 1849 3711 1904 consecrarent.
3746 1841 3923 1903 Hanc

815 1838 947 2039 Q
981 1941 1365 2008 erationis
1397 1940 1753 2020 corporis
1783 1939 2086 2005 christi
2115 1951 2307 2003 vere
2417 1935 2787 2019 opinionem
2817 1937 3020 2018 tangit
3049 1939 3706 2011 Innocentius,dicens
3725 1957 3739 2002 :
3758 1939 3922 2002 Sane

809 2041 1150 2121 ponatur
1200 2038 1369 2104 haec
1417 2052 1588 2104 esse
1638 2051 1656 2098 τ
1705 2039 1876 2103 Hoc
1923 2038 2047 2102 est
2093 2036 2309 2102 enim
2417 2033 2547 2096 dici
2595 2042 2823 2117 potest,
2868 2036 3039 2117 quod
3089 2036 3375 2099 Christus
3424 2037 3641 2099 divina
3683 2037 3921 2098 virtute

811 2151 1100 2218 eorpus
1139 2150 1430 2202 meum.
2418 2131 2716 2206 confecit,
2758 2141 2823 2195 et
2864 2141 3084 2215 postea
3126 2133 3396 2198 formam
3442 2135 3757 2218 expressit
3797 2135 3922 2199 sub

892 2235 1154 2298 Videtur
1197 2235 1369 2316 quod
1409 2251 1561 2307 non,
1593 2232 1746 2316 quia
1788 2232 2160 2313 conjunctio
2202 2231 2311 2293 illa
2418 2249 2545 2312 qua
2576 2231 2814 2313 posteri
2857 2231 3325 2297 benedicerent.
3362 2234 3483 2296 Sed
3516 2234 3636 2297 hoc
3668 2252 3796 2296 non
3826 2233 3921 2295 vi·

811 2333 1106 2407 causaliS‚
1137 2332 1335 2407 enim,
1369 2349 1494 2416 non
1536 2331 1658 2393 fuit
1696 2349 1733 2393 a
1770 2329 2018 2394 Christo
2055 2347 2311 2412 expres·
2419 2328 2605 2391 detur
2639 2331 3049 2404 convenienS,
3084 2331 3236 2414 quia
3274 2332 3340 2394 in
3374 2340 3550 2395 textu
3590 2332 3921 2414 Evangelii

811 2451 902 2507 sa,
927 2431 1037 2494 sed
1066 2451 1103 2493 a
1130 2431 1195 2493 B.
1222 2431 1402 2493 Petro
1432 2437 1530 2492 est
1556 2429 1789 2502 addita,
1814 2435 1886 2491 ut
1915 2428 2313 2490 concorditer
2419 2427 2675 2500 dicitur,
2711 2428 3044 2492 Benedixit
3077 2449 3092 2493 :
3123 2430 3294 2512 quod
3336 2430 3660 2513 aliquibus
3701 2430 3919 2495 verbis
4008 2446 4201 2490 Macen.

811 2537 1032 2594 tenent
1077 2529 1384 2592 doctores.
1427 2563 1510 2574 —
1551 2528 1876 2601 Praeterea,
1919 2533 2314 2589 sacramenta
2420 2524 2661 2587 factum
2699 2526 2971 2589 videtur.
3006 2527 3413 2590 Innocentius
3456 2536 3669 2591 autem
3714 2528 3920 2611 loqui·
3948 2513 4168 2562 ¹¹⁷¹’²⁶·

811 2646 992 2691 novae
1031 2627 1189 2708 legis
1229 2632 1522 2689 constant
1549 2645 1626 2688 ex
1668 2624 1930 2688 materia
1967 2643 2080 2687 seu
2122 2631 2314 2686 mate·
2419 2630 2525 2684 tur
2554 2623 2923 2705 opinionem
2955 2626 3291 2698 narrando,
3316 2626 3451 2688 sive
3479 2628 3797 2708 tangendo
3824 2646 3925 2690 or·

813 2725 954 2788 riali
1000 2725 1338 2798 elemento,
1372 2730 1436 2786 et
1472 2730 1643 2786 certa
1686 2722 1892 2786 forma
1928 2723 2309 2802 verborum;
2419 2722 2636 2784 dinem
2668 2740 2796 2804 quo
2824 2722 3029 2786 virtus
3057 2723 3551 2788 consecrationis
3580 2744 3617 2788 a
3646 2725 3921 2800 Christe,

813 2823 924 2886 scd
963 2823 1084 2886 hoc
1119 2822 1185 2884 in
1225 2829 1621 2885 sacramento
1655 2820 2066 2884 Eucharistiae
2099 2821 2311 2884 locum
2422 2819 2487 2880 in
2518 2837 2645 2902 quo
2675 2819 2882 2901 primo
2913 2828 3178 2891 erat,est
3207 2821 3489 2884 derivata
3515 2823 3596 2885 ad
3627 2821 3920 2886 formam.

811 2938 940 2984 non
979 2920 1192 2994 habet,
1226 2919 1376 3002 quia
1406 2927 1694 2981 cessante
1724 2918 2066 2981 verborum
2107 2919 2313 3000 prola·
2419 2953 2500 2963 —
2552 2918 2711 2980 Hinc
2769 2917 2879 2980 alii
2938 2918 3184 2994 dicunt,
3239 2920 3409 3002 quod
3468 2919 3743 2984 confecit
3802 2923 3927 2985 sub

809 3020 1006 3094 tione,
1040 3025 1371 3101 permanet
1399 3036 1622 3081 verum
1653 3025 1717 3080 et
1750 3017 2066 3098 integrum
2107 3035 2313 3080 sacra·
2342 3018 2385 3083 C
2422 3017 2695 3099 quadam
2736 3015 2940 3080 forma
2978 3017 3343 3092 verborum,
3378 3037 3503 3082 non
3544 3026 3758 3083 tamen
3804 3021 3929 3084 sub

811 3127 1122 3182 mentum.
1165 3152 1248 3162 —
1283 3116 1571 3198 Insuper,
1613 3114 1818 3179 forma
1865 3115 1998 3179 haec
2049 3134 2175 3178 non
2224 3115 2313 3179 vi·
2422 3114 2562 3189 ista,
2605 3114 2715 3178 sed
2760 3114 2882 3178 sub
2926 3115 3050 3179 alia
3096 3116 3283 3180 nobis
3334 3117 3565 3198 ignota.
3610 3118 3785 3193 Quod
3829 3120 3929 3183 in-

811 3218 998 3280 detur
1030 3234 1214 3298 posse
1243 3214 1586 3277 verificari.
1621 3214 1784 3277 Dum
1816 3213 1988 3276 enim
2019 3215 2313 3277 sacerdos
2421 3214 2807 3277 conveniens
2838 3232 2977 3276 esse
3008 3214 3281 3291 videtur,
3300 3217 3453 3298 quia
3480 3218 3771 3281 sacerdos
3800 3219 3928 3280 sub

812 3313 1056 3397 profert
1085 3314 1218 3377 haec
1248 3312 1464 3385 verba,
1500 3312 1784 3375 nondum
1823 3318 1919 3373 est
1953 3311 2040 3373 ibi
2077 3330 2311 3393 corpus
2421 3312 2523 3374 his
2566 3311 2780 3375 verbis
2830 3312 3203 3387 conficiens,
3246 3314 3489 3396 profert
3538 3333 3611 3378 ea
3660 3324 3729 3378 ut
3768 3324 3929 3380 tunc

813 3412 1067 3486 Christi,
1101 3411 1210 3474 sed
1243 3410 1308 3473 in
1339 3409 1615 3473 termino
1645 3428 1758 3471 seu
1791 3409 2018 3473 ultimo
2049 3410 2310 3473 instanti
2422 3428 2459 3472 a
2489 3409 2739 3473 Christo
2769 3410 3013 3492 prolata
3044 3430 3057 3475 :
3094 3411 3263 3474 unde
3300 3413 3351 3475 si
3383 3419 3537 3475 tunc
3568 3413 3635 3476 in
3668 3413 3762 3476 eis
3792 3433 3927 3478 non

813 3510 1204 3594 prolationis.
1238 3509 1316 3572 Et
1357 3509 1683 3590 quaeritur,
1717 3508 1871 3591 quid
1920 3507 2313 3571 demonstret
2424 3507 2621 3570 fiebat
2665 3507 3000 3582 confectio,
3036 3528 3155 3571 nec
3198 3509 3385 3573 fieret
3428 3511 3635 3574 modo.
3668 3547 3749 3557 —
3777 3513 3927 3577 Pro-

811 3626 1164 3693 pronomen
1205 3608 1398 3681 istud,
1430 3607 1569 3670 hoc.
1606 3606 1672 3670 Si
1707 3607 1880 3670 enim
1920 3607 2313 3669 demonstrat
2423 3613 2639 3688 pterea
2678 3605 2787 3669 alii
2828 3606 3071 3681 dicunt,
3107 3608 3276 3689 quod
3319 3608 3599 3673 confecit
3636 3610 3757 3673 sub
3788 3631 3932 3674 ver-

811 3726 1043 3792 panem
1085 3706 1196 3790 qui
1237 3714 1392 3769 tunc
1437 3704 1526 3767 ibi
1571 3713 1688 3778 est,
1732 3722 1858 3767 non
1903 3713 2071 3768 esset
2109 3704 2312 3768 oratio
2423 3704 2523 3766 bis
2556 3704 2677 3778 his,
2715 3704 2828 3767 sed
2868 3704 2967 3767 bis
3002 3706 3265 3787 protulit
3305 3726 3382 3770 ea
3412 3724 3427 3769 ε
3460 3708 3668 3790 primo
3708 3710 3925 3786 tacite,

811 3824 984 3880 vera,
1017 3824 1218 3888 quum
1251 3804 1435 3887 panis
1466 3803 1575 3865 ille
1604 3820 1732 3866 non
1765 3804 1845 3865 sit
1875 3821 2106 3885 corpus
2140 3802 2314 3866 Chri·
2422 3821 2623 3884 quum
2669 3802 3032 3883 benedixit3
3075 3805 3356 3868 secundo
3397 3815 3636 3888 aperte,
3669 3810 3931 3889 quando

813 3906 915 3969 sti.
958 3903 1272 3986 AmpliuS,
1315 3902 1668 3965 secundum
1716 3902 2100 3982 evangelicae
2149 3902 2313 3964 veri·
2422 3900 2769 3976 distribuit,
2817 3908 2887 3962 ut
2937 3902 3207 3964 formam
3256 3906 3671 3967 consecrandi
3718 3907 3931 3971 trade-

814 4011 1009 4067 tatem
1057 4002 1339 4065 historiae
1383 4000 1671 4063 Christus
1714 3999 1876 4061 dixit
1918 4000 2051 4063 haec
2093 3999 2311 4074 verba,
2422 4006 2518 4062 ret
2546 4000 2707 4061 aliis.
2730 3999 2905 4073 Quod
2935 4000 3125 4062 etiam
3159 4001 3615 4067 inconveniens
3648 4004 3927 4081 videtur,

817 4100 1199 4186 porrigendo
1243 4117 1473 4180 corpus
1517 4116 1704 4159 suum
1747 4097 2082 4180 discipulis
2117 4114 2132 4159 ε
2165 4116 2315 4179 ergo
2422 4097 2573 4179 quia
2618 4115 2744 4160 non
2794 4098 3206 4179 proferuntur
3252 4118 3289 4160 a
3338 4102 3661 4165 sacerdote
3709 4120 3935 4167 conse-

817 4208 972 4263 tunc
1015 4198 1181 4261 facta
1225 4196 1350 4259 fuit
1393 4194 1784 4258 consecratio
1831 4195 1938 4257 illa
1983 4204 2129 4259 ante
2172 4214 2314 4278 pro·
2344 4203 2393 4265 D
2423 4204 2639 4258 orante
2691 4196 2757 4258 in
2808 4213 3080 4279 persona
3130 4197 3383 4271 Christi,
3437 4208 3507 4261 ut
3558 4200 3623 4263 in
3672 4202 3933 4265 occulto

819 4298 1119 4361 lationem
1164 4294 1527 4359 verborum.
2423 4294 2683 4377 prolata.
2728 4295 2865 4357 Non
2910 4294 3082 4357 enim
3137 4295 3465 4358 benedixit
3505 4298 3747 4374 dicenS,
3792 4301 3932 4365 Hoc

900 4397 970 4459 In
1008 4394 1373 4477 oppositum
1413 4398 1510 4455 est
1541 4390 1880 4454 auctoritas
1917 4398 2151 4455 sanctae
2188 4412 2316 4455 ma·
2422 4400 2519 4453 est
2578 4409 2808 4474 corpus
2870 4411 3125 4473 meum;
3186 4394 3295 4455 sed
3354 4394 3531 4458 dedit
3586 4397 3931 4480 discipulis

818 4496 932 4558 tris
977 4492 1297 4566 Ecclesiae,
1340 4509 1530 4572 quam
1577 4489 1849 4572 Spiritus
1899 4490 2165 4552 Sanctus
2209 4491 2315 4554 de·
2423 4489 2663 4564 dicens,
2697 4491 2983 4572 Accipite
3013 4498 3077 4553 et
3106 4491 3483 4555 manducate
3517 4512 3595 4555 ex
3632 4495 3750 4558 hoc
3786 4514 3930 4559 om-

818 4594 947 4677 cipi
992 4609 1116 4655 non
1161 4588 1493 4673 permittit.
2422 4606 2559 4663 neS,
2594 4589 2713 4652 hoc
2748 4597 2843 4651 est
2872 4606 3104 4671 corpus
3146 4608 3383 4653 meum.
3417 4626 3499 4637 --
3526 4591 3620 4655 Ob
3656 4594 3776 4657 hoc
3808 4595 3928 4659 alii

2423 4686 2654 4749 melius
2702 4687 2943 4761 dicunt,
2986 4688 3155 4770 quod
3204 4687 3489 4752 Christus
3539 4692 3737 4755 semel
3789 4700 3929 4755 tan-

898 4789 1078 4853 Circa
1105 4788 1240 4850 haec
1271 4784 1496 4848 scribit
1525 4792 1780 4847 sanctus
1811 4785 2040 4847 Doctor
2071 4803 2084 4849 :
2119 4785 2313 4868 Opor-
2421 4793 2557 4847 tum
2599 4786 2862 4867 protulit
2892 4805 2986 4858 ea,
3020 4794 3084 4849 et
3113 4786 3205 4849 eis
3239 4789 3437 4850 semel
3480 4790 3741 4870 prolatis
3774 4810 3929 4855 con-

815 4897 908 4953 tet
951 4896 1022 4951 ut
1065 4904 1181 4969 per
1221 4884 1492 4948 formam
1543 4882 1892 4964 cujuslibet
1933 4884 2312 4947 sacramenti
2420 4884 2712 4958 secravit,
2763 4890 2828 4946 et
2879 4882 3152 4947 formam
3211 4885 3403 4949 dedit.
3457 4888 3586 4951 Hoc
3641 4907 3927 4973 namque

815 4986 1210 5069 exprimatur
1240 4983 1301 5046 id
1335 4982 1400 5045 in
1431 5000 1559 5063 quo
1587 4981 1942 5045 substantia
1970 5000 2316 5045 sacramen·
2422 4981 2856 5066 participium,
2889 4982 3131 5057 dicens,
3169 5002 3297 5047 non
3344 4984 3648 5067 importat
3689 5006 3925 5053 conco-

814 5086 862 5148 ti
893 5082 1377 5157 consistitsicut
1405 5082 1469 5144 in
1503 5080 1705 5144 forma
1734 5080 2041 5163 Baptismi
2072 5080 2314 5144 ablutio
2422 5082 2777 5143 mitantiam
2826 5081 3034 5143 solum
3082 5082 3160 5145 ad
3208 5082 3478 5146 verbum
3526 5085 3671 5160 hoc,
3716 5088 3921 5163 dedit,

813 5183 1197 5268 exprimitur
1225 5200 1352 5263 qua
1388 5180 1693 5262 Baptismi
1741 5179 2075 5262 perficitur
2111 5198 2313 5242 sacra·
2419 5180 2528 5243 sed
2566 5180 2642 5243 ad
2683 5180 2803 5243 hoc
2842 5199 2992 5242 cum
3031 5180 3194 5255 aliis,
3229 5188 3300 5243 ut
3336 5182 3421 5245 sit
3452 5202 3677 5249 sensus
3712 5203 3727 5248 ε
3759 5187 3921 5252 dum

815 5290 1124 5347 mentum.
1160 5281 1312 5344 Tota
1343 5285 1556 5344 autem
1590 5277 1898 5360 perfectio
1929 5279 2307 5342 sacramenti
2420 5278 2746 5341 benedixit
2774 5286 2837 5342 et
2868 5278 3058 5360 fregit
3087 5288 3151 5343 et
3179 5279 3355 5343 dedit
3384 5281 3742 5366 discipulis,
3775 5305 3923 5349 ver-
