4267 6250
834 486 953 552 140
1788 503 1964 552 mann
2004 504 2067 551 tv
2108 502 2593 551 saman-mauu.
2633 519 2716 533 —
2753 501 2908 549 msr.
2947 502 2986 547 v

836 680 1035 747 fuerit
1076 682 1399 763 minister,
1440 699 1592 745 cum
1640 681 1901 745 diabolo
1954 680 2395 762 computatur,
2443 680 2560 744 sed
2612 691 2746 742 non
2799 677 3283 743 contaminatur
3327 677 3578 742 donum
3626 676 3872 741 Christi
3917 696 3938 739 τ

834 798 1013 879 quod
1057 816 1173 880 per
1200 797 1391 862 illum
1429 798 1596 879 fluit,
1628 815 1870 880 purum
1908 798 2028 862 est.
2064 797 2194 860 Per
2228 795 2562 878 lapideum
2603 795 2897 860 canalem
2933 795 3170 859 transit
3206 812 3379 878 aqua
3419 794 3502 857 ad
3538 794 3832 875 areolas;
3871 794 3946 856 in

836 914 1047 979 canali
1094 914 1353 997 lapideo
1401 916 1498 978 nil
1556 917 1925 995 generatur,
1976 914 2091 978 sed
2151 914 2384 977 hortus
2431 911 2686 977 fructus
2735 912 3058 993 plurimos
3106 912 3313 975 affert.
3353 947 3443 957 --
3480 910 3742 975 Habent
3788 928 3948 991 ergo

836 1048 970 1095 non
1024 1032 1221 1096 modo
1274 1031 1456 1113 boni,
1514 1032 1631 1096 sed
1682 1032 1881 1096 etiam
1938 1031 2097 1095 mali
2155 1030 2599 1094 ministerium
2645 1027 3042 1111 baptizandi,
3093 1029 3209 1093 sed
3268 1029 3501 1093 neuter
3551 1029 3949 1111 potestatem

834 1147 1183 1230 Baptismi‚
1237 1148 1677 1213 Ministerium
1737 1149 1913 1213 enim
1956 1148 2138 1212 dedit
2186 1145 2488 1211 Christus
2541 1147 2774 1227 servis,
2829 1146 2946 1210 sed
2995 1147 3389 1228 potestatem
3435 1146 3710 1210 retinuit
3754 1144 3884 1209 sibi
3929 1164 3946 1205 ε

562 1288 669 1343 Aug.
686 1286 811 1331 1n10-
838 1283 1035 1346 quam
1078 1266 1137 1329 si
1169 1265 1387 1343 vellet,
1428 1266 1685 1347 poterat
1720 1265 1929 1328 servis
1959 1265 2135 1344 dare,
2179 1266 2254 1327 ut
2281 1280 2512 1328 servus
2542 1263 2727 1327 daret
2761 1262 3178 1343 Baptismum
3215 1279 3416 1326 suum
3451 1264 3764 1344 tanquam
3805 1262 3950 1326 vice

541 1364 644 1465 2¹:22
661 1353 808 1455 ⁷‘.‘⁸“·
838 1399 980 1447 sua.
1020 1382 1108 1445 Et
1150 1382 1543 1464 potestatem
1587 1398 1776 1445 suam
1815 1381 2215 1445 constituere
2249 1380 2506 1461 poterat
2544 1380 2612 1442 in
2655 1378 2878 1459 aliquo
2918 1378 3023 1442 vel
3060 1378 3129 1441 in
3165 1378 3499 1459 aliquibus
3533 1379 3744 1442 servis
3779 1378 3948 1458 suia,
4010 1440 4026 1449 ,

837 1501 914 1564 ut
947 1499 1128 1562 tanta
1154 1499 1257 1562 vis
1295 1499 1467 1562 esset
1503 1498 1573 1560 in
1607 1497 1938 1579 baptismo
1978 1496 2175 1577 servi,
2217 1496 2462 1577 quanta
2499 1497 2599 1559 est
2634 1496 2703 1558 in
2740 1495 3069 1577 baptismo
3108 1494 3418 1576 Domini;
3449 1495 3566 1559 sed
3595 1494 3834 1575 noluit,
3861 1512 3950 1558 ne

838 1632 1071 1679 servus
1107 1615 1177 1677 in
1213 1632 1403 1679 servo
1450 1630 1636 1695 spem
1680 1613 1971 1694 poneret.
2013 1611 2313 1694 Baptizat
2348 1628 2580 1675 servus
2623 1612 2701 1675 ut
2737 1609 3060 1689 minister,
3103 1610 3390 1691 baptizat
3436 1608 3764 1673 Dominus
3803 1610 3950 1673 tan-

836 1748 1035 1814 quam
1094 1730 1483 1811 potestatem
1538 1729 1786 1793 habens
1827 1748 1841 1790 :
1885 1745 2085 1810 quam
2136 1728 2193 1792 si
2252 1728 2436 1791 daret
2482 1726 2713 1807 servis,
2764 1728 2839 1790 ut
2893 1726 3145 1791 scilicet
3189 1726 3488 1807 ipsorum
3545 1727 3718 1789 esset
3763 1727 3948 1807 quod

836 1846 1109 1911 Domini
1139 1848 1299 1926 erat,
1338 1846 1439 1909 tot
1474 1847 1691 1911 essent
1732 1845 2043 1928 baptismi
2086 1845 2250 1926 quot
2285 1843 2482 1923 servi,
2515 1843 2589 1905 ut
2633 1841 2805 1905 sicut
2849 1842 3066 1906 dictus
3100 1842 3201 1906 est
3236 1840 3606 1923 baptismus
3639 1842 3940 1921 Joannis‚

838 1964 935 2029 sic
971 1964 1296 2028 diceretur
1331 1963 1702 2044 baptismus
1738 1963 1917 2026 Petri
1954 1962 2061 2025 vel
2097 1961 2312 2025 Pauli.
2345 1960 2536 2035 Quod
2565 1977 2648 2024 ne
2685 1959 2890 2038 fleret,
2933 1959 3207 2022 retinuit
3233 1958 3361 2022 sibi
3396 1958 3726 2022 Dominus
3759 1959 3951 2041 pote-

838 2082 1076 2146 statem
1106 2080 1456 2162 Baptismi,
1496 2080 1704 2143 servis
1738 2078 1959 2142 autem
1997 2076 2443 2141 ministerium
2470 2076 2672 2140 dedit.
2716 2076 2786 2139 Si
2818 2093 2970 2157 ergo
3016 2092 3246 2139 servus
3280 2076 3443 2138 dicit
3479 2092 3550 2139 se
3589 2075 3950 2156 baptizare,

838 2198 1010 2262 recte
1040 2197 1222 2275 dicit,
1262 2197 1378 2260 sed
1408 2197 1721 2277 tanquam
1745 2195 2046 2260 minister
2072 2193 2361 2276 baptizat
2392 2213 2407 2255 :
2443 2196 2507 2257 et
2534 2193 2681 2256 ideo
2715 2210 2846 2256 non
2874 2192 3115 2274 differt,
3147 2193 3287 2255 sive
3313 2192 3530 2255 bonus
3557 2192 3698 2255 sive
3729 2192 3956 2256 malus

546 2333 809 2387 mdes-pt.
841 2313 1147 2396 baptizet.
1200 2313 1359 2377 Inde
1398 2300 1597 2377 etiam
1634 2329 1829 2377 nemo
1876 2312 2058 2390 dicit,
2089 2311 2472 2391 Baptismus
2509 2327 2731 2390 meus3
2772 2326 2979 2390 quum
3026 2310 3245 2372 tamen
3282 2308 3478 2389 dicat,
3513 2308 3957 2389 Evangelium

544 2395 812 2510 ζῖῗιῗὴρῖζ
844 2448 1091 2510 meum,
1134 2408 1483 2513 prudentia
1520 2446 1689 2508 mea,
1721 2429 1873 2493 licet
1916 2428 2050 2491 sint
2085 2428 2228 2491 haec
2270 2445 2309 2490 a
2353 2428 2518 2491 Deo.
2570 2426 2646 2489 In
2685 2425 2929 2507 quibus
2966 2426 3334 2491 differentia
3371 2426 3471 2489 est
3505 2445 3519 2487 :
3555 2424 3729 2489 alius
3766 2426 3952 2490 enim

843 2548 972 2612 alio
1004 2546 1243 2612 melius
1272 2547 1579 2628 operatur
1607 2545 1675 2608 in
1714 2544 2242 2627 evangelizando,
2279 2544 2343 2608 et
2379 2543 2550 2607 alius
2587 2542 2718 2605 alio
2746 2541 3131 2624 prudentior
3167 2543 3300 2625 est;
3341 2542 3512 2605 alius
3559 2542 3782 2605 autem
3815 2541 3954 2606 alio

843 2666 1057 2747 magis
1093 2664 1396 2727 minusve
1442 2662 1832 2745 baptizatus,
1882 2662 2023 2726 sive
2069 2660 2154 2725 ab
2203 2659 2500 2725 inferiori
2549 2660 2690 2723 sive
2736 2676 2776 2723 a
2825 2659 3150 2741 superiori
3198 2657 3587 2740 baptizetur,
3627 2658 3762 2723 dici
3811 2676 3953 2723 non

842 2782 1081 2865 potest.

1030 3007 1102 3071 C.
1159 3011 1325 3077 Quoe
1365 3008 1513 3082 fuit
1550 3006 1879 3081 potestas
1922 3005 2289 3079 Baptismi
2333 3018 2560 3079 quam
2598 3003 2841 3077 potuit
2891 3001 3221 3065 Christus
3267 3004 3451 3064 dare
3495 3002 3757 3065 servis.

970 3225 1097 3288 Hic
1125 3222 1465 3305 quaeritur,
1486 3238 1635 3302 quae
1664 3221 1753 3283 sit
1780 3219 1894 3282 illa
1921 3217 2213 3300 potestas
2241 3215 2566 3298 Baptismi
2604 3232 2804 3297 quam
2843 3214 3146 3278 Christus
3173 3213 3301 3278 sibi
3329 3213 3600 3279 retinuit
3628 3215 3696 3278 et
3729 3215 3956 3296 potuit

840 3344 993 3409 dare
1031 3340 1260 3405 servis.
1304 3339 1464 3402 Haec
1514 3338 1635 3418 est,
1675 3338 1750 3400 ut
1796 3335 2067 3417 plurimi
2106 3334 2360 3414 volunt,
2401 3334 2693 3416 potestas
2740 3331 3117 3396 dimittendi
3155 3331 3421 3413 peccata
3472 3331 3541 3394 in
3576 3330 3948 3413 Baptismo.

839 3459 970 3524 Sed
1005 3457 1296 3540 potestas
1341 3453 1718 3517 dimittendi
1766 3452 2030 3535 peccata
2075 3468 2224 3532 quae
2273 3450 2344 3514 in
2380 3451 2521 3514 Deo
2569 3451 2690 3529 est,
2735 3450 2917 3513 Deus
2967 3449 3088 3512 est.
3129 3448 3287 3511 Ideo
3331 3447 3449 3510 alii
3487 3447 3739 3529 dicunt,
3779 3449 3954 3512 hanc

838 3575 1231 3659 potestatem
1260 3590 1394 3635 non
1431 3571 1726 3653 potuisse
1767 3570 1921 3632 dare
1960 3568 2158 3631 alicui
2198 3584 2565 3646 servorum,
2607 3566 2764 3647 quia
2799 3564 2966 3628 nulli
3003 3564 3221 3646 potuit
3253 3564 3408 3628 dare
3443 3565 3520 3629 ut
3560 3566 3733 3628 esset
3769 3566 3953 3647 quod

835 3695 982 3776 ipse
1029 3691 1151 3770 est,
1192 3661 1296 3754 vel
1342 3689 1416 3752 ut
1462 3687 1731 3752 haberet
1768 3686 2119 3752 essentiam
2159 3701 2359 3765 quam
2398 3683 2540 3764 ipse
2575 3681 2794 3763 habet,
2846 3682 2953 3746 cui
2999 3682 3127 3745 hoc
3173 3683 3274 3745 est
3320 3698 3462 3746 esse
3508 3681 3689 3763 quod
3723 3699 3948 3764 posse.

840 3809 1086 3874 Dicunt
1114 3807 1291 3871 enim
1335 3825 1349 3867 :
1392 3804 1463 3870 Si
1501 3805 1668 3868 hanc
1696 3802 2061 3885 potentiam
2090 3800 2289 3863 alicui
2317 3799 2472 3864 dare
2514 3798 2754 3880 potuit,
2795 3798 3013 3878 potuit
3042 3797 3102 3861 ei
3141 3797 3295 3861 dare
3339 3798 3666 3862 creaturas
3703 3815 3950 3880 creare,

840 3925 998 4008 quia
1022 3942 1157 3988 non
1194 3924 1295 3988 est
1331 3922 1456 3985 hoc
1494 3919 1766 4002 majoris
1804 3917 2115 3999 potentiae
2146 3933 2346 3998 quam
2387 3914 2574 3979 illud.
2607 3912 2713 3978 Ad
2748 3914 2928 3995 quod
2963 3913 3097 3977 dici
3132 3913 3374 3995 potest,
3407 3913 3566 3994 quia
3599 3914 3820 3995 potuit
3854 3916 3956 3980 eis

841 4045 995 4107 dare
1036 4040 1399 4124 potentiam
1430 4037 1807 4102 dimittendi
1849 4036 2135 4116 peccata,
2177 4051 2311 4097 non
2349 4034 2568 4097 tamen
2608 4034 2821 4113 ipsam
2861 4031 3161 4096 eamdem
3203 4049 3336 4113 qua
3373 4031 3514 4113 ipse
3551 4033 3786 4113 potens
3824 4035 3952 4112 est,

842 4159 960 4224 sed
1005 4156 1369 4240 potentiam
1412 4155 1695 4218 creatam
1734 4169 1867 4233 qua
1909 4168 2140 4214 servus
2187 4150 2411 4232 posset
2458 4148 2789 4212 dimittere
2825 4149 3093 4229 peccata
3135 4147 3296 4230 (non
3343 4149 3565 4211 tamen
3603 4150 3678 4210 ut
3722 4151 3958 4213 auctor

841 4271 1275 4348 remissionis,
1326 4269 1440 4332 sed
1488 4269 1562 4333 ut
1599 4267 1923 4346 minister,
1964 4283 2083 4330 nec
2131 4268 2352 4329 tamen
2402 4265 2545 4328 sine
2594 4264 2733 4328 Deo
2783 4260 3096 4346 auctore),
3137 4265 3212 4326 ut
3257 4264 3429 4328 sicut
3465 4264 3534 4327 in
3581 4264 3956 4330 ministerio

843 4390 1039 4453 habet
1087 4386 1377 4451 exterius
1424 4383 1850 4462 sanctificare,
1882 4382 1976 4446 ita
2021 4382 2089 4445 in
2139 4381 2504 4445 ministerio
2542 4379 2810 4444 haberet
2856 4379 3132 4443 interius
3177 4379 3495 4444 mundare
3527 4400 3542 4442 :
3576 4380 3748 4443 sicut
3786 4381 3957 4448 illud

846 4505 1003 4569 facit
1038 4505 1179 4568 Deo
1217 4503 1506 4580 auctore,
1547 4500 1662 4583 qui
1701 4515 1852 4562 cum
1882 4516 1958 4562 eo
1989 4500 2053 4562 et
2081 4499 2150 4560 in
2180 4515 2257 4561 eo
2289 4498 2594 4579 operatur
2632 4495 2796 4559 illud
2827 4495 3138 4577 exteriuS,
3171 4497 3264 4559 ita
3300 4496 3576 4560 interius
3605 4496 3956 4561 mundaret

841 4623 982 4688 Deo
1025 4622 1312 4698 auctore,
1354 4618 1470 4699 qui
1520 4614 1665 4698 ejus
1717 4614 1914 4679 verbo
1971 4614 2153 4678 velut
2207 4613 2494 4694 quodam
2551 4611 2916 4676 ministerio
2965 4612 3279 4678 uteretur.
3325 4612 3426 4676 Ita
3480 4612 3680 4677 etiam
3726 4615 3956 4695 posset

841 4742 1024 4805 Deus
1061 4755 1177 4819 per
1223 4736 1511 4816 aliquem
1532 4761 1545 4774 ·
1565 4749 1782 4797 creare
1834 4731 2077 4812 aliqua,
2118 4748 2252 4794 non
2303 4747 2421 4812 per
2457 4748 2610 4794 eum
2663 4730 2980 4810 tanquam
3019 4729 3379 4811 auctorem,
3411 4729 3527 4794 sed
3586 4746 3703 4811 per
3755 4730 3958 4793 mini-

840 4859 1053 4923 strum
1091 4871 1243 4918 cum
1272 4869 1404 4934 quo
1436 4853 1500 4916 et
1545 4851 1614 4914 in
1651 4867 1782 4931 quo
1815 4849 2193 4930 operaretur
2233 4867 2248 4910 ε
2291 4847 2464 4912 sicut
2504 4847 2573 4909 in
2602 4844 2795 4910 bonis
2833 4845 3143 4926 operibus
3185 4845 3430 4909 nostris
3467 4845 3610 4927 ipse
3649 4847 3959 4926 operatur

842 4976 905 5039 et
933 4991 1079 5051 nOS,
1112 4987 1245 5034 non
1282 4970 1423 5051 ipse
1460 4966 1742 5046 tantum,
1782 4981 1903 5028 nec
1947 4981 2069 5028 nos
2107 4965 2390 5044 tantum,
2431 4963 2550 5027 sed
2587 4963 2730 5044 ipse
2765 4959 3113 5025 nobiscum
3153 4962 3219 5024 et
3252 4960 3322 5023 in
3358 4958 3592 5040 nobis;
3634 4962 3700 5024 et
3738 4961 3961 5025 tamen

843 5092 911 5154 in
950 5089 1085 5152 illis
1122 5085 1391 5168 agendis
1432 5082 1718 5147 ministri
1761 5080 1907 5162 ejus
1943 5097 2200 5161 sumUS,
2234 5098 2366 5144 non
2405 5079 2725 5143 auctores.
2769 5078 2870 5140 Ita
2907 5094 3059 5159 ergo
3097 5078 3318 5160 potuit
3345 5076 3500 5140 dare
3543 5093 3731 5140 servo
3763 5078 3958 5158 pote-

844 5208 1081 5271 statem
1118 5200 1495 5267 dimittendi
1541 5198 1806 5281 peccata
1852 5197 1922 5260 in
1960 5197 2326 5278 Baptismo‚
2366 5197 2435 5259 id
2487 5196 2608 5274 est,
2657 5195 2733 5258 ut
2782 5195 2848 5256 in
2898 5194 3324 5258 mundatione
3374 5190 3671 5256 interiori
3723 5210 3956 5258 servus

846 5340 997 5388 cum
1043 5319 1331 5388 Domino
1381 5315 1758 5400 operaretur
1800 5334 1814 5375 ε
1858 5330 1989 5377 non
2040 5331 2271 5378 servus
2319 5312 2462 5378 sine
2507 5311 2820 5392 Domino,
2860 5327 2980 5375 nec
3017 5310 3346 5376 Dominus
3390 5308 3533 5374 sine
3581 5326 3796 5390 servo,
3838 5309 3953 5376 sed
