4267 6250
24 163 34 263 -ἠ-
22 23 30 81 j

70 4537 195 4586 Eecli.
214 4559 297 4600 xxx,

678 512 884 559 mul
928 512 991 559 m
1031 512 1185 560 oum
1224 510 1461 559 nvtmn
1502 510 1577 557 ΒΤ
1618 510 1772 559 CASU
1813 510 2101 559 CHRISTUS
2141 511 2340 559 Jussrr
2381 512 2834 562 courssssloNssu
2875 513 3106 562 cunm

3323 496 3444 562 575

334 682 903 755 rumtamen,sicut
930 701 1055 748 non
1091 683 1383 747 sacerdos
1414 681 1479 744 in
1512 700 1663 745 casu
1694 700 1837 764 par·
1862 681 1917 745 A
1943 680 2119 758 fessi,
2171 688 2427 747 tenetur
2472 692 2535 748 et
2591 684 2754 748 alius
2812 684 2922 749 ille
2977 704 3052 747 ea
3109 685 3336 760 celare,
3386 684 3440 747 si

331 776 561 861 ticipat
600 780 850 863 aliquid
890 782 971 844 de
1013 788 1159 845 actu
1201 780 1421 855 clavis,
1462 781 1618 842 dum
1658 779 1838 843 audit

331 875 807 941 confessionem
871 888 1131 962 propter
1191 879 1636 941 necessitatem
1672 896 1689 957 3
1751 878 1837 941 ita

330 974 676 1058 participat
722 977 801 1040 de
849 984 993 1039 actu
1042 977 1237 1059 sigilli
1284 976 1703 1039 confessionis
1750 985 1839 1038 at-

330 1090 459 1153 que
508 1074 719 1136 celare
765 1081 1040 1150 tenetur,
1094 1075 1389 1157 quamvis
1449 1075 1705 1158 proprie
1752 1075 1835 1137 si-

329 1169 561 1248 gillum
609 1171 1031 1235 confessionis
1070 1190 1199 1235 non
1236 1171 1483 1237 habeat.
1518 1172 1665 1235 ldeo
1705 1179 1835 1234 tam

332 1265 653 1349 interpres
683 1289 875 1351 quam
918 1270 1118 1334 laicus
1156 1278 1411 1333 tenetur
1446 1270 1709 1332 omnino
1740 1288 1837 1333 ce-

332 1364 465 1427 lare
488 1383 507 1446 ;
541 1366 843 1430 similiter
871 1368 981 1450 qui
1012 1387 1081 1431 se
1110 1368 1303 1450 fingit
1328 1368 1743 1442 sacerdotem,
1768 1377 1840 1429 ut

332 1463 771 1528 confessiones
800 1466 1119 1545 audiendo
1147 1466 1435 1550 exploret
1466 1466 1581 1528 hac
1614 1466 1837 1529 fraude

332 1570 583 1625 secreta
621 1562 1159 1626 conscientiarum
1198 1563 1645 1627 confitentium
1686 1562 1831 1626 sibi.

330 1694 413 1705 —
451 1660 599 1723 Haec
647 1661 937 1724 Thomas,
982 1662 1379 1725 concordant
1423 1662 1489 1724 in
1532 1662 1834 1725 omnibus

332 1757 655 1833 AlbertuS,
706 1760 947 1834 PetruS,
997 1760 1371 1835 Richardus,
1421 1759 1837 1842 Argentinen-

332 1856 443 1931 εἰς,
478 1858 837 1933 DuranduS‚
870 1858 1107 1941 aliique
1149 1860 1565 1922 concorditer.

415 1956 493 2017 Et
532 1956 710 2018 addit
746 1957 1119 2031 Richardus,
1152 1959 1321 2040 quod
1360 1958 1642 2040 sigillum
1688 1976 1836 2020 con-

333 2054 635 2117 fessionis
678 2056 762 2118 sit
802 2056 997 2118 etiam
1041 2056 1119 2118 de
1159 2056 1304 2138 jure
1354 2055 1647 2131 naturali,
1680 2072 1835 2137 quo-

334 2153 507 2215 niam
538 2171 615 2216 eo
646 2154 786 2237 ipso
826 2155 995 2237 quod
1036 2155 1181 2237 quis
1222 2174 1289 2218 se
1328 2154 1589 2217 exhibet
1614 2154 1696 2216 ad
1724 2172 1832 2215 au·

334 2251 641 2313 diendum
681 2251 1139 2328 confessioneS,
1174 2252 1363 2315 tacite
1407 2252 1722 2336 promittit
1764 2270 1832 2314 se

334 2367 477 2430 quae
504 2349 783 2412 audierit
810 2351 1187 2413 celaturum.
1208 2351 1423 2414 Falsus
1453 2368 1707 2433 quoque
1737 2356 1833 2411 est

336 2446 443 2509 ille
485 2448 845 2512 versiculus
892 2466 906 2510 :

365 2599 611 2650 Haeresis
640 2603 730 2651 est
760 2600 971 2651 crimen
1001 2600 1152 2666 quod
1186 2612 1290 2651 nec
1318 2600 1601 2653 confessio
1636 2599 1797 2651 celat.

334 2743 407 2807 Et
434 2744 735 2827 quamvis
766 2743 921 2807 utile
948 2753 1117 2808 esset
1145 2745 1466 2808 interdum
1498 2743 1833 2807 confitenti

330 2851 437 2905 aut
467 2843 779 2925 singulari
812 2861 1097 2925 personae
1126 2844 1297 2926 quod
1337 2842 1653 2906 confessio
1682 2861 1833 2924 pan-

332 2942 613 3017 deretur,
655 2959 783 3004 non
830 2948 1045 3005 tamen
1092 2943 1351 3026 expedit
1398 2960 1515 3025 pro
1562 2941 1832 3003 utilitate

1944 780 2102 842 sciat
2138 781 2308 864 quod
2347 781 2674 846 confessor
2712 784 3062 866 prodiderit
3103 782 3444 847 confessio-

1946 898 2117 953 nem,
2153 880 2260 942 illa
2297 880 2423 943 sibi
2463 882 2752 945 dicendo.
2788 916 2864 927 —
2894 883 3212 946 Poenitens
3246 882 3439 945 etiam

1946 985 2188 1059 peccat,
2222 979 2664 1061 poenitentiam
2697 979 2820 1043 sibi
2853 981 3210 1062 injunctam
3241 979 3443 1043 mani-

1947 1074 2256 1150 festando,
2291 1077 2344 1139 si
2374 1095 2449 1140 ex
2481 1078 2602 1147 hoc
2633 1079 2965 1142 immineat
2995 1078 3442 1160 praejudicium

1945 1173 2136 1235 alicui
2187 1192 2473 1257 personas
2517 1185 2624 1238 aut
2675 1175 3048 1250 confessori,
3099 1185 3170 1238 ut
3217 1175 3270 1238 si
3317 1174 3440 1237 sibi

1945 1270 2309 1352 injunctum
2359 1280 2528 1336 esset
2573 1274 2774 1337 vitare
2827 1273 3321 1337 familiaritatem
3372 1274 3442 1335 il-

1947 1368 2071 1431 lius
2100 1369 2204 1432 vel
2235 1370 2410 1433 illius
2450 1389 2754 1453 personae.
2790 1408 2871 1417 —
2896 1372 3039 1435 Haec
3071 1372 3438 1435 Richardus,

1945 1466 2187 1540 Quibus
2237 1467 2462 1532 Scotus
2511 1470 2574 1531 in
2625 1469 2950 1552 aliquibus
3000 1470 3374 1533 contradicit
3425 1488 3440 1533 :

1946 1584 2108 1647 qnae,
2157 1565 2586 1647 prolixitatem
2632 1568 2944 1642 devitanS‚
2977 1567 3252 1641 dimitto,
3294 1569 3445 1650 quia

1947 1680 2065 1725 nec
2112 1664 2323 1745 magni
2369 1672 2518 1727 sunt
2562 1664 2882 1746 ponderiS.

2026 1762 2105 1824 At
2141 1779 2295 1825 vero
2332 1762 2869 1826 Antisiodorensis
2908 1763 2976 1825 in
3014 1763 3277 1826 Summa
3307 1784 3442 1839 sua,

1867 1857 1914 1920 B
1951 1858 2115 1922 libro
2146 1868 2391 1942 quarto,
2427 1859 2628 1923 multa
2657 1860 3004 1924 conscribit
3040 1862 3118 1924 de
3148 1862 3270 1937 his,
3304 1882 3445 1945 quae

1941 1958 2076 2039 jam
2124 1958 2276 2021 satis
2326 1957 2672 2041 praehabita
2720 1967 2886 2022 sunt.
2922 1959 3116 2022 Tenet
3164 1978 3442 2043 quoque,

1944 2057 2114 2138 quod
2147 2057 2442 2138 quamvis
2481 2058 2772 2121 sacerdos
2813 2057 2973 2120 sciat
3011 2058 3269 2121 aliunde
3301 2076 3446 2141 pec·

1945 2161 2083 2215 cata
2132 2153 2523 2230 confitentis,
2573 2155 2709 2219 sive
2755 2162 2902 2217 ante
2951 2155 3442 2231 confessionem,

1945 2250 2080 2313 sive
2120 2260 2284 2333 post,
2318 2258 2532 2315 tamen
2574 2272 2775 2335 quum
2809 2253 3042 2335 recipit
3078 2272 3153 2316 ea
3191 2255 3256 2317 in
3298 2272 3446 2318 con-

1945 2347 2245 2423 fessione,
2279 2367 2405 2412 non
2446 2358 2656 2433 potest
2691 2370 2766 2413 ea
2797 2351 3114 2414 ullatenus
3155 2352 3442 2435 propala-

1945 2465 2013 2508 re
2073 2465 2088 2510 z
2143 2448 2444 2530 quoniam
2504 2468 2620 2532 per
2677 2449 3096 2512 confessionis
3156 2451 3440 2532 sigillum

1941 2554 2145 2610 totum
2185 2548 2502 2629 signatum
2543 2556 2656 2611 est.
2693 2548 2889 2631 Cujus
2933 2548 3254 2632 opinionis
3294 2566 3442 2612 con-

1942 2646 2208 2708 trarium
2253 2646 2439 2709 modo
2481 2653 2808 2709 ostensum
2853 2654 2968 2709 est.

2023 2743 2204 2808 Circa
2233 2744 2366 2807 haec
2395 2745 2723 2828 quaeritur,
2756 2753 2972 2808 utrum
3001 2745 3272 2808 clericus
3310 2764 3440 2810 non

1940 2843 2256 2917 sacerdOS‚
2307 2862 2638 2906 assumens
2696 2843 2984 2907 habitum
3033 2844 3437 2919 confessoris,

1943 2940 2502 3024 confessionesque
2531 2942 2819 3017 audienS,
2851 2950 2915 3004 et
2943 2943 3063 3005 hoc
3092 2942 3261 3005 facto
3289 2962 3440 3024 gau-

333 3040 837 3114 communitatiS‚
872 3040 976 3102 cui
1010 3040 1207 3121 magis
1236 3047 1335 3103 est
1365 3040 1831 3123 providendum
1862 3040 1907 3105 C
1942 3038 2097 3101 dens
2147 3057 2216 3101 se
2265 3039 2628 3122 percepisse
2676 3048 2919 3103 secreta
2966 3040 3436 3115 confitentium,

330 3158 526 3222 quam
570 3138 1061 3222 particularibus
1109 3139 1471 3222 quibusque
1519 3139 1827 3222 personis.

330 3240 509 3303 Unde
548 3246 613 3301 et
650 3237 821 3320 quod
858 3255 975 3321 pro
1012 3239 1271 3301 caritate
1310 3238 1675 3301 institutum
1712 3246 1829 3314 est,

328 3344 583 3420 oportet
626 3336 967 3419 aliquando
1014 3336 1292 3401 militare
1340 3355 1457 3420 pro
1504 3337 1829 3401 communi

326 3435 521 3510 hono,
556 3453 683 3498 non
729 3435 1020 3498 obstante
1062 3436 1234 3518 quod
1275 3436 1461 3498 aliter
1504 3435 1833 3519 expediret

324 3535 499 3597 bono
530 3533 1039 3618 particulari,cui
1070 3535 1275 3598 nihilo
1306 3534 1521 3598 minus
1549 3535 1677 3598 alio
1708 3553 1835 3598 mo-

324 3634 405 3696 do
448 3632 701 3696 consuli
745 3640 969 3714 potest.

402 3733 677 3812 Insuper
705 3731 867 3793 alius
898 3749 935 3792 a
965 3730 1349 3806 confessore,
1384 3731 1649 3795 audiens
1686 3751 1831 3814 pec-

326 3837 466 3892 cata
504 3828 873 3891 confitentis
920 3829 1267 3910 ignorantis
1313 3829 1433 3892 hoc
1476 3829 1711 3913 ipsum,
1745 3838 1831 3893 te·

324 3936 518 3990 netur
562 3925 673 3988 illa
715 3926 922 3988 celare
962 3927 1107 4008 jure
1155 3927 1449 4002 naturali,
1492 3927 1711 3991 divino
1757 3947 1830 3990 ac

323 4026 603 4108 positivo
641 4043 656 4087 :
693 4026 845 4108 quia
886 4032 1141 4088 tenetur
1185 4025 1368 4088 alteri
1411 4026 1621 4089 facere
1664 4026 1831 4089 sicut

322 4123 791 4188 rationabiliter
826 4123 1019 4187 vellet
1064 4123 1210 4187 fieri
1260 4124 1406 4187 sibi.
1461 4124 1535 4186 Et
1583 4143 1824 4199 rursuS,

1944 3137 2144 3220 possit
2184 3139 2262 3200 ad
2305 3157 2514 3202 sacros
2557 3140 2812 3203 ordines
2856 3139 3235 3223 promoveri.

2019 3237 2113 3298 Ad
2160 3236 2277 3299 hoc
2323 3236 2631 3299 Henricus
2674 3238 3050 3311 Quodlibeto
3099 3237 3440 3302 undecimo

1941 3335 2302 3416 respondet,
2335 3335 2504 3416 quod
2543 3335 2596 3396 si
2635 3334 2718 3396 sit
2756 3335 2834 3396 de
2873 3342 3004 3398 tam
3042 3335 3319 3399 nefando
3348 3335 3436 3398 fa-

1941 3441 2042 3495 cto
2072 3433 2424 3506 convictus,
2447 3439 2556 3494 aut
2586 3432 2861 3513 graviter
2891 3432 3434 3515 probabiliterque

1939 3539 2297 3614 suspectuS,
2332 3531 2425 3593 sic
2462 3537 2764 3612 tanquam
2804 3530 3188 3593 criminosus
3225 3530 3305 3592 ab
3333 3549 3434 3593 ac-

1941 3648 2122 3692 cessu
2172 3630 2249 3691 ad
2299 3646 2510 3692 sacros
2557 3627 2812 3690 ordines
2860 3637 2956 3691 est
3002 3628 3432 3712 repellenduS,

1941 3727 2292 3811 praesertim
2332 3732 2592 3809 propter
2626 3725 3122 3808 subsequentem
3161 3726 3438 3790 diffami-

1938 3843 2083 3906 am3
2116 3825 2170 3887 si
2211 3842 2361 3888 vero
2403 3823 2727 3888 occultum
2771 3824 2874 3898 sit,
2908 3825 3140 3906 poterit
3183 3843 3434 3908 promo-

1940 3942 2093 3986 veri.

2018 4022 2286 4103 Insuper
2346 4019 2722 4095 Quodlibeto
2787 4029 3011 4083 octavo
3075 4021 3436 4086 sciscitatur

1938 4120 2268 4192 Henricus‚
2303 4126 2518 4181 utrum
2559 4118 2885 4182 confessor
2921 4138 2999 4182 ex
3033 4120 3434 4185 confessione

321 4224 645 4305 obligatur
673 4241 747 4286 ea
776 4222 975 4286 vitare
1024 4242 1167 4304 quae
1208 4223 1433 4285 cedere
1462 4229 1729 4305 possunt
1760 4223 1825 4285 in
1857 4222 1908 4283 D
1938 4217 2147 4280 sciens
2186 4217 2466 4299 aliquem
2506 4216 2629 4279 sibi
2669 4215 3035 4280 consessum
3066 4218 3229 4280 velle
3267 4221 3434 4283 occi-

323 4323 775 4408 praejudicium
818 4329 882 4384 et
927 4321 1399 4403 derogationem
1447 4323 1827 4385 sacramenti

324 4421 777 4488 confessionis
814 4420 937 4483 Sed
971 4427 1034 4482 et
1063 4418 1355 4502 improbe
1385 4421 1515 4501 agit
1553 4421 1644 4483 sic
1684 4440 1825 4483 aus-

326 4521 661 4599 cultand03
707 4519 851 4582 ideo
891 4518 1155 4602 Sapiens
1192 4517 1281 4580 ait
1329 4535 1342 4579 :
1390 4517 1670 4581 Stultitia
1716 4519 1825 4582 ho-

326 4619 524 4684 minis
580 4624 678 4681 est
722 4617 1080 4680 auscultare
1138 4635 1253 4699 per
1297 4617 1552 4680 ostium.
1604 4617 1828 4680 Peccat

326 4717 523 4800 igitur
553 4716 665 4798 qui
704 4717 797 4778 sic
835 4715 1093 4791 revelat,
1126 4715 1669 4798 quemadmodum
1698 4734 1826 4779 ser·

328 4835 447 4879 vus
475 4815 843 4878 auscultans
870 4833 908 4876 a
946 4833 1095 4876 casu
1126 4813 1228 4878 vel
1260 4813 1585 4896 proposito
1624 4833 1826 4876 secre-

324 4925 391 4978 ta
432 4933 577 4998 quae
617 4920 967 4977 tractantur
1004 4912 1071 4974 in
1112 4912 1288 4975 curia
1326 4911 1568 4974 domini
1610 4913 1731 4986 sui,
1764 4921 1828 4975 et

327 5013 737 5098 postmodum
778 5010 1131 5075 forinsecus
1170 5030 1245 5073 ea
1282 5011 1594 5084 revelanS,
1626 5011 1828 5091 gravi-

327 5121 425 5176 ter
472 5118 697 5196 peccat
746 5111 811 5172 in
859 5109 1192 5172 dominum
1240 5129 1452 5183 suum,
1495 5117 1557 5172 et
1606 5127 1827 5172 secun-

328 5214 483 5276 dum
523 5211 631 5293 jus
675 5208 863 5273 civile
911 5208 1049 5271 dire
1093 5208 1377 5290 punitur.
1412 5209 1735 5283 Praeterea,
1770 5207 1825 5270 si

327 5311 623 5374 sacerdos
668 5306 910 5371 revelet
954 5305 1146 5368 alicui
1197 5314 1455 5388 peccata
1506 5305 1629 5368 sibi
1679 5324 1825 5370 con·

1937 4317 2087 4379 dere
2116 4315 2339 4389 alium,
2373 4315 2574 4397 possit
2612 4315 2795 4377 illum
2836 4315 3033 4377 alium
3063 4316 3330 4392 avisare,
3363 4325 3435 4381 ut

1938 4421 2157 4478 caveat
2185 4412 2309 4475 sibi
2340 4432 2420 4476 ne
2450 4413 2793 4477 occidatur.
2817 4414 3058 4478 Rursus
3089 4415 3433 4498 interrogat

1937 4512 2051 4587 ibi,
2083 4531 2166 4574 an
2194 4511 2390 4575 abbas
2421 4531 2498 4575 ex
2536 4513 2935 4576 confessione
2963 4521 3212 4577 tantum
3241 4534 3430 4597 agno-

1939 4629 2123 4674 scens
2164 4612 2550 4674 monachum
2588 4629 2776 4674 suum
2815 4629 2954 4675 esse
2992 4621 3429 4696 corruptorem

1940 4710 2468 4794 parochianarum
2527 4727 2810 4784 suarum,
2869 4708 3099 4772 debeat
3155 4711 3339 4775 illum
3396 4735 3434 4777 a

1938 4828 2090 4872 cura
2128 4826 2456 4872 removere
2498 4814 2562 4870 et
2599 4823 2895 4869 revocare
2935 4807 3015 4869 ad
3059 4807 3428 4874 claustrum.

1936 4943 2017 4954 --
2055 4907 2152 4971 Ad
2192 4927 2334 4990 quae
2372 4907 2499 4970 duo
2538 4905 2878 4987 respondet
2915 4905 3083 4968 sicut
3120 4926 3196 4969 ex
3235 4908 3431 4972 Bona-

3465 2682 3732 2738 p.5738'et8.

3516 3371 3558 3414 q.
3579 3359 3647 3401 25.

3513 4156 3556 4200 q.
3579 4147 3646 4190 al.

3507 4553 3552 4597 q.
3567 4542 3637 4587 29.

1937 5015 2203 5072 ventura
2233 5025 2610 5090 responsum
2641 5012 2756 5080 est,
2791 5013 3010 5089 utpote
3048 5008 3220 5088 quod
3249 5009 3303 5071 si
3342 5016 3431 5071 ta-
3483 5033 3616 5086 p.57³
3631 5031 3680 5078 Β.

1937 5108 2015 5170 lis
2072 5106 2336 5168 avisatio
2385 5113 2448 5167 et
2503 5103 2818 5185 depositio
2867 5102 2948 5166 ab
3006 5103 3228 5170 officio
3282 5106 3430 5171 fieri

1934 5212 2254 5288 nequeant
2281 5203 2419 5266 sine
2452 5200 2962 5265 manifestatione
2991 5203 3427 5283 confessioni8‚

1934 5322 2063 5368 non
2113 5302 2334 5366 licebit
2379 5302 2472 5386 sic
2529 5301 2772 5364 avisare
2831 5318 3039 5383 neque
3086 5303 3427 5386 deponere,
