4267 6250
412 511 617 558 mun
656 510 947 559 mm
986 512 1207 559 unctio
1246 512 1339 559 su·
1380 510 1830 558 SAGRAURNTUR
1870 510 2266 557 Ennomon
2305 511 2498 569 nmis,
2539 511 2898 559 msmnwu
2937 512 2982 557 Δ
3022 510 3277 558 cmusro
3331 492 3448 557 59¹

354 681 431 743 fit
462 682 808 765 completio
846 682 1243 746 remissionis
1284 682 1561 746 illorum.
1594 680 1854 743 Materia
1882 681 1935 744 A
1964 679 2346 744 beatissima
2393 680 2757 745 refectionis
2797 680 3188 753 convivium,
3226 680 3306 743 ad
3348 699 3452 742 su-

354 782 735 843 sacramenti
777 781 974 861 hujus
1018 789 1115 844 est
1160 780 1375 843 oleum
1423 780 1504 842 ab
1548 779 1851 861 episcopo

354 886 817 952 consecratum,
867 880 1037 961 quod
1087 880 1449 961 appellatur
1492 878 1707 941 oleum
1756 877 1853 939 in-

352 975 714 1039 firmorum.
766 978 1316 1051 Quemadmodum
1362 985 1577 1039 autem
1626 976 1705 1037 de
1754 993 1849 1036 es-

350 1075 555 1137 sentia
600 1075 911 1157 Baptismi
967 1084 1117 1137 sunt
1162 1075 1305 1151 tria,
1356 1084 1511 1157 puta
1562 1072 1845 1147 materia,

349 1170 555 1235 forma
582 1172 951 1247 verborum,
982 1180 1173 1255 atque
1214 1174 1485 1236 intentio
1526 1170 1849 1253 baptizan-

347 1269 453 1347 di;
496 1269 585 1331 ita
626 1271 691 1332 in
731 1271 853 1333 hoc
892 1278 1289 1333 sacramento
1330 1278 1481 1333 sunt
1524 1270 1665 1343 tria,
1706 1288 1847 1351 quae

346 1375 495 1429 sunt
528 1368 789 1450 praefata
818 1369 1107 1443 materia,
1137 1378 1201 1430 et
1242 1369 1445 1431 forma
1475 1369 1843 1442 verborum,

347 1484 471 1547 qua
500 1466 759 1542 dicitur,
790 1468 907 1530 Per
936 1467 1121 1530 istam
1154 1468 1521 1531 unctionem
1562 1475 1625 1529 et
1662 1484 1843 1529 suam

349 1562 703 1644 piissimam
737 1564 1264 1639 misericordiam,
1298 1573 1446 1638 etc.,
1478 1572 1541 1627 et
1568 1566 1723 1627 ordo
1752 1584 1846 1627 sa·

348 1661 753 1724 eramentalis
799 1662 866 1724 in
910 1663 1225 1737 ministro,
1268 1681 1381 1725 seu
1425 1672 1597 1725 recta
1641 1662 1844 1744 ipsius

348 1758 635 1821 intentio.
687 1760 764 1821 Et
811 1760 1107 1843 quamvis
1164 1760 1231 1822 in
1280 1760 1401 1823 isto
1449 1768 1843 1823 sacramento

1960 797 2306 860 pernorum
2345 779 2584 841 civium
2625 779 3014 852 societatem,
3047 786 3111 841 et
3145 786 3452 860 tanquam

1959 894 2069 938 vas
2098 876 2446 957 pretiosum
2475 876 2540 938 in
2571 884 2916 959 conspectu
2945 876 3130 957 Regis
3157 875 3450 937 altissimi

1958 973 2434 1055 reponendum3
2464 974 2990 1037 decentissimum
3017 981 3115 1036 est
3143 981 3213 1035 ut
3243 973 3308 1035 in
3347 992 3451 1035 ex·

1958 1072 2179 1133 tremis
2205 1090 2423 1153 agenS,
2456 1072 2576 1135 hoc
2603 1090 2784 1135 sacro
2814 1072 2955 1135 oleo
2987 1072 3266 1146 liniatur,
3301 1091 3450 1153 pur-

1955 1178 2140 1251 getur
2185 1188 2258 1232 ac
2301 1171 2656 1246 decoretur,
2701 1170 2920 1252 sicque
2965 1170 3452 1252 superpulcher-

1958 1268 2103 1330 rimi
2143 1268 2370 1350 Sponsi
2415 1276 2832 1351 praesentetur
2872 1268 3265 1350 conspectui.
3305 1268 3450 1331 Haec

1956 1366 2356 1429 GuillelmuS.

2036 1464 2217 1527 Circa
2247 1464 2382 1527 haec
2413 1465 2698 1546 loquitur
2723 1464 2996 1527 Thomas
3030 1482 3044 1527 :
3079 1465 3149 1527 ln
3179 1464 3280 1526 his
3309 1484 3451 1547 quae

1956 1561 2240 1624 Ecclesia
2269 1562 2612 1624 visibiliter
2639 1570 2958 1643 operatur,
2983 1562 3271 1645 quaedam
3301 1568 3452 1624 sunt

1955 1667 2371 1734 sacramenta,
2405 1666 2476 1721 ut
2501 1659 2897 1742 Baptismus3
2930 1660 3218 1741 quaedam
3249 1678 3452 1722 sacra-

1958 1757 2277 1831 mentalia,
2321 1766 2390 1819 ut
2437 1758 2830 1820 exorcismus
2872 1775 2888 1819 :
2932 1776 3072 1839 qnae
3114 1756 3446 1831 differunt,

346 1856 473 1918 sint
532 1856 749 1939 plures
810 1858 1141 1921 unctiones
1202 1858 1638 1941 particulareS,
1699 1877 1841 1940 quae
1880 1856 1927 1919 B
1956 1855 2258 1937 quoniam
2303 1862 2768 1917 sacramentum
2809 1862 2906 1917 est
2941 1862 3119 1917 actus
3149 1855 3449 1917 Ecclesiae

343 1954 515 2017 fiunt
566 1955 631 2016 in
681 1955 990 2018 membris
1038 1955 1332 2030 diversiS,
1372 1965 1436 2018 et
1482 1956 1685 2019 forma
1734 1956 1843 2018 illa

345 2052 689 2115 verborum
720 2054 953 2135 saepius
1000 2054 1301 2133 iteretur;
1332 2062 1607 2117 attamen
1640 2072 1839 2116 unum

345 2158 440 2213 est
468 2160 941 2214 sacramentum
974 2153 1187 2227 totale,
1222 2153 1579 2235 perfectum
1610 2160 1674 2215 et
1708 2170 1845 2233 gra·

344 2250 447 2313 tiae
486 2250 861 2313 collativum
889 2252 1089 2333 (quod
1126 2252 1319 2314 etiam
1364 2250 1845 2333 praefiguratum

344 2347 467 2411 fuit
492 2366 611 2431 per
638 2349 1001 2411 unctionem
1028 2348 1227 2413 David
1252 2350 1319 2411 in
1350 2350 1585 2431 regem)
1601 2366 1615 2412 ε
1634 2368 1843 2431 quem-

342 2447 693 2509 admodum
720 2446 881 2509 etin
914 2447 1241 2530 Baptismo
1280 2456 1431 2510 sunt
1468 2448 1682 2530 plures
1724 2448 1841 2510 im-

344 2547 719 2619 mersiones,
754 2555 818 2609 et
855 2555 1070 2610 tamen
1112 2566 1313 2609 unum
1350 2554 1448 2609 est
1484 2565 1840 2609 sacramen-

341 2651 499 2707 tum.
553 2644 891 2727 Quumque
949 2654 1417 2708 sacramentum
1475 2646 1597 2709 hoc
1656 2646 1841 2708 itere·

342 2748 467 2817 tur,
498 2751 747 2805 constat
787 2744 959 2825 quod
998 2762 1125 2806 non
1167 2743 1562 2825 imprimitur
1599 2744 1667 2805 in
1702 2742 1841 2826 ipso

344 2840 693 2915 character,
753 2842 1105 2923 praesertim
1165 2860 1366 2924 quum
1424 2842 1507 2904 sit
1562 2843 1843 2923 comple-

1954 1954 2065 2036 qui
2106 1954 2361 2035 attingit
2400 1954 2479 2016 ad
2520 1952 2824 2015 effectum
2871 1952 3312 2035 principaliter
3353 1954 3448 2015 in-

1951 2058 2200 2113 tentum
2227 2052 2294 2113 in
2317 2051 2859 2114 administratione
2881 2058 3446 2131 sacramentorum3

1952 2150 2410 2213 sacramentale
2447 2167 2599 2212 vero
2638 2158 2734 2212 est
2769 2150 2938 2213 actio
2973 2169 3116 2231 quae
3151 2150 3448 2231 quamvis

1954 2266 2079 2311 non
2110 2249 2376 2330 attingat
2408 2249 2488 2310 ad
2528 2248 2712 2310 illum
2741 2247 3072 2322 effectum,
3104 2256 3318 2311 tamen
3349 2266 3448 2311 or-

1953 2346 2208 2408 dinatur
2254 2345 2470 2428 aliquo
2527 2346 2716 2408 modo
2771 2346 2849 2408 ad
2909 2346 3084 2408 illam
3130 2347 3448 2410 actionem

1952 2443 2396 2525 principalem.
2451 2443 2736 2507 Effectus
2784 2450 3000 2506 autem
3049 2444 3329 2507 intentus
3381 2445 3446 2507 in

1950 2542 2500 2605 administratione
2548 2550 3090 2605 sacramentorum
3133 2550 3230 2605 est
3270 2561 3448 2606 cura-

1953 2641 2041 2704 tio
2086 2639 2292 2703 morbi
2341 2641 2603 2723 peccati.
2651 2640 2842 2703 Isaias
2884 2657 2898 2701 :
2939 2640 3056 2703 Hic
3097 2648 3194 2703 est
3235 2642 3446 2705 omnis
3473 2659 3537 2704 10.
3553 2664 3739 2714 uma.

1953 2739 2222 2814 fructus,
2257 2748 2326 2802 ut
2362 2738 2685 2802 auferatur
2724 2748 3076 2821 peccatum.
3109 2740 3444 2822 Quumque

1950 2838 2027 2900 ad
2068 2838 2240 2900 hunc
2278 2837 2586 2901 effectum
2630 2837 2946 2920 pertingat
2987 2837 3282 2901 Extrema
3325 2839 3446 2901 Un-

1950 2936 2099 3007 ctio,
2130 2935 2314 3017 juxta
2343 2936 2503 2999 illud
2531 2936 2770 3011 Jacobi,
2803 2936 2870 2999 Si
2907 2936 2974 2999 in
3013 2936 3290 3019 peccatis
3321 2944 3439 3012 est,
3466 2953 3740 3007 Jacoams.

344 2948 635 3002 mentum
682 2948 747 3003 et
788 2940 1256 3003 consummatio
1302 2939 1593 3021 quaedam
1641 2959 1843 3002 sacra-

346 3039 547 3101 menti
578 3038 995 3113 Poenitentiae,
1028 3038 1095 3100 in
1126 3055 1253 3120 quo
1288 3056 1415 3100 non
1446 3038 1841 3120 imprimitur
1874 3036 1919 3101 C
1949 3034 2308 3097 dimittetur
2357 3034 2456 3114 ei3
2507 3041 2680 3117 patet
2735 3035 2904 3117 quod
2961 3035 3045 3097 sit
3089 3054 3444 3099 sacramen-

130 3155 193 3211 ιγ.
219 3158 315 3204 «nst.
346 3138 694 3212 character,
728 3147 799 3201 ut
828 3138 1072 3200 dictum
1102 3145 1216 3200 est.
1250 3137 1379 3200 Nec
1408 3137 1595 3199 datur
1623 3138 1841 3219 pueris
1948 3142 2107 3197 tum.
2155 3133 2232 3196 Et
2269 3134 2598 3196 hominem
2636 3135 3005 3198 immediate
3047 3135 3330 3218 disponit
3364 3135 3446 3198 ad

86 3222 318 3331 ἶζξᾹἜῇ·
346 3237 589 3300 ratione
628 3236 914 3300 nondum
956 3235 1283 3298 utentibus
1318 3235 1518 3316 :quia
1554 3236 1837 3298 nondum
1950 3232 2220 3314 gloriam
2262 3249 2277 3293 :
2320 3251 2468 3294 nam
2519 3233 2903 3295 exeuntibus
2947 3253 2985 3295 a
3035 3251 3298 3316 corpore
3341 3233 3449 3295 da-

346 3333 635 3416 indigent
680 3351 779 3410 eo,
823 3353 1027 3416 quum
1073 3333 1259 3396 detur
1304 3340 1523 3397 contra
1570 3333 1843 3395 actualia
1952 3339 2073 3393 tur.
2106 3330 2351 3393 Idcirco
2383 3331 2448 3392 in
2478 3331 2676 3393 veteri
2707 3331 3113 3395 Testamento
3149 3331 3446 3414 praefigu-

344 3440 623 3516 peccata.
666 3469 747 3479 —
784 3433 929 3497 Haec
970 3432 1529 3495 Antisiodorensis.
1560 3431 1839 3505 Quorum

344 3533 708 3596 intellectus
750 3551 829 3595 ex
868 3530 1285 3616 sequentibus
1325 3530 1627 3594 elucebit.

422 3631 511 3692 De
551 3631 653 3692 his
683 3630 909 3692 scribit
936 3631 1003 3692 in
1035 3647 1153 3692 suo
1182 3628 1637 3692 Sacramentali
1667 3629 1839 3692 Guil-

346 3728 577 3792 lelmus
610 3746 627 3790 ε
661 3728 1071 3810 Egredientes
1102 3728 1181 3790 de
1208 3729 1329 3792 hoc
1362 3728 1623 3803 munde,
1637 3747 1837 3810 quum

342 3845 491 3890 mox
542 3827 671 3890 Deo
729 3826 858 3888 sint
910 3826 1361 3910 praesentandi,
1413 3826 1837 3889 dubitandum

341 3944 469 3989 non
519 3933 635 4000 est,
689 3943 799 3989 eos
846 3943 985 3988 esse
1034 3923 1397 4006 purgandos
1444 3932 1507 3986 et
1554 3925 1838 3988 sanctifi-

342 4025 577 4088 candos
625 4026 704 4088 de
750 4024 851 4086 his
908 4043 1051 4106 quae
1100 4023 1257 4105 ipsis
1305 4022 1384 4086 de
1434 4023 1673 4087 mundo
1718 4025 1839 4087 hoc

338 4124 744 4188 adhaeserunt
768 4122 965 4204 (sicut
992 4123 1207 4205 pulvis
1234 4122 1514 4186 adhaeret
1544 4123 1841 4186 itineran-

1952 3429 2074 3492 rari
2106 3446 2234 3493 non
2267 3428 2489 3491 debuit
2527 3447 2643 3510 per
2679 3428 2938 3511 aliquod
2977 3439 3448 3493 sacramentum

1950 3527 2074 3590 sibi
2112 3525 2638 3609 correspondenS,
2672 3534 2976 3609 tanquam
3017 3545 3133 3610 per
3167 3527 3444 3608 figuram

1949 3625 2240 3707 ejusdem
2273 3625 2557 3706 generis;
2591 3625 2886 3706 quamvis
2917 3643 3032 3707 per
3070 3625 3308 3707 figuras
3346 3643 3443 3688 re-

1950 3731 2151 3786 motas
2179 3723 2396 3806 aliquo
2428 3723 2616 3786 modo
2643 3723 2727 3785 sit
2754 3723 3101 3805 figuratum
3143 3725 3206 3786 in
3237 3724 3442 3786 omni-

1949 3820 2071 3883 bus
2119 3820 2558 3884 curationibus
2603 3840 2744 3903 quae
2789 3821 3086 3903 leguntur
3132 3822 3198 3884 in
3241 3822 3439 3885 veteri

1949 3920 2368 3983 Testamento.
2403 3919 2746 3982 Sciendum
2778 3937 3052 4002 quoque,
3084 3921 3254 4002 quod
3283 3921 3442 3984 divi-

1950 4039 2071 4081 nus
2104 4019 2444 4101 Dionysius
2482 4019 2550 4080 in
2585 4019 2750 4082 libro
2785 4019 3241 4082 Ecclesiasticae
3276 4018 3441 4082 hier-

1945 4118 2178 4181 archiae
2219 4117 2612 4180 mentionem
2654 4135 2781 4180 non
2821 4117 2975 4180 facit
3021 4117 3100 4180 de
3142 4116 3439 4181 Extrema
3494 4133 3731 4190 cr.t.xv.

338 4223 503 4284 tium
555 4221 877 4303 pedibus),
928 4228 1119 4303 atque
1162 4240 1201 4282 a
1240 4220 1529 4282 minimis
1576 4230 1641 4283 et
1687 4240 1840 4304 quo-
1868 4221 1919 4283 D
1950 4216 2276 4290 Unctione,
2317 4215 2486 4277 sicut
2527 4234 2646 4278 nec
2683 4216 2761 4279 de
2801 4215 3195 4290 Poenitentia,
3227 4234 3436 4299 neque
3463 4199 3664 4253 “⁴¹⁸“

338 4320 601 4383 tidianis
650 4318 1173 4400 inquinamentis,
1225 4319 1364 4383 sine
1421 4318 1658 4401 quibus
1708 4338 1839 4383 non

338 4419 546 4500 agitur
576 4418 707 4480 vita
734 4436 1195 4500 praesenS,quae
1225 4417 1535 4481 usualiter
1562 4418 1839 4482 venialia

340 4523 815 4598 nuncupantur.
858 4515 987 4578 Nec
1028 4515 1201 4578 enim
1246 4534 1480 4598 sponsa
1521 4517 1598 4579 ad
1643 4535 1835 4599 spon-

340 4634 482 4677 sum
532 4615 672 4677 sine
718 4612 1046 4676 ablutione
1102 4621 1166 4676 et
1210 4621 1518 4697 apparatu
1565 4614 1837 4696 ingredi-

338 4721 482 4792 tur3
526 4731 645 4775 nec
685 4731 796 4774 vas
834 4711 1291 4794 superponitur
1326 4712 1564 4775 mensis
1592 4712 1835 4795 absque

341 4810 875 4890 resinceratione;
918 4828 1035 4872 nec
1063 4810 1143 4872 ad
1174 4810 1435 4873 solenne
1466 4810 1833 4874 convivium

338 4909 613 4991 quisque
660 4907 903 4971 urbane
948 4925 1165 4990 agens,
1206 4909 1345 4971 sine
1392 4908 1587 4971 vestis
1632 4917 1832 4972 muta-

338 5006 511 5071 tione
549 5025 622 5070 ac
655 5005 1061 5070 decoratione
1093 5005 1463 5087 ingreditur.
1500 5007 1707 5080 Quum
1736 5027 1833 5070 er-

336 5123 417 5186 go
462 5105 679 5168 anima
724 5113 1029 5186 tanquam
1076 5122 1309 5186 sponsa
1354 5105 1438 5166 sit
1482 5125 1519 5166 a
1568 5123 1833 5188 corpore

337 5221 670 5284 egressura
715 5202 796 5266 ad
845 5203 1199 5264 thalamum
1252 5202 1479 5284 Sponsi
1531 5203 1829 5278 coelestiS,

337 5302 417 5364 ad
464 5308 716 5366 aeternae
760 5301 1181 5382 jucunditatis
1238 5300 1705 5378 solennitatem,
1751 5302 1831 5365 ad

1948 4315 2025 4376 de
2054 4313 2455 4377 Matrimonio
2489 4331 2502 4376 :
2537 4314 2840 4396 quoniam
2879 4330 3008 4376 non
3047 4313 3320 4376 intendit
3351 4315 3438 4378 lo-

1947 4412 2055 4495 qui
2110 4411 2198 4475 ibi
2246 4412 2325 4475 de
2373 4413 2786 4477 sacramentis
2835 4411 2959 4475 nisi
3012 4412 3078 4474 in
3123 4420 3434 4494 quantum

1946 4530 2061 4595 per
2099 4531 2176 4574 ea
2212 4511 2610 4575 innotescere
2648 4521 2856 4594 potest
2895 4512 3184 4575 ordinata
3224 4511 3434 4595 dispo-

1945 4611 2092 4673 sitio
2119 4610 2568 4673 ecclesiasticae
2599 4609 2969 4674 hierarchiae
3008 4618 3318 4693 quantum
3354 4612 3434 4675 ad

1946 4708 2272 4772 ministros
2317 4707 2882 4788 ministrorumque
2927 4709 3208 4771 actiones
3250 4716 3314 4771 et
3354 4710 3434 4772 ad

1944 4806 2346 4889 recipientes.

2023 4905 2332 4986 Denique,
2370 4904 2663 4967 Extrema
2697 4903 2924 4966 Unctio
2964 4912 3062 4967 est
3102 4924 3303 4968 unum
3337 4926 3432 4969 sa-

1941 5011 2339 5068 cramentum
2389 5021 2464 5066 eo
2513 5003 2702 5066 modo
2749 5020 2878 5084 quo
2926 5022 3120 5085 supra
3164 5005 3436 5068 declara·
3462 5031 3726 5090 cfr-2⁰⁵¹)-

1940 5111 2075 5166 tum
2135 5110 2235 5166 est
2295 5110 2762 5166 sacramentum
2827 5101 3238 5167 Eucharistiae
3293 5123 3433 5168 esse

1942 5222 2168 5276 unum,
2211 5220 2338 5265 non
2376 5201 2543 5283 quod
2583 5201 2666 5263 sit
2701 5219 2904 5263 unum
2943 5200 3112 5263 sicut
3154 5201 3438 5265 indivisi-

1941 5300 2093 5375 bile,
2136 5300 2248 5362 sed
2287 5299 2454 5362 sicut
2489 5298 2730 5380 aliquid
2771 5299 3090 5382 integrum
3131 5306 3196 5363 et
3232 5299 3438 5382 perfe-
