4267 6250
425 499 510 548 An
549 499 760 549 rom
801 499 1312 550 consum-rioms
1351 501 1512 550 ma
1552 501 1834 550 remma
1873 501 2010 550 nnc
2050 500 2199 550 assa
2240 500 2255 547 :
2296 499 2416 550 noc
2454 500 2567 548 asr
2606 500 2758 548 snut
2798 499 3023 548 coatus
3063 499 3236 546 nun
3313 477 3434 546 217

331 673 566 738 animae
595 691 724 738 non
755 679 852 738 est
881 674 1396 757 repraesentativa
1425 675 1541 750 rei,
1565 674 1676 738 sed
1706 693 1835 738 ma·
1862 676 1914 741 A
1943 675 2085 749 hoc,
2127 692 2255 738 non
2300 672 2561 756 ponitur
2604 673 2864 756 aliquod
2912 689 3169 746 nomen,
3210 687 3291 734 ne
3332 668 3439 733 de·

331 773 432 854 gis
490 772 990 856 praefigurativa‚
1051 772 1218 837 sicut
1273 775 1600 856 exemplar
1655 774 1834 837 facti—

335 891 512 946 vum,
562 879 638 934 ut
685 878 859 954 patet
905 871 974 934 in
1023 872 1290 936 scientia
1345 872 1644 955 practica,
1693 891 1836 954 quae

333 977 436 1032 est
475 989 668 1032 causa
709 969 841 1050 rei;
882 978 946 1033 et
991 971 1224 1034 veritas
1270 970 1639 1052 hujusmodi
1689 988 1837 1034 con-

334 1067 653 1151 ceptionis
695 1068 1026 1132 entitatem
1070 1068 1163 1132 rei
1203 1086 1330 1132 non
1375 1069 1833 1152 praesupponit,

333 1168 446 1229 sed
477 1168 851 1230 naturaliter
875 1186 1016 1230 eam
1047 1167 1350 1250 praecedit
1369 1175 1669 1250 tanquam
1699 1187 1840 1230 cau·

333 1286 402 1328 sa
432 1266 658 1348 ipsiuS‚
691 1267 990 1348 quamvis
1023 1267 1214 1330 simul
1247 1268 1376 1330 sint
1403 1273 1693 1350 tempore
1725 1284 1739 1328 :
1773 1275 1839 1330 et

333 1367 416 1428 ad
453 1367 628 1428 hunc
657 1366 922 1428 modum
958 1385 1026 1429 se
1054 1365 1294 1429 habent
1321 1365 1516 1428 verba
1555 1365 1836 1448 praemis-

333 1463 628 1546 sa,·quia
685 1471 838 1526 sunt
881 1463 1310 1546 significativa
1365 1471 1558 1546 atque
1603 1463 1836 1526 factiva

333 1562 476 1644 ejus
522 1562 695 1644 quod
743 1561 1166 1644 significatur.
1209 1563 1470 1644 Propter
1515 1562 1686 1644 quod
1733 1581 1836 1624 ve-

333 1660 486 1723 ritas
518 1669 584 1723 et
612 1659 1004 1742 significatio
1039 1660 1236 1742 hujus
1277 1660 1616 1724 locutionis
1654 1667 1833 1724 natu-

333 1762 550 1825 raliter
595 1762 900 1844 praecedit
936 1763 1266 1826 entitatem
1308 1762 1400 1824 rei
1439 1781 1633 1844 quam
1671 1761 1836 1825 desi·

1944 773 2317 837 monstratio
2361 774 2440 836 ad
2489 773 2769 855 aliquam
2822 771 3103 854 speciem
3152 769 3441 834 substan·

1945 871 2047 935 tiae
2076 871 2553 935 determinetur.
2590 870 2767 934 Sicut
2794 869 2968 934 enim
3011 869 3077 931 in
3118 867 3439 931 locutione

1942 990 2086 1053 quae
2143 969 2466 1052 significat
2510 976 2756 1032 tantum
2814 968 3275 1042 alterationem,
3324 985 3441 1048 per

1945 1087 2012 1131 se
2049 1067 2414 1149 subjectum
2446 1075 2545 1131 est
2572 1067 2937 1149 subjectum
2976 1082 3317 1130 commune
3352 1064 3439 1126 al·

1945 1167 2295 1240 terationis‚
2348 1174 2419 1228 ut
2472 1185 2673 1248 quum
2730 1165 2985 1240 dicitur,
3036 1163 3164 1227 Hoc
3220 1161 3301 1226 fit
3352 1163 3440 1226 al·

1946 1267 2141 1346 bum3
2184 1266 2269 1328 ita
2310 1273 2559 1348 oportet
2600 1266 2771 1348 quod
2819 1265 2885 1327 in
2934 1263 3253 1328 locutione
3297 1280 3440 1345 quae

1945 1365 2715 1429 transsubstantiationem
2750 1363 2924 1436 facit,
2956 1362 3319 1444 subiectum
3358 1360 3443 1424 sit

1944 1465 2064 1528 hoc
2093 1464 2265 1547 quod
2294 1471 2391 1528 est
2419 1481 2757 1527 commune
2789 1463 2853 1525 in
2883 1459 3440 1526 transsubstantia-

1942 1563 2134 1627 tione.

2023 1663 2329 1726 Praeterea
2370 1662 2425 1724 si
2467 1669 2807 1744 quaeratur,
2849 1680 2965 1723 cur
3006 1660 3293 1724 Christus
3336 1676 3443 1741 po-

1944 1763 2072 1824 tius
2114 1760 2299 1835 dixit,
2337 1760 2467 1824 Hoc
2516 1769 2613 1823 est
2659 1777 2892 1842 corpus
2940 1777 3180 1833 meum,
3224 1777 3437 1840 quam,

332 1869 505 1943 gnat,
536 1868 604 1923 et
633 1878 762 1923 non
804 1860 1243 1943 praesupponit
1281 1861 1508 1943 ipsam,
1541 1859 1834 1944 quamvis
1870 1856 1918 1920 B
1946 1861 2090 1924 Haec
2127 1867 2226 1922 est
2262 1876 2408 1922 caro
2446 1878 2607 1934 mea,
2642 1858 2991 1941 praesertim
3032 1876 3232 1940 quum
3270 1855 3440 1939 apud

334 1961 418 2022 sit
445 1958 640 2022 simul
672 1967 964 2041 tempore
995 1977 1144 2022 cum
1175 1960 1420 2034 eadem,
1453 1959 1621 2022 sicut
1648 1978 1839 2022 causa
1945 1959 2250 2022 loannem
2302 1957 2553 2021 locutus
2600 1957 2703 2032 sit,
2756 1957 2912 2020 Caro
2960 1974 3101 2019 mea
3147 1972 3299 2018 vere
3344 1961 3442 2017 est
3488 1964 3733 2016 locun-w.

337 2057 596 2142 propria
635 2076 786 2120 cum
827 2057 1086 2140 proprio
1115 2057 1374 2122 effectu.
1409 2059 1532 2121 Sed
1565 2058 1718 2141 quia
1755 2057 1838 2120 si·
1947 2056 2235 2130 cibuS,et
2264 2056 2401 2138 ipse
2433 2054 2717 2118 Christus
2749 2055 2815 2117 in
2844 2060 3241 2117 sacramento
3269 2050 3442 2114 exhi·
3469 2031 3537 2071 ⁵⁸·

335 2155 668 2238 gnificatio
724 2164 791 2219 et
836 2156 1072 2220 veritas
1131 2156 1492 2231 locutionis,
1545 2176 1686 2239 quae
1743 2164 1840 2220 est

335 2255 530 2318 simul
573 2262 864 2338 tempore
913 2273 1062 2318 cum
1110 2254 1834 2330 transsubstantiatione,

336 2355 665 2435 consurgit
711 2371 790 2416 ex
840 2353 1314 2434 significatione
1361 2353 1641 2436 partium
1701 2373 1840 2417 suc-

335 2453 580 2514 cessive
623 2451 1053 2534 prolatarum3
1095 2451 1334 2515 idcirco
1379 2458 1628 2534 oportet
1669 2452 1838 2535 quod

333 2551 532 2613 dictio
573 2551 806 2613 ultimo
849 2549 1094 2633 prolata
1141 2549 1460 2632 compleat
1501 2550 1838 2614 locutionis

334 2649 902 2732 significationem,
953 2649 1122 2712 sicut
1168 2647 1536 2712 differentia
1581 2649 1839 2732 specifi-

335 2767 430 2822 ca,
465 2757 530 2812 et
557 2747 752 2810 simul
782 2766 929 2810 cum
963 2746 1432 2828 significatione
1465 2747 1582 2810 fiat
1611 2747 1840 2810 entitas

336 2847 469 2926 rei3
501 2855 562 2909 et
593 2865 710 2928 per
738 2863 1137 2927 consequens
1172 2844 1682 2926 significationes
1713 2846 1839 2927 pri-

337 2963 588 3007 marum
638 2943 918 3026 partium
966 2943 1336 3025 praecedunt
1377 2942 1843 3006 transsubstan-

1947 2154 2173 2218 beatur
2228 2153 2415 2217 nobis
2472 2161 2543 2216 ut
2590 2153 2808 2232 cibus;
2859 2152 3225 2224 dicendum,
3270 2149 3439 2232 quod

1948 2253 2235 2316 Christus
2290 2253 2458 2335 apud
2506 2252 2811 2315 loannem
2870 2249 3151 2333 loquitur
3197 2247 3275 2311 de
3322 2249 3443 2312 hoc

1946 2358 2345 2414 sacramento
2380 2349 2587 2414 solum
2631 2348 2985 2412 secundum
3025 2347 3194 2430 quod
3233 2353 3329 2409 est
3366 2345 3443 2408 ad

1947 2457 2160 2512 actum
2193 2447 2699 2523 refectioniS‚cui
2734 2447 2933 2529 magis
2964 2445 3271 2528 competit
3298 2462 3445 2508 caro

1949 2566 2141 2630 quam
2190 2565 2440 2629 corpuS.
2493 2547 2563 2608 In
2613 2546 2821 2608 forma
2865 2562 3018 2608 vero
3064 2543 3445 2607 sacramenti

1949 2645 2223 2728 exprimi
2263 2645 2486 2708 debuit
2526 2644 2803 2708 essentia
2848 2641 3226 2706 sacramenti
3267 2649 3331 2704 et
3366 2642 3447 2704 si-

1949 2743 2279 2824 gnificatio
2334 2743 2512 2825 ejus3
2573 2742 2715 2805 ideo
2774 2742 2983 2824 potius
3041 2739 3263 2803 debuit
3318 2738 3444 2802 dici
3518 2751 3523 2758 ·

1951 2860 2183 2925 corpus
2213 2861 2409 2925 quam
2442 2859 2588 2904 caro
2622 2859 2637 2903 ε
2670 2849 2809 2904 tum
2846 2840 2996 2923 quia
3024 2837 3449 2903 essentialiter

1953 2940 2019 3003 in
2059 2941 2182 3004 hoc
2214 2947 2609 3003 sacramento
2645 2939 3007 3002 continetur
3037 2956 3114 3000 ex
3144 2936 3209 2999 vi
3247 2954 3447 2999 sacra-

336 3043 690 3116 tiationem,
727 3061 870 3125 quae
913 3060 1042 3106 non
1085 3040 1164 3104 fit
1205 3042 1585 3117 successive,
1619 3041 1731 3105 sed
1773 3042 1840 3105 in
1877 3040 1920 3106 C
1954 3040 2153 3102 menti
2200 3056 2327 3102 non
2368 3038 2575 3102 solum
2618 3055 2785 3112 care,
2818 3037 2927 3100 sed
2968 3044 3170 3100 totum
3214 3053 3447 3117 corpus

335 3141 598 3205 instanti
631 3160 746 3224 per
773 3140 1312 3222 significationem
1343 3140 1680 3205 locutionis
1705 3141 1838 3223 jam

336 3240 657 3325 perfectae.
699 3240 918 3321 Itaque
962 3258 1338 3322 pronomen,
1381 3240 1524 3315 hoc,
1568 3258 1696 3320 non
1733 3240 1839 3303 de-

337 3346 650 3404 monstrat
702 3338 1428 3402 transsubstantiationis
1489 3339 1838 3402 terminum

335 3443 426 3501 ad
456 3459 646 3519 quem
672 3437 1116 3512 determinate,
1148 3437 1300 3519 quia
1329 3436 1719 3518 significatio
1755 3437 1840 3501 lo-

335 3536 617 3600 cutionis
665 3542 1195 3618 praesupponeret
1241 3535 1570 3597 entitatem
1619 3534 1712 3598 rei
1761 3536 1840 3597 si—

334 3635 680 3717 gnificatae,
713 3642 780 3697 et
819 3651 948 3697 non
992 3640 1160 3696 esset
1201 3652 1391 3696 causa
1437 3633 1677 3715 ipsius;
1719 3653 1838 3698 nec

333 3752 560 3797 rursus
598 3733 990 3795 demonstrat
1029 3732 1378 3794 terminum
1408 3752 1448 3791 a
1477 3752 1602 3811 quo
1639 3732 1840 3795 deter-

335 3832 600 3905 minate,
629 3830 934 3912 quoniam
970 3830 1112 3911 ejus
1151 3829 1540 3911 significatio
1573 3829 1840 3912 impedi-

333 3938 434 3993 ret
463 3928 796 3992 veritatem
825 3928 1318 4009 significationis
1348 3928 1546 3991 totius
1577 3928 1838 3991 locutio-

335 4030 464 4103 nis,
496 4046 696 4109 quum
741 4027 1056 4090 terminus
1095 4047 1134 4086 a
1176 4047 1302 4106 quo
1344 4044 1471 4090 non
1518 4035 1842 4091 remaneat

336 4128 406 4189 in
467 4125 695 4189 ultimo
749 4124 1090 4189 locutionis
1149 4124 1408 4187 instanti
1462 4144 1476 4189 ε
1535 4124 1840 4208 relinqui-

1952 3138 2222 3218 Christi3
2272 3145 2409 3200 tum
2471 3137 2773 3219 quoniam
2830 3143 3299 3199 sacramentum
3356 3154 3449 3197 re·
3536 3172 3539 3175 ·

1952 3244 2291 3319 praesentat
2327 3235 2751 3317 significando
2788 3234 3020 3298 Christi
3060 3234 3444 3317 passionem,

1950 3356 2094 3419 quae
2152 3334 2275 3397 fuit
2336 3353 2451 3418 per
2508 3341 2711 3398 totum
2774 3352 3005 3416 corpus
3064 3332 3285 3415 ipsius.
3348 3331 3445 3395 Si·

1949 3434 2217 3517 gnificat
2253 3452 2509 3517 quoque
2549 3432 2891 3516 mysticum
2938 3449 3171 3513 corpus
3216 3430 3446 3494 Christi

1949 3541 2253 3615 tanquam
2300 3551 2436 3594 rem
2480 3531 2796 3605 ultimam,
2839 3529 3009 3612 quod
3060 3537 3319 3612 propter
3358 3530 3448 3592 di-

1949 3632 2360 3695 stinctionem
2410 3629 2779 3693 officiorum
2836 3628 3030 3691 habet
3079 3627 3445 3690 similitudi-

1951 3750 2093 3793 nem
2123 3748 2269 3793 cum
2298 3746 2561 3811 corpore
2592 3735 2723 3791 toto
2754 3727 2991 3791 ratione
3020 3726 3447 3790 distinctionis

1951 3827 2407 3891 membrorum.
2458 3826 2641 3889 Panis
2700 3833 2911 3888 autem
2972 3843 3099 3889 non
3148 3832 3246 3887 est
3291 3824 3449 3906 figu-

1950 3947 2020 3989 ra
2058 3926 2151 3989 rei
2192 3932 2501 3989 contentae
2541 3926 2605 3987 in
2645 3930 3060 3998 sacramento,
3094 3923 3443 3987 secundum

1951 4026 2119 4107 quod
2159 4032 2256 4087 est
2291 4042 2522 4107 corpus
2555 4024 3043 4103 homogeneum,
3076 4021 3186 4084 sed
3226 4039 3447 4083 secun-

1949 4124 2104 4186 dum
2154 4123 2325 4206 quod
2371 4142 2449 4185 ex
2496 4122 2765 4185 diversis
2812 4120 3153 4184 conficitur
3208 4120 3441 4201 granis.

335 4232 446 4287 tur
495 4241 666 4305 ergo,
717 4223 887 4306 quod
946 4223 1338 4286 demonstret
1395 4223 1457 4285 id
1517 4224 1686 4305 quod
1745 4231 1842 4286 est
1871 4223 1920 4286 D
1949 4222 2108 4284 Hinc
2148 4242 2263 4284 sua
2300 4220 2684 4302 significatio
2718 4220 2919 4302 magis
2956 4225 3209 4302 aptatur
3246 4218 3323 4281 ad
3354 4225 3446 4281 to—

337 4340 684 4387 commune
738 4322 996 4403 utrique
1054 4322 1331 4385 termino
1389 4322 1838 4385 indetermina-

337 4430 418 4485 te.
453 4421 1000 4496 Quemadmodum
1033 4428 1247 4483 autem
1283 4420 1348 4483 in
1380 4420 1840 4484 mutationibus

331 4519 737 4594 formalibuS,
771 4536 1114 4581 commune
1155 4518 1408 4601 utrique
1439 4519 1712 4581 termino
1743 4526 1840 4581 est

333 4617 700 4699 subjectum
747 4617 851 4680 vel
903 4616 1188 4691 materia,
1233 4616 1840 4699 distinguunturque

332 4715 596 4779 termini
641 4733 756 4797 per
797 4713 1036 4777 formas
1079 4714 1503 4777 accidentales
1545 4713 1646 4777 vel
1691 4713 1838 4776 sub-

333 4812 697 4893 stantiales3
730 4812 818 4875 ita
859 4812 926 4875 in
959 4811 1665 4876 transsubstantiatione
1693 4812 1836 4887 hac,

333 4930 678 4975 commune
707 4917 805 4975 est
831 4909 1188 4973 accidentia
1216 4909 1548 4973 sensibilia
1576 4929 1717 4992 quae
1749 4928 1840 4973 re-

333 5018 618 5085 manent,
663 5010 1000 5073 diversitas
1049 5017 1264 5071 autem
1313 5016 1408 5073 est
1457 5008 1838 5072 substantia-

335 5128 503 5171 rum.
559 5107 732 5172 Unde
790 5126 1016 5171 sensus
1073 5114 1173 5171 est
1223 5124 1237 5169 :
1288 5107 1418 5171 Hoc
1467 5113 1836 5170 contentum

337 5207 464 5269 sub
509 5206 610 5268 his
657 5205 996 5288 speciebus
1046 5213 1144 5269 est
1189 5224 1422 5289 corpus
1473 5224 1709 5268 meum.
1763 5205 1839 5267 Et

339 5304 464 5368 hoc
511 5311 608 5367 est
652 5322 844 5368 causa
896 5322 1094 5386 quare
1142 5322 1290 5367 cum
1349 5302 1726 5387 pronomine
1775 5303 1837 5387 ly

1949 4328 2087 4382 tum
2131 4337 2365 4403 corpus
2407 4338 2598 4401 quam
2640 4320 2719 4381 ad
2760 4338 3038 4381 carnem.

2028 4419 2299 4501 Insuper
2326 4418 2652 4501 quaeritur,
2683 4437 2765 4480 an
2800 4417 3129 4481 celebrans
3168 4416 3448 4500 proferat

1950 4516 2145 4581 verba
2186 4517 2321 4579 haec
2366 4516 2571 4579 solum
2620 4516 2969 4591 recitative,
3002 4536 3083 4579 an
3127 4516 3321 4580 etiam
3364 4516 3446 4578 si-

1947 4615 2335 4697 gnificative.
2388 4614 2465 4677 Et
2510 4615 3049 4697 respondendum,
3099 4614 3270 4697 quod
3323 4615 3444 4677 hoc

1949 4720 2420 4776 sacramentum
2456 4712 2696 4775 directe
2730 4720 2827 4775 est
2855 4711 3443 4795 repraesentativum

1948 4810 2285 4873 dominicae
2333 4809 2669 4892 passionis,
2719 4829 2846 4892 qua
2893 4809 3179 4874 Christus
3236 4816 3307 4871 ut
3354 4828 3445 4871 sa-

1948 4908 2169 4971 cerdos
2218 4916 2283 4971 et
2329 4908 2537 4971 hostia
2595 4927 2663 4970 se
2712 4906 2944 4970 obtulit
2990 4907 3115 4970 Deo
3162 4906 3326 4969 Patri
3375 4907 3440 4968 in

1946 5026 2050 5069 ara
2101 5007 2329 5069 crucis.
2383 5006 2596 5069 Hostia
2650 5012 2861 5067 autem
2910 5022 3105 5087 quam
3150 5005 3443 5068 sacerdos

1946 5104 2140 5168 offert
2188 5104 2253 5166 in
2302 5104 2509 5178 Missa,
2552 5110 2648 5167 ‘est
2694 5121 2822 5165 una
2869 5110 2933 5165 et
2978 5102 3199 5165 eadem
3249 5121 3441 5185 quam

1946 5204 2179 5267 obtulit
2216 5204 2523 5277 Christus,
2558 5202 2857 5285 quoniam
2900 5202 3221 5266 Christum
3260 5202 3445 5264 reali-

1947 5310 2044 5365 ter
2089 5302 2389 5366 continet.
2442 5299 2727 5365 Minister
2772 5318 2925 5364 vero
2974 5298 3255 5367 offerens
3312 5316 3441 5367 non
