4267 6250
794 462 914 527 172
1656 486 1721 533 m
1761 485 1984 534 unium
2022 487 2086 532 ιν
2126 486 2612 534 sani-ammon.
2651 503 2732 527 -.-
2773 486 2928 533 msr.
2969 486 3033 533 vi

551 667 571 689 ·
604 668 766 713 mulee-
792 653 969 717 niam
998 656 1775 741 muliebrem*quamdam
1805 658 2164 741 passionem
2199 659 2292 721 in-
2319 658 2368 721 A
2397 666 2546 721 sunt
2593 658 2941 722 virtutibus
2997 678 3035 720 a
3082 658 3316 740 quibus
3363 665 3755 722 sacramenta
3801 655 3901 719 ef-

497 730 617 775 hm
792 754 958 834 gerit
1013 756 1227 818 sensui
1286 756 1623 839 spirituali,
1675 758 1743 819 in
1800 765 2111 840 quantum
2161 758 2289 821 ani-
2394 756 2689 820 ficaciam
2737 756 2862 819 sibi
2912 756 3178 820 inditam
3231 756 3474 820 habent
3521 774 3534 819 ε
3585 755 3900 838 quoniam

792 870 963 913 marn
1026 862 1208 917 ornat
1266 862 1455 937 atque
1517 855 1789 918 decorat.
1851 855 2029 929 Quod
2091 855 2286 918 ctiam
2395 856 2560 918 sicut
2597 862 2990 919 sacramenta
3017 856 3284 937 gratiam
3323 854 3904 919 instrumentaliter

790 947 1208 1031 improbatur,
1242 952 1394 1035 quia
1428 952 1529 1033 (ut
1564 953 1837 1035 septimo
1874 953 2287 1035 Physicorum
2395 962 2679 1029 causant,
2723 954 2810 1017 ita
2848 955 3234 1037 recipientes
3274 953 3702 1017 characterem
3740 970 3900 1035 ope-

791 1048 1020 1129 probat
1051 1049 1495 1133 Philosophus)
1523 1052 1709 1115 tertia
1746 1052 1993 1134 species
2021 1052 2288 1134 qualita-
2394 1060 2614 1116 rantur
2652 1053 2870 1116 divina
2909 1052 3429 1115 ministerialiter.
3463 1051 3747 1114 Minister
3778 1069 3901 1113 au-

790 1148 871 1210 tis
914 1164 1039 1210 non
1082 1156 1180 1211 θεῖ
1220 1149 1343 1213 nisi
1384 1150 1450 1212 in
1489 1149 1779 1213 sensibili
1815 1150 2043 1213 animae
2082 1156 2282 1233 parte,
2394 1160 2524 1214 tem
2563 1159 2660 1214 est
2697 1152 2863 1215 sicut
2898 1151 3397 1215 instrumentum
3441 1150 3581 1232 ejus
3625 1149 3730 1212 cui
3771 1150 3900 1213 mi-

790 1246 1114 1309 character
1150 1254 1365 1310 autem
1405 1256 1502 1311 est
1542 1248 1607 1309 in
1651 1256 1829 1331 parte
1873 1248 2280 1312 intellectiva.
2393 1250 2621 1313 nistrat
2653 1268 2666 1313 :
2702 1250 2845 1313 ideo
2875 1258 3004 1313 tam
3032 1250 3237 1313 virtus
3275 1248 3658 1311 sacramenti
3694 1266 3898 1329 quam

789 1344 919 1409 111ae
976 1363 1232 1429 quoque
1286 1347 1621 1429 qualitates
1683 1366 1938 1429 semper
1994 1348 2285 1411 ordinem
2396 1347 2707 1422 minister,
2749 1348 2935 1429 cujus
2981 1355 3080 1411 θεῖ
3125 1347 3472 1421 character,
3505 1346 3897 1409 instrumen-

791 1443 1030 1506 habent
1070 1445 1147 1507 ad
1194 1446 1785 1508 transmutationem
1828 1446 2111 1528 aliquam
2154 1463 2286 1509 cor·
2396 1446 2538 1509 talis
2585 1454 2682 1509 est
2721 1465 2930 1509 causa.
2977 1446 3263 1528 Denique
3304 1446 3473 1527 quod
3519 1444 3898 1526 hujusmodi

790 1542 1096 1625 poralem‚
1116 1544 1217 1606 vel
1248 1563 1441 1626 quam
1472 1544 1893 1619 inferunt,ch
1922 1565 1961 1607 a
1988 1564 2115 1627 qua
2144 1564 2287 1607 cau-
2395 1544 2677 1627 potentia
2705 1544 2790 1606 sit
2817 1545 3156 1617 character,
3177 1550 3351 1626 patet
3378 1541 3716 1626 diligenter
3745 1560 3898 1605 con-

790 1648 1029 1703 santur.
1054 1641 1312 1704 —Hinc
1342 1642 1695 1705 secundum
1726 1642 1905 1717 alios,
1930 1642 2191 1725 ponitur
2219 1643 2284 1705 in
2394 1642 2694 1705 sideranti
2725 1641 2923 1705 verba
2948 1642 3153 1704 divini
3184 1640 3490 1725 Dionysii,
3523 1659 3560 1703 a
3597 1658 3726 1722 quo
3765 1641 3898 1722 pri·

790 1739 999 1822 prima
1028 1740 1239 1821 specie
1270 1739 1615 1823 qualitatiS,
1649 1748 1713 1803 et
1740 1747 1836 1804 est
1864 1741 2045 1824 quasi
2076 1742 2288 1804 media
2395 1760 2498 1804 ma
2533 1740 2786 1804 traditio
2825 1740 3209 1803 characteris
3241 1739 3428 1803 nobis
3464 1738 3740 1802 advenit.
3783 1738 3899 1801 Αε-

790 1838 956 1900 inter
997 1838 1481 1920 dispositionem
1525 1848 1589 1903 θῖ
1627 1839 1936 1903 habitum.
1979 1841 2050 1902 In
2088 1859 2287 1922 quan·
2317 1839 2365 1902 B
2393 1839 2650 1920 signans
2681 1839 2854 1902 enim
2893 1837 3324 1901 ministerium
3362 1837 3520 1900 ritus
3558 1837 3895 1919 cujusdam

790 1944 929 2000 tum
976 1937 1151 2000 enim
1200 1944 1297 2000 est
1343 1935 1615 2001 difficile
1664 1938 1941 2011 mobilis,
1989 1939 2289 2001 convenit
2393 1936 2503 2020 qui
2566 1938 2634 1998 in
2697 1937 3024 2019 primitiva
3083 1944 3220 1999 erat
3272 1935 3577 2011 Ecclesia,
3635 1935 3898 2017 quando

791 2053 941 2097 cum
971 2035 1223 2114 habitu;
1254 2044 1444 2119 atque
1474 2036 1540 2098 in
1569 2044 1879 2118 quantum
1910 2054 2039 2100 non
2070 2043 2168 2099 est
2197 2037 2288 2099 ul·
2394 2034 2878 2118 baptizabantur
2931 2034 3155 2109 adulti,
3206 2034 3376 2116 quod
3434 2033 3763 2097 accedenti
3809 2034 3894 2096 ad

788 2134 948 2197 tima
997 2133 1325 2216 perfectio,
1377 2134 1486 2197 sed
1538 2134 1822 2217 disponit
1867 2136 1946 2197 ad
1993 2136 2283 2217 gratiam,
2392 2134 2790 2217 Baptismum
2858 2132 3211 2207 hierarcha,
3282 2132 3346 2195 id
3411 2140 3510 2195 est
3577 2131 3891 2215 pontifex,

791 2232 1090 2295 convenit
1127 2250 1275 2293 cum
1314 2231 1747 2314 dispositione.
1782 2232 2024 2306 Quibus
2061 2233 2287 2315 objici·
2396 2250 2658 2294 manum
2707 2230 3095 2312 imponebat,
3149 2229 3566 2313 signabatque
3613 2248 3764 2292 eum
3811 2230 3896 2293 si·

789 2338 915 2403 tur,
956 2330 1109 2412 quia
1145 2329 1497 2392 secundum
1542 2330 1997 2413 Philosophum
2036 2331 2286 2395 Ethico-
2392 2347 2519 2413 gno
2552 2330 2783 2405 cruciS,
2817 2338 2882 2393 et
2912 2328 3182 2411 jubebat
3217 2347 3368 2391 eum
3407 2327 3686 2391 describi
3723 2328 3896 2391 inter

788 2447 929 2491 rum
958 2428 1256 2503 secundo,
1269 2427 1526 2491 habitus
1554 2437 1651 2491 θεῖ
1680 2447 1803 2511 quo
1832 2428 2142 2493 habemus
2173 2448 2286 2493 nos
2393 2428 2656 2491 nomina
2685 2427 3210 2501 Christianorum,
3229 2434 3542 2509 quatenus
3571 2426 3650 2489 de
3680 2434 3898 2490 cetero

789 2527 953 2591 bene
992 2534 1104 2591 aut
1141 2527 1307 2590 male
1345 2527 1423 2590 ad
1464 2527 1829 2610 passiones3
1863 2536 1928 2591 et
1964 2528 2288 2591 universa·
2393 2546 2542 2590 cum
2589 2526 2734 2589 aliis
2792 2526 2870 2589 ad
2926 2525 3146 2589 divina
3193 2525 3658 2599 admitteretur,
3709 2524 3894 2601 dicit,

789 2626 935 2689 liter
971 2625 1399 2689 consideranti
1441 2634 1706 2707 apparet
1746 2626 1880 2690 haec
1919 2625 2286 2690 differentia
2392 2626 2566 2708 quod
2595 2625 2687 2687 sic
2715 2625 3148 2699 accedentem,
3183 2632 3338 2708 puta
3365 2624 3444 2687 ad
3472 2624 3670 2687 vitam
3703 2624 3896 2707 spiri-

788 2725 954 2788 inter
984 2723 1274 2787 habitum
1304 2732 1369 2787 et
1397 2724 1767 2807 potentiam,
1799 2726 1969 2807 quod
2001 2726 2286 2808 potentia
2390 2724 2653 2799 tualem,
2695 2723 2912 2786 divina
2949 2722 3276 2787 beatitudo
3315 2723 3382 2785 in
3421 2722 3522 2786 sui
3553 2722 3895 2806 participa-

786 2829 885 2886 est
913 2842 1039 2905 qua
1076 2823 1459 2905 simpliciter
1494 2823 1737 2906 aliquid
1777 2841 2142 2906 possumus,
2175 2824 2282 2887 ha·
2391 2823 2630 2887 tionem
2663 2822 2909 2905 recipit,
2925 2823 3092 2885 sicut
3117 2822 3410 2887 sacerdos
3435 2822 3894 2906 baptizandum

786 2920 959 2984 bitus
1008 2938 1157 2983 vero
1204 2929 1301 2984 est
1342 2938 1470 3004 quo
1520 2939 1860 3003 possumus
1911 2922 2069 2984 illud
2116 2922 2281 2985 bene
2391 2923 2506 2985 in*
2549 2922 2792 2984 lumine
2841 2922 3100 3005 proprio
3149 2921 3330 3004 quasi
3379 2922 3655 3003 quodam
3703 2922 3893 3002 signo
3923 2948 4240 3001 ·21.·„,·‚01

784 3028 895 3082 aut
925 3019 1089 3082 male
1122 3036 1136 3082 ε
1170 3020 1339 3083 sicut
1378 3020 1737 3084 intellectus
1777 3028 1875 3084 est
1911 3039 2039 3104 quo
2076 3022 2281 3084 consi·
2314 3021 2359 3085 C
2389 3020 2582 3083 tradit
2619 3019 2742 3083 sibi
2786 3020 2886 3083 sui
2925 3019 3502 3102 participationem,
3542 3018 3889 3101 perficiens

784 3118 1105 3194 deramuS,
1138 3118 1403 3182 scientia
1432 3139 1558 3203 qua
1587 3118 1751 3182 bene
1782 3119 2278 3184 consideramus,
2391 3119 2604 3202 ipsum
2664 3118 3244 3182 communicantem
3307 3117 3690 3182 divinorum.
3752 3118 3891 3193 Quo

785 3217 1096 3281 Similiter
1124 3224 1221 3281 θεῖ
1259 3217 1338 3280 de
1368 3217 1805 3300 dispositione,
1837 3237 1981 3300 quae
2019 3237 2146 3282 non
2188 3227 2284 3281 est
2391 3225 2584 3302 patet,
2618 3218 2788 3299 quod
2825 3235 2941 3299 per
2977 3215 3098 3279 hoc
3137 3216 3415 3298 signum,
3446 3216 3620 3279 aliud
3658 3217 3750 3279 nil
3791 3217 3889 3279 in-

786 3317 910 3380 nisi
942 3316 1199 3380 habitus
1238 3316 1673 3398 imperfectus.
1707 3318 1914 3392 Quum
1952 3336 2103 3400 ergo
2141 3317 2284 3381 cha·
2391 3316 2596 3380 tendit
2643 3334 2834 3398 quarn
2881 3315 3052 3397 quod
3100 3314 3253 3377 facit
3297 3333 3446 3377 eum
3496 3314 3890 3398 participati-

786 3423 993 3478 racter
1020 3415 1351 3478 ordinetur
1386 3416 1465 3478 ad
1504 3415 1747 3498 aliquid
1787 3416 2188 3498 simpliciter,
2219 3425 2284 3479 et
2391 3433 2544 3478 vum
2583 3414 3024 3496 operationum
3066 3413 3429 3476 divinarum
3464 3431 3477 3475 :
3509 3413 3730 3495 sicque
3765 3413 3890 3477 hoc

784 3531 913 3577 non
947 3515 1026 3576 ad
1065 3513 1227 3576 illud
1265 3513 1429 3577 bene
1457 3514 1560 3577 vel
1594 3514 1778 3588 male,
1811 3514 1963 3597 quia
1990 3513 2284 3578 sacerdos
2391 3511 2646 3593 signum
2695 3510 2786 3572 nil
2833 3510 3007 3572 aliud
3057 3517 3154 3572 est
3201 3529 3390 3593 quam
3440 3510 3730 3593 quaedam
3779 3528 3890 3594 po-

784 3619 992 3694 potest
1029 3611 1193 3675 bene
1236 3619 1301 3674 et
1342 3612 1507 3675 male
1550 3612 1908 3692 conficere3
1950 3613 2093 3676 ideo
2129 3632 2281 3695 qua·
2389 3610 2590 3673 tentia
2636 3628 2763 3692 qua
2810 3607 3164 3691 baptizatus
3223 3616 3430 3692 potest
3485 3609 3551 3671 in
3607 3610 3892 3674 actiones

784 3709 927 3773 litas
976 3728 1171 3792 super
1219 3729 1410 3792 quam
1453 3709 1757 3774 fundatur
1799 3710 2023 3773 relatio
2069 3711 2284 3773 chara-
2391 3707 2840 3782 hierarchicaS,
2894 3726 3036 3789 quae
3080 3715 3230 3770 sunt
3279 3707 3779 3772 ministrationes
3813 3728 3892 3772 ac

784 3809 996 3883 cteris,
1029 3825 1157 3871 non
1195 3816 1403 3891 potest
1440 3808 1695 3871 habitus
1734 3827 1896 3883 esse,
1928 3809 2038 3871 sed
2079 3809 2283 3891 magis
2393 3806 2788 3888 receptiones
2855 3813 3420 3881 sacramentorum,
3489 3814 3554 3869 et
3614 3806 3891 3870 aliorum

785 3907 1085 3991 potentia.
2392 3925 2534 3988 quae
2577 3905 2901 3987 pertinent
2935 3905 3015 3967 ad
3054 3904 3299 3968 fideles.
3341 3906 3434 3968 Ad
3471 3905 3594 3968 hoc
3632 3923 3890 3988 quoque

878 4006 1055 4070 Unde
1114 4005 1519 4088 relinquitur,
1572 4006 1740 4089 quod
1798 4005 1878 4068 ad
1934 4006 2282 4069 secundam
2392 4004 2560 4086 quod
2593 4004 2705 4066 has
2741 4003 3139 4086 operationes
3176 4002 3340 4066 bene
3379 4011 3692 4079 exerceat,
3725 4004 3890 4068 indi-

784 4104 1067 4187 speciem
1117 4103 1442 4186 qualitatis
1490 4104 1850 4178 reducatur,
1901 4110 1973 4165 ut
2020 4103 2281 4186 quidam
2391 4110 2496 4183 get
2531 4101 2754 4164 habitu
2798 4101 3036 4183 gratiae,
3077 4101 3245 4164 sicut
3291 4108 3355 4164 et
3401 4101 3542 4166 aliae
3589 4103 3892 4184 potentiae

784 4203 893 4266 alii
925 4203 1149 4264 dicunt
1182 4218 1197 4263 ε
1229 4201 1398 4283 quod
1440 4201 1533 4263 sic
1574 4207 1764 4283 patet.
1808 4201 1985 4264 Sicut
2018 4201 2282 4281 cujusli-
2312 4201 2361 4263 D
2391 4207 2580 4282 egent
2622 4199 2965 4262 habitibus.
3012 4201 3228 4282 Itaque
3272 4199 3599 4263 character
3641 4201 3892 4264 reduci—

786 4300 897 4363 bet
938 4298 1301 4363 exsistentis
1344 4299 1411 4361 in
1452 4299 1668 4379 aliqua
1705 4305 1948 4372 natura,
1982 4307 2132 4360 sunt
2170 4298 2282 4362 ali·
2394 4307 2496 4362 tur
2543 4300 2622 4361 ad
2673 4299 3018 4362 secundam
3075 4299 3360 4381 speciem
3416 4299 3758 4381 qualitatis.
3811 4301 3892 4364 Et

784 4416 928 4480 quae
957 4396 1355 4479 operationes
1387 4395 1682 4477 propriae,
1716 4396 1802 4457 ita
1840 4402 1906 4458 et
1941 4396 2082 4477 ejus
2111 4397 2282 4478 quod
2393 4405 2490 4460 est
2517 4397 2682 4460 alius
2713 4397 2939 4460 modus
2975 4396 3057 4460 ab
3097 4397 3207 4460 illo
3244 4415 3436 4480 quem
3468 4398 3892 4481 Philosophus

787 4495 855 4558 in
885 4493 1204 4576 spirituali
1236 4500 1669 4574 regeneratum
1699 4500 1796 4556 est
1824 4493 1969 4568 vita,
1985 4501 2055 4556 ut
2080 4494 2135 4558 S.
2155 4494 2287 4558 Dio-
2393 4496 2596 4579 ponit,
2629 4495 2782 4577 quia
2808 4495 3228 4577 Philosophus
3268 4513 3396 4558 non
3435 4497 3732 4578 cognovit
3763 4499 3891 4561 nisi

785 4593 1007 4678 nysius
1063 4591 1154 4655 ait
1208 4591 1490 4654 secundo
1540 4590 2002 4655 Ecclesiasticae
2048 4591 2284 4655 hierar·
2393 4593 2792 4676 operationes
2821 4601 3010 4676 atque
3040 4592 3355 4676 potentias
3385 4595 3720 4658 naturales.
3737 4595 3896 4660 Con·

782 4693 943 4756 chiffl
981 4688 1280 4772 capitulo.
1319 4688 1516 4770 Cujus
1559 4697 1773 4752 autem
1817 4697 1967 4752 sunt
2008 4691 2284 4773 propriae
2393 4699 2516 4754 stat
2556 4691 2752 4766 enim,
2787 4691 2957 4774 quod
2993 4692 3164 4774 apud
3202 4709 3318 4754 nos
3358 4710 3620 4756 necesse
3657 4693 3740 4756 sit
3779 4711 3892 4776 po-

782 4789 1204 4873 operationes,
1244 4793 1493 4870 oportet
1529 4788 1699 4870 quod
1742 4787 1870 4850 sint
1913 4789 2172 4871 propria
2207 4789 2282 4850 il·
2391 4809 2544 4854 nere
2587 4789 2902 4873 potentias
2943 4789 3308 4872 spirituales
3347 4791 3887 4873 supernaturaleS,

784 4889 991 4952 larum
1034 4886 1476 4970 operationum
1520 4883 1857 4968 principia.
1900 4887 2077 4949 Unde
2115 4887 2283 4950 sicut
2392 4895 2462 4950 ut
2519 4888 2869 4970 potentiam
2925 4887 3311 4951 conficiendi
3369 4897 3432 4951 et
3488 4889 3887 4965 absolvendi,

784 4987 851 5049 in
898 4985 1041 5048 aliis
1090 4991 1240 5047 sunt
1288 4983 1587 5066 potentiae
1634 4983 1953 5046 naturales
2007 4985 2087 5046 ad
2138 5002 2280 5067 pro·
2391 4993 2538 5061 etc.,
2571 4994 2637 5049 et
2672 4986 2841 5068 quod
2879 4985 2957 5048 ad
2997 4985 3340 5049 secundam
3380 4987 3703 5068 qualitatis
3745 5007 3892 5071 spe-

783 5085 957 5168 prias
1005 5083 1307 5156 actioneS,
1364 5081 1452 5145 ita
1507 5082 1574 5144 in
1633 5081 2031 5164 spiritualem
2080 5083 2278 5146 vitam
2391 5085 2556 5147 ciem
2605 5084 3010 5158 reducantur,
3047 5075 3586 5166 quemadmodum
3633 5085 3890 5150 habitus

784 5183 984 5246 renati
1016 5182 1253 5246 habent
1281 5181 1586 5264 quasdam
1617 5181 1932 5262 potentias
1970 5199 2085 5263 per
2122 5200 2280 5264 quas
2389 5182 2587 5246 infusi
2617 5182 2684 5244 in
2713 5182 2935 5245 eadem
2967 5189 3115 5246 sunt
3143 5182 3358 5265 specie
3387 5182 3712 5265 qualitatis
3740 5203 3892 5248 cum

785 5289 1053 5364 possunt
1093 5297 1288 5364 opera
1330 5279 1457 5342 illa.
1503 5278 1651 5352 Quae
1696 5279 1994 5360 potentiae
2036 5279 2282 5344 similes
2390 5280 2716 5344 habitibus
2760 5279 3158 5344 naturalibus
3196 5280 3546 5362 acquisitis.
