4267 6250
811 426 892 494 40
1505 447 1574 494 m
1612 447 1838 494 mauu
1877 448 1940 495 iv
1981 446 2467 494 sumn-rimavit.
2504 465 2588 478 —
2627 448 2782 496 msr.
2822 445 2885 510 13
2926 446 3152 503 Qnmsr.
3192 446 3217 493 1

811 635 961 680 nem
1019 625 1195 700 gerat
1251 625 1315 683 et
1371 631 1563 682 causa
1617 619 1894 682 exsistat.
1943 653 2026 664 —-
2078 617 2309 683 Contra
2334 618 2386 681 Α
2417 616 2714 682 sibilibus
2749 618 3108 682 inchoatam
3148 625 3213 682 et
3250 624 3453 683 ortam
3488 636 3503 680 :
3536 616 3687 680 hinc
3723 634 3913 699 opor·

809 735 1004 798 quam
1030 716 1354 799 objicitur,
1369 718 1668 801 quoniam
1699 725 2157 780 sacramentum
2188 734 2311 779 om-

812 833 893 878 ne
922 817 1214 880 consistit
1241 835 1319 880 ex
1358 817 1565 879 forma
1592 824 1782 898 atque
1813 817 2076 879 materia
2109 834 2123 878 ε
2160 833 2309 898 ergo

811 931 938 976 non
971 923 1068 976 est
1095 914 1320 991 forma,
1354 934 1555 997 quum
1588 934 1732 998 pars
1761 933 1888 977 non
1929 915 2309 997 praedicetur

815 1011 892 1074 de
936 1018 1086 1074 toto.
1123 1011 1435 1088 Secundo,
1467 1012 1771 1095 quoniam
1812 1029 2044 1095 corpus
2075 1011 2307 1076 Christi

813 1117 910 1172 est
957 1118 1448 1186 sacramentum,
1498 1129 1628 1174 non
1673 1118 1884 1173 tamen
1935 1117 2032 1173 est
2078 1110 2303 1173 forma.

814 1208 1046 1284 Tertio,
1079 1210 1398 1290 quoddam
1444 1217 1910 1273 sacramentum
1955 1216 2051 1271 est
2094 1209 2311 1270 invisi-

814 1305 968 1381 bile,
989 1315 1058 1369 ut
1089 1308 1413 1370 character
1443 1307 1868 1380 sacerdotalis,
1893 1314 1956 1368 et
1986 1307 2309 1369 matrimo-

815 1405 1020 1480 nium,
1052 1406 1220 1488 quod
1265 1413 1362 1468 est
1402 1406 1691 1488 quaedam
1737 1405 1958 1469 relatio
1999 1424 2143 1486 quae
2182 1422 2308 1467 non

816 1504 1107 1567 consistit
1145 1504 1440 1567 visibilis.

895 1603 1100 1665 Tertia
1139 1603 1436 1665 definitio
1472 1603 1850 1665 sacramenti
1890 1609 1987 1665 est
2019 1601 2313 1683 Augusti-

815 1701 882 1764 ni
927 1719 940 1762 :
985 1701 1462 1764 Sacramentum
1509 1709 1628 1774 est,
1676 1701 1740 1763 in
1788 1719 1916 1782 quo
1965 1700 2086 1764 sub
2135 1708 2310 1780 tegu-

2416 723 2507 778 tet
2534 716 2703 798 quod
2736 717 2945 780 taliter
2974 716 3429 792 sanctificetur,
3443 717 3613 800 quod
3642 715 3766 779 sibi
3796 733 3917 778 sua

2416 813 2839 877 sanctificatio
2887 815 3240 879 innotescat
3294 835 3409 898 per
3456 814 3917 878 similitudines

2418 914 2820 977 sensibilium
2875 934 3106 978 rerum.
3161 915 3238 978 Et
3278 915 3460 996 juxta
3516 915 3658 988 hoc,
3706 931 3916 975 sacra-

2420 1020 2708 1075 mentum
2759 1014 3202 1097 multipliciter
3248 1014 3543 1077 sumitur.
3588 1011 3915 1075 Interdum

2420 1131 2697 1194 namque
2736 1120 3205 1176 sacramentum
3249 1110 3571 1194 significat
3612 1129 3747 1174 rem
3790 1129 3923 1193 qua

2420 1229 2531 1273 seu
2563 1229 2679 1293 per
2710 1230 2900 1293 quam
2941 1210 3018 1273 fit
3056 1211 3447 1274 consecratio
3486 1229 3599 1272 seu
3638 1207 3925 1271 sanctifi-

2421 1309 2585 1371 catio
2619 1327 2633 1370 :
2667 1309 2888 1391 sicque
2927 1309 3137 1392 passio
3176 1309 3405 1373 Christi
3446 1313 3919 1370 sacramentum

2419 1413 2698 1469 vocatur.
2735 1407 2812 1468 Et
2849 1407 2982 1470 haec
3022 1415 3119 1470 est
3154 1407 3364 1490 prima
3402 1405 3781 1468 sacramenti
3820 1423 3923 1466 ac·

2390 1505 2633 1587 ‘ceptio
2685 1523 2875 1587 quam
2937 1505 3118 1588 ponit
3173 1505 3482 1586 Magister.
3529 1504 3921 1585 Quandoque

2420 1622 2572 1667 vero
2621 1604 2892 1666 includit
2938 1604 3200 1666 modum
3250 1602 3764 1675 consecrationiS‚
3806 1602 3922 1684 qui

2424 1702 2729 1785 competit
2776 1701 3021 1765 homini
3072 1703 3423 1765 secundum
3484 1701 3655 1782 quod
3712 1717 3923 1763 causae

815 1806 1031 1862 mento
1069 1799 1425 1862 visibilium
1465 1818 1681 1861 rerum
1721 1799 1922 1861 virtus
1964 1799 2183 1862 divina
2218 1817 2312 1861 se·
2348 1802 2395 1864 B
2424 1800 2897 1863 sanctificantes
2947 1801 3159 1883 ipsum
3208 1808 3273 1862 et
3324 1799 3747 1862 sanctificatio
3806 1815 3923 1860 sua

813 1900 1052 1962 cretius
1094 1906 1394 1981 operatur
1432 1899 1722 1961 salutem.
1755 1934 1835 1944 —
1869 1899 2099 1962 Contra
2140 1897 2311 1979 quod

814 1998 1105 2072 instatur,
1137 1997 1441 2078 quoniam
1483 1997 1689 2078 angeli
1721 1997 1924 2059 sancti
1954 1995 2076 2059 sub
2115 1995 2315 2058 sensi-

814 2095 1058 2158 bilibus
1087 2095 1312 2159 formis
1351 2102 1661 2178 apparent
1696 2094 2090 2169 hominibuS,
2124 2103 2188 2157 et
2216 2113 2310 2156 sa-

818 2194 1015 2258 lutem
1066 2202 1411 2276 operantur
1459 2194 1524 2256 in
1571 2195 1664 2256 eis
1715 2193 2306 2267 instrumentaliter,

815 2294 944 2356 Deo
987 2301 1288 2375 operante
1331 2311 1447 2374 per
1489 2310 1596 2355 eos
1640 2291 2126 2374 principaliter:
2160 2309 2311 2372 ergo

815 2399 964 2455 sunt
991 2399 1402 2454 sacramenta.
1419 2391 1522 2454 Sic
1552 2409 1808 2473 quoque
1839 2409 1953 2473 per
1984 2389 2311 2453 ministros

813 2489 1113 2552 Ecclesiae
1143 2490 1309 2552 Deus
1347 2495 1647 2570 operatur
1685 2489 1955 2551 salutem
1997 2489 2061 2550 in
2092 2486 2310 2551 subdi-

810 2588 896 2650 tis
939 2587 1060 2650 sub
1101 2594 1470 2669 tegumento
1515 2586 1920 2650 sensibilium
1967 2606 2205 2661 rerum,
2240 2594 2311 2649 ut

811 2694 963 2750 sunt
1005 2685 1294 2749 membra
1333 2693 1397 2749 et
1439 2693 1670 2760 vesteS,
1701 2705 1775 2748 ac
1819 2685 2114 2748 ministri.

893 2784 1122 2858 Quarta
1151 2782 1445 2846 definitio
1473 2791 1571 2846 est
1599 2785 1880 2865 Hugonis
1907 2801 1921 2845 ε
1946 2784 2311 2847 Sacramen-

809 2890 950 2945 tum
991 2889 1090 2945 est
1137 2882 1464 2964 corporale
1507 2881 1607 2944 vel
1655 2881 1982 2944 materiale
2029 2881 2310 2944 elemen-

2425 1917 2539 1982 per
2586 1898 3041 1961 similitudines
3090 1897 3493 1962 sensibilium
3538 1897 3664 1960 sibi
3708 1896 3924 1960 notifi-

2423 2005 2664 2059 cantur.
2700 1997 2778 2058 Et
2819 1997 2912 2059 sic
2959 2004 3353 2059 sacramenta
3401 1996 3557 2076 legis
3600 2013 3780 2059 novae
3823 2013 3923 2058 sa-

2423 2102 2746 2158 cramenta
2782 2103 3111 2169 vocantur,
3146 2095 3296 2176 quia
3334 2102 3399 2157 et
3431 2100 3825 2168 consecrant,
3856 2102 3923 2156 et

2422 2194 2821 2255 sanctitatem
2854 2192 3241 2274 significant,
3260 2194 3391 2256 imo
3420 2199 3485 2256 et
3512 2193 3751 2274 primas
3782 2211 3923 2255 san·

2420 2291 2829 2355 ctificationis
2870 2291 3235 2373 significant
3278 2310 3499 2355 causas
3540 2308 3556 2353 t
3598 2291 3766 2354 sicut
3807 2290 3921 2353 Ba—

2422 2391 2693 2472 ptismus
2732 2389 3091 2452 sanctificat
3119 2399 3184 2452 et
3218 2389 3563 2472 puritatem
3602 2389 3913 2470 designat,

2419 2497 2483 2550 et
2538 2489 2794 2568 signum
2850 2495 2948 2550 est
3006 2489 3227 2551 mortis
3277 2488 3528 2551 Christi.
3588 2487 3915 2550 Interdum

2420 2605 2675 2669 quoque
2718 2594 3187 2649 sacramentum
3232 2586 3505 2649 includit
3540 2592 3788 2648 tantum
3834 2584 3917 2648 si-

2417 2684 2895 2766 gnificationem
2958 2685 3508 2748 consecrationum
3572 2683 3911 2758 dictarum,

2419 2783 2587 2845 sicut
2616 2783 2872 2864 signum
2903 2783 3189 2846 sanitatis
3218 2783 3453 2846 dicitur
3480 2802 3707 2846 sanum
3743 2800 3757 2844 :
3792 2783 3915 2844 sic-

2418 2900 2544 2962 que
2582 2889 2975 2944 sacramenta
3014 2882 3245 2944 veteris
3284 2882 3669 2944 Testamenti
3708 2899 3916 2944 sacra-

811 2989 972 3054 tum,
1033 2980 1428 3044 extrinsecus
1484 2980 1688 3042 oculis
1745 2981 2173 3062 suppositum,
2230 3000 2309 3044 ex
2345 2980 2389 3043 C
2421 2987 2635 3042 menta
2661 2979 2984 3054 dicuntur,
3008 2979 3074 3042 in
3104 2987 3413 3061 quantum
3444 2979 3815 3062 significant
3842 2999 3918 3042 ea

813 3079 1210 3144 institutione
1241 3077 1634 3161 significans,
1655 3097 1732 3141 ex
1764 3079 2187 3144 similitudine
2217 3099 2312 3143 re-

811 3186 1220 3262 praesentans,
1253 3196 1330 3240 ex
1369 3178 1874 3241 sanctificatione
1917 3179 2306 3243 invisibilem

809 3278 1079 3359 gratiam
1123 3277 1476 3340 continenS.
1511 3312 1592 3321 —
1622 3276 1851 3339 Contra
1891 3278 2063 3358 quod
2100 3279 2308 3359 argui-

810 3385 937 3451 tur,
970 3376 1122 3458 quia
1171 3375 1291 3438 ista
1337 3375 1680 3458 descriptio
1721 3382 1818 3437 est
1866 3376 2162 3439 secundae
2204 3376 2310 3440 de-

810 3474 1144 3557 scriptioni
1191 3491 1575 3556 repugnanS,
1610 3473 1674 3535 in
1725 3493 1851 3556 qua
1896 3474 2139 3536 dictum
2190 3482 2307 3549 est,

813 3573 1293 3636 Sacramentum
1334 3578 1432 3633 est
1470 3570 1745 3634 visibilis
1786 3571 1989 3634 forma
2020 3572 2309 3635 invisibi-

813 3672 893 3733 lis
940 3670 1176 3754 gratiae.
1225 3669 1543 3733 Materiale
1593 3689 1868 3753 namque
1917 3670 2307 3734 elementum

811 3777 876 3833 et
905 3769 1109 3832 forma
1137 3768 1436 3843 visibilis,
1469 3785 1596 3831 non
1638 3775 1789 3831 sunt
1825 3769 2079 3832 realiter
2113 3769 2304 3833 idem.

889 3965 984 4029 Ad
1021 3965 1157 4029 haec
1196 3966 1254 4027 S.
1291 3964 1562 4029 Thomas
1603 3965 1963 4047 respondet,
1997 3972 2060 4029 et
2099 3966 2309 4048 primo

809 4064 888 4127 de
919 4064 1126 4145 prima
1155 4062 1604 4145 descriptione,
1638 4064 1810 4144 quod
1839 4070 2305 4127 sacramentum

2420 3096 2563 3161 quae
2605 3078 2669 3140 in
2716 3078 2965 3142 Christo
3008 3087 3157 3141 sunt
3196 3087 3391 3160 gesta,
3424 3085 3489 3141 et
3532 3078 3671 3162 ipsa
3714 3097 3919 3142 sacra-

2422 3184 2636 3239 menta
2663 3176 3045 3258 evangelicae
3076 3177 3255 3259 legis.
3289 3178 3531 3241 Relicto
3568 3178 3762 3259 igitur
3790 3178 3918 3259 pri-

2422 3293 2526 3337 mo
2558 3275 2745 3337 modo
2774 3275 3069 3339 sumendi
3098 3284 3587 3349 sacramentum,
3610 3276 3913 3357 quoniam

2420 3373 2501 3435 de
2530 3373 2900 3453 hujusmodi
2940 3374 3352 3436 sacramentis
3388 3374 3636 3436 dictum
3672 3382 3771 3437 est
3795 3382 3919 3436 ter-

2420 3471 2511 3535 tio
2542 3469 2727 3546 libre,
2761 3472 2839 3533 de
2880 3473 3294 3534 sacramentis
3325 3473 3607 3535 secundo
3634 3480 3699 3535 et
3726 3473 3917 3536 tertio

2421 3570 2609 3633 modo
2659 3569 2849 3631 dictis
2906 3588 3033 3631 non
3092 3570 3325 3651 poterit
3379 3570 3503 3632 alia
3553 3571 3918 3633 communis

2420 3667 2712 3730 definitio
2750 3668 3058 3749 assignari
3098 3686 3291 3750 quam
3335 3669 3469 3731 haec
3503 3685 3518 3730 ε
3552 3668 3920 3732 Sacramen-

2420 3772 2557 3827 tum
2588 3772 2685 3828 est
2713 3766 2805 3827 rei
2836 3784 3029 3829 sacrae
3058 3766 3352 3847 signum3
3384 3766 3509 3829 nisi
3539 3768 3710 3849 quod
3738 3784 3921 3850 opor-

2419 3871 2511 3927 tet
2556 3862 2951 3945 subintelligi
3000 3864 3261 3927 modum
3321 3864 3750 3946 significandi,
3803 3867 3917 3948 qui

2418 3968 2516 4025 est
2555 3981 2669 4044 per
2704 3961 3193 4024 similitudinem
3233 3962 3325 4025 rei
3366 3962 3711 4036 sensibilia,
3744 3965 3917 4047 quod

2418 4060 2711 4141 Magister
2746 4060 2942 4134 addit,
2978 4060 3249 4125 dicendo
3282 4078 3297 4123 :
3333 4068 3403 4123 ut
3439 4062 3581 4142 ejus
3616 4062 3921 4125 similitu-

810 4161 1164 4223 secundum
1209 4160 1660 4242 proprietatem
1713 4160 2009 4223 vocabuli
2058 4162 2311 4224 videtur
2340 4160 2389 4222 D
2418 4159 2635 4221 dinem
2678 4165 2870 4240 gerat.

811 4259 1156 4341 importare
1206 4257 1604 4319 sanctitatem
1653 4258 1881 4331 active,
1932 4264 2004 4319 ut
2061 4259 2309 4321 dicatur

809 4364 1278 4420 sacramentum
1309 4371 1437 4436 quo
1465 4354 1709 4435 aliquid
1751 4364 2055 4430 sacratur,
2088 4376 2311 4439 quem-

808 4454 1154 4518 admodum
1197 4460 1643 4516 ornamentum
1688 4471 1816 4536 quo
1852 4453 2094 4535 aliquid
2132 4455 2309 4518 ador-

807 4559 1016 4615 natur.
1069 4552 1404 4633 Quumque
1459 4550 1740 4613 actiones
1797 4551 2152 4614 activorum
2200 4553 2306 4616 de—

809 4650 1002 4714 beant
1065 4668 1206 4713 esse
1275 4648 1764 4731 proportionatae
1829 4649 2306 4714 conditionibus

809 4749 1234 4833 passivorum,
1286 4748 1430 4810 ideo
1487 4746 1553 4810 in
1613 4746 2120 4810 sanctificatione
2180 4769 2307 4830 qua

807 4848 999 4912 homo
1026 4846 1484 4919 sanctificatur,
1516 4844 1706 4908 debet
1735 4864 1874 4909 esse
1903 4846 2047 4908 talis
2077 4847 2303 4910 modus

807 4943 1252 5009 sanctificandi
1292 4945 1401 5027 qui
1445 4952 1764 5026 competat
1800 4944 2046 5006 homini
2077 4964 2304 5007 secun·

803 5046 962 5109 dum
1005 5044 1175 5127 quod
1219 5042 1540 5107 rationalis
1583 5050 1699 5117 est,
1734 5042 1886 5126 quia
1927 5061 2006 5105 ex
2043 5043 2166 5106 hoc
2208 5052 2305 5107 est

805 5145 1016 5207 homo.
1070 5143 1140 5205 In
1188 5150 1498 5224 quantum
1545 5148 1760 5204 autem
1811 5150 1906 5203 est
1953 5141 2299 5217 rationalis,

805 5241 1113 5324 competit
1141 5239 1264 5303 sibi
1302 5240 1537 5302 habere
1574 5240 2002 5321 cognitionem
2043 5259 2120 5302 ex
2161 5259 2301 5303 sen-

2499 4260 2612 4321 Per
2643 4259 2809 4341 quod
2845 4266 3015 4341 patet
3046 4258 3278 4322 solutio
3306 4260 3384 4321 ad
3414 4259 3759 4340 objectum.
3795 4262 3919 4325 Res

2418 4358 2591 4420 enim
2622 4356 2959 4419 sensibiles
2990 4376 3117 4419 non
3158 4366 3307 4419 sunt
3334 4357 3514 4439 signa
3548 4358 3917 4423 divinorum

2420 4464 2492 4517 ut
2530 4463 2681 4517 sunt
2722 4455 3055 4527 sacrantia‚
3090 4455 3201 4518 sed
3244 4462 3315 4516 ut
3356 4464 3506 4519 sunt
3544 4456 3610 4518 in
3650 4476 3719 4519 se
3758 4457 3917 4540 ipsis

2420 4554 2710 4636 quaedam
2760 4572 2956 4615 sacra.
3011 4553 3488 4616 Sacramentum
3545 4562 3761 4617 autem
3810 4576 3919 4640 ap·

2417 4652 2693 4733 pellatur
2732 4652 2987 4732 signum
3027 4651 3119 4713 rei
3158 4669 3353 4714 sacrae
3392 4660 3464 4713 ut
3500 4660 3597 4716 est
3632 4672 3911 4717 sacranS.

2414 4784 2497 4795 ——-
2524 4750 2827 4812 Praeterea
2858 4748 3339 4823 advertendum,
3371 4750 3540 4831 quod
3570 4770 3773 4832 quum
3801 4752 3916 4814 tri·

2416 4847 2563 4930 plex
2612 4846 2696 4909 sit
2750 4846 3031 4928 signum,
3083 4854 3301 4929 utpote
3350 4850 3913 4913 rememorativum

2416 4944 2740 5028 praeteriti,
2801 4944 3369 5008 demonstrativum
3439 4947 3791 5028 praesentiS‚
3852 4955 3917 5011 et

2414 5042 2893 5125 prognosticum
2934 5040 3170 5119 tutin-13
3202 5052 3674 5107 sacramentum
3710 5046 3916 5128 quoli-

2412 5141 2517 5205 bet
2547 5143 2769 5204 horum
2799 5141 3129 5205 modorum
3158 5142 3391 5205 dicitur
3418 5144 3687 5225 signum.
3704 5146 3917 5210 Sacra-

2415 5248 2628 5303 menta
2664 5239 2904 5302 etenim
2946 5256 3125 5302 novae
3158 5239 3314 5321 legis
3352 5240 3476 5302 tria
3514 5242 3905 5323 significant,
