4267 6250
839 481 960 548 246

1488 502 1554 550 m
1591 502 1815 549 nmium
1856 502 1918 548 tv
1959 501 2446 548 summm.
2486 519 2567 529 —
2608 499 2762 546 ntsT.
2804 499 2907 562 113
2944 498 3171 555 QUAEST.
3212 500 3275 546 vl

840 671 952 753 qui
984 671 1444 737 Eucharistiam
1476 673 1657 757 petit,
1691 691 1768 737 ex
1800 671 2201 737 confessione
2229 671 2331 736 vel
2362 670 2410 736 A
2444 671 2529 734 sit
2568 672 2774 734 danda
2810 670 3216 751 amentibus3
3256 670 3778 752 distinguendum
3816 677 3931 732 est.

837 768 964 833 alio
1015 771 1222 846 mode,
1276 772 1799 855 distinguendum
1852 779 1970 846 est,
2019 771 2171 853 quia
2225 779 2335 833 aut

838 875 1172 950 peccatum
1223 877 1322 933 est
1357 871 1705 944 occultum,
1745 878 1854 933 aut
1893 870 2327 932 manifestum.

839 965 904 1029 Si
947 968 1292 1042 occultum,
1327 976 1436 1031 aut
1473 968 1671 1050 exigit
1709 967 1776 1029 in
1815 967 2086 1042 occulto,
2119 976 2229 1030 aut
2266 968 2331 1030 in

839 1065 1198 1130 manifesto.
1232 1067 1294 1130 Si
1328 1067 1394 1129 in
1425 1067 1697 1140 occulte,
1731 1066 1922 1129 debet
1951 1066 2009 1128 ei
2041 1067 2335 1130 sacerdos

840 1163 1300 1228 Eucharistiam
1331 1165 1666 1246 denegare,
1691 1172 1753 1228 et
1781 1183 1930 1228 eum
1963 1182 2224 1228 monere
2254 1183 2335 1227 ne

840 1261 906 1324 in
940 1262 1199 1344 publico
1229 1271 1420 1346 petat.
1456 1264 1691 1327 Tamen
1731 1262 1783 1326 si
1821 1263 1985 1346 petit
2022 1263 2087 1326 in
2127 1263 2337 1346 publi-

842 1377 939 1432 co,
990 1361 1196 1424 danda
1245 1369 1342 1424 est
1389 1361 1448 1424 ei
1497 1379 1511 1423 ε
1559 1361 1862 1444 quoniam
1910 1379 2027 1444 pro
2074 1370 2337 1444 peccato

840 1459 1092 1523 occulto
1130 1458 1456 1542 publicam
1497 1459 1778 1522 inserens
1808 1477 2086 1542 poenam,
2121 1468 2217 1523 est
2245 1479 2338 1523 re-

841 1557 1083 1620 velator
1111 1557 1532 1620 confessionis
1571 1564 1680 1620 aut
1709 1558 1994 1640 proditor
2022 1558 2331 1621 criminis,

841 1654 904 1718 Si
952 1663 1169 1719 autem
1220 1674 1334 1738 pro
1385 1663 1644 1738 peccato
1687 1656 1938 1718 occulto
1984 1656 2206 1719 liceret
2246 1675 2339 1720 sa-

840 1761 1236 1816 cramentum
1289 1772 1540 1835 negare,
1592 1755 1849 1816 daretur
1903 1755 2338 1817 sacerdotibus

2443 771 2708 844 Quidam
2740 769 2912 832 enim
2944 770 3114 852 large
3144 771 3441 832 dicuntur
3468 777 3771 843 amentes,
3784 769 3939 851 quia

2444 867 2509 930 in
2550 868 2791 931 ratione
2832 874 2982 930 sunt
3019 867 3285 942 debiles,
3318 867 3532 950 aliquo
3562 874 3774 930 tamen
3808 884 3938 929 mo-

2443 967 2524 1029 do
2564 973 2714 1028 sunt
2751 966 3189 1030 informabiles
3229 967 3307 1029 de
3344 964 3819 1048 pertinentibus
3858 965 3934 1028 ad

2441 1064 2639 1127 fidem
2672 1071 2735 1127 et
2764 1064 3165 1128 devotionem
3201 1083 3216 1126 t
3248 1063 3484 1146 quibus
3522 1081 3650 1126 non
3686 1070 3939 1145 oportet

2444 1180 2675 1245 corpus
2720 1162 2952 1226 Christi
2996 1162 3231 1245 negari.
3265 1163 3389 1225 Alii
3428 1179 3579 1225 vero
3615 1169 3767 1224 sunt
3801 1179 3937 1225 om·

2444 1261 2599 1324 nino
2638 1268 2954 1339 amentes3
2986 1268 3051 1322 et
3088 1261 3142 1322 si
3181 1278 3218 1323 a
3256 1259 3585 1323 nativitate
3612 1260 3771 1323 tales
3799 1258 3937 1322 fue-

2446 1366 2617 1432 runt,
2652 1377 2779 1422 non
2818 1367 2917 1422 est
2956 1359 3237 1422 dandum
3281 1359 3401 1421 hoc
3444 1365 3938 1431 sacramentum,

2447 1458 2599 1540 quia
2646 1458 2860 1520 induci
2914 1476 3039 1521 non
3098 1464 3367 1540 possunt
3412 1457 3491 1520 ad
3538 1457 3942 1520 devotionem

2448 1576 2589 1638 quae
2654 1556 2733 1618 ad
2802 1554 2968 1618 istud
3035 1555 3385 1638 requiritur
3448 1563 3945 1628 sacramentum,

2448 1654 2741 1737 quamvis
2791 1654 3049 1736 quidam
3098 1654 3313 1716 dicant
3369 1653 3779 1718 contrarium.
3834 1654 3945 1716 Vel

2450 1752 2516 1815 in
2551 1752 2896 1815 amentiam
2939 1745 3305 1815 inciderunt
3343 1761 3486 1835 post
3520 1752 3717 1815 fidem
3759 1753 3949 1815 devo-

841 1852 1052 1935 pravis
1090 1852 1360 1915 facultas
1400 1869 1518 1936 pro
1555 1871 1672 1916 suo
1713 1852 1895 1917 libito
1937 1853 2169 1936 punire
2213 1874 2338 1917 ma·
2374 1855 2421 1917 B
2450 1851 2821 1932 tionemque
2865 1850 3277 1930 sacramenti3
3319 1858 3383 1914 et
3422 1858 3576 1914 tunc
3618 1851 3713 1915 eis
3754 1850 3949 1914 debet

837 1950 1010 2013 xima
1052 1969 1243 2033 poena
1285 1969 1444 2033 quos
1483 1951 1742 2014 vellent.

919 2048 1110 2112 Porro
1162 2050 1314 2112 dum
1375 2048 1703 2131 quaeritur,
1757 2068 1836 2111 an
1895 2049 2211 2131 suspectis
2260 2051 2338 2113 de

840 2146 1111 2209 crimine
1141 2147 1348 2209 danda
1377 2146 1460 2209 sit
1489 2146 1695 2209 hostia
1725 2165 1936 2226 sacra3
1968 2147 2334 2224 dicendum,

841 2245 1012 2327 quod
1044 2244 1326 2327 suspicio
1357 2243 1588 2326 triplex
1619 2252 1733 2307 est.
1767 2244 2064 2320 Quaedam
2095 2246 2337 2310 violen-

839 2350 924 2416 ta,
973 2342 1052 2405 ad
1109 2343 1296 2423 cujus
1353 2343 1740 2406 contrarium
1797 2361 1922 2406 non
1983 2344 2339 2408 admittitur

841 2439 1131 2524 probatio
1165 2458 1179 2504 ε
1216 2448 1284 2503 ut
1313 2441 1366 2502 si
1407 2440 1771 2504 inveniatur
1809 2440 1981 2504 solus
2025 2449 2088 2504 et
2127 2443 2338 2506 nudus

840 2556 989 2600 cum
1022 2536 1155 2600 sola
1185 2546 1249 2600 et
1276 2538 1465 2600 nuda.
1500 2537 1640 2600 Alia
1677 2545 1773 2600 est
1802 2539 2084 2622 suspicio
2114 2541 2338 2622 proba-

839 2635 990 2698 bilis
1024 2652 1038 2698 :
1076 2643 1146 2698 ut
1174 2635 1226 2699 si
1259 2637 1622 2699 inveniatur
1649 2635 1822 2699 solus
1861 2656 2010 2700 cum
2051 2639 2186 2702 sola
2215 2638 2338 2702 fre-

841 2743 1113 2817 quenter
1152 2735 1218 2800 in
1260 2736 1414 2800 loeis
1451 2736 1785 2819 suspectis,
1821 2737 2028 2800 Tertia
2059 2745 2158 2801 est
2186 2758 2340 2821 prae-

839 2841 1117 2917 sumpta,
1164 2853 1306 2916 quae
1354 2853 1432 2897 ex
1483 2834 1606 2897 levi
1659 2834 2026 2915 conjectura
2071 2837 2275 2898 oritur
2322 2855 2335 2898 ε

841 2931 1080 2995 idcirco
1128 2940 1226 2995 est
1267 2931 1646 3014 abjicienda.
1690 2933 1760 2994 In
1804 2934 2084 2996 secunda
2125 2942 2340 2997 autem

2451 1949 2608 2022 dari,
2654 1949 2779 2012 nisi
2824 1950 2903 2012 de
2945 1950 3191 2013 vomitu
3234 1949 3335 2012 vel
3386 1948 3786 2032 exspuitione
3836 1958 3949 2014 aut

2449 2047 2558 2109 tali
2588 2046 2804 2130 aliquo
2833 2047 3122 2131 periculo
3151 2047 3469 2111 timeatur.
3504 2047 3580 2110 Et
3612 2047 3733 2111 hoc
3772 2056 3950 2130 patet

2450 2165 2564 2229 per
2596 2146 2658 2208 id
2692 2147 2860 2228 quod
2900 2145 2967 2208 in
2999 2147 3261 2209 Decreto
3293 2146 3583 2220 habetur,
3619 2165 3811 2209 causa
3840 2146 3943 2222 26,

2450 2244 2798 2326 quaestione
2828 2243 2867 2308 6
2910 2261 2923 2307 :
2968 2245 3027 2306 Is
3062 2244 3173 2326 qui
3216 2244 3281 2306 in
3322 2243 3698 2308 infirmitate
3740 2245 3947 2327 poeni-

2449 2342 2713 2405 tentiam
2745 2342 2925 2425 petit,
2942 2343 2993 2404 si
3026 2343 3179 2404 dum
3212 2343 3503 2406 sacerdos
3534 2342 3837 2406 invitatus
3869 2345 3947 2406 ad

2449 2460 2597 2504 eum
2630 2442 2828 2514 venit,
2862 2441 3131 2504 vertitur
3162 2441 3227 2505 in
3260 2441 3650 2524 phrenesim,
3682 2450 3951 2526 accepto

2448 2539 2813 2602 testimonio
2850 2539 2929 2602 ab
2968 2540 3365 2602 adstantibus
3410 2539 3516 2622 qui
3568 2541 3948 2623 petitionem

2446 2638 2807 2712 audierunt,
2842 2638 3311 2712 reconcilietur,
3344 2647 3409 2701 et
3436 2639 3641 2702 hostia
3669 2639 3763 2703 ori
3803 2640 3950 2722 ejus

2449 2735 2840 2799 infundatur.
2880 2736 3087 2818 Atque
3130 2737 3194 2798 in
3235 2737 3355 2799 isto
3396 2755 3545 2800 casu
3578 2738 3950 2820 praecedens

2449 2835 2702 2897 devotio
2760 2842 3165 2917 computatur
3222 2835 3281 2898 ei
3344 2836 3423 2898 ad
3476 2836 3734 2918 dignam
3793 2857 3953 2919 prae-

2452 2933 2843 3016 parationem
2888 2939 2951 2995 et
2992 2934 3566 2997 manducationem.
3599 2969 3679 2980 —
3712 2935 3956 2999 Daemo·

840 3030 1208 3113 suspicione
1247 3047 1375 3094 non
1415 3029 1606 3093 debet
1642 3030 2038 3094 Eucharistia
2076 3033 2341 3114 denega·
2370 3035 2415 3099 C
2450 3030 2651 3093 niacis
2700 3048 2955 3113 quoque
3003 3049 3129 3094 non
3187 3039 3285 3095 est
3344 3050 3522 3094 sacra
3578 3035 3955 3098 communio

841 3127 919 3201 ri,
967 3146 1048 3190 ne
1090 3146 1279 3210 poena
1331 3127 1660 3209 infligatur
1710 3126 1821 3189 ubi
1871 3128 2060 3211 culpa
2098 3128 2342 3210 ignora-

843 3232 966 3289 tur.
1004 3226 1125 3289 Sed
1155 3225 1233 3288 de
1266 3225 1473 3308 prima
1503 3226 1869 3309 suspicione
1902 3234 2000 3289 est
2039 3228 2208 3290 idem
2244 3227 2343 3308 ju-

842 3324 1084 3386 dicium
1134 3325 1303 3406 quod
1358 3323 1438 3386 de
1485 3331 1748 3407 peccato
1799 3343 1812 3387 ε
1866 3324 2106 3388 idcirco
2157 3326 2211 3388 si
2260 3326 2343 3389 sit

843 3422 1125 3505 suspicio
1169 3422 1519 3505 procedens
1563 3440 1641 3484 ex
1686 3422 1946 3505 publica
1990 3422 2177 3497 fama,
2213 3441 2341 3487 non

842 3520 1034 3584 debet
1062 3519 1271 3583 taliter
1299 3527 1596 3603 suspecto
1625 3520 2023 3584 Eucharistia
2052 3522 2189 3584 dari
2223 3542 2341 3585 nec

843 3619 908 3682 in
956 3619 1202 3702 privato
1247 3618 1456 3700 neque
1500 3618 1565 3680 in
1612 3619 1987 3699 manifest03
2029 3621 2084 3682 si
2123 3628 2337 3684 autem

844 3717 1017 3781 solus
1074 3717 1369 3781 sacerdos
1429 3716 1662 3780 haheat
1721 3716 1905 3780 illum
1973 3718 2059 3781 ita
2116 3737 2341 3800 suspe-

843 3824 1041 3890 ctum,
1083 3815 1274 3879 dehet
1316 3816 1451 3879 dari
1496 3816 1564 3879 in
1606 3816 1889 3899 publico,
1932 3836 2059 3880 non
2106 3817 2171 3879 in
2217 3818 2342 3900 pri-

842 3922 1005 3978 vato.
1057 3950 1136 3961 —
1187 3915 1422 3978 Verum
1480 3914 1678 3995 objici
1738 3921 1966 3997 potest,
2027 3916 2179 3998 quia
2236 3935 2341 3979 ex·

842 4012 1274 4096 perimentum
1315 4030 1443 4075 non
1483 4013 1760 4075 sumitur
1795 4014 1875 4075 de
1914 4013 2185 4076 crimine
2216 4015 2339 4077 nisi

841 4104 1082 4193 dequo
1111 4110 1381 4173 habetur
1411 4110 1710 4193 suspicio.
1747 4110 1870 4174 Sed
1901 4129 2132 4194 corpus
2166 4112 2340 4175 Chri-

2450 3130 2837 3211 deneganda,
2884 3129 3009 3193 nisi
3058 3138 3302 3194 constet
3350 3132 3519 3214 quod
3568 3151 3685 3213 pro
3730 3134 3953 3216 aliquo

2451 3228 2722 3291 crimine
2772 3235 3201 3311 torqueantur.
3254 3230 3431 3293 Unde
3488 3237 3552 3293 et
3608 3231 3951 3296 Cassianus

2451 3325 2686 3389 fatetur
2731 3344 2744 3388 ε
2800 3326 2904 3389 Eis
2953 3326 3063 3409 qui
3110 3327 3190 3389 ab
3239 3327 3589 3392 immundis
3636 3339 3953 3394 vexantur

2452 3424 2808 3508 spiritibuS,
2842 3426 3360 3490 communionem
3404 3436 3871 3491 sacrosanctam
3913 3450 3953 3493 a

2451 3522 2811 3586 senioribus
2870 3523 3103 3587 nostris
3152 3544 3480 3607 nunquam
3530 3526 3951 3591 meminimus

2452 3621 2876 3684 interdictam.
2918 3657 3000 3668 —
3037 3622 3345 3705 Denique,
3387 3643 3587 3705 quum
3630 3626 3708 3687 ad
3752 3626 3953 3708 hujus

2450 3720 2829 3782 sacramenti
2862 3720 3119 3801 dignam
3160 3722 3632 3803 susceptionem
3666 3724 3952 3805 requira-

2452 3825 2555 3879 tur
2598 3818 2864 3880 actualis
2910 3819 3182 3893 devoti0,
3216 3837 3343 3882 non
3382 3828 3479 3883 est
3516 3821 3797 3885 dandum
3836 3843 3953 3906 pu-

2452 3915 2577 3978 eris
2626 3917 2867 3979 ratione
2916 3918 3197 3980 nondum
3250 3918 3599 3993 utentibus,
3653 3923 3952 4002 quamvis

2451 4013 2711 4097 quidam
2752 4014 2951 4078 Graeci
2993 4016 3380 4079 contrarium
3428 4018 3952 4082 irrationabiliter

2450 4119 2725 4175 teneant.
2769 4112 2948 4176 Tales
2996 4114 3233 4177 etenim
3284 4116 3467 4197 pueri
3518 4116 3683 4178 inter
3724 4116 3947 4179 cibum

843 4209 924 4272 sti
961 4207 1304 4290 aliquando
1338 4208 1621 4271 dandum
1661 4216 1757 4271 est
1792 4208 1984 4271 alicui
2028 4210 2105 4271 ad
2152 4228 2339 4293 expe·
2370 4214 2419 4275 D
2452 4211 2769 4274 carnalem
2828 4219 2889 4274 et
2947 4212 3346 4294 spiritualem
3405 4215 3681 4277 necdum
3734 4216 3952 4279 valent

844 4307 1192 4369 rimentum
1244 4306 1629 4370 sumendum
1683 4308 1762 4371 de
1823 4315 2084 4390 peccato
2141 4308 2336 4383 illius,

842 4405 964 4468 sub
994 4404 1210 4467 verbis
1237 4404 1338 4467 his
1373 4422 1387 4467 ε
1423 4404 1664 4487 Corpus
1695 4405 1948 4468 Domini
1981 4406 2064 4468 sit
2101 4405 2220 4468 tibi
2258 4408 2337 4470 ad

843 4502 1286 4587 probationem
1316 4502 1528 4579 hodie,
1563 4511 1633 4566 ut
1662 4503 1896 4566 dicitur
1935 4504 2000 4567 in
2032 4504 2332 4568 Decretis,

843 4602 1007 4683 Ergo
1037 4602 1170 4665 dari
1202 4602 1391 4665 debet
1420 4602 2337 4686 suspectis.Dicendum,quod

842 4701 1170 4765 decretum
1221 4700 1379 4764 illud
1435 4700 1806 4782 abrogatum
1864 4708 1981 4775 est,
2032 4702 2336 4784 quoniam

839 4801 998 4865 tales
1046 4800 1454 4884 probationes
1501 4800 1824 4882 pertinent
1864 4800 1942 4863 ad
1985 4800 2096 4863 Dei
2140 4808 2336 4864 tenta-

838 4900 1102 4964 tionem.
1128 4900 1241 4963 Vel
1270 4899 1635 4973 dicendum,
1660 4899 1830 4981 quod
1862 4898 2130 4963 intentio
2162 4899 2336 4963 illius

839 4999 1079 5062 decreti
1129 5015 1256 5061 non
1305 5004 1402 5061 est
1445 4997 1615 5080 quod
1663 4997 1808 5060 talis
1859 4998 2154 5081 probatio
2193 4998 2332 5074 fiat,

839 5098 951 5161 sed
995 5105 1064 5160 ut
1107 5103 1367 5181 propter
1409 5096 1704 5159 timorem
1749 5096 1892 5159 talis
1940 5096 2335 5179 probationis

839 5196 1132 5260 homines
1174 5193 1620 5257 abstrahantur
1659 5214 1696 5256 a
1738 5193 1948 5268 furtiS,
1989 5202 2108 5257 etc.

916 5295 1204 5377 Insuper,
1245 5294 1400 5357 dum
1440 5293 1767 5375 quaeritur,
1812 5312 1890 5355 an
1936 5293 2333 5356 Eucharistia

2450 4310 2831 4372 discernere.
2875 4310 3093 4373 Pueris
3137 4330 3291 4374 vero
3339 4311 3800 4395 incipientibus
3838 4314 3951 4377 ha-

2449 4407 2600 4471 bere
2630 4407 3102 4482 discretionem,
3125 4410 3318 4472 etiam
3348 4418 3495 4473 ante
3523 4419 3778 4495 tempus
3808 4432 3953 4496 per-

2448 4506 2630 4571 l'ectae
2660 4508 2861 4571 aetatis
2890 4515 3094 4591 potest
3134 4508 3293 4583 dari,
3326 4529 3525 4592 quum
3568 4509 3807 4574 fuerint
3842 4514 3951 4575 de-

2449 4624 2585 4667 cem
2628 4606 3010 4670 undecimve
3046 4624 3383 4683 annorum,
3418 4616 3527 4671 aut
3566 4608 3841 4684 circiter,
3890 4614 3947 4675 si

2446 4704 2512 4765 in
2544 4704 2637 4766 eis
2668 4704 3069 4767 discretionis
3108 4713 3173 4767 et
3210 4706 3565 4770 devotionis
3594 4719 3952 4791 appareant

2446 4802 2643 4884 signa.
2678 4838 2759 4847 —
2795 4803 2938 4866 Haec
2980 4802 3251 4867 Thomas
3294 4804 3359 4867 in
3403 4805 3671 4888 Scripto.

2524 4902 2595 4963 ln
2644 4901 2881 4983 quibus
2930 4901 3183 4965 videtur
3224 4902 3571 4967 obscurum
3615 4906 3783 4987 quod
3828 4907 3947 4981 ait,

2447 5000 2908 5062 Eucharistiam
2955 5001 3227 5063 dandam
3270 5010 3416 5064 actu
3464 5002 3831 5067 amentibus
3882 5014 3951 5069 et

2445 5097 2845 5161 daemoniacis
2876 5100 3227 5161 secundum
3260 5101 3520 5163 modum
3551 5109 3943 5184 praetactum.

2442 5194 2685 5258 Idcirco
2723 5198 3151 5259 communiter
3190 5197 3411 5270 fertur,
3446 5199 3613 5279 quod
3655 5199 3748 5261 eis
3788 5200 3947 5263 dan-

2442 5294 2522 5355 da
2561 5311 2687 5356 non
2728 5294 2830 5369 sit,
2864 5294 2987 5357 nisi
3027 5296 3179 5358 dum
3224 5294 3434 5358 lucida
3471 5295 3815 5360 habuerint
3843 5299 3947 5363 in-
