4267 6250
813 498 902 546 AN
941 497 1006 546 m
1047 498 1192 548 som
1232 499 1395 546 PANB
1435 497 1708 546 'rmncno
1749 495 2147 544 commum
2188 495 2413 543 CORPUS
2455 495 2713 554 cums'rl,
2756 495 2883 542 mc.

3284 477 3406 543 299

305 675 448 754 post
491 669 770 753 primam
823 671 1152 753 sanguinis
1201 672 1635 755 sumptionem
1689 671 1801 734 ite·
1829 667 1882 732 A
1913 669 1978 733 in
2010 688 2201 733 cruce
2240 689 2318 733 ex
2358 669 2552 732 latere
2583 668 2836 733 Christi.
2868 669 3046 745 Quod
3084 667 3402 752 reprobat,

307 787 446 831 rum
489 788 768 833 sumere.

369 868 463 930 Ad
491 870 849 932 secundum
883 869 1221 952 quaesitum
1252 868 1800 951 dicendum,quod

307 966 570 1028 materia
615 968 1130 1050 proportionatur
1166 975 1600 1046 sacrament03
1633 966 1801 1030 unde

303 1065 660 1128 secundum
717 1066 960 1148 aliquid
1010 1074 1106 1129 est
1149 1065 1230 1128 de
1277 1065 1554 1128 essentia
1601 1083 1804 1128 sacra-

73 1185 276 1240 emmo.
305 1163 522 1224 menti.
545 1163 883 1246 Quumque
913 1163 1336 1246 praehahitum
1369 1163 1464 1238 sit,
1490 1163 1660 1246 quod
1690 1163 1802 1224 hu-

299 1261 406 1342 jus
443 1261 826 1325 sacramenti
864 1261 1174 1344 perfectio
1213 1262 1516 1325 consistat
1554 1261 1620 1323 in
1654 1278 1800 1323 con-

303 1359 654 1423 secratione
685 1360 968 1442 corporis
998 1367 1064 1422 et
1096 1359 1424 1441 sanguinis
1454 1359 1706 1433 Christi,
1739 1367 1804 1422 et

301 1475 428 1520 non
473 1457 539 1520 in
587 1478 710 1520 usu
753 1459 1035 1522 materiae
1081 1465 1483 1532 consecratae,
1519 1458 1686 1519 sicut
1733 1457 1800 1519 in

303 1556 628 1638 Baptismo
656 1564 722 1619 et
760 1556 1296 1636 Confirmatione3
1330 1557 1472 1619 ideo
1508 1574 1585 1618 ex
1623 1562 1802 1638 parte

303 1655 582 1718 materiae
640 1654 800 1718 illud
849 1662 1098 1718 tantum
1157 1662 1255 1718 est
1299 1655 1380 1718 de
1426 1653 1802 1717 necessitate

303 1753 708 1828 sacramenti,
745 1753 915 1836 quod
953 1753 1242 1834 designat
1285 1770 1514 1836 corpus
1559 1760 1623 1815 et
1660 1771 1801 1814 san-

1911 769 2062 850 quia
2098 769 2453 830 secundum
2493 767 2613 830 hoc
2653 787 2818 849 aqua
2862 785 3149 831 seorsum
3189 785 3408 830 conse-

1912 874 2196 929 craretur
2222 885 2260 929 a
2287 865 2459 940 vino,
2487 866 2653 956 sjcut
2679 867 2903 929 vinum
2932 885 2969 928 a
2999 884 3184 949 pane.
3209 864 3409 928 Debet

1913 982 2168 1046 quoque
2226 983 2390 1045 aqua
2446 963 2774 1038 naturaliS,
2834 981 2963 1026 non
3024 963 3404 1037 artificialiS,

1911 1063 2062 1126 vino
2095 1062 2351 1125 misceri
2385 1081 2398 1124 ε
2433 1062 2585 1145 quia
2613 1064 2692 1125 de
2731 1063 2925 1126 latere
2956 1063 3190 1126 Christi
3218 1061 3411 1124 fluxit

1912 1180 2062 1224 vera
2107 1179 2293 1243 aqua,
2344 1178 2470 1223 non
2520 1161 2751 1224 humor
2798 1160 3287 1244 phlegmaticuS,
3340 1167 3411 1222 ut

1915 1259 2174 1341 quidam
2233 1259 2551 1333 dixerunt,
2602 1259 2680 1321 ad
2726 1259 3187 1322 ostendendum
3240 1259 3410 1341 quod

1913 1375 2145 1440 corpus
2196 1357 2429 1421 Christi
2477 1365 2611 1420 erat
2658 1375 2807 1420 vere
2854 1357 3280 1440 compositum
3330 1375 3408 1419 ex

1912 1463 2185 1539 quatuor
2230 1456 2565 1519 elementis
2606 1474 2620 1518 ε
2656 1455 2824 1518 sicut
2871 1474 2987 1539 per
3033 1455 3407 1537 sanguinem

1911 1554 2221 1618 fluentem
2249 1554 2699 1618 ostendebatur
2727 1556 2895 1637 quod
2928 1569 3077 1618 vere
3106 1554 3225 1617 fuit
3253 1572 3414 1617 com-

1911 1654 2193 1736 positum
2242 1673 2319 1717 ex
2363 1662 2633 1737 quatuor
2682 1653 3082 1728 humoribuS,
3116 1661 3189 1715 ut
3232 1654 3413 1716 Inno-

1913 1751 2163 1814 centius
2202 1759 2602 1835 protestatur.
2638 1753 2781 1814 Haec
2816 1752 2880 1813 in
2917 1751 3197 1814 Summa.
3231 1741 3311 1797 ‘—
3340 1752 3409 1813 In

303 1853 560 1932 guinem
609 1851 888 1924 Domini,
940 1858 1158 1934 utpote
1216 1850 1400 1933 panis
1443 1857 1507 1912 et
1552 1850 1796 1913 vinum.
1838 1846 1885 1909 B
1915 1849 2149 1930 quibus
2206 1849 2443 1931 scripta
2498 1849 2686 1922 Petri,
2742 1849 3042 1923 Durandi,
3090 1848 3407 1922 Richardi,

303 1950 475 2024 Quod
503 1968 662 2012 vero
691 1948 1016 2031 significat
1053 1968 1242 2011 usum
1272 1956 1338 2012 et
1374 1948 1678 2012 effectum
1708 1967 1802 2010 sa-

305 2047 613 2110 cramenti
664 2048 872 2121 istius,
907 2055 1129 2131 utpote
1175 2067 1360 2129 aqua,
1401 2064 1529 2110 non
1580 2053 1678 2108 est
1724 2045 1802 2108 de

303 2146 680 2208 necessitate
719 2145 1098 2208 sacramenti
1144 2145 1364 2224 istius3
1398 2145 1541 2207 ideo
1577 2145 1802 2207 vinum

301 2245 434 2306 sine
465 2263 636 2327 aqua
674 2244 1032 2306 consecrari
1073 2253 1308 2326 posset,
1340 2244 1634 2327 quamvis
1674 2261 1801 2306 non

301 2342 436 2404 sine
478 2341 918 2406 consecrantis
961 2349 1240 2424 peccato.

377 2441 696 2514 Quaeritur
734 2457 1013 2522 quoque,
1045 2459 1125 2502 an
1166 2440 1354 2503 liceat
1395 2451 1623 2523 aquam
1656 2440 1802 2504 arti-

303 2538 580 2602 ficialem
642 2539 794 2602 vino
849 2555 1190 2621 apponere.
1241 2539 1796 2621 Respondendum,

304 2638 466 2720 quod
505 2657 586 2700 ex
628 2655 757 2720 quo
795 2656 874 2700 ex
914 2638 1066 2700 vino
1105 2635 1339 2700 confici
1377 2642 1604 2719 potest,
1637 2655 1802 2719 aqua

303 2755 423 2799 non
452 2736 762 2808 admixta,
791 2753 917 2798 non
950 2735 1222 2819 impedit
1259 2734 1798 2798 consecrationem

303 2836 353 2898 si
387 2854 554 2917 aqua
598 2833 958 2896 artificialis
995 2840 1386 2916 apponatur3
1419 2850 1547 2895 non
1584 2840 1798 2896 tamen

303 2933 438 2997 fieri
484 2934 660 3006 licet,
695 2951 896 3014 quum
940 2951 1104 3014 aqua
1142 2930 1498 2994 artificialis
1541 2949 1668 2994 non
1717 2932 1802 2994 sit

1910 1946 2415 2028 ArgentinensiS,
2449 1946 2925 2028 multorumque
2961 1946 3233 2009 aliorum
3265 1963 3410 2008 con—

1913 2053 2086 2107 tenta
2115 2053 2281 2108 sunt.
2317 2045 2393 2106 Et
2425 2051 2495 2106 ut
2523 2043 2719 2109 refert
2744 2045 3175 2119 Innocentius,
3210 2044 3409 2108 Graeci

1916 2141 1979 2205 in
2026 2141 2407 2205 celebrando
2448 2162 2677 2225 aquam
2723 2161 2852 2206 non
2894 2143 3134 2206 addunt
3175 2142 3345 2205 vino.

1981 2242 2171 2304 Porro
2200 2240 2496 2303 Albertus
2527 2241 2847 2324 praedictis
2879 2259 2994 2325 pro
3024 2240 3243 2321 maJori
3276 2260 3411 2323 par-

1910 2347 1973 2401 te
2021 2339 2449 2414 consentienS,
2481 2340 2560 2402 de
2609 2340 2873 2403 materia
2915 2339 3409 2402 consecrationis

1912 2437 2095 2520 panis
2125 2438 2308 2500 aliter
2339 2439 2613 2501 sensisse
2642 2439 2897 2501 videtur
2926 2439 3193 2501 dicendo
3220 2455 3233 2499 ε
3257 2437 3413 2500 Abs-

1911 2555 2036 2618 que
2082 2535 2281 2599 dubio
2327 2535 2723 2599 frumentum
2773 2544 2871 2598 est
2914 2555 3137 2617 genuS‚
3171 2543 3235 2598 et
3282 2553 3410 2598 non

1910 2627 2157 2715 species
2201 2632 2663 2716 specialissima
2704 2634 2906 2715 grani,
2940 2641 3004 2696 et
3050 2633 3243 2696 habet
3290 2633 3410 2696 sub

1909 2749 1978 2794 se
2022 2731 2293 2814 speltam
2342 2739 2407 2794 et
2453 2731 2757 2794 triticum.
2805 2732 2981 2795 Unde
3030 2732 3233 2815 spelta
3278 2730 3409 2793 fru-

1911 2838 2199 2892 mentum
2232 2837 2347 2904 est,
2380 2838 2444 2892 et
2483 2831 2561 2893 de
2601 2831 2738 2913 ipsa
2768 2837 2976 2912 potest
3013 2829 3246 2893 confici
3279 2848 3412 2893 cor-

1910 2946 2031 3009 pus
2075 2928 2329 2990 Domini
2372 2928 2537 2990 sicut
2576 2929 2655 2991 de
2697 2928 2945 3008 tritico;
2978 2936 3044 2991 et
3084 2929 3203 2992 hoc
3246 2928 3406 2990 nulli

303 3033 590 3114 ejusdem
661 3031 901 3112 speciei
969 3049 1114 3093 cum
1182 3049 1334 3093 vera
1399 3030 1800 3112 naturalique
1833 3026 1876 3090 C
1909 3033 2007 3088 est
2062 3025 2355 3100 dubium,
2418 3025 2876 3089 considerando
2934 3045 3202 3108 granum
3260 3046 3407 3090 cum

302 3150 478 3213 aqua.
513 3132 752 3193 Dicunt
779 3137 993 3192 tamen
1025 3128 1340 3204 nonnulli,
1375 3130 1544 3211 quod
1584 3130 1662 3192 de
1693 3148 1800 3211 pa-

303 3250 378 3293 ne
419 3230 718 3293 confecto
759 3248 838 3291 ex
888 3228 1092 3291 farina
1140 3228 1336 3290 tritici
1385 3236 1449 3291 et
1495 3247 1660 3310 aqua
1705 3248 1800 3291 ar-

303 3328 568 3401 tificiali,
593 3336 663 3390 ut
693 3345 966 3401 rosacea,
991 3326 1224 3389 confici
1255 3334 1482 3408 posset,
1507 3327 1800 3408 quamvis

303 3434 594 3509 peccaret
648 3426 742 3489 sie
797 3443 1009 3507 agenS.
1061 3426 1537 3500 Verumtamen,
1597 3445 1796 3507 quum

303 3525 677 3607 principalis
744 3524 1008 3587 materia
1069 3524 1448 3586 sacramenti
1516 3524 1800 3605 corporis

304 3624 528 3687 Christi
580 3623 664 3685 sit
711 3622 916 3705 paniS,
966 3622 1044 3685 de
1094 3621 1282 3701 cujus
1335 3621 1689 3685 substantia
1737 3629 1801 3684 et

303 3720 762 3805 compositione
791 3728 890 3783 est
915 3739 1100 3802 aqua,
1127 3720 1314 3801 cujus
1343 3719 1800 3784 diversificatio

303 3820 608 3903 specifica
647 3820 813 3902 parit
852 3818 1089 3900 speciei
1130 3818 1564 3881 diversitatem
1600 3818 1665 3881 in
1696 3839 1800 3901 pa-

304 3938 380 3981 ne
421 3938 535 3981 seu
591 3919 655 3980 in
701 3910 966 3980 niateria
1005 3918 1384 3979 sacramenti
1421 3934 1436 3978 ε
1468 3916 1620 3978 hinc
1657 3935 1799 3999 pro-

301 4015 578 4078 babilius
609 4015 882 4087 videtur,
916 4014 1087 4095 quod
1115 4032 1194 4076 ex
1226 4013 1333 4075 tali
1369 4032 1532 4094 pane
1564 4013 1797 4076 confici

301 4131 420 4176 non
451 4113 714 4176 valeret.
738 4112 964 4175 —Nec
993 4110 1186 4174 debet
1217 4112 1492 4173 multum
1527 4111 1605 4173 de
1635 4130 1800 4194 aqua

1907 3145 2125 3207 gran0,
2178 3134 2242 3189 et
2288 3145 2519 3209 panem
2567 3144 2713 3187 cum
2764 3145 2947 3209 pane.
3000 3127 3127 3189 Nec
3175 3125 3405 3202 obstat,

1910 3226 2079 3308 quod
2123 3225 2410 3289 Christus
2458 3224 2736 3287 instituit
2777 3234 3244 3289 sacramentum
3287 3226 3407 3288 hoc

1910 3325 1975 3387 in
2008 3343 2173 3408 pane
2212 3324 2483 3399 tritice0,
2518 3324 2669 3405 quia
2700 3324 2765 3385 in
2807 3331 2975 3387 terra
3005 3324 3113 3388 illa
3152 3332 3249 3387 est
3276 3324 3407 3387 fru-

1909 3431 2201 3487 mentum
2234 3424 2589 3487 secundum
2629 3422 2825 3486 tritici
2857 3423 3157 3506 speciem.
3195 3424 3409 3507 Spelta

1908 3530 2120 3584 autem
2155 3530 2219 3585 et
2248 3522 2535 3584 triticum
2565 3538 2692 3583 non
2725 3530 2875 3583 sunt
2904 3522 3095 3584 unius
3126 3521 3365 3604 speciei
3392 3540 3407 3602 3

1909 3621 2017 3683 sed
2071 3620 2263 3682 unius
2320 3620 2571 3701 generis
2628 3620 2903 3702 proximi
2958 3627 3109 3682 sunt
3164 3620 3411 3703 species

1910 3719 2185 3781 multum
2248 3718 2491 3781 vieinae.
2555 3718 2701 3781 ldeo
2758 3718 2990 3799 partim
3050 3717 3286 3781 distant
3344 3718 3408 3780 in

1909 3818 2235 3901 spicarum
2277 3816 2676 3889 formatione,
2711 3817 2821 3878 sed
2862 3815 3044 3898 quasi
3082 3815 3244 3877 nihil
3283 3816 3409 3879 dis-

1908 3923 2045 3978 tant
2089 3915 2156 3976 in
2206 3913 2411 3976 forma
2454 3931 2797 3995 granorum
2847 3921 2912 3976 et
2959 3912 3169 3976 colore
3216 3921 3407 3995 atque

1907 4032 2132 4095 sapore
2174 4013 2375 4095 panis.
2410 4048 2490 4058 —
2521 4012 2753 4074 Verum
2794 4012 2895 4074 his
2932 4011 3129 4094 objici
3176 4018 3404 4093 potest,

1908 4112 2056 4193 quia
2085 4112 2220 4174 haec
2251 4111 2509 4193 quaestio
2524 4112 2619 4192 (ut
2647 4109 2904 4192 dicitur)
2924 4110 3046 4173 fuit
3074 4111 3149 4173 ad
3182 4110 3407 4173 Sedem

300 4212 556 4295 apponi,
589 4230 790 4293 quum
837 4229 1002 4293 aqua
1046 4210 1158 4272 illa
1200 4208 1428 4272 debeat
1470 4209 1796 4272 absorberi
1830 4214 1878 4276 D
1906 4210 2317 4293 apostolicam
2378 4210 2697 4284 devoluta,
2745 4210 3231 4291 judicatumque
3283 4209 3407 4271 fuit

300 4328 334 4371 a
373 4311 546 4384 vino,
593 4325 723 4372 non
773 4308 986 4391 ipsum
1035 4308 1260 4371 vinum
1311 4315 1681 4371 convertere
1731 4308 1794 4370 in

299 4428 384 4485 se,
435 4427 560 4473 nec
607 4408 864 4490 aliquod
915 4406 1202 4470 medium
1257 4425 1370 4489 per
1421 4405 1797 4469 mixtionem

298 4507 557 4571 efficere
591 4524 606 4569 ε
641 4506 784 4569 ideo
831 4513 1038 4567 tutum
1084 4513 1182 4567 est
1223 4522 1544 4588 apponere
1596 4505 1795 4568 modi-

299 4624 440 4668 cum
479 4624 688 4687 aquae,
722 4603 1074 4687 praesertim
1118 4604 1271 4667 dum
1303 4602 1527 4666 vinum
1566 4612 1662 4668 est
1691 4605 1794 4668 de-

297 4701 420 4767 bile
475 4721 492 4766 :
551 4702 856 4785 quoniam
914 4710 1508 4785 quantumcumque
1569 4722 1794 4785 parum

299 4789 674 4884 apponatur,
691 4800 1080 4881 significatio
1109 4808 1536 4863 conservatur.
1557 4836 1636 4846 —
1651 4800 1794 4864 Haee

300 4898 568 4963 Thomas
610 4898 679 4959 in
723 4897 988 4979 Scripto.

375 4998 612 5060 Eadem
645 4995 870 5059 scribit
899 4996 963 5057 in
995 4994 1180 5057 tertia
1210 5001 1410 5076 parte,
1447 4996 1793 5077 quaestione

223 5144 234 5155 .
301 5094 769 5177 septuagesima
819 5100 1093 5174 quarta:
1133 5092 1243 5155 ubi
1292 5100 1356 5155 et
1402 5093 1597 5168 addit,
1640 5113 1792 5176 quo-

301 5194 588 5256 rumdam
620 5192 822 5254 fuisse
850 5190 1423 5273 opinionem,quod
1452 5209 1617 5273 aqua
1646 5192 1794 5256 vino

301 5291 513 5366 mixta,
547 5296 1026 5353 converteretur
1055 5289 1122 5351 in
1161 5308 1394 5370 aquam
1433 5308 1574 5371 quae
1603 5288 1794 5353 fluxit

1908 4308 2147 4370 ibidem
2179 4308 2348 4389 quod
2379 4307 2583 4390 spelta
2613 4307 2696 4370 sit
2724 4308 2970 4390 species
3001 4307 3238 4370 hordei.
3255 4308 3408 4371 Rur-

1906 4405 2337 4481 suS,Christus
2367 4413 2540 4469 tactu
2570 4426 2701 4470 suae
2734 4405 3169 4471 mundissimae
3198 4405 3408 4469 carnis

1907 4504 2408 4586 regenerativam
2439 4505 2573 4567 vim
2605 4505 2875 4568 contulit
2902 4505 3106 4587 aquiS,
3140 4506 3408 4588 suscipi-

1906 4604 2070 4665 endo
2103 4602 2167 4665 in
2200 4603 2293 4665 eis
2333 4602 2751 4686 baptismum,
2786 4611 3047 4687 propter
3076 4604 3246 4685 quod
3278 4620 3405 4665 non

1905 4701 2028 4763 nisi
2072 4701 2139 4763 in
2182 4720 2347 4783 aqua
2386 4700 2724 4763 exhibetur
2762 4720 2988 4763 verum
3030 4700 3351 4783 Baptisma
3388 4718 3402 4763 :

1906 4817 2056 4880 ergo
2086 4807 2150 4862 et
2182 4799 2317 4881 ipse
2360 4798 2789 4861 consecrando
2830 4799 2894 4873 in
2927 4817 3090 4879 pane
3129 4798 3402 4872 tritice0,

1904 4916 2096 4979 quem
2128 4904 2193 4959 et
2219 4897 2467 4977 accepit
2506 4896 2571 4957 in
2604 4895 2900 4958 manibus
2940 4895 3073 4957 suis
3113 4896 3407 4977 dignissi-

1905 4995 2052 5069 miS,
2103 4994 2279 5057 dedit
2336 4992 2429 5055 illi
2487 4991 2635 5074 pani
2695 5000 2766 5053 ut
2824 4992 2889 5054 in
2945 5010 3021 5055 eo
3078 4993 3407 5055 dumtaxat

1905 5092 2140 5158 confici
2182 5099 2388 5174 queat.
2438 5092 2811 5167 Dicendum,
2854 5092 3023 5173 quod
3071 5110 3196 5155 non
3247 5100 3405 5173 puto

1905 5192 2159 5257 Curiam
2194 5190 2280 5252 ita
2308 5189 2786 5263 determinasse,
2811 5198 2875 5252 et
2903 5190 2955 5252 si
2991 5190 3076 5251 ita
3105 5190 3404 5253 determi-

1905 5290 2100 5365 navit,
2117 5290 2237 5352 hoc
2266 5288 2391 5351 fuit
2418 5306 2496 5350 ex
2526 5287 2879 5369 ignorantia
2908 5288 3087 5372 grani
3120 5289 3401 5355 materiae

3488 887 3569 926 art.

3597 885 3639 925 7.
