4267 6250
856 471 978 538 368

1419 529 1442 532 ..
1469 525 1474 530 ·
1499 490 1568 538 IN
1604 488 1829 537 mmm!
1870 487 1932 535 lv
1972 481 2457 533 sumumumm.
2498 499 2581 513 --·
2618 483 2773 531 msr.
2814 484 2962 548 xlv;
3003 485 3231 542 Qufflsr.
3271 487 3334 533 lv

862 659 1048 723 nobis
1102 667 1174 722 ut
1219 659 1659 742 poenitentiam
1723 658 1786 722 in
1837 676 1914 722 eo
1959 663 2244 738 agamuS‚
2294 661 2367 717 ut
2393 655 2444 719 A
2472 653 2665 734 tiam;
2709 656 3249 738 respondendum,
3294 655 3464 738 quod
3509 654 3683 717 aliud
3732 659 3833 717 est
3876 671 3975 716 re-

863 755 1065 821 sancti
1093 759 1304 821 Patres
1333 765 1663 821 testantur.
1699 756 2361 837 Secund0,peccatum

865 857 931 919 in
961 865 1274 940 quantum
1307 863 1407 919 est
1433 863 1654 921 contra
1681 856 1884 918 Deum
1913 851 2261 934 majestatis
2290 869 2365 913 ac

863 953 1214 1016 sanctitatis
1257 954 1609 1028 immensae‚
1642 961 1739 1016 est
1779 950 2176 1015 enormitatis
2211 965 2365 1030 quo-

866 1053 1207 1116 dammodo
1261 1052 1532 1115 infinitae
1565 1071 1580 1114 :
1614 1069 1764 1132 ergo
1807 1068 1922 1133 per
1966 1054 2172 1112 totum
2207 1054 2368 1109 tem-

843 1170 984 1233 rpus
1029 1151 1172 1214 vitae
1215 1157 1465 1224 nostrae,
1499 1150 1690 1212 etiam
1735 1149 1789 1211 si
1833 1147 2012 1210 mille
2052 1145 2237 1208 annis
2278 1145 2367 1207 vi-

862 1262 1180 1322 veremuS,
1235 1247 1544 1310 debemus
1605 1247 1754 1310 inde
1811 1244 2026 1309 dolere
2083 1251 2148 1306 et
2205 1241 2363 1305 illud

862 1346 1124 1410 deflere.

933 1445 1294 1508 Secundum
1317 1445 1488 1528 quod
1512 1444 1778 1527 quaestio
1798 1443 2011 1523 tangit,
2026 1449 2123 1504 est
2152 1449 2366 1503 utrum

866 1543 1243 1626 poenitentia
1285 1545 1369 1606 sit
1409 1543 1641 1624 gaudio
1689 1540 2227 1624 interrumpenda.
2262 1539 2365 1601 vi-

865 1643 1052 1705 detur
1082 1643 1250 1725 quod
1281 1643 1395 1718 sic,
1417 1643 1568 1725 quia
1595 1640 1880 1704 afflictus
1910 1638 2155 1720 indiget
2180 1637 2366 1700 vicis-

865 1741 989 1803 sim
1043 1742 1491 1805 consolatione.
1547 1741 1621 1802 Et
1666 1740 1820 1823 quia
1863 1739 1942 1801 de
1989 1736 2169 1801 omni
2217 1743 2362 1798 actu

2472 754 2692 817 novari
2740 754 2818 816 ad
2877 754 3341 836 poenitentiam,
3392 759 3457 816 et
3509 751 3684 816 aliud
3735 753 3973 814 iterum

2473 850 2803 932 poenitcre.
2838 850 3148 914 Renovari
3180 849 3355 912 enim
3384 849 3463 912 ad
3498 847 3968 932 poenitentiam,

2472 955 2569 1009 est
2597 947 2807 1010 denuo
2836 946 3143 1030 baptizari
3175 949 3244 1011 in
3274 947 3714 1011 remissionem
3746 963 3975 1028 pecca-

2472 1051 2682 1108 torum
2718 1062 2733 1108 z
2766 1045 2937 1128 quod
2987 1064 3115 1109 nou
3163 1052 3375 1128 potest
3418 1045 3807 1125 contingere.
3848 1043 3975 1106 Sed

2475 1143 2705 1205 iterum
2750 1144 3083 1226 poenitere,
3124 1151 3223 1206 est
3262 1150 3557 1206 manente
3604 1143 3973 1206 charactere

2474 1240 2861 1322 baptismali,
2894 1260 3116 1304 rursus
3155 1242 3233 1304 de
3272 1247 3531 1325 peccato
3568 1239 3784 1304 dolere
3818 1258 3973 1302 cum

2474 1339 2938 1403 emendationis
2969 1340 3312 1422 proposito.
3336 1375 3418 1386 —-
3438 1340 3502 1402 Si
3531 1347 3744 1402 autem
3778 1339 3974 1402 inste-

2472 1445 2599 1512 tur,
2618 1437 2769 1519 quia
2796 1437 3159 1520 Baptismus
3190 1457 3317 1502 non
3346 1445 3557 1521 potest
3582 1437 3974 1511 iterari,imo

2474 1536 2776 1618 injuriam
2808 1536 2866 1599 ei
2899 1536 3092 1599 infert
3120 1537 3231 1620 qui
3260 1537 3493 1620 repetit
3521 1536 3727 1611 illum,
3760 1545 3835 1598 ut
3860 1556 3973 1619 pa-
4013 1563 4241 1621 efflatas-1,

2473 1637 2797 1716 tuitzergo
2826 1654 2944 1698 nec
2973 1635 3363 1717 poeuitentia,
3377 1636 3731 1719 praesertim
3762 1654 3969 1718 quum
4000 1635 4108 1686 (1·3·

2473 1742 2819 1816 utrumque
2872 1753 2909 1794 a
2967 1733 3198 1796 Christi
3256 1734 3550 1816 passione
3605 1732 3977 1797 efficaciam

865 1839 1148 1903 virtuoso
1176 1839 1583 1921 gaudendum
1613 1845 1730 1912 est,
1755 1837 2008 1920 ipsique
2035 1835 2205 1898 actui
2238 1852 2365 1896 me·
2400 1837 2449 1900 B
2476 1831 2806 1910 sortiatur;
2839 1831 3205 1906 dicendum,
3240 1833 3407 1914 quod
3438 1850 3566 1895 non
3596 1840 3694 1894 est
3731 1832 3974 1907 simile,

865 1939 1085 2002 ritorio
1113 1937 1449 2001 delectatio
1477 1945 1574 2001 est
1601 1953 1879 2015 annexa3
1910 1935 2165 1998 videtur
2193 1933 2363 2016 quod

863 2037 942 2099 de
984 2037 1123 2120 ipso
1159 2044 1303 2123 act-u
1346 2035 1768 2118 poenitentiali
1806 2033 2213 2116 gaudendum
2258 2032 2361 2107 sit,

863 2143 928 2197 et
957 2135 1402 2199 delectandum
1453 2135 1518 2197 in
1562 2135 1720 2217 ipso.

946 2234 1226 2297 Tertium
1255 2241 1374 2308 est,
1406 2253 1486 2295 an
1532 2232 1908 2314 poenitentia
1946 2230 2148 2313 possit
2186 2230 2368 2292 itera-

865 2332 940 2394 ri.
985 2332 1062 2394 Et
1101 2339 1366 2415 apparet
1404 2332 1574 2414 quod
1618 2348 1769 2404 non,
1810 2329 1960 2412 quia
2002 2329 2080 2391 de
2125 2329 2365 2392 ratione

866 2430 1259 2512 poenitentiae
1304 2437 1401 2493 est
1442 2429 1762 2512 praeterita
1800 2428 1966 2491 mala
2007 2426 2269 2501 deflere,
2304 2434 2368 2488 et

864 2528 1161 2592 deflenda
1203 2547 1332 2592 non
1380 2521 1796 2592 committere.
1830 2527 2126 2601 Quaedam
2172 2525 2364 2588 etiam

865 2635 1126 2710 peccata
1163 2627 1634 2691 irremissibilia
1674 2626 2105 2690 nominantur.
2144 2625 2265 2688 Sed
2304 2631 2368 2687 et

569 2746 833 2805 ifle-0³:35.
867 2727 1076 2808 primo
1119 2727 1359 2808 Regum
1403 2726 1672 2789 habetur
1705 2742 1719 2786 ε
1754 2724 1819 2787 Si
1867 2721 2227 2806 peccaverit
2268 2721 2367 2784 vir

868 2825 933 2886 in
965 2825 1198 2894 virum,
1233 2824 1468 2907 placari
1500 2823 1558 2886 ei
1590 2829 1799 2906 potest
1827 2823 2024 2901 Deus3
2058 2821 2111 2883 si
2150 2828 2365 2882 autem

864 2923 933 2984 in
982 2922 1326 2985 Dominum
1375 2920 1756 3004 peccaverit,
1804 2919 1950 3003 quis
1995 2919 2207 2983 orabit
2250 2936 2367 3000 pro

866 3027 1128 3102 peccato
1171 3020 1389 3083 illius?

951 3217 1047 3280 Ad
1107 3218 1243 3281 haec
1301 3216 1641 3300 respondet
1695 3215 1992 3279 Albertus
2042 3231 2058 3275 ε
2107 3212 2365 3296 Absque

863 3315 1277 3397 ambiguitate
1335 3314 1613 3398 pessima
1667 3322 1764 3376 est
1820 3312 2100 3386 haeresis,
2154 3312 2366 3375 dicere

866 3414 1307 3496 poenitentiam
1352 3431 1480 3476 non
1525 3431 1710 3495 posse
1751 3412 2044 3474 excidere
2089 3429 2208 3473 nec
2254 3410 2365 3472 ite-

867 3512 1014 3587 rari,
1047 3512 1215 3575 sicut
1255 3512 1548 3593 Magister
1590 3511 1655 3573 in
1702 3511 1910 3573 littera
1952 3510 2116 3572 bene
2165 3509 2369 3572 decla·

865 3618 979 3673 rat.
1013 3610 1141 3674 Nec
1181 3609 1667 3673 fundamentum
1712 3617 1824 3671 aut
1864 3608 2023 3671 ratio
2062 3615 2161 3669 est
2200 3625 2365 3671 verae

864 3709 1279 3792 poenitentiae‚
1329 3710 1408 3772 de
1468 3715 1679 3771 cetero
1739 3725 1866 3771 non
1914 3724 2201 3790 peccare,
2251 3705 2364 3769 sed

863 3807 1099 3871 habere
1145 3807 1544 3891 propositum
1593 3805 1860 3869 firmum
1907 3803 2185 3887 amplius
2235 3821 2362 3867 non

864 3907 1192 3991 peccandi.
1227 3906 1304 3969 Et
1347 3906 1435 3968 ita
1477 3905 1852 3988 poenitentia
1895 3902 2364 3986 quodammodo

862 4012 961 4067 est
1004 4003 1277 4078 infinita,
1311 4021 1440 4067 non
1483 4002 1835 4077 duratione,
1869 4001 1981 4063 sed
2020 4000 2229 4063 cordis
2269 4000 2365 4062 in—

863 4104 1146 4167 tentione
1200 4120 1215 4165 :
1267 4101 1569 4184 quoniam
1631 4101 1980 4163 detestatur
2029 4106 2363 4182 peccatum

2474 1937 2736 2012 propter
2763 1929 2902 1992 tria.
2926 1929 3159 2005 Prim0,
3182 1930 3334 2012 quia
3362 1931 3723 2013 Baptismus
3750 1930 3985 1993 imme-

2475 2027 2641 2091 diate
2685 2029 2877 2092 trahit
2919 2027 3050 2091 vim
3100 2047 3282 2092 suam
3323 2048 3361 2091 a
3405 2029 3637 2093 Christi
3676 2029 3982 2112 passione

2473 2127 2916 2190 tantummodo
2936 2144 2950 2189 τ
2972 2127 3113 2190 ideo
3144 2127 3313 2190 sicut
3338 2128 3551 2210 passio
3580 2128 3815 2191 Christi
3844 2145 3981 2190 non

2475 2225 2760 2301 iteratur,
2784 2226 2877 2288 sic
2907 2243 3026 2288 nec
3056 2226 3437 2308 Baptismus.
3463 2226 3841 2290 Poenitentia
3866 2245 3983 2289 au-

2474 2329 2605 2385 tem
2646 2324 2951 2406 supponit
2988 2324 3231 2406 aliquid
3271 2323 3337 2386 in
3377 2332 3592 2387 nostra
3621 2324 3978 2398 voluntate,

2474 2443 2617 2506 quae
2647 2422 2974 2486 mutabilis
3004 2421 3441 2505 iterabilisque
3471 2423 3775 2498 consistit,
3789 2423 3980 2505 cujus

2473 2522 2654 2585 dolor
2682 2529 2778 2584 θεῖ
2806 2521 3199 2605 poenitentia.
3236 2522 3546 2597 Secundo,
3578 2523 3731 2604 quia
3761 2522 3982 2604 Bapti-

2474 2639 2653 2682 smus
2686 2620 3116 2682 characterem
3159 2620 3493 2702 imprimit,
3526 2627 3599 2683 ut
3635 2620 3843 2704 patuit
3872 2640 3982 2683 su·
4010 2646 4241 2703 cfipfflcff

2474 2737 2591 2800 pra
2621 2736 2635 2780 :
2670 2718 2910 2781 idcirco
2939 2719 2994 2780 si
3026 2719 3379 2793 iteraretur,
3404 2725 3617 2782 essent
3645 2719 3713 2782 in
3742 2720 3981 2783 eodem
4012 2710 4075 2755 θ’·

2473 2817 2601 2878 duo
2648 2817 3041 2879 characteres
3092 2815 3521 2899 baptismales,
3557 2818 3788 2894 Tertio,
3821 2820 3984 2901 quia

2474 2915 2834 2996 Baptismus
2872 2922 2969 2978 est
3008 2922 3229 2977 contra
3265 2915 3573 2996 originale
3610 2926 3977 2999 peccatum,
4012 2933 4241 2992 captus

2400 3018 2444 3082 C
2474 3015 2644 3096 quod
2673 3032 2801 3077 non
2832 3014 3132 3094 iteratur3
3165 3015 3539 3096 poenitentia
3566 3033 3719 3079 vero
3753 3025 3983 3080 contra

2473 3112 2741 3187 actuale,
2800 3113 2970 3195 quod
3024 3111 3289 3177 iteratur
3346 3113 3649 3197 quotidie.
3698 3150 3783 3161 —
3830 3115 3981 3179 Haee

2472 3211 2791 3274 Albertus.

2554 3308 2869 3373 Consonat
2898 3309 3168 3373 Thomas
3187 3326 3202 3371 ε
3221 3309 3469 3392 Opinio,
3494 3310 3812 3393 inquiens,
3831 3331 3983 3395 quae

2474 3406 2631 3469 dicit
2660 3408 2986 3470 hominem
3016 3426 3053 3469 a
3091 3407 3469 3490 poenitentia
3496 3427 3647 3472 vera
3673 3427 3803 3472 non
3836 3428 3985 3493 pos-

2475 3522 2543 3567 se
2583 3506 2897 3581 excidere,
2930 3504 3089 3568 falsa
3126 3513 3245 3581 est,
3278 3514 3345 3570 et
3381 3508 3615 3570 similis
3653 3510 3857 3572 errori
3888 3510 3983 3571 di-

2474 3605 2779 3679 centium,
2822 3606 2993 3686 quod
3042 3606 3269 3668 caritas
3316 3606 3517 3669 semel
3563 3605 3801 3681 habita,
3846 3623 3981 3670 non

2475 3701 2675 3785 possit
2714 3702 2941 3766 amitti.
2975 3702 3151 3777 Quod
3193 3703 3599 3786 reprobatum
3639 3713 3737 3767 est
3777 3723 3983 3787 super
4038 3738 4107 3794 cs
4126 3734 4241 3787 211

2473 3800 2769 3864 tertium:
2788 3802 3091 3882 quoniam
3122 3802 3351 3865 caritas
3377 3819 3506 3865 non
3535 3802 3745 3865 aufert
3772 3803 4051 3916 lihemg
4067 3798 4241 3914 ⁵⁴¹2?

2472 3898 2735 3962 arbitrio
2762 3898 3286 3963 flexibilitatem
3270 3920 3334 3963 m
3366 3907 3531 3963 statu
3561 3902 3699 3965 viae.
3734 3902 3982 3966 Simili·
4006 3940 4049 3981 p.
4066 3896 4187 3969 susc.
4216 3860 4241 3917 ’

2474 4005 2570 4061 ter
2606 3997 2777 4081 quod
2816 3996 3105 4060 futurum
3145 4006 3263 4074 est,
3296 4016 3425 4062 non
3463 4007 3560 4063 est
3594 4000 3674 4063 de
3713 4000 3982 4083 integri-

2473 4104 2599 4159 tate
2629 4104 2818 4179 atque
2855 4098 3131 4161 essentia
3169 4097 3425 4162 virtutis
3464 4116 3637 4161 nunc
3664 4100 3982 4163 exsisten-

865 4202 932 4264 in
979 4208 1385 4284 perpetuum,
1418 4199 1485 4262 in
1529 4205 1840 4280 quantum
1889 4197 2165 4260 intendit
2204 4197 2362 4260 illud
2392 4199 2441 4260 D
2476 4194 2557 4257 tis
2586 4202 2651 4257 et
2678 4196 3011 4258 actualiter
3040 4195 3428 4272 inhaerentiS,
3460 4197 3587 4259 nisi
3616 4199 3981 4263 secundum

867 4318 1194 4381 nunquam
1241 4298 1561 4361 reiterare.
1597 4296 1756 4359 Hinc
1799 4296 1853 4359 si
1897 4296 2039 4378 quis
2089 4296 2366 4377 patiatur

868 4397 1242 4472 recidivum,
1275 4415 1404 4461 non
1445 4395 1736 4478 sequitur
1772 4395 1942 4477 quod
1987 4411 2114 4456 non
2158 4393 2367 4457 fuerat

866 4502 1013 4559 ante
1058 4495 1366 4559 veraciter
1408 4494 1764 4578 poenitens3
1805 4512 1923 4557 nec
1969 4493 2365 4576 impossibile

865 4601 967 4659 est
995 4614 1144 4657 eum
1175 4596 1404 4658 iterum
1437 4593 1878 4678 poenitentiam
1913 4594 2157 4669 iterare,
2170 4612 2366 4675 quum

869 4701 1074 4757 totum
1117 4700 1372 4777 tempus
1415 4693 1564 4757 vitoe
1609 4692 1938 4775 praesentis
1981 4692 2064 4754 sit
2110 4700 2367 4775 tempus

870 4792 1157 4856 merendi
1200 4800 1265 4855 et
1305 4792 1696 4856 demerendi.

949 4891 1026 4953 Et
1081 4892 1136 4953 si
1187 4889 1531 4972 objiciatur
1578 4890 1738 4952 illud
1785 4888 2068 4971 Apostoli
2127 4889 2205 4951 ad
2253 4888 2369 4951 He·

583 5003 838 5056 nem-am-
869 4988 1093 5065 braeoS,
1145 4989 1548 5073 Impossibile
1594 4997 1693 5052 est
1734 5006 1842 5052 eos
1883 4988 1995 5069 qui
2043 4987 2244 5050 semel
2293 4988 2366 5049 il-

572 5070 614 5113 ο·
869 5087 1165 5151 luminati
1212 5097 1380 5163 sunt,
1428 5094 1845 5170 gustaverunt
1887 5086 2080 5149 etiam
2121 5086 2365 5148 bonum

867 5186 1138 5251 verbum
1171 5186 1305 5261 Dei,
1327 5187 1723 5269 virtutesque
1753 5185 1969 5250 saeculi
2001 5184 2279 5261 venturi,
2304 5192 2367 5247 et

865 5285 1151 5373 prolapsi
1181 5292 1351 5361 sunt,
1375 5304 1596 5348 rursus
1627 5286 1914 5350 renovari
1947 5285 2026 5348 ad
2056 5284 2369 5367 poeniten-

2478 4294 2647 4378 quod
2696 4294 2855 4357 illud
2912 4294 3201 4357 futurum
3259 4302 3359 4358 est
3414 4313 3693 4377 praesens
3742 4296 3811 4358 in
3864 4316 3983 4380 ap-

2478 4394 2899 4477 prehensione
2936 4412 3010 4456 ac
3050 4394 3395 4457 voluntate.
3429 4394 3693 4457 Habitus
3733 4396 3983 4481 quippe

2476 4511 2676 4575 quum
2721 4492 2805 4554 sit
2840 4499 3081 4556 naturae
3120 4495 3575 4575 permanentis,
3606 4500 3807 4557 totam
3850 4516 3985 4561 suae

2477 4591 2768 4655 essentiae
2814 4590 3275 4673 perfectionem
3333 4593 3524 4655 habet
3572 4594 3637 4655 in
3690 4592 3981 4671 instanti,

2478 4709 2619 4772 quae
2656 4698 2721 4753 et
2756 4698 2886 4755 tota
2928 4692 3122 4755 simul
3164 4692 3229 4753 in
3274 4711 3475 4754 unum
3514 4699 3728 4755 actum
3770 4701 3987 4775 potest

2476 4789 2765 4853 effluere.
2800 4790 2959 4853 Hinc
2990 4798 3197 4873 potest
3225 4807 3365 4853 esse
3396 4791 3771 4873 poenitentia
3798 4811 3980 4867 vera,

2476 4888 2770 4971 quamvis
2812 4888 2893 4951 ab
2940 4907 3015 4951 ea
3057 4907 3173 4970 per
3218 4888 3573 4951 recidivum
3616 4890 3763 4971 quis
3802 4892 3981 4954 exci-

2476 4988 2600 5050 dat.
2634 4987 3178 5061 Quemadmodum
3214 4994 3429 5050 autem
3470 4988 3717 5052 offensa
3754 5008 3982 5071 quam·

2475 5086 2622 5148 dam
2653 5085 2845 5149 habet
2875 5084 3281 5161 infinitatem,
3318 5086 3405 5149 ita
3442 5095 3509 5150 et
3532 5094 3711 5149 actus
3742 5090 3979 5152 contri-

2476 5184 2689 5260 tionis,
2727 5185 2792 5247 in
2841 5192 3151 5267 quantum
3200 5186 3489 5268 procedit
3534 5206 3613 5249 ex
3659 5190 3866 5269 gratia
3912 5197 3977 5252 et

2475 5283 2707 5347 actuali
2736 5284 3017 5348 motione
3046 5284 3321 5368 Spiritus
3346 5286 3574 5363 Sancti,
3587 5286 3979 5353 efficaciam·
