4267 6250
1063 521 1146 569 nt
1183 521 1456 578 mmm,
1491 521 1722 570 omum
1759 519 1838 568 n·
1875 521 2167 570 summm
2206 521 2615 570 mmm

293 693 558 770 quenter
582 691 886 772 perhibet
909 691 1046 756 vim
1071 690 1302 756 animae
1329 709 1486 755 esse.
1501 691 1790 774 Denique
1817 690 1872 756 A
1899 690 2044 754 ideo
2079 699 2249 756 totus
2286 692 2458 757 dolet
2490 694 2573 756 de
2608 694 2975 768 amissione,
3006 699 3179 758 totus
3212 694 3395 758 ardet

290 787 470 868 juxta
493 808 666 864 eum,
701 791 870 854 inter
905 793 1248 855 essentiam
1289 792 1520 855 animae
1547 799 1612 854 et
1641 809 1790 873 ope-

295 887 598 950 rationem
655 889 862 972 ipsius
909 889 1122 952 media
1175 899 1276 953 est
1319 889 1626 972 potentia,
1675 907 1792 971 per

294 1003 484 1066 quam
530 994 594 1049 et
637 1006 678 1048 a
723 1007 855 1070 qua
904 989 1196 1070 procedit
1245 989 1414 1052 actio
1471 988 1790 1051 mediante

293 1084 524 1147 virtute
559 1103 674 1147 seu
713 1085 980 1164 habitu3
1009 1094 1075 1148 et
1111 1086 1370 1150 habitus
1409 1086 1548 1168 ipse
1583 1086 1790 1148 deter-

295 1181 512 1256 minat,
543 1190 740 1265 aptat,
773 1185 1268 1267 expeditamque
1313 1184 1520 1246 reddit
1567 1191 1788 1265 poten-

293 1279 446 1342 tiam
473 1281 552 1342 ad
579 1281 920 1361 agendum.
953 1281 1114 1344 Hinc
1143 1281 1570 1345 communiter
1597 1289 1788 1362 atque

293 1378 688 1441 concorditer
711 1379 936 1442 dicunt
963 1380 1278 1454 doctores,
1299 1379 1470 1461 quod
1501 1379 1664 1442 fides
1691 1386 1790 1440 est

295 1475 360 1536 in
412 1475 760 1551 intellectu,
809 1477 1126 1560 sapientia
1170 1496 1449 1560 quoque,
1493 1477 1785 1548 scientia,

297 1574 628 1654 prudentia
657 1582 722 1637 et
758 1593 862 1638 ars
877 1591 898 1654 ;
927 1595 1076 1658 spes
1105 1593 1280 1650 vero,
1311 1575 1564 1650 caritas,
1592 1576 1788 1638 timor

295 1679 364 1732 ut
389 1680 484 1734 est
521 1673 786 1748 donum,
819 1673 888 1736 in
917 1672 1262 1737 voluntate.
1295 1674 1422 1737 Nec
1451 1673 1622 1754 cogit
1649 1691 1790 1754 per-

293 1770 500 1834 suasio
527 1771 639 1832 illa
671 1788 686 1833 :
719 1790 868 1834 nam
897 1780 965 1834 et
993 1772 1060 1834 in
1091 1773 1396 1853 potentiis
1423 1773 1655 1836 animae
1691 1779 1790 1834 est

1899 788 1966 850 in
1997 789 2500 871 recuperatione,
2534 797 2737 854 totum
2776 791 2949 873 quod
2980 798 3186 874 potest
3214 809 3393 874 para·

1897 893 2002 949 tus
2029 895 2126 948 est
2156 887 2387 960 facere,
2420 895 2490 950 ut
2518 907 2661 951 eam
2694 888 3011 952 rehabeat,
3046 889 3261 972 ltaque
3290 908 3395 952 ve-

1897 1004 1966 1047 re
2009 985 2353 1068 poenitenS‚
2383 986 2495 1067 qui
2538 987 2799 1050 nomine
2848 995 2913 1049 et
2958 1006 3028 1050 re
3074 986 3394 1069 poenitens

1895 1092 2014 1156 est,
2047 1092 2289 1146 tantam
2332 1093 2569 1147 sortem
2604 1103 2681 1147 ac
2724 1093 2969 1168 partem
3006 1085 3224 1167 gratiae
3257 1085 3393 1166 jam

1895 1182 2164 1264 accepit,
2198 1189 2268 1245 ut
2294 1181 2377 1244 ab
2404 1184 2581 1246 omni
2616 1183 2836 1247 debito
2873 1201 3001 1266 quo
3040 1184 3396 1266 praeceden-

1893 1288 1958 1343 te
1997 1279 2179 1362 lapsu
2218 1299 2287 1342 se
2329 1280 2657 1363 obligavit,
2688 1300 2759 1344 se
2792 1281 3123 1344 absolvere
3168 1283 3397 1346 merito

1893 1376 2201 1440 sufficiat.
2231 1378 2419 1452 Quasi
2462 1397 2615 1461 ergo
2658 1379 3143 1444 aestimationem
3190 1381 3395 1443 omni-

1897 1495 2006 1538 um
2036 1477 2420 1541 amissorum
2452 1477 2517 1540 in
2549 1478 2689 1560 ipsa
2716 1479 3230 1561 compunctionis
3256 1497 3395 1560 gra-

1895 1573 1984 1635 tia
2025 1574 2257 1657 recipit
2294 1593 2371 1637 ac
2412 1574 2695 1638 sortitur.

1975 1672 2245 1754 Insuper
2274 1674 2650 1754 poenitentia
2677 1683 2849 1737 recte
2877 1674 3397 1758 etymologintur

1894 1787 1970 1831 ac
1999 1771 2237 1832 dicitur
2264 1770 2449 1853 quasi
2478 1772 2680 1835 tentio
2710 1791 2937 1854 poenoe,
2962 1772 3024 1834 id
3054 1781 3153 1835 est
3180 1791 3395 1855 poena-

293 1867 530 1949 aliquid
579 1869 928 1932 materialis
975 1870 1404 1953 proprietatis,
1455 1889 1656 1952 quum
1702 1868 1785 1931 ab
1819 1865 1869 1930 B
1897 1866 1978 1930 lis
2023 1867 2421 1942 afflictioniS,
2462 1888 2663 1951 quum
2710 1870 2793 1932 sit
2839 1870 3023 1952 quasi
3068 1889 3287 1933 carcer
3331 1879 3396 1934 et

293 1965 564 2029 essentia
589 1969 821 2032 animae
851 1967 1056 2032 fluere
1082 1987 1158 2030 ac
1187 1969 1548 2051 dependere
1575 1969 1788 2031 dican-

293 2071 416 2138 tur,
443 2064 806 2149 perficique
843 2066 1190 2148 indigeant,
1221 2075 1286 2129 et
1323 2067 1584 2149 quidam
1629 2065 1785 2129 effe-

297 2169 430 2226 ctus
469 2165 842 2227 consistant.

373 2262 456 2324 De
487 2263 868 2344 poenitentia
897 2264 1262 2347 composuit
1287 2263 1586 2327 dominus
1613 2264 1788 2328 Guil-

298 2358 520 2422 lelmus
591 2361 968 2423 parisiensis
1035 2360 1380 2444 episeopus
1447 2370 1788 2425 tractatum

297 2458 656 2538 specialem,
695 2459 1168 2522 devotionalem
1204 2479 1280 2522 ac
1325 2459 1600 2523 multum
1639 2461 1788 2522 sub-

295 2554 465 2617 tilem
488 2573 504 2619 :
527 2557 822 2620 Secunda
847 2557 1202 2640 (inquiens)
1229 2557 1447 2620 tabula
1474 2567 1618 2640 post
1647 2577 1792 2622 nau-

295 2651 582 2735 fragium,
645 2673 774 2737 qua
835 2663 980 2739 post
1051 2657 1516 2740 reparationem
1581 2663 1645 2718 et
1711 2656 1788 2720 li-

297 2749 680 2816 berationem
743 2773 1000 2817 rursum
1059 2754 1252 2818 mersi
1310 2755 1644 2836 eripimur,
1693 2762 1791 2818 est

297 2850 688 2930 poenitentia,
727 2851 794 2913 in
843 2859 1091 2916 tantum
1139 2852 1416 2915 salubris
1463 2861 1529 2915 et
1571 2871 1790 2916 neees-

297 2949 474 3022 saria,
505 2955 577 3011 nt
617 2949 762 3012 sine
809 2968 886 3012 ea
927 2950 1290 3032 Baptismus
1337 2949 1612 3013 liberare
1661 2969 1788 3015 non

1897 1985 2068 2030 mors
2097 1966 2333 2030 veteris
2362 1967 2665 2043 hominiS,
2690 1975 2756 2032 et
2785 1969 3036 2051 punitio
3058 1970 3157 2033 sui
3190 1971 3395 2052 ipsius

1895 2082 2012 2147 pro
2043 2066 2341 2148 peccatis.
2376 2065 2484 2128 Est
2514 2085 2789 2149 namque
2829 2068 3205 2150 poenitentia
3242 2088 3397 2151 qua-

1895 2164 1950 2226 si
1989 2182 2148 2226 crux
2184 2173 2377 2246 atque
2407 2164 2767 2247 patibulum
2798 2166 3081 2230 hominis
3117 2168 3391 2230 veteris:

1897 2261 2317 2344 poenitentem
2366 2265 2607 2326 etenim
2656 2264 2837 2328 dolor
2882 2267 3397 2348 compunctionis

1895 2369 2080 2441 urget
2123 2361 2417 2436 interiuS,
2446 2371 2513 2426 et
2548 2363 2729 2426 labor
2770 2364 3219 2428 satisfactionis
3260 2384 3399 2447 pre-

1899 2458 2018 2520 mit
2045 2461 2346 2522 exteriuS.
2382 2461 2491 2522 Est
2526 2479 2781 2544 quoque
2822 2461 3199 2545 poenitentia
3227 2463 3399 2545 judi·

1899 2556 2073 2620 cium
2123 2558 2400 2640 propriae
2448 2559 3018 2635 condemnationiS,
3070 2579 3199 2642 quo
3252 2579 3399 2624 reus

1899 2661 2154 2715 accusat
2182 2661 2249 2715 et
2274 2654 2585 2734 dijudicat
2612 2656 3067 2738 semetipsum3
3098 2664 3161 2718 et
3190 2656 3405 2719 termi-

1899 2753 2074 2814 natio
2101 2752 2497 2833 aegritudinis
2530 2751 2873 2828 interioriS,
2908 2754 3181 2817 redditio
3218 2754 3403 2818 ratio-

1901 2849 2024 2924 niS,
2047 2859 2409 2932 computuS,
2427 2869 2501 2913 ac
2532 2851 2967 2914 reconciliatio
2994 2851 3078 2914 ab
3104 2851 3397 2928 offensis,

1899 2949 2198 3011 nativitas
2236 2948 2589 3031 spiritualis
2627 2951 3089 3033 parturitioniS,
3121 2969 3399 3014 resurre-

297 3044 493 3108 raleat
535 3047 788 3111 adultos
837 3048 948 3131 qui
991 3056 1222 3132 praeter
1265 3049 1576 3131 originale
1621 3049 1790 3133 passi
1825 3047 1870 3111 C
1901 3047 2030 3108 ctio
2056 3065 2135 3109 ex
2166 3047 2457 3122 mortuis,
2488 3056 2667 3112 ortus
2696 3048 3014 3132 surgentis
3047 3067 3290 3114 aurorae
3320 3050 3401 3113 de

297 3152 442 3207 sunt
483 3146 890 3229 naufragium
941 3148 1226 3211 mortalis
1275 3149 1540 3231 peccati.
1590 3149 1792 3212 Poeni·

295 3245 490 3307 tentia
527 3263 684 3309 vero
731 3246 873 3309 sine
919 3247 1244 3330 Baptismo
1291 3254 1502 3329 potest
1547 3246 1790 3310 salvare

295 3342 598 3419 adultum,
662 3338 1014 3409 dummodo
1079 3364 1208 3409 non
1273 3345 1439 3409 adsit
1503 3352 1789 3408 contem-

295 3448 442 3522 ptus
469 3443 892 3527 BaptismatiS.
925 3445 1194 3507 Videtur
1219 3452 1434 3507 autem
1477 3445 1789 3527 poeniten-

295 3540 376 3603 tia
407 3542 588 3623 quasi
617 3561 827 3625 poenae
855 3544 1056 3607 tentio
1085 3544 1277 3617 dicta,
1309 3550 1571 3625 propter
1597 3542 1789 3605 amis-

294 3656 428 3701 sam
457 3640 912 3717 innocentiam,
943 3660 1058 3705 seu
1087 3641 1270 3725 quasi
1303 3641 1504 3705 tentio
1537 3641 1788 3705 amissae

297 3736 688 3803 innocentiae.
721 3740 1042 3803 Poenitens
1080 3740 1324 3823 quippe
1359 3739 1662 3803 amissam
1695 3739 1790 3801 in-

293 3838 648 3902 nocentiam
685 3838 873 3921 quasi
911 3846 1106 3914 tenet,
1143 3839 1298 3901 dum
1338 3838 1662 3901 voluntate
1699 3846 1790 3900 at-

295 3952 418 4015 que
442 3936 769 4019 proposito
797 3956 940 4000 eam
970 3943 1168 4010 tenet,
1189 3938 1346 3999 dum
1373 3955 1516 3999 eam
1546 3936 1792 3999 deside-

294 4031 381 4095 rio
432 4040 562 4096 toto
621 4034 1004 4117 insequitur,
1056 4042 1188 4098 toto
1237 4034 1455 4097 dolore
1511 4041 1787 4107 revocat,

297 4137 420 4195 toto
479 4133 696 4196 studio
761 4134 1038 4215 totisque
1097 4132 1345 4195 viribus
1412 4150 1791 4215 recuperare

1899 3145 2205 3220 tenebris,
2225 3145 2501 3227 abjectio
2528 3148 2833 3231 AEgyptiae
2862 3149 3212 3223 servitutiS,
3230 3166 3401 3213 com·

1899 3252 2305 3326 putrescente
2350 3245 2507 3326 jugo
2552 3265 2591 3307 a
2640 3245 2803 3309 facie
2858 3246 3027 3327 olei3
3077 3247 3396 3323 contritio,

1897 3341 2297 3417 annihilatio,
2328 3351 2393 3405 et
2430 3342 2495 3405 in
2535 3343 2869 3425 pulverem
2908 3346 3189 3409 redactio
3226 3354 3399 3409 vete-

1899 3441 1986 3502 ris
2029 3441 2333 3515 hominis,
2368 3441 2636 3504 feriente
2673 3442 2950 3525 desuper
2992 3445 3125 3525 pilo
3160 3444 3401 3507 doloris

1897 3557 1972 3601 ac
2003 3539 2235 3601 malleo
2266 3539 2719 3619 indignationis
2746 3548 2967 3604 contra
2994 3560 3063 3604 se
3090 3543 3301 3625 ipsum
3324 3562 3399 3606 ac

1899 3636 2225 3719 propriam
2269 3637 2790 3719 perversitatem3
2820 3638 3077 3702 eductio
3124 3640 3275 3704 item
3319 3641 3399 3705 de

1899 3735 2309 3798 conclusione
2337 3743 2403 3798 et
2432 3754 2705 3811 carcere,
2720 3737 3039 3800 restitutio
3067 3738 3237 3801 sedis
3264 3758 3401 3820 gra-

1900 3834 2005 3897 tiae
2050 3833 2393 3915 thronique
2441 3833 2701 3914 gloriae3
2740 3842 2959 3898 contra
2996 3836 3253 3919 culpam
3291 3837 3401 3899 tri·

1901 3932 2205 4014 umphuS,
2236 3939 2425 4014 atque
2462 3931 2730 3995 victoria
2767 3932 3079 3997 salutaris.
3114 3935 3399 4017 Denique

1900 4030 2341 4093 auctoritatem
2382 4030 2471 4092 ita
2502 4029 2833 4112 judicandi
2876 4038 2941 4093 et
2982 4032 3293 4114 puniendi
3330 4051 3399 4095 se

1903 4128 2117 4211 ipsum
2170 4128 2431 4190 sortitus
2486 4136 2585 4191 est
2633 4128 2827 4191 homo
2872 4146 2909 4191 a
2957 4130 3272 4205 Creatore,
3322 4148 3400 4194 eo

297 4238 572 4293 conatur.
609 4231 720 4295 Est
767 4249 920 4313 ergo
967 4232 1296 4295 voluntate
1343 4250 1418 4293 ac
1467 4231 1794 4313 proposito
1821 4234 1872 4296 D
1904 4226 2044 4308 ipso
2071 4243 2201 4307 quo
2228 4224 2310 4287 ab
2341 4225 2453 4289 illo
2482 4226 2864 4289 constitutus
2894 4235 2990 4289 est
3022 4228 3273 4291 dotatus
3300 4248 3398 4292 ar-

299 4327 356 4389 in
383 4338 544 4392 statu
575 4330 1178 4412 innocentiae,quam
1207 4329 1531 4411 peccando
1559 4329 1790 4403 amisit,

298 4429 572 4491 nondum
613 4436 761 4491 actu
795 4445 810 4490 :
845 4428 978 4491 imo
1009 4428 1142 4509 jam
1182 4428 1365 4510 quasi
1395 4426 1588 4490 habet
1623 4446 1789 4502 eam,

296 4522 580 4589 habendo
625 4527 886 4609 plenam
935 4534 998 4587 et
1047 4526 1358 4607 integram
1398 4525 1792 4589 voluntatem

297 4620 562 4688 habendi
611 4642 775 4687 eam.
808 4624 1054 4706 Nempe
1099 4623 1454 4686 maximum
1499 4623 1792 4687 omnium

299 4722 522 4802 quibus
553 4723 926 4788 innocentia
952 4729 1226 4797 tenetur,
1251 4729 1348 4785 est
1378 4721 1544 4785 bona
1573 4722 1793 4785 volun-

301 4826 420 4901 tas3
452 4822 798 4886 minimum
847 4840 1002 4885 vero
1047 4829 1146 4885 est
1189 4837 1374 4903 opust„
1407 4822 1577 4903 quod
1624 4821 1792 4885 Deus

299 4921 614 4983 modicum
655 4927 910 5003 reputat
947 4927 1012 4982 et
1049 4926 1398 5002 computat,
1429 4919 1542 4982 ubi
1585 4919 1792 5002 perfe-

298 5026 390 5081 cta
415 5016 712 5083 volunta's
751 5019 1048 5081 adfuerit.
1080 5019 1402 5082 Poenitens
1437 5026 1652 5081 autem
1687 5036 1792 5080 ve-

297 5120 540 5193 raciter,
572 5117 770 5181 vellet
815 5136 885 5179 se
932 5135 1262 5199 nunquam
1315 5134 1649 5199 peccasse3
1681 5117 1792 5179 sed

297 5217 436 5297 quia
475 5234 606 5281 non
642 5234 944 5298 peccasse
985 5214 1468 5299 impossibilitas
1503 5214 1794 5298 perhibe-

287 5320 416 5393 -tur,
449 5316 646 5381 vellet
673 5315 1112 5380 innocentiam
1151 5324 1388 5391 tenere,
1422 5334 1542 5379 nec
1570 5314 1740 5379 va'let
1771 5331 1788 5376 ε

1902 4323 2116 4398 bitrio,
2148 4323 2539 4407 rationisque
2569 4324 2887 4407 particeps
2916 4332 2981 4387 et
3008 4326 3281 4389 naturali
3311 4327 3398 4390 le·

1900 4441 1978 4503 ge
2011 4421 2298 4486 imbutus
2332 4440 2347 4484 ε
2382 4422 2713 4505 potissime
2742 4422 2893 4505 quia
2920 4431 2985 4487 et
3014 4425 3153 4506 lege
3181 4425 3401 4489 divina

1903 4521 2276 4594 instructus,
2309 4540 2439 4603 qua
2474 4521 2776 4584 edocetur
2812 4522 2891 4584 de
2922 4522 3024 4585 sui
3053 4524 3401 4587 conditoris

1903 4618 2161 4700 injuriis
2200 4628 2265 4681 et
2301 4618 2569 4682 offensis
2608 4640 2859 4683 summe
2892 4621 3403 4705 incomparabili·

1901 4726 2127 4800 terque
2175 4717 2410 4793 dolere,
2458 4736 2531 4781 ac
2579 4725 2712 4781 toto
2758 4727 2987 4782 conatu
3036 4720 3401 4785 satisfacere

1904 4818 2020 4893 illi,
2071 4824 2135 4879 et
2184 4835 2560 4898 recuperare
2608 4817 2957 4880 amicitiam
3016 4836 3089 4880 ac
3132 4820 3401 4899 gratiam

1902 4916 2042 4997 ejus
2071 4923 2135 4978 et
2173 4914 2253 4977 de
2292 4922 2504 4977 cetero
2530 4915 2731 4976 vitare
2767 4933 3027 4978 omnem
3064 4916 3401 4980 inhonora·

1901 5016 2139 5077 tionem
2182 5014 2405 5096 ipsius.
2442 5047 2523 5057 —
2557 5013 2701 5075 Haec
2740 5012 3139 5077 Guillelmus.
3174 5015 3291 5089 Qui
3332 5016 3399 5078 in

1902 5111 2165 5195 praefato
2212 5119 2481 5173 tractatu
2534 5117 2597 5173 et
2652 5110 2719 5172 in
2771 5129 2888 5176 suo
2943 5112 3396 5176 Sacramentali

1903 5213 1982 5275 de
2021 5212 2120 5274 his
2162 5210 2444 5292 loquitur
2480 5210 2757 5293 copiose,
2791 5217 2981 5291 prout
3016 5212 3395 5294 opportunis

1903 5317 2197 5393 tangetur
2238 5307 2413 5371 locis.
