4267 6250
814 492 903 539 An
944 492 1245 541 rot-mas
1284 490 1551 539 mnu!
1592 490 1665 537 sn
1705 489 2029 537 mmm
2068 489 2154 535 Ab
2191 488 2602 539 nmsslormr
2641 489 2866 549 cumn,
2905 489 3034 537 arc.
3353 467 3474 534 507

364 665 601 729 aufert.
643 666 775 729 Nec
820 666 1029 729 solum
1072 663 1283 727 aufert
1320 663 1399 726 de
1448 681 1637 747 poena
1677 680 1871 745 quam
1894 660 1949 725 Δ
1980 666 2135 743 puta
2175 662 2472 726 contritio
2509 680 2622 725 seu
2661 660 3102 725 erubescentia
3139 662 3220 725 de
3254 679 3473 745 pecca·

364 764 693 828 confitens
724 764 917 827 habet
946 765 1013 827 in
1042 762 1431 837 confitendo,
1454 770 1527 825 ut
1552 761 1749 844 aliqui
1782 761 1874 823 di-

364 872 529 926 eunt
558 884 575 927 :
610 863 707 925 sic
750 864 923 926 enim
964 861 1284 926 confessio
1324 868 1389 924 et
1422 860 1741 924 absolutio
1780 879 1872 922 sa·

366 962 781 1024 eramentalis
820 980 947 1025 non
978 968 1193 1024 essent
1220 960 1345 1022 nisi
1388 960 1453 1022 in
1484 977 1669 1031 onus,
1701 958 1871 1040 quod

368 1078 499 1123 non
532 1060 845 1143 competit
876 1060 1291 1123 sacramentis
1328 1076 1509 1121 novae
1538 1057 1729 1139 legis3
1760 1056 1871 1119 sed

368 1158 565 1221 etiam
598 1159 679 1220 de
708 1158 821 1220 illa
860 1176 1049 1240 poena
1087 1177 1229 1239 quae
1270 1157 1335 1219 in
1375 1156 1741 1240 purgatorio
1768 1155 1871 1217 de·

370 1256 585 1330 betur,
618 1256 861 1339 aliquid
900 1256 1271 1330 remittitur,
1303 1263 1373 1318 ut
1404 1255 1469 1317 in
1507 1254 1873 1338 purgatorio

370 1355 591 1417 minus
628 1354 935 1437 puniatur
960 1354 1291 1418 absolutus
1321 1362 1469 1417 ante
1496 1351 1871 1415 satisfactio·

370 1473 523 1516 nem
553 1453 895 1527 decedens,
916 1472 1109 1535 quam
1143 1452 1195 1515 si
1232 1460 1379 1515 ante
1406 1450 1869 1514 absolutionem

372 1552 733 1615 decederet.

448 1650 517 1712 Si
560 1658 781 1713 antem
822 1648 1183 1731 objiciatur,
1216 1648 1369 1731 quia
1404 1647 1457 1711 si
1500 1664 1615 1729 per
1651 1664 1873 1728 quam-

372 1748 531 1812 libet
578 1748 1051 1812 confessionem
1108 1747 1357 1829 aliquid
1404 1765 1609 1829 poenae
1658 1744 1872 1809 remit·

1978 767 2065 833 to,
2106 767 2172 822 et
2215 768 2478 823 conatus
2525 779 2600 823 ac
2649 759 2862 823 fervor
2907 760 2986 823 ad
3037 760 3260 834 Deum,
3302 760 3471 843 quod

1977 865 2105 922 tota
2135 876 2326 941 poena
2351 859 2451 939 (ut
2487 859 2730 921 dictum
2769 860 2894 939 est)
2920 858 3260 922 auferatur.
3297 860 3472 921 Unde
3502 871 3570 925 Cr·
3584 870 3769 927 2⁴⁵⁹&

1980 956 2436 1019 inconveniens
2483 976 2610 1021 non
2653 965 2770 1031 est,
2812 958 2866 1019 si
2909 976 3024 1039 per
3069 956 3470 1040 frequentem
3499 935 3639 978 ⁴⁶³⁴·

1979 1055 2444 1119 confessionem
2501 1063 2632 1119 tota
2687 1075 2876 1139 poena
2931 1056 3207 1130 tollatur,
3261 1056 3346 1118 ita
3402 1063 3474 1118 ut

1980 1162 2314 1236 peccatum
2344 1154 2608 1218 omnino
2636 1162 2878 1217 maneat
2907 1155 3296 1237 impunitum
3327 1172 3474 1237 quo-

1978 1252 2058 1313 ad
2093 1270 2350 1334 poenam
2387 1250 2722 1326 inflictam,
2754 1271 2872 1335 pro
2900 1271 3029 1335 quo
3057 1253 3269 1336 passio
3298 1252 3475 1316 Chri-

1980 1350 2061 1411 sti
2104 1350 2432 1413 satisfecit.

2060 1449 2374 1522 Quaeritur
2403 1468 2679 1533 quoque,
2711 1469 2792 1513 an
2831 1450 3124 1515 sacerdos
3162 1450 3364 1535 possit
3401 1450 3474 1513 li·

1981 1564 2129 1627 gare
2159 1555 2224 1609 et
2253 1548 2498 1611 solvere
2525 1549 2706 1630 juxta
2742 1549 3077 1613 arbitrium
3117 1547 3470 1632 proprium.

1982 1642 2059 1708 Et
2086 1646 2623 1727 respondendum,
2657 1647 2825 1729 quod
2855 1647 3148 1711 sacerdos
3176 1656 3476 1729 operatur

1982 1744 2049 1806 in
2100 1764 2220 1807 usu
2264 1746 2540 1809 clavium
2593 1754 2664 1808 ut
2705 1746 3202 1809 instrumentum
3251 1754 3316 1809 et
3357 1746 3474 1809 mi-

370 1848 549 1921 titur,
612 1855 831 1930 posset
885 1847 1031 1929 quis
1088 1845 1273 1909 toties
1332 1846 1552 1908 eadem
1613 1851 1873 1927 peccata
1902 1842 1953 1907 B
1984 1842 2198 1904 nister.
2224 1843 2482 1905 Nullum
2514 1852 2728 1906 autem
2759 1845 3255 1909 instrumentum
3285 1844 3476 1907 habet

370 1948 695 2021 confiteri,
744 1948 915 2029 quod
972 1946 1133 2009 nihil
1193 1964 1399 2029 poenae
1446 1944 1870 2025 infligendum

368 2056 541 2109 esset
579 2064 697 2130 pro
734 2047 849 2109 eis.
882 2046 961 2108 Et
998 2045 1539 2127 respondendum,
1570 2044 1741 2126 quod
1778 2061 1873 2104 se·

370 2147 657 2209 cundum
714 2146 1047 2227 quosdam,
1106 2142 1425 2207 confessio
1480 2160 1609 2205 non
1664 2149 1875 2223 potest

370 2244 611 2307 habere
638 2243 949 2307 effectum
989 2244 1189 2324 magis
1217 2261 1412 2325 quam
1446 2240 1645 2303 semel
1680 2258 1874 2323 super

372 2343 545 2405 idem
578 2349 937 2425 peccatum,
970 2342 1059 2403 ita
1088 2341 1257 2423 quod
1290 2341 1355 2403 in
1387 2339 1595 2422 prima
1622 2338 1872 2401 absolu·

371 2443 551 2504 tione
580 2449 829 2503 tantum
866 2440 1215 2504 dimittitur
1242 2440 1305 2503 vi
1346 2438 1647 2513 clavium,
1679 2457 1875 2520 quan·

370 2547 514 2601 tum
558 2538 795 2601 dimitti
841 2546 1079 2621 potest3
1118 2546 1397 2600 attamen
1442 2536 1611 2599 valet
1654 2536 1875 2598 iterata

372 2636 719 2710 confessio,
744 2644 879 2699 tum
911 2644 1171 2719 propter
1202 2636 1711 2707 instructionem,
1733 2641 1873 2695 tum

374 2743 641 2820 propter
686 2734 993 2817 majorem
1038 2734 1511 2808 certitudinem,
1552 2741 1691 2795 tum
1734 2750 1875 2815 pro-

374 2842 519 2917 pter
557 2833 1081 2898 intercessionem
1122 2832 1526 2906 confessoris,
1559 2839 1697 2893 tum
1735 2849 1875 2912 pro-

374 2942 521 3019 pter
568 2934 969 2997 verecundiae
1020 2933 1338 2996 meritum.
1393 2933 1515 2995 Sed
1572 2931 1694 2995 hoc
1744 2948 1874 2993 non

1982 1940 2314 2004 efficacem
2345 1950 2580 2016 actum,
2605 1943 2726 2007 uisi
2759 1944 3112 2007 secundum
3141 1943 3311 2025 quod
3343 1961 3476 2006 mo-

1982 2046 2169 2101 vetur
2215 2059 2254 2102 a
2300 2040 2638 2123 principali
2686 2048 2911 2124 agente
2963 2060 2976 2104 :
3031 2042 3174 2105 ideo
3219 2041 3476 2105 divinus

1982 2137 2322 2221 Dionysius
2355 2139 2421 2202 in
2454 2140 2586 2202 fine
2615 2140 3075 2204 Ecclesiasticae
3104 2140 3476 2203 hierarchiae
3556 2170 3646 2213 ap.
3663 2170 3737 2199 vu.

1982 2243 2272 2309 testatur,
2322 2239 2494 2319 quod
2541 2239 2976 2307 sacerdotibus
3025 2240 3333 2302 utendum
3381 2246 3479 2302 est
3533 2254 3658 2311 cm.
3680 2252 3769 2305 xv,

1982 2334 2329 2398 virtutibus
2376 2334 2786 2399 hierarchicis
2843 2347 3033 2419 prout
3085 2336 3294 2399 Deitas
3347 2354 3476 2399 mo·
3504 2317 3715 2373 ''³⁸²⁴''

1982 2433 2148 2496 verit
2193 2451 2322 2496 eos
2363 2433 2606 2498 Idcirco
2655 2436 2721 2497 in
2763 2435 3106 2516 Evangelio
3151 2435 3474 2509 recitatur,

1983 2533 2153 2615 quod
2202 2534 2486 2597 Christus
2533 2535 2856 2599 collationi
2903 2535 3180 2599 clavium
3229 2535 3477 2618 praemi·

1982 2632 2111 2695 sit:
2146 2632 2434 2715 Accipite
2476 2633 2785 2715 Spiritum
2830 2634 3151 2697 Sanctum.
3196 2634 3372 2697 Unde
3421 2634 3473 2697 si
3504 2640 3770 2731 gomma,

1984 2730 2127 2813 quis
2166 2740 2394 2814 praeter
2431 2731 2602 2795 hunc
2635 2740 2878 2795 motum
2907 2733 3198 2795 divinum
3235 2732 3328 2796 uti
3363 2752 3477 2796 sua
3506 2707 3572 2747 ’ξ’

1984 2836 2294 2911 potestate
2343 2831 2842 2914 praesumpserit,
2885 2849 3014 2894 non
3063 2848 3479 2913 conse-quere·

1986 2935 2089 2989 tur
2130 2928 2460 3002 effectum,
2496 2936 2566 2992 ut
2603 2930 2663 2993 S.
2697 2930 3038 3013 Dionysius
3081 2930 3383 3013 loquitur,
3415 2937 3481 2993 et

374 3034 631 3096 videtur
674 3050 921 3106 verum,
964 3031 1267 3114 quoniam
1317 3038 1383 3093 et
1424 3031 1475 3093 si
1527 3030 1662 3095 haec
1710 3037 1878 3092 esset
1904 3024 1949 3088 C
1986 3028 2152 3091 ultra
2193 3029 2316 3091 hoc
2358 3049 2395 3091 a
2430 3028 2650 3092 divino
2691 3029 2914 3093 ordine
2955 3037 3366 3105 averteretur,
3406 3049 3480 3093 ac

374 3133 537 3196 ratio
580 3133 815 3194 iterum
863 3129 1239 3204 confitendi,
1282 3148 1409 3193 non
1456 3137 1669 3192 tamen
1711 3136 1879 3191 esset

374 3230 537 3294 ratio
582 3231 817 3292 iterum
860 3227 1230 3291 absolvendi
1261 3227 1643 3310 (praesertim
1690 3227 1755 3288 in
1800 3244 1877 3289 eo

375 3329 488 3410 qui
520 3335 735 3391 certus
762 3335 861 3390 est
890 3327 967 3389 de
1003 3326 1386 3408 praecedenti
1425 3325 1825 3388 absolutione
1858 3342 1872 3386 :

377 3427 465 3488 ita
506 3425 685 3490 enim
728 3425 960 3507 poterit
999 3424 1294 3487 dubitare
1332 3425 1411 3487 de
1453 3424 1731 3486 secunda
1772 3423 1879 3486 ab-

374 3524 717 3598 solutione,
748 3524 915 3587 sicut
956 3523 1035 3586 de
1079 3523 1349 3605 prima);
1378 3523 1545 3586 sicut
1581 3521 1876 3585 videmus

375 3625 547 3708 quod
576 3630 1038 3686 sacramentum
1062 3621 1373 3684 Extremae
1396 3621 1720 3684 Unctionis
1750 3638 1875 3683 non

378 3724 645 3787 iteratur
682 3740 879 3805 super
906 3721 1207 3784 eumdem
1249 3718 1569 3793 morbum,
1600 3735 1677 3780 eo
1705 3719 1877 3800 quod

376 3830 582 3886 totum
612 3821 785 3902 quod
819 3838 935 3902 per
964 3825 1435 3881 sacramentum
1466 3817 1611 3881 fieri
1647 3818 1874 3900 potuit,

375 3919 575 3984 semel
606 3926 705 3981 est
731 3917 992 3980 factum.
1027 3917 1105 3979 Et
1132 3924 1458 3999 praeterea,
1494 3915 1559 3978 in
1600 3916 1879 3979 secunda

374 4017 779 4082 confessione
820 4033 947 4078 non
996 4015 1431 4098 requireretur
1469 4014 1638 4096 quod
1682 4015 1735 4076 is
1773 4016 1875 4077 cui

376 4116 453 4179 fit
481 4114 1051 4188 confessio,claves
1080 4112 1365 4186 haberet,
1384 4112 1437 4174 si
1470 4112 1567 4175 vis
1599 4113 1874 4175 clavium

1985 3128 2242 3211 culpam
2282 3129 2653 3192 incurreret.
2687 3130 3026 3212 Quumque
3059 3149 3264 3214 poenae
3303 3131 3481 3194 satis·-

1984 3225 2265 3290 factoriae
2297 3226 2662 3308 infligendae
2691 3228 2822 3291 sint
2852 3236 2922 3290 ut
2953 3229 3306 3304 medicinae,
3341 3229 3482 3294 ideo

1984 3324 2152 3386 sicut
2199 3326 2534 3390 medicinae
2577 3327 2644 3389 in
2691 3334 2826 3389 arte
2873 3327 3305 3390 determinatae
3353 3346 3480 3391 non

1984 3421 2286 3485 omnibus
2336 3430 2485 3485 sunt
2523 3423 2783 3498 eaedem,
2817 3423 2928 3486 sed
2973 3425 3290 3489 variandae
3332 3434 3483 3488 sunt

1984 3521 2336 3583 secundum
2365 3521 2702 3584 arbitrium
2735 3522 3132 3594 medici,non
3161 3525 3483 3606 propriam

1984 3619 2372 3682 voluntatem
2401 3620 2741 3702 sequentis
2755 3620 2865 3684 sed
2895 3628 3096 3683 artem
3127 3640 3200 3684 ac
3230 3621 3479 3702 regulas

1986 3719 2353 3799 medicinae3
2403 3720 2489 3782 ita
2544 3737 2748 3802 poenae
2795 3719 3228 3784 satisfactoriae
3273 3721 3476 3783 deter-

1988 3817 2242 3880 minatae
2291 3818 2356 3880 in
2405 3836 2644 3880 canone
2695 3836 2823 3881 non
2871 3817 3172 3880 omnibus
3223 3836 3477 3900 compe·

1984 3923 2142 3990 tunt,
2158 3917 2266 3978 sed
2297 3916 2612 3980 variandae
2641 3925 2784 3978 sunt
2811 3916 3166 3979 secundum
3194 3917 3479 3982 sacerdo-

1986 4015 2068 4078 tis
2107 4014 2444 4078 arbitrium
2483 4015 2702 4078 divino
2745 4015 3050 4078 instinctu
3095 4016 3473 4097 regulatum.

1986 4113 2532 4186 Quemadmodum
2581 4113 2772 4176 etiam
2826 4113 3112 4176 medicus
3158 4115 3476 4177 interdum

376 4215 442 4276 in
486 4233 566 4276 ea
609 4213 702 4275 nil
745 4220 1132 4295 operaretur.
1166 4247 1249 4258 —-
1276 4211 1435 4273 Hinc
1479 4211 1587 4273 alii
1630 4212 1875 4286 dicunt,
1908 4216 1959 4277 D
1987 4231 2065 4274 ex
2102 4213 2440 4294 prudentia
2479 4231 2606 4275 non
2645 4211 2752 4274 dat
2782 4212 3161 4276 medicinam
3195 4221 3323 4276 tam
3358 4213 3482 4276 for-

376 4313 549 4395 quod
589 4313 785 4375 etiam
826 4311 895 4374 in
934 4311 1215 4374 secunda
1252 4309 1651 4373 confessione
1682 4317 1745 4372 et
1773 4309 1879 4372 ab·

378 4410 697 4474 solutione
736 4409 980 4491 aliquid
1018 4409 1081 4472 vi
1122 4408 1399 4470 clavium
1440 4408 1519 4470 de
1557 4426 1747 4491 poena
1786 4427 1880 4471 re-

379 4511 677 4580 mittitur,
711 4508 1013 4590 quoniam
1054 4507 1121 4568 in
1160 4506 1441 4569 secunda
1478 4506 1877 4570 absolutione

374 4616 793 4691 augmentum
848 4605 1065 4689 gratiae
1113 4605 1333 4685 datur3
1382 4613 1446 4668 et
1494 4623 1622 4686 quo
1676 4606 1877 4687 gratia

378 4707 585 4788 maior
620 4704 970 4779 confertur,
1014 4711 1192 4767 tanto
1236 4705 1449 4766 minus
1488 4704 1567 4766 de
1610 4705 1875 4786 impuri-

376 4814 505 4868 tate
559 4804 807 4886 peccati
868 4809 1198 4885 permanet
1249 4802 1668 4886 praecedentis
1720 4823 1735 4866 :
1786 4803 1875 4866 id-

376 4922 453 4966 eo
494 4903 709 4965 minor
749 4919 940 4983 poena
980 4919 1253 4983 purgans
1295 4900 1581 4963 debetur.
1616 4901 1875 4983 Propter

377 5001 549 5082 quod
598 4999 665 5061 in
712 4996 1135 5071 absolutione,
1186 4997 1520 5061 confitenti
1572 4999 1717 5080 plus
1762 5007 1873 5060 aut

380 5099 593 5161 minus
633 5096 713 5159 de
751 5114 941 5180 poena
978 5095 1321 5158 dimittitur
1350 5096 1413 5158 vi
1445 5096 1746 5171 clavium,
1780 5116 1872 5160 se-

378 5196 657 5259 cundum
687 5193 857 5277 quod
888 5192 1089 5274 magis
1118 5194 1219 5256 vel
1251 5195 1464 5256 minus
1494 5213 1561 5256 se
1590 5195 1872 5276 disponit

377 5295 453 5357 ad
482 5293 783 5377 gratiam3
814 5300 881 5354 et
908 5298 1116 5375 potest
1142 5310 1283 5354 esse
1312 5300 1483 5354 tanta
1511 5291 1865 5375 dispositio,

1987 4317 2119 4372 tem
2149 4329 2292 4392 quae
2319 4310 2606 4373 sufficiat
2631 4311 2710 4373 ad
2741 4310 2946 4373 morbi
2976 4311 3482 4387 curationem,ne

1990 4417 2250 4491 propter
2280 4409 2672 4472 debilitatem
2719 4428 2902 4471 suam
2939 4427 3104 4490 aeger
3143 4409 3352 4492 majus
3391 4411 3484 4474 in-

1990 4516 2204 4570 currat
2232 4507 2624 4590 periculum3
2659 4508 2744 4570 ita
2781 4508 3072 4570 sacerdos
3101 4509 3320 4572 divino
3349 4527 3481 4573 mo-

1988 4615 2089 4668 tus
2140 4605 2469 4680 instinctu,
2511 4624 2638 4669 non
2683 4624 2936 4688 semper
2974 4613 3175 4669 totam
3225 4625 3476 4689 poenam

1986 4724 2128 4787 quae
2167 4705 2278 4766 uni
2318 4713 2580 4787 peccato
2616 4702 2884 4765 debetur
2924 4703 3222 4785 injungit,
3255 4723 3336 4767 ne
3366 4725 3479 4787 pu·

1983 4802 2168 4866 sillus
2210 4802 2603 4865 districtione
2649 4811 2716 4865 et
2751 4803 2916 4884 juris
2962 4803 3170 4886 rigore
3221 4805 3476 4868 territus

1981 4919 2056 4963 ac
2114 4900 2400 4981 deJectus
2459 4900 2712 4963 recedat
2757 4921 2794 4963 a
2846 4901 3222 4983 poenitentia
3273 4903 3475 4966 totali-

1979 5007 2095 5061 ter.
2128 5035 2210 5044 —
2238 4999 2382 5061 Haec
2422 4998 2710 5061 ThomaS.

2045 5098 2115 5160 ln
2147 5097 2382 5179 quibus
2414 5098 2622 5179 primo
2650 5097 2993 5161 obscurum
3021 5099 3275 5162 videtur
3303 5101 3472 5182 quod

1976 5197 2065 5259 ait
2098 5213 2113 5258 :
2147 5195 2534 5277 Quandoque
2572 5215 2650 5258 ex
2689 5195 3060 5259 necessitate
3092 5199 3472 5260 sacramenti
3504 5215 3765 5270 cfipmsaz

1978 5311 2103 5357 non
2147 5293 2495 5376 requiritur
2538 5293 2658 5356 nisi
2706 5294 3129 5359 sanctificatio
3169 5295 3469 5372 materiae,
