4267 6250
837 490 919 558 46
1517 511 1586 558 m
1623 511 1848 559 uuam
1889 511 1950 557 tv
1991 509 2477 558 sun-rammam.
2516 526 2598 540 --
2637 511 2793 557 msr.
2838 511 2898 574 13
2940 511 3167 569 cumr.
3209 512 3256 559 11
3354 561 3361 568 ,

839 677 966 764 que
996 699 1066 745 se
1093 701 1254 758 esse,
1288 679 1638 746 infideliter
1665 701 1738 746 ac
1769 683 2082 765 ignaviter
2111 682 2178 744 in
2208 681 2338 744 bel·
2366 680 2418 743 Α
2447 680 2514 744 in
2546 681 2737 745 rebus
2768 653 3205 766 corporalibus
3233 703 3307 748 ac
3336 683 3744 748 sensibilibus
3771 705 3955 768 quae-

841 780 904 842 lo
932 798 1118 861 agere
1147 799 1274 844 non
1307 782 1675 846 erubescat?
1695 782 1846 857 Quis
1875 789 2006 845 tam
2037 780 2340 864 praeclara

841 878 1149 942 civilitate
1177 880 1555 944 honoratum
1581 866 1656 944 'se
1692 881 1982 962 gaudeat,
2015 887 2080 943 et
2107 878 2341 942 eversi·

839 976 948 1039 oni
979 977 1254 1040 civitatis
1293 998 1423 1042 suae
1462 998 1574 1042 seu
1614 979 2000 1061 cuicumque
2039 977 2149 1041 alii
2179 976 2342 1039 cala-

841 1075 1045 1137 mitati
1077 1094 1146 1138 se
1175 1094 1498 1159 opponere
1535 1077 1834 1159 negligat,
1869 1077 2169 1160 legesque
2198 1075 2340 1156 ejus

839 1192 915 1236 ac
955 1174 1100 1255 jura
1143 1193 1260 1258 pro
1303 1175 1550 1240 viribus
1593 1195 1723 1240 non
1767 1175 2111 1240 defendat?

916 1273 1073 1347 Quia
1101 1292 1250 1356 ergo
1279 1273 1460 1357 signa
1487 1275 1772 1338 visibilia
1800 1275 1920 1338 ista
1948 1293 2092 1358 quae
2121 1291 2341 1336 nume-

834 1372 1139 1448 ravimuS,
1159 1374 1434 1437 maxime
1466 1375 1792 1438 memoriis
1822 1374 2161 1438 hominum
2194 1370 2341 1434 infi-

837 1478 996 1552 gunt
1024 1479 1134 1534 aut
1169 1472 1570 1555 imprimunt,
1601 1480 1666 1537 et
1703 1472 1899 1538 fortes
1941 1470 2342 1553 imaginatio-

835 1589 950 1634 nes
982 1571 1303 1646 inducunt,
1319 1573 1384 1636 in
1416 1573 1646 1656 quibus
1676 1581 1942 1656 quatuor
1971 1571 2342 1635 affectiones

839 1679 1196 1734 memoratae
1226 1678 1289 1735 et
1315 1672 1674 1735 excitantur
1701 1679 1764 1736 et
1791 1671 2198 1753 adjuvantur,
2217 1688 2344 1732 ma-

838 1768 1073 1832 nifesta
1100 1777 1198 1833 est
1227 1771 1571 1834 necessitas
1601 1779 1667 1834 et
1695 1763 1936 1834 utilitas
1965 1765 2341 1850 hujusmodi

2447 798 2587 842 rere
2614 780 2837 844 salutis
2866 783 3199 845 auxilium.
3232 819 3314 829 —
3342 781 3572 858 Tertio,
3606 792 3824 846 contra
3853 783 3954 846 di·

2446 878 2752 959 gnitatem
2784 880 3107 944 rationalis
3137 889 3441 945 creaturae
3471 882 3745 956 videtur,
3778 890 3851 944 ut
3878 882 3953 944 in

2444 975 2639 1038 rebus
2678 977 3045 1042 inanimatis
3082 986 3147 1042 et
3184 978 3423 1043 vilibus
3464 998 3655 1064 opem
3700 987 3955 1064 quaerat

2446 1091 2577 1138 suae
2620 1074 2941 1139 interioris
2986 1077 3351 1140 curationis.
3388 1077 3794 1168 Sacramenta
3834 1097 3951 1141 au—

2448 1177 2580 1233 tem
2623 1171 2689 1234 in
2730 1173 2923 1237 rebus
2968 1174 3335 1239 inanimatis
3378 1184 3442 1240 et
3483 1177 3723 1241 vilibus
3770 1176 3955 1240 exhi·

2450 1269 2701 1348 bentur,
2736 1280 2807 1335 ut
2838 1273 2904 1336 in
2933 1293 3097 1356 aqua
3126 1283 3189 1338 et
3217 1275 3376 1339 oleo.
3400 1311 3483 1322 —
3508 1276 3761 1353 Quarto,
3789 1275 3957 1338 infe—

2447 1369 2616 1433 riora
2644 1379 2709 1433 et
2736 1372 3067 1436 sensibilia
3096 1393 3215 1438 nec
3253 1393 3439 1456 agere
3468 1375 3704 1451 valent,
3736 1393 3953 1458 neque

2450 1468 2821 1551 imprimere
2851 1471 2918 1533 in
2948 1471 3311 1553 spirituales
3340 1474 3668 1548 essentias,
3698 1482 3769 1536 ut
3798 1481 3957 1537 sunt

2449 1568 2680 1632 animae
2725 1569 3063 1633 rationales
3098 1588 3113 1634 :
3147 1591 3348 1654 quum
3397 1591 3548 1655 ergo
3594 1591 3955 1636 sacramen-

2450 1675 2587 1730 tum
2631 1667 2713 1730 sit
2751 1668 3010 1733 visibile
3054 1669 3445 1735 elementum
3488 1691 3603 1736 seu
3642 1671 3955 1736 sensibile

2447 1765 2715 1848 aliquid,
2750 1784 2877 1831 non
2922 1769 3157 1850 poterit
3191 1769 3268 1833 ad
3312 1771 3674 1835 animarum
3720 1770 3955 1855 purifi-

839 1867 1189 1949 signorum.
1222 1869 1502 1952 Apparet
1537 1871 1712 1933 enim
1750 1888 1830 1933 ex
1860 1869 1962 1932 his
2000 1886 2144 1951 quae
2180 1865 2342 1928 dixi-
2376 1871 2423 1934 B
2451 1863 2767 1927 cationem
2806 1882 2880 1926 ac
2922 1864 3192 1928 salutem
3236 1867 3546 1930 conferre.

837 1985 1003 2041 mus,
1025 1967 1177 2050 quia
1207 1967 1530 2049 ingressus
1557 1969 1624 2030 in
1652 1969 1818 2031 hanc
1849 1966 2174 2030 civitatem
2204 1983 2342 2027 san-

841 2066 1148 2130 ctificatio
1186 2074 1284 2130 est
1309 2067 1663 2150 (ingressus
1703 2067 1961 2151 qualem
2003 2063 2342 2146 descripsi-

841 2165 1038 2245 mus),
1061 2184 1188 2248 qua
1215 2165 1720 2230 sanctificatione
1750 2167 1959 2231 omnis
1990 2163 2343 2228 exsecratio

841 2264 1099 2327 exuitur
1143 2272 1208 2327 et
1253 2265 1595 2348 deponitur
1632 2284 1646 2329 ε
1684 2264 2225 2349 quemadmodum
2276 2263 2343 2326 in

843 2363 1134 2444 ingressu
1165 2363 1232 2426 in
1263 2371 1648 2428 structuram
1687 2366 1896 2430 omnis
1935 2361 2343 2426 tumorositas

841 2468 906 2524 et
945 2461 1170 2525 omnis
1199 2463 1594 2546 inaequalitas
1639 2463 1925 2546 lapidum
1975 2462 2339 2546 deponitur,

842 2559 1082 2643 alioqui
1112 2560 1178 2624 in
1211 2561 1387 2625 illam
1417 2580 1544 2626 non
1574 2562 2016 2626 admittuntur.
2034 2561 2342 2636 Quemad-

843 2659 1104 2721 modum
1146 2659 1528 2724 frondositas
1566 2660 1886 2743 lignorum
1925 2679 1998 2723 ac
2043 2659 2345 2742 grossitu-

841 2758 922 2822 do
951 2777 1023 2821 ac
1053 2760 1439 2835 tortuositas,
1470 2761 1720 2844 aliaque
1751 2761 1965 2825 omnia
2002 2780 2145 2844 quae
2175 2760 2345 2842 ligna

842 2857 1137 2921 aedificiis
1185 2859 1402 2942 inepta
1457 2859 1702 2922 faciunt
1752 2860 1878 2923 nisi
1927 2860 2191 2923 omnino
2249 2877 2343 2921 es·

843 2963 988 3019 sent
1014 2965 1244 3033 amota,
1279 2958 1345 3020 in
1377 2959 1518 3040 ipso
1557 2959 1848 3040 ingressu
1888 2959 1954 3020 in
1992 2957 2342 3022 {edificium

2531 1963 2599 2025 In
2630 1964 2997 2046 oppositum
3036 1973 3187 2028 sunt
3224 1985 3365 2049 quae
3402 1967 3705 2032 dicuntur
3742 1967 3807 2032 in
3849 1970 3955 2032 lit-

2450 2069 2605 2124 tera.

2530 2259 2625 2322 Ad
2672 2260 2807 2325 haec
2848 2259 3228 2327 Guillelmus
3270 2263 3808 2329 Antisiodorensis
3858 2283 3955 2330 re-

2452 2358 2723 2440 spondet
2764 2359 2832 2422 in
2874 2359 3137 2425 Summa
3184 2383 3318 2439 sua,
3361 2372 3587 2447 quarto
3632 2365 3798 2428 libro
3830 2382 3847 2428 :
3880 2366 3953 2428 In

2451 2457 2626 2518 omni
2688 2465 2977 2542 tempore
3040 2469 3183 2544 post
3244 2462 3551 2545 originale
3614 2472 3951 2548 peccatum

2451 2557 2855 2638 competebat
2883 2558 3253 2624 hominibus
3282 2563 3693 2626 sacramentis
3719 2563 3951 2645 juvari.

2452 2653 2654 2717 Causa
2683 2655 2923 2738 quippe
2954 2657 3373 2724 institutionis
3408 2668 3951 2724 sacramentorum

2454 2751 2520 2813 in
2567 2753 2869 2834 generali,
2920 2763 3017 2818 est
3072 2757 3324 2839 triplex.
3376 2758 3585 2822 Prima
3630 2767 3747 2835 est,
3798 2759 3955 2842 quia

2451 2850 2553 2931 (ut
2588 2852 2813 2913 asserit
2849 2852 3272 2936 Augustinus)
3310 2857 3603 2921 meliores
3636 2858 3953 2940 judicavit

2454 2950 2622 3013 Deus
2650 2969 2867 3014 servos
2894 2971 3065 3029 suoS,
3100 2956 3153 3017 si
3193 2955 3253 3018 ei
3294 2955 3643 3021 liberaliter
3678 2958 3957 3020 deservi-

846 3056 1206 3119 necessario
1233 3056 1682 3141 deponuntur3
1714 3057 1805 3120 sic
1847 3057 2080 3141 etipse
2109 3057 2346 3140 ingres·
2382 3065 2425 3130 C
2456 3057 2596 3111 rent
2646 3066 2661 3111 :
2715 3049 2857 3113 ideo
2905 3053 3080 3115 dedit
3125 3053 3218 3116 eis
3268 3054 3542 3118 liberum
3590 3056 3951 3120 arbitrium.

845 3172 922 3215 su
952 3153 1138 3215 istius
1167 3153 1451 3229 aedificii,
1483 3155 1563 3217 ad
1593 3154 2083 3219 similitudinem
2110 3161 2175 3217 et
2200 3172 2347 3238 pro-

846 3251 1203 3334 portionem
1252 3272 1410 3336 quas
1458 3274 1652 3337 supra
1699 3254 2153 3337 expressimus,
2200 3253 2345 3316 fieri

845 3368 1106 3413 necesse
1145 3359 1259 3415 est.
1292 3388 1374 3398 —
1402 3352 1546 3416 Haec
1586 3352 1987 3427 GuillelmuS,
2020 3353 2128 3435 qui
2177 3353 2344 3415 istud

846 3448 1084 3511 diffuse
1127 3457 1193 3512 et
1235 3451 1502 3533 pulchre
1547 3451 1976 3534 prosequitur,
2019 3458 2209 3534 prout
2257 3451 2347 3514 in·

847 3548 944 3611 fra
973 3548 1102 3612 Deo
1140 3557 1477 3632 praestante
1516 3558 1830 3632 tangetur,
1867 3550 1976 3613 ubi
2017 3552 2096 3613 de
2138 3550 2345 3614 causis

846 3646 1268 3711 institutionis
1309 3642 1850 3713 sacramentorum
1893 3649 2300 3713 edisseretur.

1281 3966 1759 4041 QUAESTIO
1826 3966 1905 4030 11

2457 3147 2737 3212 Contulit
2766 3150 2959 3214 etiam
2988 3152 3082 3215 eis
3114 3154 3398 3217 remedia
3426 3163 3646 3219 contra
3675 3164 3955 3240 peccata,

2456 3255 2527 3309 ut
2572 3249 2627 3310 si
2685 3258 3045 3331 peccarent,
3098 3261 3358 3333 possent
3415 3254 3624 3318 redire
3681 3274 3798 3339 per
3848 3256 3957 3319 illa

2456 3347 2756 3410 remedia.
2793 3348 2869 3410 Et
2898 3351 3179 3413 remedia
3210 3352 3327 3414 ista
3357 3360 3507 3415 sunt
3538 3363 3953 3419 sacramenta.

2455 3444 2599 3507 Haec
2630 3464 2779 3527 ergo
2808 3454 2905 3509 est
2936 3466 3063 3509 una
3091 3467 3281 3511 causa
3310 3450 3725 3515 institutionis
3754 3472 3959 3516 sacra-

2455 3545 3153 3619 mentorum,videlicet
3179 3546 3559 3628 justificatio
3586 3568 3625 3612 a
3654 3550 3953 3633 peccatis

2454 3642 2745 3705 Secunda
2772 3661 2963 3705 causa
2990 3650 3109 3720 est,
3143 3651 3213 3707 ut
3240 3644 3433 3709 homo
3460 3656 3855 3711 assuesceret
3884 3669 3955 3713 se

2452 3741 2795 3805 humiliare
2822 3742 3211 3821 visibilibuS‚
3244 3747 3357 3828 qui
3386 3746 3711 3810 nesciebat
3742 3766 3811 3811 se
3840 3748 3961 3811 hu-

2454 3840 2703 3903 miliare
2741 3840 3177 3906 invisibilibus
3210 3860 3227 3906 ι
3261 3851 3333 3905 ut
3370 3844 3523 3907 dum
3556 3844 3695 3928 ipse
3733 3864 3803 3909 se
3841 3846 3962 3909 hu-

2455 3940 2660 4002 miliat
2704 3947 3009 4004 creaturan
3058 3940 3367 4017 inferiori,
3399 3944 3744 4026 quaerendo
3792 3945 3963 4008 salu-

2454 4046 2585 4101 tem
2629 4058 2809 4101 suam
2849 4040 2917 4103 in
2956 4059 3051 4116 ea,
3086 4049 3156 4104 ut
3196 4042 3261 4105 in
3300 4060 3463 4124 agno
3501 4045 3807 4127 paschali,
3840 4065 3959 4110 seu

2458 4137 2524 4200 in
2552 4157 2716 4220 aqua
2746 4138 3073 4221 Baptismi,
3106 4140 3307 4203 discat
3336 4150 3400 4205 et
3438 4152 3761 4207 assuescat
3792 4146 3960 4208 mul-

974 4239 1236 4303 Ecundo
1257 4238 1363 4301 hic
1395 4239 2026 4320 quaeritur,trtrum
2059 4241 2146 4306 ln
2174 4254 2351 4322 qua-
2378 4248 2429 4311 D
2458 4245 2522 4299 to
2553 4237 2697 4319 plus
2728 4236 3069 4301 humiliare
3099 4259 3167 4302 se
3198 4240 3493 4316 Creatori,
3512 4243 3622 4324 qui
3654 4251 3752 4306 est
3780 4243 3965 4309 dator

1000 4340 1202 4406 libet
1243 4339 1445 4419 leg-e,
1489 4338 1642 4405 hoc
1694 4340 1817 4405 est
1863 4340 1947 4405 tn
1993 4340 2173 4418 leg-e
2224 4353 2353 4406 na-

849 4438 1122 4519 turali,
1167 4438 1255 4504 tn
1301 4437 1480 4517 leg-e
1525 4438 1845 4519 scripta,
1893 4439 1977 4504 et
2029 4440 2113 4504 tn
2173 4439 2350 4517 leg-e

851 4536 1341 4619 evang-elica,
1372 4536 1811 4604 humanum
1848 4548 2100 4615 genus
2144 4536 2350 4602 indt-

850 4640 1032 4719 gutt
1071 4638 1618 4705 sacramentis,

931 4738 1196 4801 Videtur
1245 4736 1416 4819 quod
1465 4753 1610 4798 non.
1649 4734 1881 4809 Primo,
1914 4735 2066 4817 quia
2113 4736 2353 4799 infusio

853 4836 1134 4900 caritatis
1173 4855 1286 4899 seu
1330 4834 1548 4917 gratiae
1586 4840 1836 4916 gratum
1878 4834 2192 4909 facientis,
2224 4834 2354 4897 suf-

854 4934 994 4998 ficit
1051 4935 1130 4997 ad
1187 4935 1478 4997 salutem.
1534 4969 1612 4979 —
1667 4932 1980 5007 Secundo,
2044 4933 2353 5015 perfectio

852 5032 1133 5097 hominis
1175 5030 1464 5095 consistit
1503 5030 1570 5093 in
1609 5030 2033 5094 abstractione
2068 5051 2105 5094 a
2154 5032 2354 5095 sensi-

853 5130 1095 5195 bilibus
1139 5129 1331 5193 rebus
1376 5135 1440 5191 et
1485 5128 1553 5191 in
1596 5128 1947 5192 elevatione
1989 5130 2065 5193 ad
2111 5131 2350 5207 divina,

856 5227 1304 5295 immaterialia
1331 5245 1406 5291 ac
1437 5227 1786 5291 invisibilia
1814 5228 1978 5291 bona
1997 5247 2183 5312 :ergo
2210 5248 2357 5293 con-

857 5337 956 5393 tra
997 5328 1267 5392 salutem
1309 5336 1374 5391 et
1416 5326 1875 5411 perfectionem
1917 5334 2013 5391 est
2050 5327 2353 5407 hominis,

2460 4335 2680 4397 salutis
2712 4335 2904 4398 illius.
2930 4336 3137 4399 Tertia
3166 4356 3355 4401 causa
3385 4347 3503 4415 est,
3523 4347 3595 4402 ut
3622 4341 3814 4405 homo
3844 4361 3965 4426 per

2460 4433 2744 4497 visibilia
2798 4434 2978 4517 signa
3024 4454 3344 4519 expressa,
3396 4439 3475 4501 ad
3528 4441 3961 4521 cognitionem

2462 4533 2887 4597 invisibilium
2938 4536 3267 4618 perveniat
3313 4556 3547 4601 rerum.
3596 4540 3739 4603 Haec
3782 4540 3963 4607 Anti-

2462 4632 2867 4696 siodorensiS.

2542 4732 2893 4796 Concordat
2925 4734 3223 4799 Albertus
3263 4736 3561 4820 inquiens
3595 4757 3611 4802 :
3644 4740 3713 4802 ln
3760 4758 3967 4805 sacra-

2464 4839 2681 4895 mento
2728 4840 2878 4895 sunt
2924 4835 3065 4909 tria,
3103 4844 3255 4917 puta
3289 4854 3304 4899 :
3340 4838 3626 4913 materia,
3670 4839 3830 4903 ratio
3878 4840 3968 4903 si-

2462 4934 2594 5014 gni,
2616 4941 2681 4996 et
2710 4934 2869 4998 ratio
2898 4935 3218 4998 causandi.
3255 4935 3330 4998 Et
3365 4955 3560 5018 penes
3602 4939 3964 5016 materiam,

2463 5054 2604 5117 quae
2636 5035 2900 5097 inferior
2928 5042 3045 5109 est,
3078 5036 3393 5119 accipitur
3425 5038 3543 5101 ista
3572 5058 3763 5103 causa
3792 5040 3969 5104 insti·

2463 5134 2727 5198 tutionis
2776 5142 3340 5211 sacramentorum,
3388 5144 3607 5219 utpote
3656 5146 3726 5201 ut
3773 5139 3970 5205 homo

2464 5233 2577 5315 qui
2626 5233 3003 5317 superbivit,
3055 5234 3351 5298 humiliet
3399 5244 3463 5299 et
3506 5238 3828 5320 deprimat
3874 5259 3973 5303 se-

2464 5332 2997 5415 metipsum:nam
3026 5336 3179 5419 quia
3206 5338 3631 5420 superbiendo
3658 5356 3727 5402 se
3758 5340 3975 5423 ipsum
