4267 6250
203 1004 257 1048 De
286 1004 397 1049 Rccl.

157 1068 249 1111 hier.
268 1081 306 1111 c.
324 1083 367 1112 v.

158 1132 235 1219 οΡι.
251 1144 399 1183 mm,

164 1698 402 1752 cansa,

154 3177 216 3232 Cf.
234 3183 333 3234 p.5l
349 3179 398 3223 A.

178 4652 193 4695 1
224 4653 324 4698 Cor.
342 4669 401 4707 xi,

828 520 909 568 DE
948 520 1222 569 MATERIA
1262 520 1338 569 ΒΤ
1378 522 1583 570 romu
1626 522 1923 570 ExmuAE
1966 524 2303 587 UNCTIONIS,
2345 485 2426 573 ΕΤ.
2460 527 2540 574 DE
2581 528 2940 577 nrrncrmus
2982 528 3122 578 mus

3410 512 3529 577 597

427 691 713 775 quirunt,
746 693 957 775 primo
986 712 1103 777 per
1130 694 1507 778 episcopum
1537 696 1615 759 fit
1643 696 1923 761 materiae
1952 696 2001 761 A
2036 697 2178 761 ideo
2218 698 2460 781 indiget
2494 700 2886 765 orationibus
2927 702 3266 766 sublevari.
3301 703 3534 767 Secun-

428 791 872 868 sanctificatiO,
896 800 958 856 et
989 812 1142 856 usus
1173 794 1555 877 quandoque
1584 814 1701 877 per
1728 814 1926 858 sacer-

426 890 665 965 dotem,
701 899 772 953 ut
809 892 1181 955 ostendatur
1210 892 1614 956 sacerdotalis
1649 901 1925 975 potestas

427 988 505 1051 ab
554 990 861 1073 episcopo
896 990 1179 1052 derivata
1214 991 1315 1072 (ut
1360 990 1420 1053 S.
1455 992 1791 1075 Dionysius
1838 992 1927 1055 lo—

426 1088 695 1169 quitur),
725 1088 908 1170 juxta
946 1089 1106 1151 illud
1143 1089 1395 1163 Psalmi,
1434 1090 1608 1153 Sicut
1647 1110 1929 1172 unguen-

427 1194 567 1249 tum
615 1186 683 1249 in
731 1187 961 1269 capite,
1010 1188 1179 1269 quod
1229 1187 1437 1269 primo
1486 1188 1814 1251 descendit
1860 1192 1925 1253 in

428 1284 795 1360 barbam,et
825 1286 973 1347 inde
1005 1304 1207 1367 usque
1238 1285 1305 1347 in
1335 1304 1511 1349 oram
1542 1287 1921 1351 vestimenti.

428 1383 496 1445 In
541 1382 941 1445 Eucharistia
977 1400 1129 1446 vero
1169 1402 1296 1447 non
1337 1384 1745 1467 praeexigitur
1782 1386 1927 1448 talis

429 1480 855 1545 sanctificatio
886 1482 1166 1545 materiae
1195 1501 1311 1565 per
1348 1482 1746 1565 episcopum,
1777 1501 1929 1565 quo-

430 1580 603 1642 niam
634 1580 848 1662 ipsum
881 1587 1349 1643 sacramentum
1382 1580 1445 1643 in
1480 1580 1756 1644 materiae
1786 1600 1925 1643 san-

429 1678 819 1741 ctificatione
868 1679 1175 1753 consistit,
1219 1697 1345 1742 non
1396 1680 1461 1741 in
1513 1699 1631 1742 usu
1682 1680 1925 1762 ipsius3

428 1777 539 1841 sed
571 1778 979 1860 praeexigitur
1016 1777 1330 1841 ordinatio
1369 1797 1481 1840 seu
1514 1780 1925 1853 consecratio,

2032 797 2135 871 dc,
2188 798 2490 880 quoniam
2539 800 2724 862 datur
2768 800 3241 881 egredientibus
3284 802 3364 865 de
3411 802 3530 865 hoc

2036 897 2296 971 mundo,
2330 898 2441 979 qui
2489 898 2790 961 desinunt
2829 918 2969 962 esse
3017 900 3096 962 de
3138 900 3278 963 foro
3320 900 3532 963 Eccle-

2034 993 2166 1069 siae,
2199 1001 2262 1056 et
2293 994 2358 1056 in
2399 995 2596 1059 solius
2627 997 2737 1059 Dei
2779 996 3096 1080 incipiunt
3126 1017 3317 1060 manu
3359 997 3533 1080 quie-

2036 1111 2262 1156 scere:
2298 1094 2440 1157 ideo
2489 1094 2547 1158 ei
2597 1114 2712 1179 per
2759 1096 3074 1160 orationes
3122 1097 3532 1160 devotissime

2037 1191 2544 1255 committuntur.
2579 1194 2809 1266 Tertio,
2843 1195 2994 1276 quia
3021 1195 3141 1258 hoc
3181 1214 3536 1259 sacramen-

2038 1296 2174 1351 tum
2206 1306 2334 1351 non
2365 1289 2556 1353 habet
2584 1292 2866 1373 aliquem
2895 1291 3202 1355 effectum
3233 1294 3346 1376 qui
3375 1312 3536 1358 sem·

2038 1404 2155 1468 per
2197 1406 2273 1449 ex
2312 1388 2561 1451 actione
2607 1390 2884 1453 ministri
2923 1398 3368 1473 consequatur,
3402 1409 3534 1467 om·

2037 1483 2230 1547 nibus
2260 1504 2402 1567 quae
2430 1494 2578 1548 sunt
2608 1488 2685 1550 de
2715 1490 2990 1551 essentia
3017 1490 3385 1552 sacramenti
3418 1489 3536 1553 rite

2038 1584 2334 1665 peractiS,
2354 1587 2894 1666 quemadmodum
2925 1587 2990 1649 in
3021 1587 3366 1669 Baptismo,
3386 1588 3538 1652 Con·

2037 1680 2400 1745 firmatione
2429 1701 2503 1745 ac
2533 1682 2760 1747 Ordine
2791 1684 3117 1748 character
3146 1705 3396 1769 semper
3426 1687 3539 1749 im-

2040 1780 2363 1862 primitur,
2397 1788 2514 1843 etc.
2546 1799 2559 1842 :
2596 1782 2738 1845 ideo
2782 1782 2848 1844 in
2878 1801 2955 1846 eo
2992 1801 3119 1846 non
3152 1791 3358 1865 potest
3397 1804 3536 1848 esse

424 1875 527 1939 vel
556 1875 979 1939 sanctificatio
1007 1875 1303 1949 ministri,
1318 1884 1535 1958 utpote
1565 1877 1926 1952 sacerdotis,
1965 1882 2012 1945 B
2041 1878 2248 1941 forma
2276 1878 2604 1943 indicativi
2638 1882 2832 1955 modi,
2865 1880 3033 1944 sieut
3065 1882 3131 1944 in
3159 1882 3302 1945 aliis
3333 1901 3536 1946 sacra-

426 1994 541 2057 per
590 1973 948 2057 praesulem.
1001 1974 1160 2036 Hinc
1218 1974 1357 2057 ipse
1414 1975 1705 2038 sacerdos
1754 1974 1927 2038 illam

426 2072 966 2137 consecrationem
999 2074 1281 2139 materiae
1310 2070 1518 2157 potest
1545 2075 1772 2151 facere,
1789 2095 1931 2158 quae

427 2178 525 2235 est
568 2171 633 2233 in
676 2190 743 2234 se
786 2180 1275 2235 sacramentum.

506 2271 774 2352 Insuper
827 2271 1087 2352 quidam
1145 2270 1449 2334 dixerunt
1506 2272 1747 2334 nullam
1806 2272 1930 2336 for-

430 2388 600 2432 mam
632 2368 977 2432 verborum
1013 2388 1151 2432 esse
1191 2370 1269 2432 de
1311 2371 1687 2433 necessitate
1726 2389 1929 2434 sacra-

430 2468 633 2531 menti
677 2468 880 2530 istius.
916 2468 1037 2531 Sed
1082 2468 1202 2532 hoc
1252 2469 1511 2550 derogat
1552 2472 1929 2534 sacramenti

428 2566 624 2648 hujus
671 2564 956 2640 effectui,
991 2566 1293 2648 quoniam
1342 2585 1531 2631 omne
1574 2587 1929 2631 sacramen-

428 2672 567 2726 tum
628 2663 834 2726 efficit
882 2683 1069 2726 suum
1126 2663 1433 2727 effectum
1482 2664 1925 2747 significando.

430 2761 824 2843 significatio
870 2770 1082 2825 autem
1134 2763 1413 2826 materiae
1462 2783 1590 2828 non
1637 2765 1931 2828 determi-

430 2868 619 2924 natur
646 2862 724 2924 ad
754 2869 1001 2925 certum
1033 2861 1363 2936 effectum,
1387 2882 1587 2945 quum
1619 2864 1697 2925 ad
1730 2863 1931 2925 multa

427 2979 495 3023 se
527 2959 777 3035 habeat,
811 2960 938 3023 nisi
967 2979 1083 3042 per
1115 2961 1387 3045 formam
1421 2960 1781 3024 verborum.
1806 2963 1928 3025 Un-

2043 1978 2294 2041 mentis.
2331 1978 2625 2042 Attamen
2669 1980 2790 2043 hoc
2839 1988 3330 2057 sacramentum,
3372 1983 3540 2045 sicut

2042 2084 2105 2139 et
2141 2075 2284 2151 alia,
2327 2084 2638 2159 quantum
2669 2086 2764 2141 est
2805 2079 2884 2141 de
2927 2098 3016 2153 se,
3049 2078 3242 2142 habet
3284 2082 3540 2143 certitu-

2042 2174 2297 2254 dinem3
2329 2174 2438 2237 sed
2471 2175 2769 2257 impediri
2802 2184 3012 2259 potest
3044 2196 3121 2239 ex
3152 2176 3413 2241 fictione
3441 2197 3538 2242 re-

2042 2272 2340 2354 cipientis
2367 2272 2591 2353 (etiam
2634 2274 2687 2335 si
2729 2281 3124 2338 sacramento
3160 2274 3541 2357 subjiciatur

2041 2390 2158 2453 per
2201 2371 2674 2455 intentionem),
2709 2373 2796 2435 ita
2828 2374 2998 2455 quod
3032 2374 3284 2437 nullum
3325 2394 3541 2439 conse-

2041 2477 2273 2551 quatur
2310 2468 2636 2532 effectum.
2670 2471 3122 2535 Verumtamen
3167 2473 3234 2534 in
3279 2473 3541 2555 quibus-

2040 2569 2186 2631 dam
2229 2567 2532 2631 Ecclesiis
2572 2569 2874 2633 dicuntur
2912 2569 3048 2632 haec
3085 2571 3282 2633 verba
3316 2589 3330 2633 :
3365 2572 3540 2654 Ungo

2038 2666 2156 2730 hos
2206 2666 2446 2741 ocuIOS,
2499 2674 2646 2741 etc„
2695 2668 2836 2730 oleo
2885 2667 3303 2745 sanctificato,
3356 2678 3474 2733 etc.
3521 2688 3536 2733 τ

2038 2782 2183 2844 quae
2240 2781 2366 2826 non
2425 2764 2900 2846 praemittuntur
2952 2772 3022 2826 ut
3075 2764 3282 2828 forma
3340 2785 3542 2830 sacra-

2040 2861 2239 2924 menti
2272 2861 2605 2936 istiuS,sed
2636 2869 2706 2923 ut
2734 2861 3110 2943 dispositiva
3137 2864 3215 2926 ad
3246 2863 3537 2940 formam,

2040 2960 2104 3022 in
2147 2968 2459 3041 quantum
2498 2978 2614 3042 per
2651 2978 2724 3022 ea
2762 2960 3223 3024 determinatur
3263 2962 3540 3027 ministri

426 3059 505 3122 de
535 3060 603 3121 in
647 3058 948 3121 omnibus
987 3058 1399 3122 sacramentis
1438 3078 1617 3123 novae
1645 3060 1825 3143 legiS,
1858 3068 1930 3122 ut
1959 3062 2002 3126 C
2039 3058 2312 3121 intentio
2362 3059 2440 3120 ad
2488 3066 2703 3121 actum
2751 3058 2936 3121 illum
2991 3061 3533 3125 sacramentalem.

426 3157 672 3219 dictum
713 3164 809 3220 est
847 3175 1061 3238 supra,
1094 3165 1341 3240 oportet
1379 3176 1518 3220 esse
1558 3176 1659 3220 res
1687 3175 1759 3220 ac
1790 3177 1927 3221 ver-

430 3256 528 3319 ba.
562 3255 833 3320 Jacobus
882 3274 1137 3339 quoque
1185 3257 1509 3339 apostolus
1549 3256 1683 3318 vim
1734 3257 1927 3339 hujus

429 3355 806 3418 sacramenti
838 3354 1223 3417 constituere
1253 3354 1501 3417 videtur
1530 3353 1595 3416 in
1627 3356 1923 3430 oratione,

428 3473 569 3536 quae
627 3460 723 3515 est
784 3452 991 3516 forma
1054 3453 1435 3516 sacramenti
1495 3453 1701 3528 istiuS,
1764 3453 1929 3516 sicut

428 3571 599 3616 nunc
629 3552 1017 3615 ostendetur.
1052 3553 1198 3615 Ideo
1236 3551 1455 3634 opinio
1485 3552 1593 3614 illa
1632 3572 1932 3635 praesum·

427 3658 656 3734 ptuosa
705 3657 1018 3713 censetur.
1064 3650 1192 3714 Nec
1241 3649 1477 3725 obviat,
1510 3652 1679 3732 quod
1725 3649 1931 3714 forma

426 3749 809 3813 sacramenti
852 3749 1036 3812 istius
1076 3767 1205 3812 non
1244 3749 1629 3832 exprimitur
1665 3749 1731 3812 in
1767 3750 1930 3813 Scri-

428 3847 653 3931 pturis.
688 3847 875 3910 Sacra
922 3847 1248 3930 Scriptura
1294 3866 1571 3930 namque
1614 3848 1929 3911 universis

428 3945 808 4029 proponitur
836 3964 850 4008 :
886 3947 1029 4009 ideo
1058 3945 1263 4009 forma
1290 3946 1597 4029 Baptismi
1627 3948 1928 4010 omnibus

426 4043 794 4118 necessarii,
828 4051 892 4108 et
929 4046 1040 4127 qui
1077 4045 1159 4107 ab
1200 4044 1499 4108 omnibus
1530 4052 1739 4128 potest
1768 4047 1925 4120 dari,

428 4143 635 4206 forma
679 4159 934 4225 quoque
984 4141 1395 4206 Eucharistiae
1436 4143 1808 4208 necessariae
1850 4146 1927 4208 ad

2117 3157 2199 3219 At
2240 3173 2394 3220 vero
2441 3157 2645 3221 forma
2693 3157 2804 3220 illa
2851 3159 3178 3222 Unctionis
3225 3160 3538 3225 Extremae

2037 3262 2358 3337 praetacta,
2393 3256 2779 3319 conveniens
2823 3264 2936 3319 est.
2971 3256 3128 3321 Nam
3175 3259 3376 3340 tangit
3416 3259 3535 3322 hoc
3566 3279 3832 3338 capsam.

2038 3361 2531 3428 sacramentum,
2593 3373 2794 3436 quum
2855 3355 3110 3430 dicitur,
3171 3357 3287 3420 Per
3349 3357 3534 3420 istam

2038 3451 2446 3532 unctionem;
2478 3459 2542 3514 et
2582 3451 3004 3534 principalem
3049 3472 3304 3516 causam
3353 3473 3538 3536 agen-

2038 3558 2169 3613 tem
2200 3551 2266 3612 in
2296 3550 2457 3633 ipso,
2484 3569 2685 3632 quum
2716 3550 3033 3626 subditur,
3065 3552 3142 3614 Et
3170 3572 3350 3616 suam
3384 3553 3536 3635 piis-

2038 3651 2268 3713 simam
2301 3649 2836 3730 misericordiam3
2867 3657 3058 3732 atque
3088 3650 3539 3727 effectum,ad-

2038 3749 2268 3822 dendo,
2301 3749 2630 3829 Indulgeat
2666 3747 2808 3822 tibi,
2843 3755 2962 3811 etc.
2997 3750 3131 3813 Imo
3169 3769 3284 3832 per
3321 3757 3536 3812 actum

2038 3846 2362 3910 unctionis
2400 3847 2584 3909 datur
2623 3846 2891 3929 intelligi
2934 3847 3126 3910 etiam
3158 3849 3535 3912 sacramenti

2040 3945 2224 4008 istius
2255 3945 2536 4008 materia.
2551 3945 2888 4027 Quumque
2918 3946 3263 4027 corporalis
3294 3946 3536 4010 sanatio

2040 4063 2152 4108 seu
2196 4043 2588 4106 infirmitatis
2632 4043 2974 4118 alleviatio,
3006 4061 3135 4106 non
3181 4045 3263 4106 sit
3303 4045 3536 4127 princi-

2038 4142 2202 4224 palis
2241 4149 2304 4205 et
2344 4149 2554 4204 certus
2593 4141 2787 4223 hujus
2825 4143 3205 4205 sacramenti
3237 4142 3530 4218 effectuS,
3564 4161 3828 4221 cfipsoan.

429 4241 724 4315 salutem,
761 4241 827 4303 in
858 4241 1202 4324 Scripturis
1232 4259 1547 4324 expressae
1586 4250 1769 4322 sunt3
1801 4260 1929 4305 non
1959 4248 2008 4309 D
2039 4241 2192 4324 quia
2234 4259 2363 4305 non
2407 4259 2661 4322 semper
2702 4241 3147 4323 consequitur3
3180 4241 3418 4305 idcirco
3466 4242 3534 4304 in

428 4349 640 4404 autem
674 4341 944 4404 aliorum
977 4340 1198 4404 formae
1228 4341 1927 4404 sacramentorum.Sed

429 4441 571 4503 illas
614 4440 865 4522 accepit
904 4440 1187 4503 Ecclesia
1228 4459 1263 4503 a
1307 4440 1542 4503 sanctis
1585 4439 1925 4523 ApostoliS,

431 4546 495 4601 et
524 4538 619 4600 illi
650 4558 687 4601 a
717 4537 986 4613 Christo,
1020 4540 1373 4602 secundum
1405 4538 1565 4600 illud
1592 4539 1873 4621 Apostoli
1911 4557 1925 4600 ε

431 4636 561 4719 Ego
600 4637 817 4719 accepi
860 4656 898 4699 a
938 4636 1207 4701 Domino
1246 4638 1414 4720 quod
1454 4637 1685 4700 tradidi
1723 4637 1924 4700 vobis.

497 4735 785 4818 Denique
815 4735 1020 4798 forma
1048 4735 1242 4817 hujus
1271 4736 1645 4798 sacramenti
1678 4743 1773 4799 est
1799 4754 1931 4799 ora-

432 4833 521 4897 tio
550 4834 973 4916 deprecativa,
1000 4841 1071 4896 ut
1100 4835 1375 4897 sumitur
1403 4854 1480 4898 ex
1512 4834 1725 4898 verbis
1756 4834 1815 4898 S.
1838 4835 1931 4898 Ja-

432 4932 599 5008 cobi,
632 4940 823 5014 atque
852 4951 929 4996 ex
959 4952 1078 4996 usu
1110 4934 1404 4997 Romanae
1434 4933 1755 5008 Ecclesiae,
1790 4953 1930 5016 quae

433 5032 641 5095 solum
682 5031 1104 5113 deprecativis
1146 5031 1346 5094 utitur
1382 5030 1596 5094 verbis
1637 5033 1931 5114 ungendo

433 5129 551 5192 hac
596 5129 915 5193 unctione.
953 5129 1150 5211 Cujus
1196 5130 1533 5213 multiplex
1579 5131 1738 5194 ratio
1782 5132 1933 5193 assi-

433 5235 681 5310 gnatur.
716 5227 948 5303 Primo,
982 5228 1133 5311 quia
1173 5229 1531 5311 suscipiens
1580 5247 1931 5292 sacramen-

436 5335 575 5390 tum
616 5327 760 5404 hoc,
794 5327 1132 5390 destitutus
1176 5333 1272 5390 est
1314 5325 1562 5392 viribus
1605 5327 1880 5410 propriis
1914 5346 1928 5392 ε

2038 4339 2246 4402 forma
2289 4339 2408 4401 ista
2449 4337 2698 4402 nonsit
2737 4339 2978 4402 mentio
3020 4337 3186 4402 inde.

2116 4437 2412 4520 Amplius
2441 4438 2520 4500 de
2560 4436 2898 4500 effectibus
2928 4437 3124 4519 hujus
3159 4439 3534 4500 sacramenti

2039 4538 2396 4612 sciendum,
2430 4538 2599 4619 quod
2641 4537 3142 4619 unumquodque
3182 4555 3536 4600 sacramen-

2039 4645 2177 4701 tum
2207 4645 2305 4700 est
2343 4635 2782 4718 principaliter
2822 4635 3186 4697 institutum
3224 4637 3302 4698 ad
3335 4656 3534 4699 unum

2039 4736 2370 4810 effectum,
2403 4734 2698 4817 quamvis
2747 4753 2823 4797 ex
2873 4734 3289 4815 consequenti
3336 4735 3538 4817 possit

2039 4843 2101 4898 et
2149 4834 2306 4898 alios
2353 4832 2625 4896 effectus
2676 4832 2995 4895 inducere.
3049 4833 3385 4914 Quumque
3441 4853 3536 4896 sa-

2041 4940 2438 4996 cramentum
2484 4931 2729 4995 efficiat
2770 4931 2939 5013 quod
2984 4930 3239 5013 figurat,
3274 4931 3418 4994 ideo
3460 4951 3538 4994 ex

2041 5031 2512 5112 significatione
2577 5030 2954 5093 sacramenti
3019 5030 3382 5112 pensandus
3443 5038 3540 5093 est

2042 5129 2416 5213 principalis
2448 5129 2588 5210 ejus
2619 5129 2909 5192 effectus
2942 5127 3297 5191 Adhibetur
3325 5137 3538 5192 autem

2042 5235 2511 5291 sacramentum
2555 5227 2675 5291 hoc
2715 5245 2828 5311 per
2868 5228 3127 5290 modum
3173 5226 3537 5291 medicatio-

2042 5328 2164 5404 niS,
2199 5327 2366 5389 sicut
2407 5326 2770 5408 Baptismus
2814 5345 2930 5409 per
2969 5326 3230 5390 modum
3269 5324 3538 5390 ablutio-
