4267 6250
832 486 914 552 60
1511 501 1578 549 m
1617 501 1840 550 Lmnuu
1881 503 1944 550 ιν
1985 501 2470 550 saman-runnu.
2508 519 2591 532 —
2632 503 2785 550 msr.
2827 503 2887 568 13
2932 503 3158 561 onsssr.
3200 505 3261 551 w

835 675 1210 759 productive
1268 675 1521 756 attingit
1584 673 1890 738 effectum
1960 674 2333 757 principalis
2360 674 2414 738 A
2444 681 2715 756 quatuor
2744 675 3040 739 rationes.
3072 677 3280 740 Prima
3308 685 3427 752 est,
3459 679 3629 760 quod
3668 678 3737 742 in
3766 679 3949 743 omni

833 774 1078 856 agentis
1102 791 1116 836 :
1140 774 1308 836 sicut
1336 773 1401 835 in
1431 773 1838 856 generatione
1875 773 2024 854 equi
2067 774 2159 836 sol
2192 791 2335 835 cau·

834 893 904 936 sa
950 879 1047 936 est
1095 872 1466 955 principalis
1512 880 1822 953 quantum
1871 872 1950 935 ad
1997 889 2331 954 corporeas

834 991 1078 1046 causaS‚
1098 979 1160 1034 et
1189 989 1392 1052 equus
1420 988 1728 1051 generans
1759 977 1857 1033 est
1886 989 2076 1033 causa
2107 971 2335 1033 instru-

833 1070 1150 1144 mentalis,
1184 1087 1384 1151 quum
1423 1088 1626 1151 equus
1663 1087 1973 1150 generans
2012 1088 2139 1131 una
2182 1087 2329 1131 cum

833 1169 966 1231 sole
1011 1168 1318 1251 producat
1355 1167 1627 1229 formam
1667 1166 1864 1246 geniti
1910 1166 2081 1248 equi,
2117 1167 2331 1249 ipsum

727 1333 738 1345 ,
834 1285 1072 1348 equum
1113 1266 1542 1349 producendo.
1577 1266 1715 1328 Alia
1745 1272 1844 1328 est
1881 1284 2070 1328 causa
2103 1265 2334 1327 instru-

837 1366 1309 1447 mentaliS,quae
1339 1363 1593 1445 attingit
1619 1362 1926 1427 effectum
1958 1363 2331 1446 principalis

832 1464 1077 1546 agentis
1107 1481 1233 1526 non
1265 1461 1660 1545 productive,
1695 1463 1804 1524 sed
1846 1468 2091 1523 tantum
2123 1461 2333 1543 dispo-

833 1562 1021 1625 sitive
1057 1579 1070 1624 :
1104 1561 1270 1623 sicut
1301 1560 1365 1623 in
1395 1559 1802 1642 generatione
1832 1558 2111 1621 hominis
2142 1578 2332 1622 causa

833 1660 1208 1744 principalis
1238 1659 1459 1722 formae
1488 1659 1782 1721 humanae
1813 1665 1910 1721 est
1937 1658 2108 1720 solus
2138 1659 2327 1732 DeuS,

832 1777 909 1823 eo
957 1760 1125 1841 quod
1174 1757 1385 1821 anima
1434 1757 1756 1820 rationalis
1804 1764 2090 1834 creetur3
2139 1756 2332 1819 homo

2442 781 2717 848 causato,
2731 795 2860 834 esse
2889 783 2984 838 est
3012 775 3285 839 effectus
3316 777 3539 859 primae
3570 779 3951 842 causae.1mo

2442 891 2561 934 nec
2593 872 3165 937 instrumentaliter
3194 882 3402 957 potest
3430 876 3667 939 creatio
3696 895 3953 959 compe·

2442 976 2578 1033 tere
2608 978 2933 1047 creaturae,
2965 973 3269 1054 quoniam
3300 992 3491 1036 causa
3520 974 3787 1038 inferior
3814 993 3947 1038 non

2444 1069 2782 1153 participat
2810 1071 3127 1134 actionem
3168 1090 3374 1136 causae
3413 1073 3783 1155 superioriS,
3816 1074 3949 1136 nisi

2443 1187 2559 1250 per
2586 1168 2831 1250 aliquid
2870 1169 2993 1231 sibi
3035 1170 3369 1252 proprium
3409 1178 3709 1253 operetur
3736 1171 3815 1234 ad
3856 1171 3949 1234 ef-

2441 1265 2683 1328 fectum
2734 1268 3065 1349 proprium
3116 1268 3492 1351 principalis
3538 1269 3803 1350 agentiS.
3836 1269 3947 1332 Se·

2444 1365 2652 1427 cunda
2690 1372 2807 1434 est,
2841 1365 2993 1447 quia
3031 1365 3331 1429 distantia
3369 1366 3535 1428 inter
3562 1387 3693 1428 esse
3720 1374 3785 1430 et
3814 1387 3949 1428 non

2444 1483 2573 1523 esse
2602 1471 2698 1526 est
2730 1463 3002 1527 infinita.
3028 1464 3256 1538 Tertia,
3293 1465 3595 1547 quoniam
3624 1484 3819 1547 agens
3850 1466 3949 1528 in-

2443 1560 2641 1623 ferius
2673 1562 3111 1645 praesupponit
3140 1562 3206 1625 in
3234 1563 3477 1644 agendo
3506 1563 3813 1626 effectum
3844 1584 3951 1627 su-

2442 1659 2711 1742 perioris
2760 1660 3005 1741 agentis
3059 1678 3073 1723 :
3126 1661 3293 1724 sicut
3344 1680 3446 1724 ars
3504 1663 3949 1745 praesupponit

2440 1755 2747 1819 effectum
2797 1764 3059 1832 naturae,
3113 1765 3177 1821 et
3222 1758 3495 1822 effectus
3543 1766 3785 1823 naturae
3834 1759 3951 1822 ali-

831 1875 983 1921 vero
1012 1864 1077 1920 et
1104 1859 1196 1921 sol
1229 1863 1380 1920 sunt
1408 1875 1613 1920 causae
1643 1856 1922 1919 hominis
1953 1856 2332 1918 instrumen-
2367 1855 2414 1918 B
2442 1855 2596 1936 quid
2658 1856 3021 1938 potentiale.
3066 1856 3291 1920 Creare
3338 1864 3551 1920 autem
3600 1865 3717 1932 est,
3764 1859 3947 1922 nullo

830 1957 988 2019 tales
1020 1964 1314 2039 respectu
1344 1956 1478 2030 Dei,
1502 1962 1780 2018 attamen
1810 1973 1937 2017 non
1969 1955 2334 2037 producunt

831 2055 1110 2117 animam
1142 2054 1536 2128 rationalem,
1569 2052 1864 2135 quamvis
1896 2052 2177 2135 perfecte
2206 2051 2332 2114 dis-

834 2159 1074 2236 ponant
1102 2170 1332 2234 corpus
1371 2152 1448 2213 ad
1480 2150 1621 2231 ejus
1661 2151 2134 2232 susceptionem
2165 2167 2179 2212 :
2213 2150 2331 2212 sic-

834 2270 958 2333 que
989 2251 1182 2315 homo
1219 2268 1528 2332 generans
1569 2256 1634 2311 et
1670 2249 1785 2321 sol,
1819 2249 1883 2310 in
1926 2248 2332 2330 generatione

830 2349 1112 2413 hominis
1170 2366 1296 2412 non
1361 2347 1682 2430 attingunt
1737 2345 2042 2409 effectum
2100 2346 2335 2429 princi-

830 2449 994 2531 palis
1046 2447 1290 2529 agentis
1341 2445 1738 2529 productim,
1791 2446 1900 2508 sed
1952 2446 2160 2507 solum
2210 2443 2334 2507 dis-

830 2546 1122 2630 positive.
1171 2545 1496 2609 Interdum
1552 2561 1807 2626 quoque
1863 2561 2052 2605 causa
2103 2543 2335 2605 instru-

830 2645 1125 2708 mentalis
1162 2645 1254 2707 sic
1291 2644 1423 2725 agit
1459 2661 1536 2705 ex
1576 2662 1690 2706 sua
1729 2649 1973 2716 natura,
2008 2641 2329 2704 interdum

827 2763 904 2806 ex
969 2743 1103 2805 sola
1167 2742 1564 2806 ordinatione
1623 2759 1735 2804 seu
1805 2740 2205 2804 institutione
2268 2746 2334 2802 et

825 2841 1194 2904 adsistentia
1232 2859 1437 2903 causae
1477 2839 1717 2922 primae.
1751 2874 1832 2885 —
1859 2838 2002 2901 Haec
2045 2838 2332 2919 Argenti-

827 2939 1066 3013 nensiS,
1107 2939 1218 3020 qui
1261 2956 1339 3000 ex
1382 2938 1482 3000 his
1527 2937 1866 3019 respondet
1905 2936 2072 2998 sicut
2113 2942 2333 3017 praeta-

828 3046 1004 3101 ctum
1047 3044 1162 3101 est.

896 3138 1086 3201 Porro
1114 3136 1450 3199 Durandus
1481 3134 1546 3197 in
1576 3134 1676 3197 his
1709 3140 2017 3216 quantum
2048 3133 2125 3195 ad
2158 3134 2330 3214 prin-

830 3236 1034 3319 cipale
1074 3235 1391 3299 consentit
1437 3234 1496 3296 S.
1541 3233 1813 3296 Thomae.
1856 3232 2046 3294 Addit
2091 3238 2324 3305 tamen,

830 3336 998 3417 quod
1031 3333 1313 3417 potentia
1351 3332 1625 3395 creativa
1662 3330 1882 3394 formae
1918 3330 2327 3392 accidentalis

831 3434 1031 3516 possit
1070 3430 1529 3495 communicari
1561 3448 1767 3493 causae
1801 3436 2045 3503 creatae,
2079 3435 2144 3491 et
2174 3428 2330 3490 dicit

829 3533 951 3595 hoc
998 3531 1303 3594 Thomam
1364 3528 1712 3592 concedere
1764 3545 1777 3590 ε
1830 3527 1908 3590 de
1965 3527 2327 3589 charactere

828 3630 1089 3712 quidem
1139 3629 1204 3691 in
1248 3628 1367 3691 hoc
1411 3633 1636 3709 quarto
1679 3626 1864 3701 libro,
1897 3633 1961 3688 et
2004 3626 2082 3688 de
2127 3624 2328 3707 gratia

831 3727 894 3789 in
939 3727 1124 3790 tertia
1167 3734 1365 3808 parte,
1398 3724 1746 3806 quaestione
1795 3723 2187 3805 sexagesima
2236 3742 2329 3785 se-

830 3827 1055 3889 cunda.
1088 3861 1168 3871 —
1196 3826 1648 3887 Verumtamen
1695 3823 1863 3885 istud
1909 3840 2036 3885 non
2074 3822 2328 3885 videtur

828 3926 906 3987 de
954 3931 1165 3986 mente
1204 3923 1480 3995 Thomas,
1515 3921 1626 4003 qui
1668 3920 1958 3983 absolute
2003 3918 2326 3981 multoties

827 4029 1016 4104 negat
1043 4021 1390 4104 potentiam
1425 4020 1766 4083 creativam
1797 4037 1908 4081 seu
1945 4026 2158 4079 actum
2194 4036 2326 4080 cre·

826 4120 1080 4193 ationiS‚
1126 4136 1312 4201 posse
1361 4136 1566 4180 causae
1619 4123 1844 4179 creatae
1893 4115 2327 4178 communica-

2443 1954 2906 2036 praesupposito
2964 1956 3334 2037 producere.
3388 1956 3637 2030 Quarta,
3688 1957 3945 2019 nullum

2442 2059 2725 2114 creatum
2755 2059 2853 2115 est
2882 2072 3082 2135 purus
3123 2061 3324 2127 actm,
3357 2061 3467 2116 aut
3504 2073 3737 2136 purum
3776 2072 3941 2128 esse,

2442 2168 2592 2231 ergo
2628 2168 2755 2213 non
2799 2151 2929 2232 agit
2969 2151 3107 2214 sine
3150 2159 3323 2214 motu
3366 2159 3429 2214 et
3473 2152 3847 2225 mutatione,
3878 2162 3948 2215 et

2442 2247 2530 2310 ita
2557 2248 2828 2330 requirit
2856 2248 3471 2329 subjectum—Sed
3502 2250 3637 2314 istae
3666 2251 3947 2315 rationes

2441 2347 2800 2409 necessario
2846 2347 3229 2410 concludere
3274 2366 3401 2411 non
3450 2348 3769 2411 videntur.
3802 2349 3945 2412 Non

2441 2445 2669 2526 prima,
2702 2445 2854 2526 quia
2900 2445 2965 2507 in
3016 2445 3115 2508 his
3165 2465 3307 2528 quae
3353 2455 3759 2528 generantur,
3802 2466 3946 2510 esse

2440 2542 2723 2624 generati
2763 2550 2861 2605 est
2895 2562 2932 2605 a
2968 2551 3333 2625 generante,
3367 2563 3486 2607 nec
3524 2551 3623 2607 est
3660 2545 3727 2607 in
3754 2563 3949 2627 gene-

2442 2648 2576 2704 rato
2604 2641 2781 2704 aliud
2821 2660 2960 2704 esse
3000 2643 3169 2724 quod
3210 2643 3293 2706 sit
3329 2662 3445 2725 per
3484 2644 3871 2706 creationem
3904 2663 3948 2706 a

2441 2741 2592 2814 Dee,
2616 2740 2726 2803 sed
2758 2759 2959 2802 unum
2990 2748 3086 2803 est
3115 2741 3321 2804 solum
3353 2759 3494 2804 esse
3525 2741 3945 2806 substantiale

2442 2839 2509 2908 in
2540 2856 2670 2901 uno
2707 2839 3061 2920 eodemque
3100 2847 3417 2921 generato.
3452 2841 3580 2903 Nec
3615 2841 3945 2904 universa-

2443 2936 2588 2999 liter
2614 2955 2839 3000 verum
2871 2945 2967 3000 est
3005 2938 3175 3020 quod
3216 2939 3457 3002 dictum
3498 2946 3594 3002 est
3632 2940 3711 3003 de
3750 2959 3947 3004 causa
4052 3010 4062 3022 .

2361 3033 2405 3098 C
2442 3034 2932 3109 instrumentali,
2966 3043 3037 3097 ut
3074 3036 3227 3098 dum
3271 3037 3660 3100 monetarius
3700 3055 3816 3120 per
3846 3038 3942 3101 in-

2439 3142 2866 3197 strumentum
2901 3135 3141 3197 inducit
3181 3136 3453 3199 formam
3487 3137 3550 3199 in
3591 3146 3939 3214 monetam,

2438 3240 2501 3294 et
2532 3232 2838 3313 sigillator
2868 3233 2933 3295 in
2974 3252 3204 3295 ceram.
3242 3235 3532 3298 Secunda
3559 3254 3816 3318 quoque
3848 3254 3945 3298 ra-

2436 3330 2528 3393 tio
2556 3349 2683 3394 non
2714 3332 2968 3394 videtur
2996 3333 3398 3407 concludere,
3431 3334 3733 3415 quoniam
3764 3342 3943 3397 tanta

2438 3436 2535 3491 est
2563 3429 2861 3493 distantia
2892 3430 3057 3493 inter
3085 3437 3387 3506 extrema,
3404 3440 3713 3513 quantum
3745 3451 3943 3495 unum

2438 3534 2535 3589 est
2566 3527 2772 3607 majus
2803 3534 2912 3589 aut
2954 3529 3208 3609 dignius
3247 3529 3409 3609 alio;
3442 3530 3551 3591 sed
3592 3548 3731 3593 esse
3770 3549 3944 3594 crea-

2435 3632 2575 3687 tum
2605 3642 2732 3688 non
2763 3633 2861 3688 est
2888 3626 3211 3707 dignitatis
3240 3635 3347 3690 aut
3374 3628 3821 3709 magnitudinis
3852 3629 3943 3691 in·

2436 3722 2650 3796 finitae,
2664 3742 2779 3786 nec
2810 3722 3057 3787 infinite
3087 3724 3331 3787 excedit
3356 3743 3481 3789 non
3506 3744 3643 3790 esse
3668 3726 3728 3789 ei
3754 3745 3945 3810 oppo-

2435 3821 2631 3883 situm
2666 3839 2681 3883 ε
2719 3821 2861 3884 ideo
2890 3840 3017 3885 non
3050 3822 3241 3885 distat
3270 3823 3349 3886 ab
3379 3842 3455 3887 eo
3486 3825 3553 3887 in
3584 3825 3935 3888 infinitum.

2436 3920 2644 3981 Tertia
2672 3920 2865 3983 etiam
2897 3920 3057 3984 ratio
3087 3939 3211 3985 non
3245 3922 3585 3986 concludit.
3600 3924 3736 3986 Non
3768 3924 3941 3986 enim

2437 4036 2627 4079 causa
2695 4019 3070 4083 secundaria
3132 4022 3569 4103 praesupponit
3628 4021 3940 4085 effectum

2438 4134 2644 4179 causae
2676 4116 2903 4199 prioris
2933 4124 3043 4180 aut
3073 4118 3317 4200 primae,
3341 4126 3643 4201 tanquam
3678 4140 3941 4202 passum

826 4219 904 4293 ri,
954 4236 1072 4280 nec
1123 4217 1190 4278 in
1237 4215 1426 4278 tertia
1481 4222 1658 4296 parte
1709 4213 2000 4275 concedit
2057 4214 2325 4295 gratiam
2356 4211 2408 4273 D
2440 4214 2513 4303 in·
2550 4214 2719 4296 quod
2767 4222 2927 4296 agat.
2964 4216 3274 4279 Similiter
3313 4236 3431 4279 nec
3465 4218 3641 4281 ratio
3689 4227 3937 4299 quarta,

827 4335 1014 4399 posse
1044 4335 1081 4378 a
1110 4333 1298 4377 causa
1329 4320 1535 4375 creata
1575 4312 1864 4394 produci.
1899 4310 2179 4385 Qualiter
2224 4330 2328 4375 ve-

829 4432 900 4477 ro
943 4414 1112 4475 dicat
1155 4412 1458 4475 virtutem
1497 4410 2022 4473 sacramentalem
2061 4409 2140 4471 ad
2183 4428 2325 4492 pro-

826 4512 1195 4576 ductionem
1237 4509 1618 4572 characteris
1658 4508 2227 4571 instrumentaliter
2263 4516 2327 4571 et

675 4628 698 4641 ·
745 4624 771 4669 ·.
827 4610 1190 4674 efficienter
1244 4624 1643 4681 concurrere,
1691 4605 1824 4686 jam
1876 4606 2081 4687 patuit
2134 4607 2327 4689 paulo

829 4718 995 4773 ante.

906 4810 987 4872 At
1033 4824 1185 4870 vero
1233 4806 1456 4870 Scotus
1512 4822 1768 4887 quoque
1827 4804 2193 4885 interrogat,
2245 4822 2325 4865 an

827 4914 1116 4970 creatura
1159 4904 1360 4988 possit
1397 4902 1632 4967 hahere
1673 4902 1988 4965 actionem
2032 4909 2326 4983 respectu

827 5004 1086 5069 termini
1136 5002 1496 5077 creationiS,
1550 5002 1611 5063 id
1661 5008 1759 5064 est
1805 5018 2041 5075 creare,
2091 5007 2202 5062 aut
2248 4999 2326 5062 ad

825 5103 1211 5166 creationem
1265 5100 1609 5183 cooperari.
1657 5099 2018 5180 Respondet
2063 5116 2078 5160 ε
2124 5100 2194 5161 In
2246 5099 2326 5161 is·

826 5210 890 5265 ta
934 5200 1282 5284 quaestione
1323 5197 1600 5278 theologi
1639 5197 2067 5259 communiter
2107 5202 2328 5258 tenent

827 5300 997 5385 quod
1027 5316 1193 5379 non3
1223 5297 1303 5361 ad
1333 5296 1504 5378 quod
1533 5294 1974 5379 principaliter
2001 5294 2329 5357 adducunt

2438 4332 2638 4395 quum
2669 4331 2859 4376 causa
2898 4322 3107 4377 creata
3133 4315 3364 4378 habeat
3400 4316 3681 4379 actiones
3712 4316 3941 4381 imma-

2439 4419 2685 4486 nenteS,
2748 4430 2890 4493 quae
2946 4421 3095 4474 sunt
3153 4414 3529 4495 intelligere,
3582 4415 3771 4489 velle,
3824 4434 3945 4498 per

2438 4528 2597 4591 quas
2650 4508 2788 4571 sine
2850 4518 3026 4572 motu
3079 4518 3142 4573 et
3199 4511 3549 4574 mutatione
3604 4530 3791 4593 agere
3838 4532 3944 4577 va-

2440 4606 2543 4669 let.
2578 4642 2660 4652 —
2688 4608 2878 4669 Istam
2909 4606 3401 4690 disputationem
3440 4608 3658 4671 Scotus
3689 4610 3941 4691 prolixe

2439 4704 2865 4788 prosequitur,
2917 4705 3243 4768 recitando
3290 4715 3756 4789 consequenter
3802 4709 3939 4791 opi-

2438 4803 2697 4866 nionem
2747 4802 3087 4867 Avicennae
3132 4803 3403 4867 dicentis
3456 4824 3649 4867 unam
3704 4805 3939 4869 intelli-

2436 4901 2717 4983 gentiam
2767 4907 3043 4963 creatam
3090 4920 3229 4965 esse
3275 4901 3357 4965 ab
3404 4902 3551 4977 alia,
3604 4921 3753 4966 cum
3802 4906 3939 4967 suis

2438 4999 2796 5073 motiviS,et
2826 5006 3043 5061 contra
3070 5018 3146 5062 ea
3173 4999 3805 5081 objiciendo.Verum
3836 5003 3939 5083 (ut

2436 5098 2597 5179 dixi)
2626 5098 2761 5161 haec
2793 5098 3057 5161 materia
3085 5117 3278 5180 super
3307 5099 3659 5161 secundum
3696 5100 3938 5163 discus-
3966 5118 4089 5163 dist.

2436 5214 2505 5257 sa
2534 5201 2651 5269 est,
2683 5214 2800 5258 nec
2843 5195 3029 5259 facile
3068 5203 3242 5278 patet
3278 5196 3433 5278 quid
3474 5197 3746 5279 ipsemet
3778 5197 3938 5261 fina-

2439 5294 2583 5357 liter
2625 5294 2856 5357 sentiat
2898 5294 3139 5359 ScotuS.

4112 5138 4149 5173 1,
4170 5130 4263 5181 q.³
