4267 6250
1227 499 1433 547 uranii
1473 497 1873 546 »mnu-mia
1915 497 2008 544 sn·
2049 495 2501 545 sammon
3132 461 3149 476 ’
3298 475 3421 540 359

323 679 416 734 ter
441 671 734 736 sumitur.
767 671 1000 746 Primo,
1023 677 1094 733 ut
1121 676 1218 734 est
1245 671 1460 754 passio
1492 668 1814 754 appetitus
1843 667 1898 730 A
1925 667 2330 732 vindicabilis
2360 675 2425 732 et
2452 667 2792 752 expiabilis
2830 687 2945 752 per
2971 674 3184 731 actum
3218 665 3423 750 poeni-

321 769 600 832 sensitivi
635 789 650 832 :
684 770 908 852 sieque
955 768 1332 853 poenitentia
1376 785 1504 831 non
1549 774 1647 830 est
1693 767 1818 830 vir-

321 877 442 941 tus,
488 870 594 931 sed
641 869 874 950 passio.
923 867 1238 941 Secundo,
1288 873 1478 950 prout
1526 865 1818 930 consistit

325 967 388 1028 in
433 967 779 1041 voluntate,
811 975 876 1028 et
915 967 1004 1029 ita
1045 973 1144 1028 est
1183 984 1332 1028 eum
1375 965 1649 1047 quadarn
1693 963 1818 1026 ele-

324 1065 546 1140 ctione,
577 1085 721 1148 quae
750 1083 954 1147 quum
993 1063 1190 1126 fuerit
1227 1083 1376 1126 cum
1416 1071 1589 1126 recta
1627 1062 1814 1125 ratio-

325 1181 424 1236 ne,
445 1164 802 1226 necessario
835 1169 931 1226 est
960 1170 1140 1225 actus
1172 1161 1426 1224 virtutis
1461 1177 1476 1223 ε
1510 1161 1814 1242 quoniam

325 1263 520 1324 virtus
557 1268 655 1322 est
689 1258 948 1322 habitus
985 1261 1295 1322 electivus
1335 1259 1688 1322 secundum
1725 1276 1818 1320 re-

329 1367 486 1421 ctam
517 1359 849 1431 rationem,
882 1365 956 1420 ut
985 1358 1268 1420 secundo
1306 1356 1542 1419 dieitur
1571 1357 1818 1419 Ethico-

329 1475 500 1536 rum;
529 1457 840 1538 docetque
873 1457 1054 1530 ratio,
1087 1457 1167 1518 de
1197 1455 1308 1518 Dei
1339 1454 1588 1519 oflensa
1620 1455 1816 1516 maxi-

327 1575 424 1618 me
451 1574 590 1618 esse
619 1554 985 1617 dolendum.
1004 1554 1313 1636 Denique,
1338 1572 1541 1635 quum
1571 1553 1818 1636 speeies

327 1653 652 1715 habituum
684 1651 1159 1733 distinguantur
1185 1651 1539 1714 secundum
1573 1651 1819 1732 species

325 1758 600 1821 actuum,
639 1750 784 1812 ideo
825 1747 938 1810 ubi
977 1747 1258 1810 occurrit
1299 1747 1595 1830 specialis
1640 1755 1820 1810 actus

1924 768 2134 830 tentis.
2169 767 2331 830 Hinc
2378 785 2635 850 quoque
2677 766 3043 840 dicendum,
3078 767 3248 849 quod
3292 785 3423 849 poe-

1924 866 2194 928 nitentia
2249 874 2345 928 est
2401 865 2647 949 speeies
2694 866 3153 947 specialissima
3202 883 3218 927 :
3270 865 3423 948 quia

1925 963 2048 1026 sub
2076 964 2195 1026 hae
2226 963 2465 1027 ratione
2495 957 2748 1026 formali
2777 963 3039 1045 respicit
3067 981 3252 1026 omne
3282 981 3425 1045 pec-

1925 1070 2136 1124 catum
2184 1062 2431 1124 actuale
2474 1061 2753 1126 mortale.
2786 1062 2929 1125 Haec
2968 1061 3337 1124 Richardus.

2004 1162 2075 1224 In
2115 1161 2303 1241 cujus
2334 1161 2547 1223 verbis
2580 1160 2835 1223 videtur
2868 1158 3212 1222 obscurum
3252 1159 3425 1241 quod

1924 1260 2034 1332 ait,
2083 1258 2411 1339 objectum
2464 1259 2855 1342 poenitentiae
2902 1276 3043 1322 esse
3092 1265 3425 1340 peceatum

1930 1358 2195 1442 mortale
2241 1358 2509 1432 actuale,
2541 1376 2907 1441 quanquam
2954 1357 3013 1420 S.
3048 1357 3321 1420 Thomas
3362 1364 3427 1420 et

1926 1456 2036 1519 alii
2077 1457 2339 1539 quidam
2385 1457 2505 1520 hoc
2548 1457 2780 1519 dicant.
2814 1457 2953 1520 Non
2992 1455 3167 1518 enim
3211 1455 3426 1518 minus

1927 1555 2370 1637 poenitendum
2404 1562 2500 1617 est
2528 1555 2607 1618 de
2648 1561 2910 1636 peccato
2950 1554 3202 1617 mortali
3233 1554 3427 1617 omis-

1929 1653 2126 1716 sionis
2176 1671 2369 1735 quam
2419 1651 2907 1716 commissionis.
2948 1687 3029 1697 —
3070 1651 3426 1716 Obscurum

1929 1768 2186 1833 quoque
2232 1757 2496 1833 apparet
2541 1751 2711 1832 quod
2761 1749 2825 1812 in
2866 1749 3232 1833 praehabitis
3268 1750 3427 1813 Tho·

329 1847 680 1920 laudabilis,
731 1865 994 1909 neeesse
1040 1853 1138 1908 est
1182 1864 1420 1929 ponere
1472 1845 1817 1928 specialem
1855 1845 1904 1908 B
1933 1869 2052 1912 111ae
2095 1848 2309 1912 verbis
2349 1847 2640 1922 habetur,
2672 1849 2842 1930 quod
2888 1848 3251 1930 philosophi
3298 1866 3427 1912 non

327 1947 640 2009 virtutem.
677 1947 1013 2027 Quumque
1045 1945 1110 2005 in
1151 1943 1290 2027 ipsa
1323 1943 1698 2027 poenitentia
1737 1944 1820 2006 sit

329 2043 690 2125 hujusmodi
730 2051 935 2116 actuS,
967 2041 1265 2105 videlicet
1305 2041 1555 2124 operari
1599 2043 1676 2104 ad
1715 2043 1822 2104 de-

330 2141 734 2205 structionem
769 2139 1014 2223 peccati
1047 2139 1374 2223 praeteriti,
1407 2139 1474 2201 in
1508 2147 1818 2221 quantum

330 2248 420 2302 est
447 2240 558 2303 Dei
587 2238 860 2312 oflensa,
891 2237 1061 2320 quod
1091 2255 1220 2300 non
1262 2237 1543 2320 pertinet
1569 2237 1648 2300 ad
1679 2236 1826 2298 rati-

331 2356 510 2401 onem
553 2337 818 2401 alterius
857 2335 1151 2414 virtutis3
1184 2343 1431 2398 constat
1468 2335 1638 2417 quod
1683 2354 1823 2417 spe-

331 2437 501 2499 cialis
543 2437 628 2498 sit
671 2435 896 2499 virtus.
931 2435 1076 2497 Haec
1126 2434 1192 2496 in
1242 2433 1523 2496 Summa.
1556 2468 1637 2478 —
1667 2434 1825 2497 Con-

333 2535 538 2597 cordat
577 2535 802 2597 Petrus
845 2533 911 2594 in
952 2531 1276 2595 omnibus,

406 2632 756 2696 Richardus
785 2649 1064 2713 quoque,
1097 2637 1161 2694 et
1196 2629 1372 2692 addit
1403 2647 1418 2692 :
1451 2629 1828 2693 Poenitentia

335 2730 830 2813 quadrupliciter
867 2729 1163 2791 sumitur.
1199 2727 1430 2802 Primo,
1465 2745 1581 2810 pro
1629 2746 1828 2789 reme-

333 2828 432 2892 dio
458 2837 678 2891 eontra
719 2827 986 2890 mortale
1026 2833 1360 2908 peceatum
1396 2845 1511 2909 per
1541 2826 1830 2888 sacerdo-

333 2935 420 2990 tes
446 2926 955 2991 administrando
975 2933 1072 2988 :et
1103 2927 1189 2988 ita
1216 2932 1316 2988 est
1344 2931 1825 2996 sacramentum,

1931 1948 2062 2011 sint
2107 1947 2302 2010 locuti
2347 1947 2427 2009 de
2470 1945 2815 2009 virtutibus
2864 1946 2988 2009 nisi
3034 1953 3223 2030 prout
3259 1947 3426 2010 ordi-

1931 2053 2165 2108 nantur
2210 2045 2277 2108 in
2327 2044 2568 2108 bonum
2628 2045 3003 2118 humanum,
3053 2063 3179 2108 non
3240 2053 3431 2127 prout

1931 2145 2309 2207 ordinantur
2346 2144 2422 2206 ad
2469 2141 2934 2226 providentiam
2976 2142 3106 2205 Dei.
3140 2143 3429 2206 Meliores

1931 2259 2211 2323 namque
2259 2239 2809 2323 philosophorum,
2859 2241 3211 2323 praesertim
3259 2239 3432 2304 Plato

1932 2347 2122 2422 atque
2154 2338 2896 2421 Pla·tonici,apertissime
2926 2347 3277 2421 posuerunt
3302 2339 3435 2401 ani-

1936 2457 2104 2500 mam
2135 2436 2418 2500 hominis
2447 2436 2896 2510 immortalem,
2929 2443 2994 2498 et
3022 2455 3137 2520 per
3164 2437 3432 2500 virtutes

1936 2553 2122 2618 posse
2162 2535 2239 2598 ad
2270 2535 2638 2598 felicitatem
2684 2534 3065 2616 pertingere,
3097 2533 3433 2596 hortaban-

1935 2641 2167 2715 turque
2210 2651 2360 2696 suos
2401 2631 2720 2696 auditores
2758 2651 2795 2695 a
2832 2632 3007 2695 vitiis
3047 2631 3126 2694 ad
3164 2631 3433 2694 virtutes

1937 2731 2164 2794 redire.
2200 2732 2289 2794 De
2337 2729 2573 2813 quibus
2621 2749 2816 2814 super
2854 2731 3159 2794 Joannem
3208 2729 3436 2794 asserit

1934 2829 2329 2912 Augustinus
2364 2847 2379 2891 ε
2414 2830 2695 2892 Fuerunt
2734 2828 3097 2912 philosophi
3127 2829 3207 2892 de
3237 2828 3433 2891 virtu·

1935 2929 2110 2992 tibus
2150 2927 2413 2990 subtilia
2451 2927 2652 2990 multa
2690 2927 2995 3003 dicentes,
3028 2927 3431 3002 definienteS,

333 3045 450 3090 non
479 3026 702 3088 virtus.
723 3025 1036 3096 Secunde,
1057 3043 1174 3107 pro
1200 3023 1423 3087 habitu
1453 3023 1829 3085 habilitante
1865 3020 1910 3083 C
1937 3027 2425 3108 distinguentes,
2484 3025 2863 3099 dividentes,
2924 3025 3435 3089 ratiocinationes

333 3125 653 3188 hominem
681 3126 764 3187 ad
794 3123 1239 3207 poenitendum
1271 3121 1392 3186 sub
1422 3121 1832 3185 circumstan-

333 3224 432 3286 tiis
472 3224 712 3287 debitis
747 3240 762 3285 ε
797 3229 860 3285 et
911 3222 997 3284 ita
1044 3230 1142 3284 est
1187 3221 1411 3284 virtus.
1449 3221 1681 3295 Tertio,
1716 3238 1832 3304 pro

335 3330 468 3385 actu
501 3322 698 3403 hujus
727 3320 1004 3384 virtutis.
1025 3320 1279 3395 Quarto,
1303 3338 1420 3402 pro
1449 3320 1666 3383 dolore
1695 3338 1833 3381 sen-

335 3420 498 3483 sibili
533 3438 648 3502 pro
680 3419 962 3502 peccatis
996 3437 1010 3481 :
1045 3426 1108 3480 et
1147 3419 1235 3479 ita
1261 3426 1359 3480 est
1396 3417 1606 3501 passio
1645 3436 1834 3499 appe-

337 3519 482 3580 titus
513 3515 828 3592 sensitivi‚
851 3524 918 3579 et
945 3524 1154 3597 auget,
1188 3515 1360 3578 fovet
1397 3534 1471 3578 ae
1502 3522 1835 3597 promovet

339 3616 722 3697 poenitentiae
779 3622 1018 3688 actum,
1069 3615 1223 3676 dum
1277 3633 1425 3677 eum
1481 3614 1784 3697 praecedit
1814 3631 1830 3693 3

335 3735 530 3798 quum
557 3722 771 3779 autem
805 3714 1110 3797 sequitur,
1124 3715 1403 3778 ostendit
1431 3715 1836 3777 eumdem.—

339 3814 594 3897 lnsuper
623 3814 830 3878 virtus
859 3813 1098 3876 dicitur
1125 3813 1440 3895 generalis
1471 3814 1828 3895 tripliciter.

337 3912 540 3975 Primo
588 3911 1036 3986 essentialiter,
1078 3918 1298 3993 utpote
1349 3911 1834 3974 indeterminate

337 4018 610 4093 accepta,
642 4028 788 4092 quae
827 4009 1209 4092 praedicatur
1243 4010 1323 4072 de
1361 4010 1536 4072 omni
1577 4010 1830 4072 virtute.

339 4108 622 4172 Secundo
652 4107 1016 4181 causaliter,
1031 4115 1094 4171 et
1123 4109 1216 4171 sic
1247 4108 1475 4171 caritas
1506 4115 1603 4171 est
1631 4094 1836 4171 virtus

1937 3127 2340 3189 acutissimas
2390 3125 2879 3203 concludentes;
2928 3123 3039 3206 qui
3088 3125 3280 3188 etiam
3326 3125 3435 3188 ho-

1941 3224 2225 3287 minibus
2254 3224 2469 3286 dicere
2506 3222 2643 3285 ausi
2680 3222 2941 3286 fuerunt
2976 3240 2989 3285 :
3021 3222 3310 3286 Nostram
3342 3241 3437 3286 se-

1939 3331 2106 3385 ctam
2138 3321 2588 3403 sequamini,si
2618 3320 2805 3384 beate
2834 3320 3050 3384 vivere
3081 3320 3438 3384 vultis.Nee

1939 3421 2208 3484 dubium
2254 3420 2411 3502 quin
2459 3419 2632 3482 Plato
2677 3418 2741 3480 in
2787 3419 3095 3482 Phaedone
3143 3418 3440 3501 loquatur

1941 3520 2019 3582 de
2065 3516 2412 3582 virtutibus
2470 3524 2660 3600 prout
2715 3516 3091 3579 ordinantur
3144 3534 3216 3580 ae
3272 3516 3439 3579 ordi-

1941 3626 2096 3681 nant
2122 3618 2202 3680 ad
2232 3615 2715 3678 beatitudinem.
2750 3614 2963 3696 Aliqui
2996 3624 3207 3678 tamen
3237 3615 3441 3699 philo-

1942 3716 2124 3798 sophi
2157 3714 2622 3798 providentiam
2656 3712 2768 3775 Dei
2806 3712 2975 3775 cirea
3004 3721 3181 3776 actus
3220 3714 3441 3776 huma-

1943 3834 2056 3877 nos
2085 3811 2743 3894 immortalitatemque
2771 3812 2990 3875 animae
3020 3819 3435 3893 negaverunt:

1944 3914 2022 3975 de
2068 3912 2305 3994 quihus
2353 3910 2673 3973 verificari
2732 3916 2940 3992 potest
2987 3910 3157 3993 quod
3216 3911 3443 3973 asserit

1943 4012 2235 4074 Thomas.

2024 4109 2215 4172 Porro
2256 4107 2552 4170 Albertus
2599 4107 2889 4190 sequitur
2930 4106 3299 4190 opinionem
3347 4107 3442 4170 di-

339 4206 645 4288 generalis
695 4206 762 4268 in
813 4214 1123 4288 quantum
1168 4206 1470 4288 complet,
1504 4214 1718 4268 movet
1762 4225 1836 4268 ac
1866 4202 1916 4265 D
1946 4207 2253 4280 centium,
2284 4206 2451 4289 quod
2487 4206 2860 4288 poenitentia
2891 4223 3018 4269 non
3052 4214 3151 4269 est
3186 4207 3443 4290 proprie

341 4305 566 4367 format
594 4303 930 4367 universas
961 4304 1248 4367 virtutes.
1273 4304 1485 4367 Tertio
1515 4303 1836 4387 dispositi-

339 4422 427 4475 ve,
453 4410 518 4467 et
549 4403 646 4466 sic
678 4400 1057 4485 poenitentia
1084 4402 1320 4465 dicitur
1350 4401 1552 4465 virtus
1587 4421 1841 4483 genera-

341 4502 591 4585 lis,quia
620 4520 738 4583 per
764 4518 906 4563 eam
935 4500 1292 4582 disponitur
1319 4502 1510 4563 homo
1535 4501 1611 4563 ad
1644 4500 1841 4563 omni-

343 4618 442 4661 um
481 4600 964 4681 susceptionem
1003 4598 1332 4661 virtutum.
1364 4635 1446 4645 —
1481 4600 1838 4681 Dicuntque

341 4698 552 4781 aliqui,
577 4696 750 4779 quod
783 4695 1108 4776 objectum
1140 4698 1534 4780 poenitentiae
1573 4706 1670 4761 est
1698 4715 1840 4779 pee-

341 4806 544 4859 catum
596 4795 664 4858 in
709 4801 1022 4876 quantum
1072 4794 1184 4857 Dei
1234 4794 1644 4858 ostensivum.
1693 4796 1838 4869 Qui-

344 4892 448 4956 bus
475 4892 802 4974 objicitur,
817 4892 985 4973 quod
1015 4892 1179 4955 sicut
1208 4892 1488 4955 caritatis
1519 4899 1615 4955 est
1643 4894 1840 4957 Deum

347 4990 628 5073 diligere,
653 4990 742 5051 ita
769 4996 836 5052 et
863 4988 1006 5069 ejus
1035 4987 1350 5053 offensam
1381 4989 1576 5052 odire.
1601 4990 1843 5053 Idcirco

345 5089 592 5153 videtur
631 5088 1002 5163 dicendum,
1033 5088 1202 5170 quod
1245 5088 1638 5169 poenitentiae
1670 5088 1845 5171 obje-

349 5196 516 5250 ctum
547 5194 646 5250 est
686 5186 1021 5269 proprium
1061 5186 1310 5249 actuale
1341 5195 1694 5269 peccatum,
1727 5188 1847 5250 sub

1945 4306 2171 4380 virtu8‚
2206 4305 2316 4367 sed
2347 4305 2773 4367 communiter
2801 4312 2864 4367 et
2893 4313 3152 4368 extense
3183 4305 3443 4387 loquen-

1945 4405 2063 4483 do;
2095 4411 2160 4466 et
2189 4404 2359 4485 quod
2390 4403 2473 4465 sit
2512 4402 2622 4466 illo
2652 4404 2840 4466 modo
2869 4404 3071 4467 virtus
3104 4404 3441 4485 generaliS,

1947 4508 2259 4585 quantum
2299 4501 2378 4563 ad
2418 4502 2743 4564 materiam
2786 4502 2956 4563 circa
2998 4521 3191 4584 quam
3234 4522 3444 4565 versa-

1948 4609 2073 4673 tur,
2106 4599 2259 4682 quia
2300 4599 2380 4661 de
2423 4599 2723 4662 omnibus
2766 4607 2863 4662 est
2900 4600 3197 4681 peccatis.
3231 4600 3445 4663 Nihilo

1953 4700 2165 4761 minus
2194 4696 2315 4759 sub
2346 4697 2606 4778 speciali
2639 4698 2899 4770 ratione,
2934 4705 3005 4760 ut
3042 4698 3284 4761 dictum
3325 4707 3441 4772 est,

1950 4805 2014 4860 et
2043 4802 2352 4878 quantum
2386 4794 2462 4856 ad
2496 4793 2636 4867 hoc,
2671 4801 2877 4875 potest
2914 4794 3039 4856 dici
3070 4794 3272 4857 virtus
3305 4814 3447 4879 spe·

1951 4894 2150 4957 cialis.

2031 4994 2335 5056 Praeterea
2377 4990 2817 5053 Bonaventura
2857 4991 3147 5072 sequitur
3191 4990 3449 5074 positio·

1953 5109 2101 5152 nem
2132 5108 2210 5150 ex
2242 5089 2480 5152 Thoma
2520 5087 2866 5159 inductam,
2898 5095 2964 5150 et
2990 5088 3166 5150 addit
3199 5107 3213 5152 :
3246 5089 3449 5153 Poeni-

1955 5186 2153 5249 tentia
2182 5192 2279 5247 est
2306 5183 2638 5266 expulsiva
2675 5183 2916 5267 peccati
2956 5183 3245 5259 actualis,
3276 5187 3447 5268 quod

355 5287 595 5350 ratione
641 5304 770 5368 qua
819 5292 920 5347 est
965 5284 1198 5348 divinae
1241 5284 1400 5365 legis
1435 5286 1850 5365 transgressio
1960 5291 2055 5347 est
2095 5283 2343 5346 macula
2390 5282 2667 5345 animam
2716 5281 3099 5358 deformanS,
3140 5290 3331 5366 atque
3371 5286 3449 5347 ad

3498 4728 3542 4773 p.
3565 4716 3641 4758 ³57
3652 4712 3701 4758 G.
