4267 6250
873 472 991 540 130

1526 494 1592 541 m
1630 494 1855 541 mium(
1894 495 1957 541 lv
1998 494 2483 542 snmmlnuu.
2524 512 2605 525 ··-
2645 495 2799 542 msr.
2843 494 2946 559 1v3
2990 495 3214 552 QUAEST.
3257 496 3320 541 1v

870 663 1202 727 actualiter
1249 664 1616 729 immediate
1657 666 1725 729 in
1771 666 2038 729 sanitate
2084 674 2232 729 ante
2280 664 2362 729 is·
2393 664 2444 728 A
2471 666 2860 730 eminentius
2906 687 3100 750 quam
3145 668 3434 730 Joannes.
3479 668 3640 749 Ergo
3679 673 3788 735 aut
3834 684 3968 728 cer-

867 762 981 824 tud
1013 762 1577 845 impedimentum3
1609 772 1673 827 et
1702 764 2366 839 dico,immediate,ita

869 861 1039 942 quod
1084 860 1248 923 inter
1295 862 1481 924 illum
1520 870 1755 939 actum,
1803 871 1955 946 puta
2003 863 2364 926 consensio-

867 977 1015 1021 nem
1062 966 1171 1021 aut
1212 959 1702 1037 dissensionem,
1734 968 1800 1023 et
1838 961 2004 1024 inter
2043 960 2210 1024 istud
2251 960 2367 1023 im-

867 1057 1332 1140 pedimentum,
1385 1077 1510 1122 non
1561 1059 1907 1122 intervenit
1954 1066 2162 1123 motus
2219 1077 2366 1123 con-

866 1156 1098 1219 trarius
1130 1157 1473 1221 voluntatis
1508 1177 1522 1221 :
1556 1158 1778 1240 sicque
1811 1158 1928 1220 iste
1957 1158 2367 1220 habitualiter

868 1255 1294 1329 consentiam,
1314 1263 1523 1338 potest
1552 1256 1839 1337 recipere
1869 1264 2360 1319 sacramentum.

868 1352 1322 1416 Verumtamen
1362 1354 1418 1416 si
1456 1362 1747 1436 speratur
1782 1354 2023 1416 reditus
2062 1355 2142 1417 ad
2178 1372 2367 1417 usum

868 1451 1153 1526 rationiS,
1178 1452 1620 1533 expedientius
1654 1460 1752 1515 est
1778 1460 2034 1535 tempus
2062 1452 2184 1515 hoc
2214 1471 2368 1534 prae-

868 1549 1106 1624 stolari,
1140 1550 1308 1613 sicut
1335 1552 1413 1613 de
1442 1550 1798 1614 dormiente
1826 1551 2084 1634 expedit
2111 1558 2366 1633 tempus

868 1647 1105 1728 vigiliae
1151 1657 1541 1732 exspectare,
1593 1657 1657 1712 et
1705 1649 1772 1711 in
1820 1648 2062 1712 furioso
2109 1657 2366 1731 tempus

868 1745 1064 1809 lucidi
1111 1746 1450 1810 intervalli.
1494 1747 1583 1810 De
1626 1747 1813 1811 tertio
1862 1748 2172 1823 membro,
2215 1754 2366 1829 puta

2475 772 2607 827 tum
2635 772 2745 828 aut
2774 765 3115 829 verisimile
3145 765 3280 829 sive
3312 764 3641 849 probabile
3671 772 3779 837 est,
3793 765 3969 847 quod

2475 863 2540 925 in
2571 881 2735 927 novo
2766 864 3166 927 Testamento
3194 864 3457 947 quidam
3487 863 3841 936 electioreS,
3877 862 3972 925 fu·

2475 968 2664 1023 erunt
2691 960 3215 1025 abundantiorem
3248 962 3514 1043 gratiam
3553 962 3617 1023 in
3646 960 3974 1044 Baptismo

2475 1059 2699 1121 sortiti.
2732 1095 2814 1105 —
2849 1060 3111 1134 RursuS,
3153 1060 3413 1143 quidam
3459 1079 3537 1122 ex
3579 1080 3709 1124 suae
3749 1058 3976 1121 nativi-

2478 1158 2622 1219 tatis
2653 1165 2716 1219 et
2743 1156 3188 1239 baptizationis
3219 1157 3590 1239 primordiO,
3623 1163 3976 1220 cernuntur

2477 1255 2692 1317 minus
2751 1255 2936 1338 proni
2993 1256 3073 1317 ad
3126 1256 3292 1317 mala
3350 1263 3414 1318 et
3463 1254 3662 1336 magis
3712 1254 3844 1335 apti
3894 1255 3974 1315 ad

2476 1353 2664 1428 bona,
2707 1362 2770 1417 et
2806 1353 3005 1436 aliqui
3051 1354 3480 1417 innocentiam
3525 1353 3972 1436 baptismalem

2477 1452 3073 1535 custodiunt,aliqui
3107 1471 3253 1515 mox
3281 1453 3447 1515 hanc
3477 1452 3974 1535 perduntzquod

2477 1570 2556 1613 ex
2587 1552 2814 1632 majori
2843 1558 2907 1614 et
2936 1551 3166 1614 minori
3196 1551 3397 1632 gratia
3425 1551 3520 1613 eis
3551 1551 3618 1613 in
3651 1550 3975 1633 Baptismo

2477 1667 2778 1712 concessa
2820 1649 3074 1712 videtur
3118 1649 3426 1711 accidere.
3471 1650 3593 1712 Sed
3641 1657 3704 1711 et
3743 1649 3972 1729 angeli,

2478 1755 2668 1830 prout
2697 1748 2761 1809 in
2791 1746 3186 1810 naturalibus
3217 1748 3664 1811 eminentiores
3694 1746 3970 1819 fuerunt,

864 1845 1081 1909 adulto
1120 1846 1363 1909 ratione
1404 1853 1642 1921 utente,
1676 1846 2000 1927 distinguo
2036 1847 2158 1910 hoc
2196 1846 2364 1929 quod
2402 1850 2449 1911 B
2475 1846 2742 1926 gratiam
2786 1864 2899 1908 seu
2945 1845 3214 1926 gloriam
3263 1845 3568 1926 majorem
3613 1864 3725 1909 seu
3769 1846 3976 1907 mino-

865 1944 1193 2025 quaeritur,
1226 1964 1307 2007 an
1337 1944 1540 2027 possit
1569 1964 1696 2007 non
1727 1945 2131 2008 consentiens
2163 1944 2366 2027 bapti-

864 2043 990 2105 zari
1036 2060 1050 2104 :
1091 2043 1245 2124 quia
1295 2063 1425 2103 non
1468 2046 1875 2104 consentiens
1922 2050 2131 2126 potest
2183 2043 2365 2106 intel-

866 2140 975 2221 ligi
1008 2141 1299 2222 negative
1330 2149 1393 2203 et
1420 2141 1757 2215 contrarie,
1792 2142 1959 2204 sicut
1989 2160 2366 2225 expressum

868 2245 965 2300 est
1006 2248 1069 2301 et
1110 2257 1511 2321 responsum.
1559 2240 1703 2304 Haec
1754 2239 1998 2324 praefati
2052 2241 2360 2304 doctores,

948 2336 1025 2398 Et
1052 2338 1230 2401 addit
1254 2338 1736 2418 Argentinensis
1756 2339 2049 2421 :Propter
2080 2358 2368 2402 reveren-

867 2434 1020 2498 tiam
1050 2436 1791 2511 sacramenti,dormiens
1821 2438 1922 2501 vel
1954 2438 2366 2520 phreneticus

865 2532 1172 2616 baptizari
1219 2552 1346 2597 non
1394 2534 1605 2610 debet,
1651 2536 1946 2618 quamvis
1995 2543 2241 2599 constet
2287 2536 2366 2599 de

864 2648 1179 2694 consensu
1222 2647 1444 2694 eorum
1490 2639 1637 2695 ante
1680 2650 1977 2696 somnum
2019 2651 2133 2695 seu
2178 2634 2364 2715 phre-

865 2730 1093 2803 nesim,
1126 2730 1250 2792 nisi
1292 2737 1510 2811 urgeat
1542 2739 1827 2795 extrema
1866 2731 2213 2795 necessitas
2247 2750 2261 2796 ε
2295 2739 2368 2794 ut

864 2828 918 2890 si
959 2828 1367 2910 phreneticus
1410 2829 1494 2891 sit
1531 2830 1597 2892 in
1638 2830 1924 2912 periculo
1976 2830 2220 2905 mortiS,
2263 2829 2366 2893 vel

866 2925 1058 2989 etiam
1119 2927 1442 2990 dormiens
1504 2928 1588 2989 sit
1647 2927 1713 2991 in
1774 2928 1993 2991 mortis
2051 2928 2361 3010 pericul0,

2477 1963 2611 2006 rem
2643 1962 2789 2007 mox
2823 1944 2888 2005 in
2919 1963 3035 2005 sua
3063 1944 3384 2007 creatione
3413 1944 3625 2027 adepti
3656 1952 3823 2007 sunt.
3850 1944 3971 2007 Sed

2475 2049 2604 2104 tam
2636 2042 2818 2125 pueri
2847 2061 3041 2124 quam
3069 2042 3270 2104 adulti
3303 2042 3413 2125 qui
3446 2042 3870 2125 baptizantur,
3905 2043 3972 2104 in

2475 2139 2872 2202 naturalibus
2904 2139 3104 2221 magis
3134 2148 3198 2202 et
3228 2141 3441 2203 minus
3471 2140 3738 2223 perfecti
3771 2148 3920 2203 sunt
3955 2157 3971 2202 z

2477 2256 2626 2319 ergo
2656 2239 3008 2301 secundum
3041 2239 3160 2302 hoc
3189 2240 3354 2301 dona
3381 2240 3598 2320 gratiae
3626 2240 3689 2302 in
3718 2240 3976 2302 diverso

2477 2338 2796 2420 recipiunt
2835 2338 3053 2418 gradu.

2554 2436 2626 2499 In
2663 2437 3031 2517 oppositum
3062 2444 3180 2511 est,
3212 2436 3382 2518 quod
3413 2436 3720 2518 originale
3755 2456 3976 2519 pecca-

2477 2541 2614 2595 tum
2657 2541 2876 2597 contra
2918 2535 3087 2617 quod
3126 2532 3488 2616 Baptismus
3529 2534 3770 2597 directe
3805 2536 3976 2598 ordi-

2477 2640 2683 2708 natur,
2718 2632 2782 2695 in
2821 2632 3120 2695 omnibus
3158 2632 3285 2694 illis
3323 2633 3586 2696 exsistat
3621 2634 3971 2716 aequaliter.

2555 2830 2649 2893 Ad
2687 2830 2823 2893 haec
2860 2830 3132 2892 Thomas
3175 2830 3588 2912 respondem,
3621 2830 3832 2913 primo
3871 2832 3978 2894 de-

2476 2928 2796 3002 terminat,
2816 2948 2897 2991 an
2927 2928 3288 3011 Baptismus
3318 2929 3384 2991 in
3415 2929 3715 2993 omnibus
3745 2929 3978 2993 habeat

863 3023 1016 3105 quia
1072 3024 1394 3087 interdum
1454 3025 1796 3106 lethargica
1853 3025 2061 3108 passio
2115 3034 2364 3089 tantum
2395 3029 2440 3093 C
2476 3027 2780 3091 effectum
2821 3028 3131 3110 aequalem
3168 3036 3480 3110 quantum
3513 3029 3590 3090 ad
3628 3028 3778 3091 mali
3807 3047 3982 3093 amo-

866 3121 1216 3198 invalescit,
1268 3123 1437 3206 quod
1496 3123 1689 3186 homo
1745 3125 1982 3186 dormit
2028 3144 2234 3207 usque
2285 3126 2363 3188 ad

866 3227 1159 3284 mortem.
1194 3221 1399 3284 Etiam
1431 3221 1617 3286 laesus
1655 3241 1691 3284 a
1730 3230 2025 3304 serpente
2063 3224 2176 3305 qui
2210 3223 2364 3287 dici-

865 3325 971 3380 tur
1012 3318 1247 3401 dipsaS,
1282 3319 1551 3382 moritur
1592 3319 1985 3384 dormiendo.

1292 3635 1767 3711 QUAESTIO
1832 3637 1938 3701 IV

868 3904 1233 4110 QUarto
1300 3910 1625 3992 quaeritur,
1682 3913 1813 3977 An
1874 3912 2360 3994 BaptismUS,

1036 4007 1121 4074 in
1173 4010 1577 4075 universis
1618 4011 1758 4091 qm
1815 4008 2360 4090 baptizantur,

862 4108 1248 4188 aequalem
1286 4109 1560 4174 causet
1595 4107 1966 4175 effectum
2005 4123 2147 4176 seu
2183 4123 2364 4188 gra-

865 4206 1066 4272 tiam
1109 4220 1327 4286 aeque
1369 4220 1763 4284 magnam.

944 4303 1211 4365 Videtur
1251 4303 1425 4384 quod
1474 4321 1622 4366 non.
1675 4304 1852 4378 Quod
1897 4305 2071 4368 enim
2122 4305 2190 4368 in
2243 4306 2362 4368 cir·

865 4399 1169 4463 cumcisis
1227 4399 1293 4462 in
1340 4401 1540 4462 veteri
1591 4400 1991 4464 Testamento
2047 4401 2202 4465 fecit
2247 4403 2366 4466 cir·

864 4498 1195 4572 cumcisio,
1246 4498 1368 4561 hoc
1424 4506 1580 4561 tunc
1626 4499 1781 4562 fecit
1826 4500 2249 4563 sanctificatio
2296 4501 2362 4564 in

864 4605 1045 4660 utero
1084 4605 1383 4672 matrum,
1424 4605 1489 4659 et
1532 4597 1652 4659 hoc
1692 4597 1756 4659 in
1794 4616 1960 4662 novo
1998 4599 2361 4662 Testamen-

861 4704 925 4759 to
955 4694 1110 4759 facit
1135 4695 1522 4778 Baptismus,
1556 4703 1775 4777 utpote
1802 4697 2245 4779 purgationem
2278 4698 2360 4760 ab

860 4794 1171 4875 originali.
1208 4794 1329 4857 Sed
1362 4793 1748 4856 sanctificati
1784 4795 1850 4856 in
1886 4801 2065 4858 utero
2095 4796 2162 4858 in
2193 4804 2360 4860 vete·

860 4893 916 4954 ri
945 4892 1369 4967 Testamento,
1404 4910 1530 4956 non
1563 4892 1825 4956 fuerunt
1852 4895 2182 4976 aequaliter
2217 4914 2358 4958 san-

860 4990 1166 5053 ctificati:
1201 4991 1608 5055 beatissimus
1639 4993 1813 5054 enim
1840 4993 2110 5056 Joannes
2149 4994 2362 5076 Bapti-

860 5097 957 5152 sta
984 5088 1401 5152 excellentius
1442 5089 1565 5153 fuit
1595 5090 2031 5155 sanctificatus
2073 5091 2140 5155 in
2180 5101 2360 5157 utero

860 5205 1054 5270 quam
1084 5195 1341 5250 sanctus
1368 5189 1671 5253 Ieremias
1695 5207 1713 5270 ;
1748 5190 2177 5254 sacratissima
2203 5210 2360 5274 quo-

860 5305 985 5368 que
1025 5293 1089 5349 et
1126 5286 1645 5370 incomparabilis
1683 5289 1894 5372 Virgo,
1928 5290 2133 5353 multo
2175 5291 2358 5354 valde

2476 3129 2717 3192 tionem
2765 3145 2778 3190 :
2827 3127 3210 3209 BaptismuS,
3257 3128 3575 3210 inquiens,
3623 3128 3689 3191 in
3737 3145 3813 3191 eo
3863 3129 3977 3211 qui

2475 3245 2604 3289 non
2635 3225 2786 3288 ficte
2821 3225 3087 3300 accedit,
3121 3225 3566 3289 universaliter
3602 3225 3810 3289 aufert
3841 3227 3975 3289 cul-

2476 3343 2624 3407 pam
2657 3322 3054 3387 inficientem
3084 3341 3444 3406 personam,
3467 3343 3661 3406 quam
3692 3325 3972 3404 invenit3

2475 3431 2538 3485 et
2567 3423 2659 3485 sic
2687 3422 2934 3485 accedit
2961 3423 3039 3485 ad
3068 3423 3436 3486 terminum.
3471 3423 3559 3485 Ea
3585 3431 3800 3486 autem
3829 3443 3976 3506 quae

2475 3521 2540 3584 in
2590 3520 2864 3583 termino
2913 3528 3081 3597 sunt,
3133 3521 3559 3584 intensionem
3615 3539 3747 3584 non
3805 3522 3976 3604 capi-

2475 3627 2611 3682 unt.
2645 3620 2792 3682 Ideo
2829 3627 3140 3702 quantum
3177 3620 3256 3682 ad
3292 3619 3498 3702 culpae
3529 3620 3973 3695 remotionem,

2472 3717 2783 3799 aequalem
2814 3716 3120 3780 effectum
3152 3717 3344 3780 habet
3365 3717 3723 3800 Baptismus
3755 3719 3820 3780 in
3853 3736 3978 3781 om·

2473 3814 2684 3879 nibus.
2721 3817 3153 3880 Consimiliter
3181 3824 3280 3879 est
3319 3817 3398 3880 de
3435 3833 3624 3899 poena
3655 3817 3976 3899 personali

2472 3933 2616 3996 quae
2673 3914 3124 3998 correspondet
3181 3915 3387 3997 culpae
3441 3915 3735 3996 originali
3785 3922 3976 3997 prout

2473 4019 2571 4075 est
2599 4031 2935 4095 personam
2980 4011 3298 4088 inficienS,
3333 4020 3552 4095 utpote
3581 4012 3662 4074 de
3691 4015 3979 4076 carentia

2473 4110 2739 4174 visionis
2778 4111 3029 4174 divinae.
3065 4112 3187 4175 Sed
3226 4119 3445 4174 contra
3481 4111 3670 4174 aliam
3713 4129 3972 4193 poenam

2393 4212 2444 4275 D
2473 4228 2552 4272 ex
2577 4217 2894 4293 -corruptae
2927 4217 3168 4273 naturae
3208 4209 3546 4293 principiis
3579 4227 3972 4292 consequen-

2473 4316 2628 4383 tem,
2670 4308 2836 4370 sicut
2879 4317 2977 4370 est
3017 4309 3222 4372 fomes
3271 4327 3386 4371 seu
3427 4309 3971 4392 concupiscentia,

2472 4406 2811 4469 adhibetur
2841 4407 3198 4470 remedium
3232 4407 3300 4470 in
3329 4408 3654 4489 Baptismo
3684 4426 3800 4490 per
3835 4427 3976 4490 gra-

2474 4504 2626 4567 tiam
2673 4523 2816 4587 quae
2867 4506 2931 4567 in
2981 4504 3093 4567 illo
3140 4504 3466 4568 confertur
3509 4524 3526 4568 ε
3575 4505 3717 4569 ideo
3764 4506 3977 4568 simile

2475 4611 2573 4666 est
2613 4603 2691 4666 de
2734 4621 2924 4686 poena
2966 4602 3076 4665 illa
3117 4609 3182 4665 et
3222 4604 3301 4666 de
3343 4603 3564 4684 gratia.

2554 4701 2794 4765 Deinde
2826 4700 3215 4784 respondens
3255 4701 3333 4764 ad
3371 4700 3564 4776 istud,
3595 4721 3676 4764 an
3707 4702 3971 4784 aequalis

2471 4801 2674 4881 gratia
2721 4801 2787 4862 in
2828 4799 3152 4882 Baptismo
3197 4799 3499 4863 omnibus
3547 4800 3914 4863 conferatur
3952 4819 3968 4863 :

2472 4899 2667 4960 Actus
2703 4897 2846 4979 (ait)
2883 4898 3237 4960 activorum
3283 4897 3683 4980 recipiuntur
3725 4899 3794 4960 in
3835 4918 3974 4981 pas-

2472 4996 2626 5058 sivis
2657 4997 3010 5059 secundum
3041 5014 3261 5059 eorum
3293 4997 3976 5079 dispositionem.Hinc

2473 5095 2766 5176 quamvis
2795 5095 3168 5177 Baptismus,
3184 5114 3298 5157 seu
3328 5095 3540 5176 passio
3569 5095 3800 5158 Christi
3830 5113 3974 5177 quae

2472 5200 2772 5275 operatur
2819 5193 2884 5255 in
2929 5211 3026 5268 eo,
3071 5200 3434 5274 respectum
3480 5193 3712 5256 habeat
3751 5212 3972 5276 parem

2473 5290 2549 5354 ad
2583 5309 2804 5354 omnes
2822 5311 2839 5372 ;
2871 5300 3148 5356 attamen
3181 5292 3482 5375 quoniam
3525 5291 3690 5354 inter
3719 5292 3968 5356 adultos
