4267 6250
751 507 954 555 mn!
993 507 1334 567 Commo,
1371 506 1720 568 mlo,
1759 506 2171 567 sarmatum,
2208 507 2347 555 suffr
2384 508 2616 556 unm
2654 508 3063 556 mmm

3334 487 3457 553 m

349 694 548 759 poena
583 686 1114 761 recompensante
1143 679 1325 743 dolor
1353 677 1670 760 infligitur
1705 678 1852 741 sibi.
1883 676 1938 741 Δ
1967 676 2088 741 bus
2130 678 2599 742 essentialibus.
2632 716 2714 726 —
2748 679 2893 743 Hanc
2932 679 3225 743 Thomas.
3258 678 3459 759 Cujus

347 775 427 837 ln
455 776 838 858 poenitentia
866 795 1040 851 vero,
1065 777 1176 841 ille
1202 777 1316 860 qui
1349 777 1639 859 peccavit
1665 776 1858 839 habet

345 892 424 937 se
449 875 532 937 ad
563 876 1212 958 recompensationem
1240 875 1434 939 etiam
1459 875 1625 938 sicut
1643 892 1856 956 agenS,

345 971 662 1054 quoniam
691 981 919 1056 sponte
945 974 1028 1036 ad
1057 992 1314 1057 poenam
1347 972 1526 1037 illam
1559 973 1807 1037 accedit
1836 990 1855 1035 ε

349 1072 500 1135 ideo
537 1073 947 1155 displicentia
983 1073 1190 1157 culpae
1233 1074 1302 1136 in
1347 1074 1490 1156 ipso
1536 1072 1861 1156 praeexigi-

346 1178 478 1233 tur.
523 1172 821 1236 Secundo
864 1172 1109 1246 differt,
1153 1172 1307 1256 quia
1355 1172 1422 1234 in
1471 1171 1860 1234 vindicativa

343 1269 602 1350 justitia
623 1278 876 1333 taxatur
903 1290 1094 1354 poena
1121 1289 1628 1354 recompensans,
1641 1288 1862 1332 secun·

345 1368 504 1431 dum
530 1368 872 1431 arbitrium
896 1370 1236 1451 judiciS,et
1261 1388 1388 1433 non
1411 1370 1554 1451 ejus
1581 1368 1644 1430 in
1669 1386 1859 1450 quem

345 1474 693 1549 peccatum
743 1468 1160 1531 commissum
1207 1476 1326 1531 est.
1367 1468 1440 1530 In
1482 1467 1860 1550 poenitentia

345 1582 528 1639 vero,
581 1572 838 1647 oportet
888 1566 1060 1648 quod
1121 1584 1310 1647 poena
1365 1583 1858 1647 recompensans

349 1670 604 1725 taxetur
633 1664 992 1726 secundum
1017 1662 1358 1725 arbitrium
1386 1662 1530 1743 ejus
1565 1663 1632 1724 in
1666 1680 1858 1744 quem

347 1762 544 1843 culpa
573 1761 920 1823 commissa
949 1769 1064 1831 est,
1085 1761 1389 1842 quoniam
1419 1778 1861 1842 recompensa-

1963 777 2295 858 responsio
2334 796 2371 839 a
2412 778 2603 841 dictis
2642 777 2939 841 dissentit
2975 777 3239 842 Alberti.

2043 876 2313 957 Insuper
2352 876 2623 939 Thomas
2664 876 2911 950 scribit,
2942 877 3111 939 sicut
3150 875 3459 959 praehabi-
3484 891 3552 947 cr.
3566 892 3750 947 mma·

1963 980 2102 1035 tum
2133 981 2231 1035 est
2262 990 2277 1035 ε
2310 973 2403 1036 Ad
2432 974 2914 1057 suscipiendum
2948 976 3217 1057 gratiam
3248 975 3314 1038 in
3343 975 3455 1038 Ba-
3480 960 3527 999 ‘⁸
3548 970 3589 1001 ⁸·

1965 1073 2227 1155 ptismo,
2278 1075 2709 1138 necessarium
2760 1084 2857 1138 est
2904 1076 2971 1137 in
3024 1074 3257 1137 adultis
3308 1082 3457 1136 ante

1964 1173 2361 1254 Baptismum
2404 1172 2733 1255 poenitere,
2764 1182 2829 1235 et
2856 1190 3113 1237 omnem
3153 1172 3459 1255 peccandi

1963 1271 2273 1334 affectum
2312 1271 2609 1334 detestari
2646 1280 2839 1353 atque
2874 1271 3175 1352 abjicere.
3210 1272 3287 1333 Et
3326 1270 3463 1334 haec

1965 1378 2233 1433 vocatur
2274 1370 2651 1453 poenitentia
2688 1377 2835 1432 ante
2871 1370 3293 1453 Baptismum,
3322 1388 3467 1451 qua)

1967 1477 2066 1531 est
2110 1468 2293 1551 quasi
2344 1486 2679 1531 removens
2727 1467 3075 1551 prohibens
3120 1468 3337 1550 gratiae
3378 1468 3470 1529 in-

1968 1565 2310 1629 fusionem.
2346 1566 2423 1628 Et
2452 1566 2827 1648 poenitentia
2866 1567 2987 1629 ista
3024 1585 3153 1630 non
3190 1574 3289 1629 est
3326 1583 3467 1649 pro·

1968 1664 2108 1747 prie
2148 1672 2639 1737 sacramentum,
2668 1665 2779 1727 sed
2817 1671 2999 1727 actus
3032 1664 3287 1727 virtutis
3326 1682 3468 1746 quae

1971 1762 2347 1847 poenitentia
2392 1770 2820 1845 nuncupatur,
2866 1771 3091 1847 estque
3140 1762 3315 1846 prior
3362 1763 3469 1825 Ba—

347 1860 442 1923 tio
481 1859 596 1922 illa
635 1858 714 1921 fit
751 1860 832 1921 ad
875 1860 1418 1923 reconciliandum
1459 1866 1740 1921 mentem
1769 1858 1860 1921 of·
1895 1856 1943 1918 B
1973 1862 2209 1945 ptismo
2267 1868 2556 1943 tempore
2618 1860 2719 1922 vel
2786 1868 3029 1923 natura.
3092 1861 3469 1925 Poenitentia

347 1958 518 2021 fensi
554 1975 572 2019 :
600 1958 774 2041 quod
805 1957 952 2019 fieri
982 1957 1222 2039 nequit,
1253 1956 1376 2019 nisi
1403 1975 1592 2039 poena
1621 1974 1863 2019 recom-

351 2074 634 2139 pensans
703 2054 994 2117 sufficiat
1057 2053 1370 2118 voluntati
1443 2054 1637 2116 illius.
1701 2054 1862 2117 Hinc

347 2160 605 2235 oportet
651 2154 718 2215 in
775 2152 1152 2235 poenitentia
1203 2152 1860 2235 recompensationem

349 2253 712 2315 secundum
769 2250 1110 2314 arbitrium
1173 2250 1580 2327 confessoriS,
1633 2252 1859 2314 vicarii

353 2351 486 2425 Dei,
536 2350 708 2413 fieri.
753 2349 930 2413 Unde
979 2349 1234 2431 utrique
1281 2350 1858 2432 recompensationi

349 2467 700 2512 commune
727 2456 846 2523 est,
861 2449 1033 2531 quod
1057 2465 1186 2511 non
1217 2446 1296 2510 fit
1321 2447 1674 2511 secundum
1702 2448 1866 2511 arbi-

347 2546 546 2608 trium
579 2546 726 2627 ejus
755 2547 868 2629 qui
899 2546 1336 2628 peccavit,sed
1366 2544 1630 2607 alterius
1660 2545 1864 2608 homi-

349 2644 468 2707 nis.
511 2645 788 2708 Rectum
834 2660 988 2708 vero
1033 2644 1374 2709 arbitrium
1416 2645 1614 2726 exigit
1651 2646 1864 2727 cogni-

351 2742 594 2806 tionem
629 2742 858 2825 culpae,
886 2762 1034 2825 quae
1061 2742 1114 2805 si
1145 2743 1206 2806 ei
1235 2744 1348 2825 qui
1379 2743 1567 2806 debet
1603 2763 1859 2826 poenam

352 2848 714 2924 taxare,per
743 2860 892 2903 eum
921 2841 1036 2923 qui
1068 2840 1359 2923 peccavit
1386 2841 1522 2915 fiat,
1543 2842 1861 2905 confessio

351 2940 756 3024 appellatur3
805 2940 858 3002 si
909 2948 1125 3003 autem
1177 2959 1292 3023 per
1331 2940 1554 3014 alium,
1597 2949 1862 3004 vocatur

1969 1968 2184 2023 autem
2244 1968 2315 2021 ut
2360 1966 2459 2023 est
2504 1965 2996 2033 sacramentum,
3050 1960 3340 2024 consistit
3400 1960 3465 2022 in

1968 2058 2443 2139 dispensatione
2501 2058 2939 2120 ministrorum
2996 2057 3311 2122 Ecclesiae.
3366 2058 3469 2121 Sa·

1971 2163 2295 2219 eramenta
2342 2172 2598 2238 quoque
2654 2173 2781 2218 non
2834 2155 3288 2238 dispensantur
3342 2155 3466 2219 nisi

1969 2253 2072 2315 his
2100 2254 2213 2336 qui
2250 2260 2401 2316 sunt
2429 2254 2509 2316 de
2538 2253 2823 2316 Ecclesia
2854 2271 2869 2317 :
2903 2270 3055 2335 ergo
3082 2262 3231 2317 ante
3258 2254 3468 2336 Bapti-

1969 2371 2183 2414 smum
2224 2369 2351 2415 non
2380 2352 2688 2434 competit
2716 2352 2909 2414 alicui
2950 2352 3342 2416 Poenitentiae
3378 2370 3470 2415 sa-

1970 2457 2392 2524 cramentum,
2415 2469 2617 2532 quum
2649 2469 2763 2532 per
2790 2450 3185 2532 Baptismum
3216 2450 3331 2513 fiat
3358 2450 3469 2513 bo-

1970 2566 2076 2611 mo
2115 2548 2197 2611 de
2240 2548 2379 2630 ipsa
2420 2547 2723 2610 Ecclesia.
2758 2547 2903 2611 Haec
2945 2547 3139 2612 idem.

2050 2646 2292 2720 Quibus
2340 2645 2535 2727 objici
2588 2653 2815 2727 potest,
2864 2646 3035 2729 quod
3084 2646 3277 2711 homo
3322 2654 3469 2711 ante

1971 2745 2208 2808 realem
2251 2744 2559 2826 Baptismi
2600 2743 3036 2827 acceptionem
3082 2752 3290 2828 potest
3330 2764 3469 2809 esse

1972 2844 2036 2906 in
2069 2843 2331 2906 caritate
2364 2851 2429 2905 et
2454 2844 2675 2924 gratia,
2708 2861 3065 2926 verumque
3104 2842 3469 2907 membrum

1971 2940 2227 3015 Christi,
2268 2959 2343 3003 ac
2378 2939 2719 3004 salubriter
2759 2941 3092 3024 poenitere‚
3134 2950 3323 3025 atque
3364 2941 3473 3004 ab·

349 3038 694 3102 convictio.
756 3038 1092 3121 Quumque
1161 3038 1228 3100 in
1287 3038 1685 3121 poenitentia,
1745 3040 1856 3122 qui
1897 3038 1941 3101 C
1969 3039 2132 3102 solvi
2174 3038 2239 3101 in
2280 3058 2431 3103 casu
2476 3040 2871 3102 necessitatis
2912 3038 3205 3104 habendo
3242 3058 3470 3123 propo-

350 3137 666 3221 peccavit‚
691 3138 772 3200 ad
802 3156 1286 3220 recompensam
1319 3146 1546 3221 sponte
1575 3140 1855 3213 accedat,

351 3236 706 3320 mquiritur
745 3235 1118 3299 satisfactio.
1155 3236 1388 3319 Sicque
1417 3253 1861 3320 recompensa-

351 3336 438 3398 tio
475 3335 788 3417 gradibus
825 3334 1036 3397 tribus
1075 3333 1430 3417 perficitur.
1475 3335 1725 3399 Primus
1763 3345 1862 3400 est

349 3433 763 3516 displicentia
805 3433 1035 3515 culpae,
1068 3440 1222 3515 puta
1261 3433 1599 3514 contritio;
1633 3453 1857 3498 secun-

347 3531 490 3606 dus,
503 3529 868 3594 notificatio
897 3531 1125 3612 culpae,
1143 3531 1206 3593 id
1236 3538 1333 3594 est
1362 3532 1710 3613 confessi03
1738 3540 1861 3596 ter-

349 3629 498 3703 tius,
517 3628 1031 3711 recompensatio
1061 3647 1176 3711 pro
1207 3638 1469 3712 peccato
1499 3631 1856 3693 secundum

349 3726 740 3791 confessoris
766 3726 1109 3807 judicium,
1140 3728 1311 3809 quod
1352 3737 1450 3790 est
1487 3727 1854 3792 satisfactio.

416 3825 714 3907 Denique
738 3825 860 3887 tria
889 3826 1024 3888 haec
1055 3833 1202 3888 sunt
1231 3833 1442 3907 partes
1473 3826 1858 3908 poenitentiae

349 3943 476 3989 non
507 3923 911 4004 subjectivae,
937 3931 1006 3986 ut
1035 3923 1234 4005 aliqui
1265 3924 1630 4006 opinantur,
1657 3944 1856 4007 quum

349 4023 427 4085 de
473 4020 688 4083 tribus
745 4019 848 4082 bis
904 4020 1099 4082 simul
1157 4022 1434 4104 sumptis
1484 4023 1858 4104 poenitentia

349 4118 763 4201 singulariter
811 4118 1211 4199 praedicetur.
1257 4120 1406 4183 Ideo
1451 4119 1560 4182 alii
1611 4120 1854 4196 dicunt,

1969 3139 2165 3201 situm
2210 3138 2475 3221 plenum
2516 3139 2845 3220 Baptismi.

2058 3238 2365 3301 Praeterea
2391 3237 2582 3300 dicit:
2602 3237 2977 3301 Poenitentia
3005 3238 3351 3322 dupliciter
3378 3259 3472 3302 su-

1971 3336 2189 3411 mitur,
2212 3335 2513 3399 videlicet
2542 3336 2712 3417 large
2742 3345 2806 3399 et
2835 3338 3109 3420 proprie.
3138 3337 3469 3421 Quumque

1970 3434 2229 3516 proprie
2268 3434 2566 3507 sumitur,
2600 3433 2757 3496 dicit
2784 3434 3069 3497 dolorem
3098 3436 3178 3499 de
3209 3444 3470 3518 peccato

1969 3532 2317 3596 commisso
2348 3531 2415 3594 in
2453 3531 2775 3613 praeterito
2807 3549 2823 3594 :
2856 3539 2921 3594 et
2950 3533 3043 3596 sic
3072 3533 3253 3597 nullo
3282 3536 3471 3599 modo

1970 3637 2179 3713 potest
2208 3649 2347 3692 esse
2382 3629 2761 3711 poenitentia
2796 3630 2875 3693 de
2913 3631 3209 3713 originali
3248 3651 3471 3714 pecca-

1971 3737 2058 3800 to,
2090 3728 2243 3811 quia
2287 3746 2413 3791 non
2456 3734 2557 3790 est
2598 3729 3038 3804 commissum,
3070 3730 3182 3792 sed
3226 3738 3471 3794 contra-

1971 3834 2167 3890 ctum.
2204 3826 2401 3907 Large
2437 3843 2589 3888 vero
2630 3827 3005 3908 poenitentia
3040 3828 3317 3891 sumitur
3354 3848 3473 3912 pro

1969 3926 2145 3989 omni
2194 3924 2597 4007 displicentia
2646 3925 2799 3987 mali
2848 3926 3151 4008 praeteriti
3203 3945 3218 3990 :
3271 3936 3336 3991 et
3384 3929 3471 3993 ita

1969 4025 2279 4087 debemus
2327 4024 2405 4086 de
2456 4032 2717 4105 peccato
2773 4025 3064 4106 originali
3113 4026 3349 4100 dolere,
3400 4028 3469 4090 in

1967 4129 2280 4206 quantum
2330 4121 2779 4203 impeditivum
2827 4129 2923 4186 est
2968 4122 3207 4205 gloriae,
3248 4132 3313 4187 et
3352 4145 3469 4208 per

348 4216 520 4299 quod
561 4216 696 4278 sint
733 4216 1126 4296 poenitentiae
1162 4226 1372 4300 partes
1412 4218 1804 4300 potestativa>
1838 4238 1853 4281 :
1888 4221 1938 4284 D
1971 4221 2180 4303 ipsum
2228 4220 2439 4302 primo
2482 4219 2811 4284 efficimur
2853 4221 2976 4284 filii
3027 4221 3153 4286 irae.
3194 4224 3331 4287 Non
3374 4233 3465 4288 ta—

348 4314 520 4397 quod
564 4313 762 4376 etiam
805 4321 972 4378 stare
1016 4314 1262 4397 nequit,
1303 4316 1608 4399 quoniam
1653 4323 1858 4380 totum

351 4413 808 4496 potestativum
839 4413 1018 4477 adest
1045 4413 1316 4478 cuilibet
1343 4434 1474 4478 suae
1503 4415 1666 4497 parti
1699 4434 1862 4480 com-

350 4511 540 4594 pletae
593 4512 950 4574 secundum
1001 4511 1315 4576 rationem
1363 4533 1494 4576 suae
1541 4515 1851 4579 essentiae.

350 4609 503 4673 Tota
549 4617 770 4672 autem
819 4609 982 4673 ratio
1029 4611 1424 4692 poenitentiae
1471 4629 1600 4674 non
1647 4619 1744 4674 est
1791 4613 1856 4675 in

349 4707 642 4790 quolibet
673 4708 925 4783 horum,
949 4727 1070 4772 nec
1101 4729 1302 4772 unum
1333 4727 1554 4773 eorum
1587 4710 1859 4774 includit

347 4806 486 4869 alia.
503 4805 752 4870 Idcirco
781 4805 1124 4870 dicendum
1155 4827 1304 4871 cum
1331 4808 1678 4891 aliiS,quod
1709 4817 1859 4872 sunt

351 4913 564 4987 partes
595 4905 990 4987 poeniteutiae
1021 4906 1376 4988 integrales.
1403 4908 1614 4972 Partes
1642 4916 1855 4971 autem

352 5003 694 5083 integrales
737 5012 888 5065 sunt
927 5003 1240 5086 duplices,
1274 5005 1520 5068 scilicet
1561 5006 1855 5088 homoge-

351 5119 488 5163 neae
525 5108 591 5162 et
628 5100 1083 5182 heterogeneae.
1121 5103 1197 5164 Et
1237 5103 1557 5166 interdum
1593 5123 1720 5166 una
1757 5113 1854 5168 est

1971 4338 2118 4382 men
2150 4318 2458 4382 debemus
2489 4319 2783 4382 confiteri
2815 4319 2893 4382 de
2922 4320 3085 4403 ipsc,
3106 4341 3305 4404 quum
3337 4341 3463 4387 non

1969 4417 2165 4480 fuerit
2204 4417 2269 4478 in
2312 4423 2527 4480 nostra
2566 4425 2876 4499 potestate
2914 4418 3024 4482 illo
3063 4439 3314 4501 carere3
3347 4441 3466 4485 nec

1967 4514 2356 4588 satisfacere,
2403 4535 2602 4597 quum
2647 4516 2705 4578 ei
2751 4535 2875 4580 non
2926 4518 3234 4582 debeatur
3278 4539 3469 4602 poena

1967 4632 2217 4688 sensuS,
2248 4613 2359 4676 sed
2400 4614 2636 4676 damni.
2672 4614 3047 4678 Poenitentia
3080 4625 3295 4681 autem
3338 4638 3468 4701 poe-

1967 4731 2114 4776 nam
2160 4730 2387 4774 sensus
2429 4711 2749 4793 importat.
2785 4713 2931 4776 Haec
2972 4714 3161 4778 idem.

2045 4810 2289 4885 Quibus
2349 4810 2502 4872 item
2551 4810 2877 4891 objicitur,
2926 4812 3098 4894 quod
3144 4813 3337 4876 etiam
3386 4814 3465 4877 de

1967 4909 2244 4990 peccatis
2274 4908 2639 4972 omissionis
2669 4915 2765 4971 est
2796 4909 3173 4991 poenitentia
3206 4913 3462 4993 proprie

1963 5005 2150 5068 dicta.
2184 5005 2515 5069 Peccatum
2548 5024 2802 5089 quoque
2830 5006 3139 5089 originale
3168 5011 3461 5091 quamvis

1962 5121 2090 5166 non
2130 5104 2213 5166 sit
2242 5103 2659 5167 commissum
2701 5125 2816 5188 per
2844 5113 3207 5188 respectum
3239 5107 3317 5168 ad
3350 5125 3459 5190 po-

353 5198 528 5280 prior
563 5198 689 5261 alia
718 5199 942 5262 ordine
981 5208 1242 5276 naturai,
1276 5201 1598 5265 interdum
1627 5204 1850 5267 ordine
1959 5210 2183 5275 sterOS,
2214 5209 2428 5264 tamen
2473 5205 2679 5286 quoad
2729 5206 2969 5287 primos
3014 5213 3329 5288 parenteS,
3360 5215 3459 5268 est

353 5299 685 5380 temporie,
725 5298 1266 5380 quemadmodum
1310 5300 1502 5362 etiam
1553 5300 1618 5362 in
1661 5301 1848 5382 parti-

1960 5307 2296 5384 peccatum
2334 5301 2769 5364 commissum.
