<?xml version="1.0" encoding="UTF-8"?>
<!DOCTYPE html PUBLIC "-//W3C//DTD XHTML 1.0 Transitional//EN"
    "http://www.w3.org/TR/xhtml1/DTD/xhtml1-transitional.dtd">
<html xmlns="http://www.w3.org/1999/xhtml" xml:lang="en" lang="en">
 <head>
  <title>
</title>
<meta http-equiv="Content-Type" content="text/html;charset=utf-8" />
  <meta name='ocr-system' content='tesseract 3.04.00' />
  <meta name='ocr-capabilities' content='ocr_page ocr_carea ocr_par ocr_line ocrx_word'/>
</head>
<body>
  <div class='ocr_page' id='page_1' title='image "./doctorisecstati04unkngoog_0584.png"; bbox 0 0 4267 6250; ppageno 0'>
   <div class='ocr_carea' id='block_1_1' title="bbox 832 468 955 535">
    <p class='ocr_par' dir='ltr' id='par_1_1' title="bbox 832 468 955 535">
     <span class='ocr_line' id='line_1_1' title="bbox 832 468 955 535; baseline -0.016 0"><span class='ocrx_word' id='word_1_1' title='bbox 832 468 955 535; x_wconf 71' lang='lat'><strong>542</strong></span> 
     </span>
    </p>
   </div>
   <div class='ocr_carea' id='block_1_2' title="bbox 1499 484 3290 549">
    <p class='ocr_par' dir='ltr' id='par_1_2' title="bbox 1499 484 3290 549">
     <span class='ocr_line' id='line_1_2' title="bbox 1499 484 3290 549; baseline 0 -16"><span class='ocrx_word' id='word_1_2' title='bbox 1499 488 1563 535; x_wconf 83' lang='lat' dir='ltr'><strong>IN</strong></span> <span class='ocrx_word' id='word_1_3' title='bbox 1603 487 1826 535; x_wconf 77' lang='lat' dir='ltr'><strong>Ltmtmt</strong></span> <span class='ocrx_word' id='word_1_4' title='bbox 1866 487 1927 533; x_wconf 88' lang='lat' dir='ltr'><strong>1v</strong></span> <span class='ocrx_word' id='word_1_5' title='bbox 1969 484 2454 532; x_wconf 63' lang='lat' dir='ltr'><strong>snmznrtanmt.</strong></span> <span class='ocrx_word' id='word_1_6' title='bbox 2495 502 2575 513; x_wconf 91' lang='grc'><strong>-</strong></span> <span class='ocrx_word' id='word_1_7' title='bbox 2615 486 2770 535; x_wconf 71' lang='grc' dir='ltr'><strong>ΒῘΒΤ.</strong></span> <span class='ocrx_word' id='word_1_8' title='bbox 2811 486 2935 549; x_wconf 84' lang='lat' dir='ltr'><strong>xx;</strong></span> <span class='ocrx_word' id='word_1_9' title='bbox 2977 484 3201 543; x_wconf 74' lang='lat' dir='ltr'><strong>QUAEST.</strong></span> <span class='ocrx_word' id='word_1_10' title='bbox 3245 488 3290 533; x_wconf 86' lang='lat'><strong>11</strong></span> 
     </span>
    </p>
   </div>
   <div class='ocr_carea' id='block_1_3' title="bbox 835 654 3941 740">
    <p class='ocr_par' dir='ltr' id='par_1_3' title="bbox 835 654 3941 740">
     <span class='ocr_line' id='line_1_3' title="bbox 835 654 3941 740; baseline -0.001 -21"><span class='ocrx_word' id='word_1_11' title='bbox 835 655 990 720; x_wconf 82' lang='lat' dir='ltr'><strong>bilia</strong></span> <span class='ocrx_word' id='word_1_12' title='bbox 1030 656 1211 739; x_wconf 79' lang='lat' dir='ltr'><strong>signa</strong></span> <span class='ocrx_word' id='word_1_13' title='bbox 1250 658 1472 721; x_wconf 88' lang='lat' dir='ltr'><strong>mortis</strong></span> <span class='ocrx_word' id='word_1_14' title='bbox 1497 656 1628 739; x_wconf 89' lang='lat' dir='ltr'><strong>jam</strong></span> <span class='ocrx_word' id='word_1_15' title='bbox 1672 656 2087 720; x_wconf 89' lang='lat' dir='ltr'><strong>imminentis.</strong></span> <span class='ocrx_word' id='word_1_16' title='bbox 2120 656 2190 719; x_wconf 92' lang='lat' dir='ltr'><strong>In</strong></span> <span class='ocrx_word' id='word_1_17' title='bbox 2221 656 2332 719; x_wconf 90' lang='lat' dir='ltr'><strong>tali</strong></span> <span class='ocrx_word' id='word_1_18' title='bbox 2362 655 2413 719; x_wconf 85' lang='grc' dir='ltr'><strong>Α</strong></span> <span class='ocrx_word' id='word_1_19' title='bbox 2443 662 2507 719; x_wconf 89' lang='lat' dir='ltr'><strong>et</strong></span> <span class='ocrx_word' id='word_1_20' title='bbox 2543 676 2612 719; x_wconf 93' lang='lat' dir='ltr'><strong>se</strong></span> <span class='ocrx_word' id='word_1_21' title='bbox 2650 657 2802 719; x_wconf 90' lang='lat' dir='ltr'><strong>dent</strong></span> <span class='ocrx_word' id='word_1_22' title='bbox 2837 657 2918 719; x_wconf 91' lang='lat' dir='ltr'><strong>ad</strong></span> <span class='ocrx_word' id='word_1_23' title='bbox 2957 657 3396 740; x_wconf 88' lang='lat' dir='ltr'><strong>poenitentiam</strong></span> <span class='ocrx_word' id='word_1_24' title='bbox 3436 655 3814 729; x_wconf 85' lang='lat' dir='ltr'><strong>ordinatam,</strong></span> <span class='ocrx_word' id='word_1_25' title='bbox 3849 654 3941 717; x_wconf 87' lang='lat' dir='ltr'><strong>ita</strong></span> 
     </span>
    </p>
   </div>
   <div class='ocr_carea' id='block_1_4' title="bbox 834 755 2335 825">
    <p class='ocr_par' dir='ltr' id='par_1_4' title="bbox 834 755 2335 825">
     <span class='ocr_line' id='line_1_4' title="bbox 834 755 2335 825; baseline -0.001 -8"><span class='ocrx_word' id='word_1_26' title='bbox 834 755 1006 820; x_wconf 91' lang='lat' dir='ltr'><strong>enim</strong></span> <span class='ocrx_word' id='word_1_27' title='bbox 1038 762 1135 818; x_wconf 90' lang='lat' dir='ltr'><strong>est</strong></span> <span class='ocrx_word' id='word_1_28' title='bbox 1166 756 1481 818; x_wconf 84' lang='lat' dir='ltr'><strong>maximus</strong></span> <span class='ocrx_word' id='word_1_29' title='bbox 1511 756 1689 818; x_wconf 94' lang='lat' dir='ltr'><strong>dolor</strong></span> <span class='ocrx_word' id='word_1_30' title='bbox 1716 763 1826 818; x_wconf 91' lang='lat' dir='ltr'><strong>aut</strong></span> <span class='ocrx_word' id='word_1_31' title='bbox 1857 755 2061 825; x_wconf 84' lang='lat' dir='ltr'><strong>timor,</strong></span> <span class='ocrx_word' id='word_1_32' title='bbox 2076 762 2141 817; x_wconf 88' lang='lat' dir='ltr'><strong>et</strong></span> <span class='ocrx_word' id='word_1_33' title='bbox 2172 761 2335 816; x_wconf 86' lang='lat' dir='ltr'><strong>utra·</strong></span> 
     </span>
    </p>
   </div>
   <div class='ocr_carea' id='block_1_5' title="bbox 834 853 2335 1132">
    <p class='ocr_par' dir='ltr' id='par_1_5' title="bbox 834 853 2335 1132">
     <span class='ocr_line' id='line_1_5' title="bbox 834 853 2335 937; baseline -0.002 -20"><span class='ocrx_word' id='word_1_34' title='bbox 834 874 959 936; x_wconf 91' lang='lat' dir='ltr'><strong>que</strong></span> <span class='ocrx_word' id='word_1_35' title='bbox 990 854 1202 937; x_wconf 79' lang='lat' dir='ltr'><strong>passio</strong></span> <span class='ocrx_word' id='word_1_36' title='bbox 1232 855 1367 919; x_wconf 85' lang='lat' dir='ltr'><strong>haec</strong></span> <span class='ocrx_word' id='word_1_37' title='bbox 1396 854 1809 918; x_wconf 89' lang='lat' dir='ltr'><strong>vehementer</strong></span> <span class='ocrx_word' id='word_1_38' title='bbox 1838 853 2209 936; x_wconf 87' lang='lat' dir='ltr'><strong>impeditiva</strong></span> <span class='ocrx_word' id='word_1_39' title='bbox 2237 859 2335 915; x_wconf 89' lang='lat' dir='ltr'><strong>est</strong></span> 
     </span>
     <span class='ocr_line' id='line_1_6' title="bbox 836 952 2332 1017; baseline -0.001 -3"><span class='ocrx_word' id='word_1_40' title='bbox 836 971 989 1016; x_wconf 93' lang='lat' dir='ltr'><strong>usus</strong></span> <span class='ocrx_word' id='word_1_41' title='bbox 1023 952 1208 1017; x_wconf 90' lang='lat' dir='ltr'><strong>liberi</strong></span> <span class='ocrx_word' id='word_1_42' title='bbox 1236 952 1505 1016; x_wconf 90' lang='lat' dir='ltr'><strong>arbitrii.</strong></span> <span class='ocrx_word' id='word_1_43' title='bbox 1540 952 1698 1016; x_wconf 91' lang='lat' dir='ltr'><strong>Nam</strong></span> <span class='ocrx_word' id='word_1_44' title='bbox 1738 960 1809 1014; x_wconf 89' lang='lat' dir='ltr'><strong>ut</strong></span> <span class='ocrx_word' id='word_1_45' title='bbox 1846 952 2012 1014; x_wconf 90' lang='lat' dir='ltr'><strong>libro</strong></span> <span class='ocrx_word' id='word_1_46' title='bbox 2040 952 2332 1015; x_wconf 77' lang='lat' dir='ltr'>LXXXIII</span> 
     </span>
     <span class='ocr_line' id='line_1_7' title="bbox 834 1050 2332 1132; baseline 0 -20"><span class='ocrx_word' id='word_1_47' title='bbox 834 1050 1265 1125; x_wconf 79' lang='lat' dir='ltr'><strong>Quaestionum</strong></span> <span class='ocrx_word' id='word_1_48' title='bbox 1296 1051 1524 1113; x_wconf 91' lang='lat' dir='ltr'><strong>asserit</strong></span> <span class='ocrx_word' id='word_1_49' title='bbox 1550 1050 1941 1132; x_wconf 85' lang='lat' dir='ltr'>Augustinus</span> <span class='ocrx_word' id='word_1_50' title='bbox 1966 1050 2332 1113; x_wconf 88' lang='lat' dir='ltr'><strong>:Passiones</strong></span> 
     </span>
    </p>
   </div>
   <div class='ocr_carea' id='block_1_6' title="bbox 722 1147 2332 1212">
    <p class='ocr_par' dir='ltr' id='par_1_6' title="bbox 722 1147 2332 1212">
     <span class='ocr_line' id='line_1_8' title="bbox 722 1147 2332 1212; baseline 0 -3"><span class='ocrx_word' id='word_1_51' title='bbox 722 1188 724 1190; x_wconf 85' lang='lat'>·</span> <span class='ocrx_word' id='word_1_52' title='bbox 834 1155 1105 1211; x_wconf 83' lang='lat' dir='ltr'><strong>causatae</strong></span> <span class='ocrx_word' id='word_1_53' title='bbox 1144 1168 1181 1211; x_wconf 89' lang='lat' dir='ltr'><strong>a</strong></span> <span class='ocrx_word' id='word_1_54' title='bbox 1220 1147 1743 1212; x_wconf 78' lang='lat' dir='ltr'><strong>contristantibus</strong></span> <span class='ocrx_word' id='word_1_55' title='bbox 1782 1167 1895 1212; x_wconf 88' lang='lat' dir='ltr'><strong>seu</strong></span> <span class='ocrx_word' id='word_1_56' title='bbox 1931 1147 2332 1211; x_wconf 80' lang='lat' dir='ltr'><strong>terribilibus</strong></span> 
     </span>
    </p>
   </div>
   <div class='ocr_carea' id='block_1_7' title="bbox 836 1246 2334 1822">
    <p class='ocr_par' dir='ltr' id='par_1_7' title="bbox 836 1246 2334 1822">
     <span class='ocr_line' id='line_1_9' title="bbox 836 1246 2330 1329; baseline 0.001 -22"><span class='ocrx_word' id='word_1_57' title='bbox 836 1246 1051 1321; x_wconf 83' lang='lat' dir='ltr'><strong>rebuS,</strong></span> <span class='ocrx_word' id='word_1_58' title='bbox 1112 1246 1341 1310; x_wconf 83' lang='lat' dir='ltr'><strong>fortius</strong></span> <span class='ocrx_word' id='word_1_59' title='bbox 1404 1253 1657 1311; x_wconf 89' lang='lat' dir='ltr'><strong>movent</strong></span> <span class='ocrx_word' id='word_1_60' title='bbox 1716 1246 2072 1329; x_wconf 89' lang='lat' dir='ltr'><strong>appetitum</strong></span> <span class='ocrx_word' id='word_1_61' title='bbox 2136 1264 2330 1329; x_wconf 90' lang='lat' dir='ltr'><strong>quam</strong></span> 
     </span>
     <span class='ocr_line' id='line_1_10' title="bbox 836 1343 2331 1426; baseline 0 -19"><span class='ocrx_word' id='word_1_62' title='bbox 836 1344 1161 1426; x_wconf 80' lang='lat' dir='ltr'><strong>passiones</strong></span> <span class='ocrx_word' id='word_1_63' title='bbox 1204 1352 1475 1409; x_wconf 81' lang='lat' dir='ltr'><strong>causatae</strong></span> <span class='ocrx_word' id='word_1_64' title='bbox 1521 1364 1559 1407; x_wconf 88' lang='lat' dir='ltr'><strong>a</strong></span> <span class='ocrx_word' id='word_1_65' title='bbox 1595 1343 2125 1407; x_wconf 81' lang='lat' dir='ltr'><strong>delectationibus</strong></span> <span class='ocrx_word' id='word_1_66' title='bbox 2170 1362 2184 1406; x_wconf 93' lang='lat'>:</span> <span class='ocrx_word' id='word_1_67' title='bbox 2227 1363 2331 1407; x_wconf 90' lang='lat' dir='ltr'><strong>ve-</strong></span> 
     </span>
     <span class='ocr_line' id='line_1_11' title="bbox 836 1441 2333 1507; baseline -0.001 -1"><span class='ocrx_word' id='word_1_68' title='bbox 836 1444 1100 1506; x_wconf 87' lang='lat' dir='ltr'><strong>hemens</strong></span> <span class='ocrx_word' id='word_1_69' title='bbox 1142 1452 1353 1507; x_wconf 85' lang='lat' dir='ltr'><strong>autem</strong></span> <span class='ocrx_word' id='word_1_70' title='bbox 1395 1443 1731 1507; x_wconf 81' lang='lat' dir='ltr'><strong>delectatio</strong></span> <span class='ocrx_word' id='word_1_71' title='bbox 1770 1441 2089 1506; x_wconf 89' lang='lat' dir='ltr'><strong>interdum</strong></span> <span class='ocrx_word' id='word_1_72' title='bbox 2122 1442 2333 1505; x_wconf 87' lang='lat' dir='ltr'><strong>absor-</strong></span> 
     </span>
     <span class='ocr_line' id='line_1_12' title="bbox 836 1540 2334 1615; baseline -0.001 -12"><span class='ocrx_word' id='word_1_73' title='bbox 836 1541 943 1605; x_wconf 89' lang='lat' dir='ltr'><strong>bet</strong></span> <span class='ocrx_word' id='word_1_74' title='bbox 986 1561 1175 1605; x_wconf 92' lang='lat' dir='ltr'><strong>usum</strong></span> <span class='ocrx_word' id='word_1_75' title='bbox 1216 1542 1477 1605; x_wconf 90' lang='lat' dir='ltr'><strong>rationis</strong></span> <span class='ocrx_word' id='word_1_76' title='bbox 1516 1542 1813 1615; x_wconf 90' lang='lat' dir='ltr'><strong>totaliter,</strong></span> <span class='ocrx_word' id='word_1_77' title='bbox 1857 1541 1959 1604; x_wconf 89' lang='lat' dir='ltr'><strong>vel</strong></span> <span class='ocrx_word' id='word_1_78' title='bbox 2008 1540 2142 1603; x_wconf 84' lang='lat' dir='ltr'><strong>fere</strong></span> <span class='ocrx_word' id='word_1_79' title='bbox 2179 1548 2334 1603; x_wconf 89' lang='lat' dir='ltr'><strong>tota-</strong></span> 
     </span>
     <span class='ocr_line' id='line_1_13' title="bbox 839 1639 2332 1723; baseline -0.001 -20"><span class='ocrx_word' id='word_1_80' title='bbox 839 1641 984 1703; x_wconf 82' lang='lat' dir='ltr'><strong>liter</strong></span> <span class='ocrx_word' id='word_1_81' title='bbox 1042 1640 1312 1723; x_wconf 90' lang='lat' dir='ltr'><strong>impedit</strong></span> <span class='ocrx_word' id='word_1_82' title='bbox 1370 1660 1539 1703; x_wconf 91' lang='lat' dir='ltr'><strong>eum.</strong></span> <span class='ocrx_word' id='word_1_83' title='bbox 1593 1639 2007 1723; x_wconf 86' lang='lat' dir='ltr'><strong>Displicentia</strong></span> <span class='ocrx_word' id='word_1_84' title='bbox 2054 1658 2207 1703; x_wconf 88' lang='lat' dir='ltr'><strong>vero</strong></span> <span class='ocrx_word' id='word_1_85' title='bbox 2254 1640 2332 1702; x_wconf 93' lang='lat' dir='ltr'><strong>de</strong></span> 
     </span>
     <span class='ocr_line' id='line_1_14' title="bbox 836 1737 2334 1822; baseline -0.001 -21"><span class='ocrx_word' id='word_1_86' title='bbox 836 1748 1117 1821; x_wconf 84' lang='lat' dir='ltr'><strong>peccate,</strong></span> <span class='ocrx_word' id='word_1_87' title='bbox 1150 1740 1229 1803; x_wconf 89' lang='lat' dir='ltr'><strong>ad</strong></span> <span class='ocrx_word' id='word_1_88' title='bbox 1266 1740 1384 1803; x_wconf 87' lang='lat' dir='ltr'><strong>hoc</strong></span> <span class='ocrx_word' id='word_1_89' title='bbox 1414 1740 1585 1822; x_wconf 91' lang='lat' dir='ltr'><strong>quod</strong></span> <span class='ocrx_word' id='word_1_90' title='bbox 1624 1739 1709 1801; x_wconf 90' lang='lat' dir='ltr'><strong>sit</strong></span> <span class='ocrx_word' id='word_1_91' title='bbox 1746 1737 2081 1802; x_wconf 82' lang='lat' dir='ltr'><strong>sufficiens</strong></span> <span class='ocrx_word' id='word_1_92' title='bbox 2118 1739 2199 1802; x_wconf 89' lang='lat' dir='ltr'><strong>ad</strong></span> <span class='ocrx_word' id='word_1_93' title='bbox 2237 1757 2334 1800; x_wconf 89' lang='lat' dir='ltr'><strong>ra-</strong></span> 
     </span>
    </p>
   </div>
   <div class='ocr_carea' id='block_1_8' title="bbox 2441 753 3946 1821">
    <p class='ocr_par' dir='ltr' id='par_1_8' title="bbox 2441 753 3946 1821">
     <span class='ocr_line' id='line_1_15' title="bbox 2442 753 3938 835; baseline -0.001 -18"><span class='ocrx_word' id='word_1_94' title='bbox 2442 755 2613 835; x_wconf 90' lang='lat' dir='ltr'><strong>quod</strong></span> <span class='ocrx_word' id='word_1_95' title='bbox 2662 772 2790 818; x_wconf 89' lang='lat' dir='ltr'><strong>non</strong></span> <span class='ocrx_word' id='word_1_96' title='bbox 2848 754 3250 819; x_wconf 82' lang='lat' dir='ltr'><strong>obstantibus</strong></span> <span class='ocrx_word' id='word_1_97' title='bbox 3308 754 3525 818; x_wconf 91' lang='lat' dir='ltr'><strong>dolore</strong></span> <span class='ocrx_word' id='word_1_98' title='bbox 3573 761 3637 817; x_wconf 90' lang='lat' dir='ltr'><strong>et</strong></span> <span class='ocrx_word' id='word_1_99' title='bbox 3682 753 3938 826; x_wconf 80' lang='lat' dir='ltr'><strong>timore,</strong></span> 
     </span>
     <span class='ocr_line' id='line_1_16' title="bbox 2443 852 3940 935; baseline -0.002 -20"><span class='ocrx_word' id='word_1_100' title='bbox 2443 860 2702 915; x_wconf 88' lang='lat' dir='ltr'><strong>utantur</strong></span> <span class='ocrx_word' id='word_1_101' title='bbox 2733 870 2848 935; x_wconf 89' lang='lat' dir='ltr'><strong>pro</strong></span> <span class='ocrx_word' id='word_1_102' title='bbox 2877 852 3126 917; x_wconf 84' lang='lat' dir='ltr'><strong>viribus</strong></span> <span class='ocrx_word' id='word_1_103' title='bbox 3154 852 3418 927; x_wconf 87' lang='lat' dir='ltr'><strong>ratione,</strong></span> <span class='ocrx_word' id='word_1_104' title='bbox 3449 852 3671 934; x_wconf 89' lang='lat' dir='ltr'><strong>sicque</strong></span> <span class='ocrx_word' id='word_1_105' title='bbox 3705 868 3940 914; x_wconf 89' lang='lat' dir='ltr'><strong>conen-</strong></span> 
     </span>
     <span class='ocr_line' id='line_1_17' title="bbox 2441 949 3940 1035; baseline -0.001 -23"><span class='ocrx_word' id='word_1_106' title='bbox 2441 958 2546 1013; x_wconf 89' lang='lat' dir='ltr'><strong>tur</strong></span> <span class='ocrx_word' id='word_1_107' title='bbox 2583 950 2818 1015; x_wconf 86' lang='lat' dir='ltr'><strong>habere</strong></span> <span class='ocrx_word' id='word_1_108' title='bbox 2859 950 3332 1035; x_wconf 83' lang='lat' dir='ltr'><strong>displicentiam</strong></span> <span class='ocrx_word' id='word_1_109' title='bbox 3371 952 3450 1013; x_wconf 95' lang='lat' dir='ltr'><strong>de</strong></span> <span class='ocrx_word' id='word_1_110' title='bbox 3487 950 3622 1013; x_wconf 88' lang='lat' dir='ltr'><strong>suis</strong></span> <span class='ocrx_word' id='word_1_111' title='bbox 3659 949 3940 1033; x_wconf 85' lang='lat' dir='ltr'><strong>peccatis</strong></span> 
     </span>
     <span class='ocr_line' id='line_1_18' title="bbox 2442 1047 3940 1131; baseline -0.001 -20"><span class='ocrx_word' id='word_1_112' title='bbox 2442 1066 2656 1111; x_wconf 87' lang='lat' dir='ltr'><strong>veram</strong></span> <span class='ocrx_word' id='word_1_113' title='bbox 2706 1054 2769 1111; x_wconf 93' lang='lat' dir='ltr'><strong>et</strong></span> <span class='ocrx_word' id='word_1_114' title='bbox 2815 1048 3236 1112; x_wconf 88' lang='lat' dir='ltr'><strong>voluntariam</strong></span> <span class='ocrx_word' id='word_1_115' title='bbox 3287 1056 3546 1131; x_wconf 90' lang='lat' dir='ltr'><strong>propter</strong></span> <span class='ocrx_word' id='word_1_116' title='bbox 3593 1048 3820 1121; x_wconf 89' lang='lat' dir='ltr'><strong>Deum,</strong></span> <span class='ocrx_word' id='word_1_117' title='bbox 3869 1047 3940 1109; x_wconf 89' lang='lat' dir='ltr'><strong>in</strong></span> 
     </span>
     <span class='ocr_line' id='line_1_19' title="bbox 2443 1145 3938 1228; baseline -0.001 -19"><span class='ocrx_word' id='word_1_118' title='bbox 2443 1154 2752 1228; x_wconf 88' lang='lat' dir='ltr'><strong>quantum</strong></span> <span class='ocrx_word' id='word_1_119' title='bbox 2795 1146 3058 1210; x_wconf 83' lang='lat' dir='ltr'><strong>fuerunt</strong></span> <span class='ocrx_word' id='word_1_120' title='bbox 3095 1153 3158 1210; x_wconf 90' lang='lat' dir='ltr'><strong>et</strong></span> <span class='ocrx_word' id='word_1_121' title='bbox 3197 1155 3347 1210; x_wconf 89' lang='lat' dir='ltr'><strong>sunt</strong></span> <span class='ocrx_word' id='word_1_122' title='bbox 3381 1145 3699 1210; x_wconf 78' lang='lat' dir='ltr'><strong>oflensiva</strong></span> <span class='ocrx_word' id='word_1_123' title='bbox 3731 1145 3938 1227; x_wconf 90' lang='lat' dir='ltr'><strong>ipsius</strong></span> 
     </span>
     <span class='ocr_line' id='line_1_20' title="bbox 2444 1243 3940 1327; baseline -0.002 -20"><span class='ocrx_word' id='word_1_124' title='bbox 2444 1243 2577 1317; x_wconf 87' lang='lat' dir='ltr'><strong>Dei,</strong></span> <span class='ocrx_word' id='word_1_125' title='bbox 2611 1264 2728 1309; x_wconf 88' lang='lat' dir='ltr'><strong>uec</strong></span> <span class='ocrx_word' id='word_1_126' title='bbox 2767 1246 3127 1327; x_wconf 90' lang='lat' dir='ltr'><strong>desperent,</strong></span> <span class='ocrx_word' id='word_1_127' title='bbox 3161 1246 3271 1309; x_wconf 90' lang='lat' dir='ltr'><strong>sed</strong></span> <span class='ocrx_word' id='word_1_128' title='bbox 3311 1245 3807 1308; x_wconf 86' lang='lat' dir='ltr'><strong>immensitatem</strong></span> <span class='ocrx_word' id='word_1_129' title='bbox 3850 1251 3940 1305; x_wconf 86' lang='lat' dir='ltr'><strong>at-</strong></span> 
     </span>
     <span class='ocr_line' id='line_1_21' title="bbox 2443 1342 3942 1425; baseline 0.001 -21"><span class='ocrx_word' id='word_1_130' title='bbox 2443 1342 2705 1406; x_wconf 87' lang='lat' dir='ltr'><strong>tendant</strong></span> <span class='ocrx_word' id='word_1_131' title='bbox 2734 1344 2987 1425; x_wconf 88' lang='lat' dir='ltr'><strong>pietatis</strong></span> <span class='ocrx_word' id='word_1_132' title='bbox 3015 1344 3271 1418; x_wconf 83' lang='lat' dir='ltr'><strong>divinae,</strong></span> <span class='ocrx_word' id='word_1_133' title='bbox 3290 1351 3357 1406; x_wconf 91' lang='lat' dir='ltr'><strong>et</strong></span> <span class='ocrx_word' id='word_1_134' title='bbox 3383 1343 3463 1406; x_wconf 90' lang='lat' dir='ltr'><strong>de</strong></span> <span class='ocrx_word' id='word_1_135' title='bbox 3491 1362 3608 1405; x_wconf 87' lang='lat' dir='ltr'><strong>sua</strong></span> <span class='ocrx_word' id='word_1_136' title='bbox 3635 1343 3942 1405; x_wconf 87' lang='lat' dir='ltr'><strong>dilatione</strong></span> 
     </span>
     <span class='ocr_line' id='line_1_22' title="bbox 2442 1441 3944 1524; baseline -0.001 -20"><span class='ocrx_word' id='word_1_137' title='bbox 2442 1459 2515 1504; x_wconf 92' lang='lat' dir='ltr'><strong>ac</strong></span> <span class='ocrx_word' id='word_1_138' title='bbox 2557 1442 2942 1524; x_wconf 78' lang='lat' dir='ltr'><strong>negligentia</strong></span> <span class='ocrx_word' id='word_1_139' title='bbox 2976 1442 3253 1515; x_wconf 90' lang='lat' dir='ltr'><strong>doleant,</strong></span> <span class='ocrx_word' id='word_1_140' title='bbox 3295 1441 3670 1524; x_wconf 80' lang='lat' dir='ltr'><strong>fortiterque</strong></span> <span class='ocrx_word' id='word_1_141' title='bbox 3712 1458 3944 1523; x_wconf 90' lang='lat' dir='ltr'><strong>propo-</strong></span> 
     </span>
     <span class='ocr_line' id='line_1_23' title="bbox 2444 1539 3940 1624; baseline -0.001 -23"><span class='ocrx_word' id='word_1_142' title='bbox 2444 1548 2598 1602; x_wconf 85' lang='lat' dir='ltr'><strong>nant</strong></span> <span class='ocrx_word' id='word_1_143' title='bbox 2627 1540 2705 1602; x_wconf 93' lang='lat' dir='ltr'><strong>de</strong></span> <span class='ocrx_word' id='word_1_144' title='bbox 2735 1548 2945 1604; x_wconf 86' lang='lat' dir='ltr'><strong>cetero</strong></span> <span class='ocrx_word' id='word_1_145' title='bbox 2977 1560 3308 1624; x_wconf 89' lang='lat' dir='ltr'><strong>nunquam</strong></span> <span class='ocrx_word' id='word_1_146' title='bbox 3341 1559 3628 1623; x_wconf 86' lang='lat' dir='ltr'><strong>peccare,</strong></span> <span class='ocrx_word' id='word_1_147' title='bbox 3659 1539 3852 1601; x_wconf 89' lang='lat' dir='ltr'><strong>etiam</strong></span> <span class='ocrx_word' id='word_1_148' title='bbox 3885 1539 3940 1601; x_wconf 90' lang='lat' dir='ltr'><strong>si</strong></span> 
     </span>
     <span class='ocr_line' id='line_1_24' title="bbox 2443 1639 3942 1713; baseline 0 -12"><span class='ocrx_word' id='word_1_149' title='bbox 2443 1639 2904 1704; x_wconf 85' lang='lat' dir='ltr'><strong>convalescant.</strong></span> <span class='ocrx_word' id='word_1_150' title='bbox 2955 1676 3036 1687; x_wconf 91' lang='lat'><strong>-—</strong></span> <span class='ocrx_word' id='word_1_151' title='bbox 3082 1641 3227 1705; x_wconf 80' lang='lat' dir='ltr'><strong>Haec</strong></span> <span class='ocrx_word' id='word_1_152' title='bbox 3275 1642 3518 1705; x_wconf 90' lang='lat' dir='ltr'><strong>Scotus.</strong></span> <span class='ocrx_word' id='word_1_153' title='bbox 3569 1639 3686 1713; x_wconf 83' lang='lat' dir='ltr'><strong>Qui</strong></span> <span class='ocrx_word' id='word_1_154' title='bbox 3744 1640 3942 1702; x_wconf 89' lang='lat' dir='ltr'><strong>etiam</strong></span> 
     </span>
     <span class='ocr_line' id='line_1_25' title="bbox 2444 1737 3946 1821; baseline 0 -22"><span class='ocrx_word' id='word_1_155' title='bbox 2444 1737 2618 1799; x_wconf 84' lang='lat' dir='ltr'><strong>addit</strong></span> <span class='ocrx_word' id='word_1_156' title='bbox 2657 1737 2756 1801; x_wconf 90' lang='lat' dir='ltr'><strong>his</strong></span> <span class='ocrx_word' id='word_1_157' title='bbox 2791 1756 2805 1802; x_wconf 89' lang='lat'><strong>:</strong></span> <span class='ocrx_word' id='word_1_158' title='bbox 2839 1738 2956 1813; x_wconf 89' lang='lat' dir='ltr'><strong>Qui</strong></span> <span class='ocrx_word' id='word_1_159' title='bbox 2996 1739 3272 1801; x_wconf 89' lang='lat' dir='ltr'><strong>scienter</strong></span> <span class='ocrx_word' id='word_1_160' title='bbox 3310 1758 3378 1801; x_wconf 92' lang='lat' dir='ltr'><strong>se</strong></span> <span class='ocrx_word' id='word_1_161' title='bbox 3416 1746 3748 1821; x_wconf 87' lang='lat' dir='ltr'><strong>exponunt</strong></span> <span class='ocrx_word' id='word_1_162' title='bbox 3779 1737 3946 1819; x_wconf 90' lang='lat' dir='ltr'><strong>peri·</strong></span> 
     </span>
    </p>
   </div>
   <div class='ocr_carea' id='block_1_9' title="bbox 836 1835 3944 1920">
    <p class='ocr_par' dir='ltr' id='par_1_9' title="bbox 836 1835 3944 1920">
     <span class='ocr_line' id='line_1_26' title="bbox 836 1835 3944 1920; baseline -0.001 -21"><span class='ocrx_word' id='word_1_163' title='bbox 836 1838 1075 1901; x_wconf 86' lang='lat' dir='ltr'><strong>tionem</strong></span> <span class='ocrx_word' id='word_1_164' title='bbox 1134 1838 1556 1912; x_wconf 89' lang='lat' dir='ltr'><strong>contritionis,</strong></span> <span class='ocrx_word' id='word_1_165' title='bbox 1612 1836 1883 1920; x_wconf 89' lang='lat' dir='ltr'><strong>requirit</strong></span> <span class='ocrx_word' id='word_1_166' title='bbox 1940 1837 2202 1901; x_wconf 88' lang='lat' dir='ltr'><strong>rationis</strong></span> <span class='ocrx_word' id='word_1_167' title='bbox 2259 1856 2331 1899; x_wconf 89' lang='lat' dir='ltr'><strong>ac</strong></span> <span class='ocrx_word' id='word_1_168' title='bbox 2369 1837 2417 1901; x_wconf 93' lang='lat' dir='ltr'>B</span> <span class='ocrx_word' id='word_1_169' title='bbox 2447 1835 2592 1899; x_wconf 89' lang='lat' dir='ltr'><strong>culo</strong></span> <span class='ocrx_word' id='word_1_170' title='bbox 2631 1856 2761 1900; x_wconf 85' lang='lat' dir='ltr'><strong>suae</strong></span> <span class='ocrx_word' id='word_1_171' title='bbox 2802 1836 3048 1912; x_wconf 81' lang='lat' dir='ltr'><strong>salutiS,</strong></span> <span class='ocrx_word' id='word_1_172' title='bbox 3083 1845 3350 1919; x_wconf 86' lang='lat' dir='ltr'><strong>peccant</strong></span> <span class='ocrx_word' id='word_1_173' title='bbox 3388 1835 3758 1900; x_wconf 90' lang='lat' dir='ltr'><strong>mortaliter.</strong></span> <span class='ocrx_word' id='word_1_174' title='bbox 3795 1835 3944 1898; x_wconf 89' lang='lat' dir='ltr'><strong>ldeo</strong></span> 
     </span>
    </p>
   </div>
   <div class='ocr_carea' id='block_1_10' title="bbox 830 1936 2335 3003">
    <p class='ocr_par' dir='ltr' id='par_1_10' title="bbox 830 1936 2335 3003">
     <span class='ocr_line' id='line_1_27' title="bbox 834 1936 2333 2019; baseline -0.001 -20"><span class='ocrx_word' id='word_1_175' title='bbox 834 1937 1179 1999; x_wconf 87' lang='lat' dir='ltr'><strong>voluntatis</strong></span> <span class='ocrx_word' id='word_1_176' title='bbox 1230 1936 1503 1999; x_wconf 90' lang='lat' dir='ltr'><strong>liberum</strong></span> <span class='ocrx_word' id='word_1_177' title='bbox 1553 1955 1761 1999; x_wconf 89' lang='lat' dir='ltr'><strong>usum.</strong></span> <span class='ocrx_word' id='word_1_178' title='bbox 1806 1936 2131 1999; x_wconf 85' lang='lat' dir='ltr'><strong>Remissus</strong></span> <span class='ocrx_word' id='word_1_179' title='bbox 2178 1954 2333 2019; x_wconf 90' lang='lat' dir='ltr'><strong>quo·</strong></span> 
     </span>
     <span class='ocr_line' id='line_1_28' title="bbox 834 2033 2334 2116; baseline 0 -19"><span class='ocrx_word' id='word_1_180' title='bbox 834 2054 959 2116; x_wconf 90' lang='lat' dir='ltr'><strong>que</strong></span> <span class='ocrx_word' id='word_1_181' title='bbox 1008 2054 1120 2097; x_wconf 90' lang='lat' dir='ltr'><strong>seu</strong></span> <span class='ocrx_word' id='word_1_182' title='bbox 1172 2035 1405 2098; x_wconf 90' lang='lat' dir='ltr'><strong>debilis</strong></span> <span class='ocrx_word' id='word_1_183' title='bbox 1455 2054 1608 2098; x_wconf 91' lang='lat' dir='ltr'><strong>usus</strong></span> <span class='ocrx_word' id='word_1_184' title='bbox 1659 2034 1843 2098; x_wconf 87' lang='lat' dir='ltr'><strong>liberi</strong></span> <span class='ocrx_word' id='word_1_185' title='bbox 1902 2033 2173 2107; x_wconf 85' lang='lat' dir='ltr'><strong>arbitrii,</strong></span> <span class='ocrx_word' id='word_1_186' title='bbox 2225 2034 2334 2097; x_wconf 83' lang='lat' dir='ltr'><strong>vix</strong></span> 
     </span>
     <span class='ocr_line' id='line_1_29' title="bbox 836 2132 2335 2216; baseline 0 -21"><span class='ocrx_word' id='word_1_187' title='bbox 836 2132 1083 2195; x_wconf 75' lang='lat' dir='ltr'><strong>sufficit</strong></span> <span class='ocrx_word' id='word_1_188' title='bbox 1112 2133 1186 2196; x_wconf 89' lang='lat' dir='ltr'><strong>ad</strong></span> <span class='ocrx_word' id='word_1_189' title='bbox 1220 2133 1692 2216; x_wconf 89' lang='lat' dir='ltr'><strong>displicentiam</strong></span> <span class='ocrx_word' id='word_1_190' title='bbox 1723 2133 2093 2216; x_wconf 86' lang='lat' dir='ltr'><strong>requisitam</strong></span> <span class='ocrx_word' id='word_1_191' title='bbox 2123 2132 2202 2195; x_wconf 89' lang='lat' dir='ltr'><strong>ad</strong></span> <span class='ocrx_word' id='word_1_192' title='bbox 2233 2151 2335 2195; x_wconf 86' lang='lat' dir='ltr'><strong>ve-</strong></span> 
     </span>
     <span class='ocr_line' id='line_1_30' title="bbox 836 2232 2333 2314; baseline 0.001 -22"><span class='ocrx_word' id='word_1_193' title='bbox 836 2250 969 2293; x_wconf 88' lang='lat' dir='ltr'><strong>ram</strong></span> <span class='ocrx_word' id='word_1_194' title='bbox 1004 2232 1466 2314; x_wconf 87' lang='lat' dir='ltr'><strong>poenitentiam.</strong></span> <span class='ocrx_word' id='word_1_195' title='bbox 1500 2232 1835 2314; x_wconf 87' lang='lat' dir='ltr'><strong>Propterea</strong></span> <span class='ocrx_word' id='word_1_196' title='bbox 1872 2232 2096 2295; x_wconf 89' lang='lat' dir='ltr'><strong>asserit</strong></span> <span class='ocrx_word' id='word_1_197' title='bbox 2125 2233 2333 2313; x_wconf 80' lang='lat' dir='ltr'><strong>Augu-</strong></span> 
     </span>
     <span class='ocr_line' id='line_1_31' title="bbox 834 2329 2331 2411; baseline 0.001 -20"><span class='ocrx_word' id='word_1_198' title='bbox 834 2330 1041 2393; x_wconf 89' lang='lat' dir='ltr'><strong>stinus</strong></span> <span class='ocrx_word' id='word_1_199' title='bbox 1074 2348 1089 2393; x_wconf 74' lang='grc' dir='ltr'><em>τ</em></span> <span class='ocrx_word' id='word_1_200' title='bbox 1122 2330 1355 2393; x_wconf 86' lang='lat' dir='ltr'><strong>Tantus</strong></span> <span class='ocrx_word' id='word_1_201' title='bbox 1392 2338 1548 2393; x_wconf 88' lang='lat' dir='ltr'><strong>tunc</strong></span> <span class='ocrx_word' id='word_1_202' title='bbox 1590 2330 1908 2393; x_wconf 89' lang='lat' dir='ltr'><strong>cruciatus</strong></span> <span class='ocrx_word' id='word_1_203' title='bbox 1950 2329 2101 2411; x_wconf 81' lang='lat' dir='ltr'><strong>ligat</strong></span> <span class='ocrx_word' id='word_1_204' title='bbox 2132 2348 2331 2392; x_wconf 89' lang='lat' dir='ltr'><strong>mem-</strong></span> 
     </span>
     <span class='ocr_line' id='line_1_32' title="bbox 834 2429 2333 2513; baseline -0.001 -21"><span class='ocrx_word' id='word_1_205' title='bbox 834 2429 949 2493; x_wconf 92' lang='lat' dir='ltr'><strong>bra</strong></span> <span class='ocrx_word' id='word_1_206' title='bbox 978 2437 1043 2492; x_wconf 93' lang='lat' dir='ltr'><strong>et</strong></span> <span class='ocrx_word' id='word_1_207' title='bbox 1068 2429 1249 2493; x_wconf 89' lang='lat' dir='ltr'><strong>dolor</strong></span> <span class='ocrx_word' id='word_1_208' title='bbox 1276 2429 1582 2513; x_wconf 91' lang='lat' dir='ltr'><strong>opprimit</strong></span> <span class='ocrx_word' id='word_1_209' title='bbox 1610 2437 1965 2505; x_wconf 90' lang='lat' dir='ltr'><strong>sensum,ut</strong></span> <span class='ocrx_word' id='word_1_210' title='bbox 1993 2430 2100 2492; x_wconf 89' lang='lat' dir='ltr'><strong>vix</strong></span> <span class='ocrx_word' id='word_1_211' title='bbox 2128 2430 2333 2493; x_wconf 84' lang='lat' dir='ltr'><strong>valeat</strong></span> 
     </span>
     <span class='ocr_line' id='line_1_33' title="bbox 836 2528 2327 2611; baseline 0.002 -22"><span class='ocrx_word' id='word_1_212' title='bbox 836 2546 1215 2611; x_wconf 80' lang='lat' dir='ltr'><strong>cognoscere</strong></span> <span class='ocrx_word' id='word_1_213' title='bbox 1244 2528 1507 2611; x_wconf 89' lang='lat' dir='ltr'><strong>aliquid.</strong></span> <span class='ocrx_word' id='word_1_214' title='bbox 1542 2529 1850 2611; x_wconf 91' lang='lat' dir='ltr'><strong>Denique,</strong></span> <span class='ocrx_word' id='word_1_215' title='bbox 1880 2529 1961 2592; x_wconf 90' lang='lat' dir='ltr'><strong>ad</strong></span> <span class='ocrx_word' id='word_1_216' title='bbox 2000 2528 2119 2592; x_wconf 91' lang='lat' dir='ltr'><strong>hoc</strong></span> <span class='ocrx_word' id='word_1_217' title='bbox 2159 2529 2327 2610; x_wconf 89' lang='lat' dir='ltr'><strong>quod</strong></span> 
     </span>
     <span class='ocr_line' id='line_1_34' title="bbox 834 2626 2326 2708; baseline 0.001 -21"><span class='ocrx_word' id='word_1_218' title='bbox 834 2626 1238 2708; x_wconf 89' lang='lat' dir='ltr'><strong>displicentia</strong></span> <span class='ocrx_word' id='word_1_219' title='bbox 1286 2626 1492 2690; x_wconf 90' lang='lat' dir='ltr'><strong>valeat</strong></span> <span class='ocrx_word' id='word_1_220' title='bbox 1546 2634 1611 2689; x_wconf 89' lang='lat' dir='ltr'><strong>et</strong></span> <span class='ocrx_word' id='word_1_221' title='bbox 1664 2626 1951 2690; x_wconf 88' lang='lat' dir='ltr'><strong>ordinata</strong></span> <span class='ocrx_word' id='word_1_222' title='bbox 2001 2627 2326 2702; x_wconf 80' lang='lat' dir='ltr'><strong>consistat,</strong></span> 
     </span>
     <span class='ocr_line' id='line_1_35' title="bbox 832 2724 2326 2807; baseline 0.001 -20"><span class='ocrx_word' id='word_1_223' title='bbox 832 2732 1083 2807; x_wconf 87' lang='lat' dir='ltr'><strong>oportet</strong></span> <span class='ocrx_word' id='word_1_224' title='bbox 1111 2724 1281 2807; x_wconf 91' lang='lat' dir='ltr'><strong>quod</strong></span> <span class='ocrx_word' id='word_1_225' title='bbox 1312 2724 1396 2787; x_wconf 89' lang='lat' dir='ltr'><strong>sit</strong></span> <span class='ocrx_word' id='word_1_226' title='bbox 1427 2724 1641 2787; x_wconf 92' lang='lat' dir='ltr'><strong>debite</strong></span> <span class='ocrx_word' id='word_1_227' title='bbox 1675 2724 2326 2800; x_wconf 89' lang='lat' dir='ltr'><strong>circumstantionata,</strong></span> 
     </span>
     <span class='ocr_line' id='line_1_36' title="bbox 835 2821 2330 2905; baseline 0.001 -20"><span class='ocrx_word' id='word_1_228' title='bbox 835 2822 1186 2904; x_wconf 81' lang='lat' dir='ltr'><strong>praesertim</strong></span> <span class='ocrx_word' id='word_1_229' title='bbox 1216 2821 1689 2886; x_wconf 85' lang='lat' dir='ltr'><strong>circumstantia</strong></span> <span class='ocrx_word' id='word_1_230' title='bbox 1716 2822 1869 2884; x_wconf 78' lang='lat' dir='ltr'><strong>finis</strong></span> <span class='ocrx_word' id='word_1_231' title='bbox 1902 2822 2330 2905; x_wconf 89' lang='lat' dir='ltr'><strong>principiique</strong></span> 
     </span>
     <span class='ocr_line' id='line_1_37' title="bbox 830 2920 2331 3003; baseline 0.001 -21"><span class='ocrx_word' id='word_1_232' title='bbox 830 2920 1021 2983; x_wconf 87' lang='lat' dir='ltr'><strong>activi</strong></span> <span class='ocrx_word' id='word_1_233' title='bbox 1069 2920 1465 3003; x_wconf 86' lang='lat' dir='ltr'><strong>principalis,</strong></span> <span class='ocrx_word' id='word_1_234' title='bbox 1510 2920 1597 2982; x_wconf 87' lang='lat' dir='ltr'><strong>ita</strong></span> <span class='ocrx_word' id='word_1_235' title='bbox 1640 2920 1807 3003; x_wconf 90' lang='lat' dir='ltr'><strong>quod</strong></span> <span class='ocrx_word' id='word_1_236' title='bbox 1850 2921 1933 2983; x_wconf 92' lang='lat' dir='ltr'><strong>sit</strong></span> <span class='ocrx_word' id='word_1_237' title='bbox 1975 2921 2331 2985; x_wconf 86' lang='lat' dir='ltr'><strong>voluntaria</strong></span> 
     </span>
    </p>
   </div>
   <div class='ocr_carea' id='block_1_11' title="bbox 2443 1935 3946 2314">
    <p class='ocr_par' dir='ltr' id='par_1_11' title="bbox 2443 1935 3946 2314">
     <span class='ocr_line' id='line_1_38' title="bbox 2444 1935 3944 2018; baseline -0.001 -21"><span class='ocrx_word' id='word_1_238' title='bbox 2444 1935 2554 2017; x_wconf 92' lang='lat' dir='ltr'><strong>qui</strong></span> <span class='ocrx_word' id='word_1_239' title='bbox 2587 1935 2942 1998; x_wconf 88' lang='lat' dir='ltr'><strong>deliberant</strong></span> <span class='ocrx_word' id='word_1_240' title='bbox 2971 1954 3082 1998; x_wconf 91' lang='lat' dir='ltr'><strong>seu</strong></span> <span class='ocrx_word' id='word_1_241' title='bbox 3117 1944 3482 2018; x_wconf 87' lang='lat' dir='ltr'><strong>proponunt</strong></span> <span class='ocrx_word' id='word_1_242' title='bbox 3511 1953 3638 1998; x_wconf 90' lang='lat' dir='ltr'><strong>non</strong></span> <span class='ocrx_word' id='word_1_243' title='bbox 3670 1935 3944 2016; x_wconf 87' lang='lat' dir='ltr'><strong>poenite-</strong></span> 
     </span>
     <span class='ocr_line' id='line_1_39' title="bbox 2445 2034 3944 2116; baseline -0.001 -21"><span class='ocrx_word' id='word_1_244' title='bbox 2445 2052 2512 2095; x_wconf 92' lang='lat' dir='ltr'><strong>re</strong></span> <span class='ocrx_word' id='word_1_245' title='bbox 2545 2034 2667 2096; x_wconf 92' lang='lat' dir='ltr'><strong>nisi</strong></span> <span class='ocrx_word' id='word_1_246' title='bbox 2700 2034 2762 2097; x_wconf 87' lang='lat' dir='ltr'><strong>in</strong></span> <span class='ocrx_word' id='word_1_247' title='bbox 2795 2034 3121 2107; x_wconf 75' lang='lat' dir='ltr'><strong>extremiS,</strong></span> <span class='ocrx_word' id='word_1_248' title='bbox 3154 2034 3506 2097; x_wconf 83' lang='lat' dir='ltr'><strong>mortaliter</strong></span> <span class='ocrx_word' id='word_1_249' title='bbox 3533 2042 3842 2116; x_wconf 84' lang='lat' dir='ltr'><strong>peccant3</strong></span> <span class='ocrx_word' id='word_1_250' title='bbox 3874 2040 3944 2095; x_wconf 90' lang='lat' dir='ltr'><strong>et</strong></span> 
     </span>
     <span class='ocr_line' id='line_1_40' title="bbox 2443 2132 3946 2216; baseline -0.001 -21"><span class='ocrx_word' id='word_1_251' title='bbox 2443 2140 2648 2195; x_wconf 90' lang='lat' dir='ltr'><strong>tamen</strong></span> <span class='ocrx_word' id='word_1_252' title='bbox 2678 2134 2758 2195; x_wconf 91' lang='lat' dir='ltr'><strong>de</strong></span> <span class='ocrx_word' id='word_1_253' title='bbox 2787 2132 2906 2195; x_wconf 88' lang='lat' dir='ltr'><strong>hoc</strong></span> <span class='ocrx_word' id='word_1_254' title='bbox 2937 2133 3079 2215; x_wconf 90' lang='lat' dir='ltr'><strong>ipso</strong></span> <span class='ocrx_word' id='word_1_255' title='bbox 3109 2141 3368 2216; x_wconf 89' lang='lat' dir='ltr'><strong>peccato</strong></span> <span class='ocrx_word' id='word_1_256' title='bbox 3395 2132 3776 2195; x_wconf 89' lang='lat' dir='ltr'><strong>stultissimo</strong></span> <span class='ocrx_word' id='word_1_257' title='bbox 3805 2150 3946 2214; x_wconf 90' lang='lat' dir='ltr'><strong>pos-</strong></span> 
     </span>
     <span class='ocr_line' id='line_1_41' title="bbox 2443 2229 3636 2314; baseline -0.001 -21"><span class='ocrx_word' id='word_1_258' title='bbox 2443 2238 2592 2293; x_wconf 89' lang='lat' dir='ltr'><strong>sunt</strong></span> <span class='ocrx_word' id='word_1_259' title='bbox 2631 2250 2706 2294; x_wconf 90' lang='lat' dir='ltr'><strong>ac</strong></span> <span class='ocrx_word' id='word_1_260' title='bbox 2747 2230 2981 2294; x_wconf 91' lang='lat' dir='ltr'><strong>debent</strong></span> <span class='ocrx_word' id='word_1_261' title='bbox 3022 2232 3332 2314; x_wconf 78' lang='lat' dir='ltr'><strong>poenitere</strong></span> <span class='ocrx_word' id='word_1_262' title='bbox 3374 2231 3440 2293; x_wconf 91' lang='lat' dir='ltr'><strong>in</strong></span> <span class='ocrx_word' id='word_1_263' title='bbox 3482 2229 3636 2293; x_wconf 82' lang='lat' dir='ltr'><strong>fine.</strong></span> 
     </span>
    </p>
   </div>
   <div class='ocr_carea' id='block_1_12' title="bbox 2886 2549 3500 2624">
    <p class='ocr_par' dir='ltr' id='par_1_12' title="bbox 2886 2549 3500 2624">
     <span class='ocr_line' id='line_1_42' title="bbox 2886 2549 3500 2624; baseline 0 -11"><span class='ocrx_word' id='word_1_264' title='bbox 2886 2549 3359 2624; x_wconf 85' lang='lat' dir='ltr'>QUAESTIO</span> <span class='ocrx_word' id='word_1_265' title='bbox 3423 2550 3500 2613; x_wconf 94' lang='lat' dir='ltr'><strong>II</strong></span> 
     </span>
    </p>
   </div>
   <div class='ocr_carea' id='block_1_13' title="bbox 2585 2821 3945 3003">
    <p class='ocr_par' dir='ltr' id='par_1_13' title="bbox 2585 2821 3945 3003">
     <span class='ocr_line' id='line_1_43' title="bbox 2585 2821 3945 2905; baseline 0.007 -22"><span class='ocrx_word' id='word_1_266' title='bbox 2585 2821 2758 2884; x_wconf 86' lang='lat' dir='ltr'><strong>Estat</strong></span> <span class='ocrx_word' id='word_1_267' title='bbox 2813 2822 3252 2904; x_wconf 86' lang='lat' dir='ltr'><strong>quaerendum,</strong></span> <span class='ocrx_word' id='word_1_268' title='bbox 3307 2823 3600 2891; x_wconf 78' lang='lat' dir='ltr'><strong>Utrum</strong></span> <span class='ocrx_word' id='word_1_269' title='bbox 3655 2837 3945 2905; x_wconf 66' lang='lat' dir='ltr'><strong>purga·</strong></span> 
     </span>
     <span class='ocr_line' id='line_1_44' title="bbox 2609 2922 3248 3003; baseline 0.006 -17"><span class='ocrx_word' id='word_1_270' title='bbox 2609 2922 2801 2987; x_wconf 73' lang='lat' dir='ltr'><strong>toz-11</strong></span> <span class='ocrx_word' id='word_1_271' title='bbox 2843 2935 3077 3003; x_wconf 84' lang='lat' dir='ltr'><strong>poena</strong></span> <span class='ocrx_word' id='word_1_272' title='bbox 3117 2923 3248 2990; x_wconf 77' lang='lat' dir='ltr'><strong>sit.</strong></span> 
     </span>
    </p>
   </div>
   <div class='ocr_carea' id='block_1_14' title="bbox 833 3018 3946 3102">
    <p class='ocr_par' dir='ltr' id='par_1_14' title="bbox 833 3018 3946 3102">
     <span class='ocr_line' id='line_1_45' title="bbox 833 3018 3946 3102; baseline 0.001 -21"><span class='ocrx_word' id='word_1_273' title='bbox 833 3028 1095 3101; x_wconf 89' lang='lat' dir='ltr'><strong>propter</strong></span> <span class='ocrx_word' id='word_1_274' title='bbox 1142 3019 1363 3083; x_wconf 91' lang='lat' dir='ltr'><strong>Deum.</strong></span> <span class='ocrx_word' id='word_1_275' title='bbox 1408 3020 1530 3083; x_wconf 89' lang='lat' dir='ltr'><strong>Sed</strong></span> <span class='ocrx_word' id='word_1_276' title='bbox 1575 3018 1846 3081; x_wconf 78' lang='lat' dir='ltr'><strong>difficile</strong></span> <span class='ocrx_word' id='word_1_277' title='bbox 1891 3028 1987 3082; x_wconf 89' lang='lat' dir='ltr'><strong>est</strong></span> <span class='ocrx_word' id='word_1_278' title='bbox 2030 3027 2182 3082; x_wconf 92' lang='lat' dir='ltr'><strong>tunc</strong></span> <span class='ocrx_word' id='word_1_279' title='bbox 2227 3020 2330 3083; x_wconf 87' lang='lat' dir='ltr'><strong>ha·</strong></span> <span class='ocrx_word' id='word_1_280' title='bbox 2363 3022 2408 3087; x_wconf 84' lang='lat' dir='ltr'><strong>G</strong></span> <span class='ocrx_word' id='word_1_281' title='bbox 2519 3018 2782 3081; x_wconf 91' lang='lat' dir='ltr'><strong>Videtur</strong></span> <span class='ocrx_word' id='word_1_282' title='bbox 2809 3019 2978 3100; x_wconf 92' lang='lat' dir='ltr'><strong>quod</strong></span> <span class='ocrx_word' id='word_1_283' title='bbox 3011 3037 3160 3093; x_wconf 89' lang='lat' dir='ltr'><strong>non,</strong></span> <span class='ocrx_word' id='word_1_284' title='bbox 3194 3020 3499 3102; x_wconf 89' lang='lat' dir='ltr'><strong>quoniam</strong></span> <span class='ocrx_word' id='word_1_285' title='bbox 3530 3021 3697 3083; x_wconf 92' lang='lat' dir='ltr'><strong>sicut</strong></span> <span class='ocrx_word' id='word_1_286' title='bbox 3723 3020 3946 3085; x_wconf 80' lang='lat' dir='ltr'><strong>anima</strong></span> 
     </span>
    </p>
   </div>
   <div class='ocr_carea' id='block_1_15' title="bbox 827 3117 2333 4185">
    <p class='ocr_par' dir='ltr' id='par_1_15' title="bbox 827 3117 2333 4185">
     <span class='ocr_line' id='line_1_46' title="bbox 832 3117 2333 3202; baseline 0.001 -21"><span class='ocrx_word' id='word_1_287' title='bbox 832 3117 983 3181; x_wconf 93' lang='lat' dir='ltr'><strong>bere</strong></span> <span class='ocrx_word' id='word_1_288' title='bbox 1011 3126 1225 3182; x_wconf 88' lang='lat' dir='ltr'><strong>actum</strong></span> <span class='ocrx_word' id='word_1_289' title='bbox 1268 3117 1360 3181; x_wconf 92' lang='lat' dir='ltr'><strong>sic</strong></span> <span class='ocrx_word' id='word_1_290' title='bbox 1396 3118 2096 3182; x_wconf 89' lang='lat' dir='ltr'><strong>circumstantionatum</strong></span> <span class='ocrx_word' id='word_1_291' title='bbox 2130 3137 2145 3180; x_wconf 92' lang='lat'>:</span> <span class='ocrx_word' id='word_1_292' title='bbox 2180 3118 2333 3202; x_wconf 87' lang='lat' dir='ltr'><strong>quia</strong></span> 
     </span>
     <span class='ocr_line' id='line_1_47' title="bbox 831 3215 2331 3299; baseline 0.003 -23"><span class='ocrx_word' id='word_1_293' title='bbox 831 3215 942 3298; x_wconf 90' lang='lat' dir='ltr'><strong>qui</strong></span> <span class='ocrx_word' id='word_1_294' title='bbox 992 3235 1194 3298; x_wconf 89' lang='lat' dir='ltr'><strong>usque</strong></span> <span class='ocrx_word' id='word_1_295' title='bbox 1239 3224 1390 3279; x_wconf 91' lang='lat' dir='ltr'><strong>tunc</strong></span> <span class='ocrx_word' id='word_1_296' title='bbox 1435 3217 1556 3280; x_wconf 82' lang='lat' dir='ltr'><strong>fuit</strong></span> <span class='ocrx_word' id='word_1_297' title='bbox 1596 3216 2030 3299; x_wconf 88' lang='lat' dir='ltr'><strong>impoenitens,</strong></span> <span class='ocrx_word' id='word_1_298' title='bbox 2073 3235 2200 3280; x_wconf 90' lang='lat' dir='ltr'><strong>non</strong></span> <span class='ocrx_word' id='word_1_299' title='bbox 2241 3217 2331 3280; x_wconf 89' lang='lat' dir='ltr'><strong>vi-</strong></span> 
     </span>
     <span class='ocr_line' id='line_1_48' title="bbox 832 3314 2328 3398; baseline 0.001 -21"><span class='ocrx_word' id='word_1_300' title='bbox 832 3314 1018 3377; x_wconf 90' lang='lat' dir='ltr'><strong>detur</strong></span> <span class='ocrx_word' id='word_1_301' title='bbox 1053 3323 1206 3378; x_wconf 92' lang='lat' dir='ltr'><strong>tunc</strong></span> <span class='ocrx_word' id='word_1_302' title='bbox 1237 3334 1273 3377; x_wconf 90' lang='lat' dir='ltr'><strong>a</strong></span> <span class='ocrx_word' id='word_1_303' title='bbox 1303 3333 1371 3378; x_wconf 92' lang='lat' dir='ltr'><strong>se</strong></span> <span class='ocrx_word' id='word_1_304' title='bbox 1402 3315 1540 3397; x_wconf 89' lang='lat' dir='ltr'><strong>ipso</strong></span> <span class='ocrx_word' id='word_1_305' title='bbox 1568 3323 1946 3398; x_wconf 85' lang='lat' dir='ltr'><strong>extorquere</strong></span> <span class='ocrx_word' id='word_1_306' title='bbox 1986 3315 2328 3398; x_wconf 89' lang='lat' dir='ltr'><strong>displicen-</strong></span> 
     </span>
     <span class='ocr_line' id='line_1_49' title="bbox 830 3413 2327 3496; baseline 0 -20"><span class='ocrx_word' id='word_1_307' title='bbox 830 3413 985 3477; x_wconf 87' lang='lat' dir='ltr'><strong>tiam</strong></span> <span class='ocrx_word' id='word_1_308' title='bbox 1027 3431 1279 3483; x_wconf 89' lang='lat' dir='ltr'><strong>novam‚</strong></span> <span class='ocrx_word' id='word_1_309' title='bbox 1314 3413 1439 3476; x_wconf 86' lang='lat' dir='ltr'><strong>nisi</strong></span> <span class='ocrx_word' id='word_1_310' title='bbox 1478 3413 1705 3476; x_wconf 89' lang='lat' dir='ltr'><strong>timore</strong></span> <span class='ocrx_word' id='word_1_311' title='bbox 1744 3433 1949 3496; x_wconf 81' lang='lat' dir='ltr'><strong>poeuae</strong></span> <span class='ocrx_word' id='word_1_312' title='bbox 1988 3414 2327 3478; x_wconf 89' lang='lat' dir='ltr'><strong>imminen-</strong></span> 
     </span>
     <span class='ocr_line' id='line_1_50' title="bbox 829 3511 2326 3594; baseline 0.001 -21"><span class='ocrx_word' id='word_1_313' title='bbox 829 3511 931 3574; x_wconf 89' lang='lat' dir='ltr'><strong>tis.</strong></span> <span class='ocrx_word' id='word_1_314' title='bbox 966 3511 1378 3576; x_wconf 83' lang='lat' dir='ltr'><strong>Praesumitur</strong></span> <span class='ocrx_word' id='word_1_315' title='bbox 1406 3531 1703 3593; x_wconf 89' lang='lat' dir='ltr'><strong>namque,</strong></span> <span class='ocrx_word' id='word_1_316' title='bbox 1738 3511 1906 3594; x_wconf 92' lang='lat' dir='ltr'><strong>quod</strong></span> <span class='ocrx_word' id='word_1_317' title='bbox 1950 3511 2002 3574; x_wconf 91' lang='lat' dir='ltr'><strong>si</strong></span> <span class='ocrx_word' id='word_1_318' title='bbox 2042 3520 2326 3576; x_wconf 89' lang='lat' dir='ltr'><strong>remotus</strong></span> 
     </span>
     <span class='ocr_line' id='line_1_51' title="bbox 827 3610 2328 3692; baseline 0.001 -19"><span class='ocrx_word' id='word_1_319' title='bbox 827 3618 997 3674; x_wconf 90' lang='lat' dir='ltr'><strong>esset</strong></span> <span class='ocrx_word' id='word_1_320' title='bbox 1036 3629 1073 3672; x_wconf 91' lang='lat' dir='ltr'><strong>a</strong></span> <span class='ocrx_word' id='word_1_321' title='bbox 1108 3628 1297 3692; x_wconf 88' lang='lat' dir='ltr'><strong>poena</strong></span> <span class='ocrx_word' id='word_1_322' title='bbox 1341 3617 1411 3672; x_wconf 94' lang='lat' dir='ltr'><strong>ut</strong></span> <span class='ocrx_word' id='word_1_323' title='bbox 1449 3610 1647 3692; x_wconf 85' lang='lat' dir='ltr'><strong>prius,</strong></span> <span class='ocrx_word' id='word_1_324' title='bbox 1681 3627 1807 3672; x_wconf 90' lang='lat' dir='ltr'><strong>non</strong></span> <span class='ocrx_word' id='word_1_325' title='bbox 1854 3617 2260 3692; x_wconf 85' lang='lat' dir='ltr'><strong>extorqueret</strong></span> <span class='ocrx_word' id='word_1_326' title='bbox 2290 3630 2328 3675; x_wconf 86' lang='lat' dir='ltr'><strong>a</strong></span> 
     </span>
     <span class='ocr_line' id='line_1_52' title="bbox 828 3708 2320 3791; baseline -0.001 -20"><span class='ocrx_word' id='word_1_327' title='bbox 828 3727 896 3771; x_wconf 90' lang='lat' dir='ltr'><strong>se</strong></span> <span class='ocrx_word' id='word_1_328' title='bbox 941 3708 1415 3791; x_wconf 89' lang='lat' dir='ltr'><strong>displicentiam</strong></span> <span class='ocrx_word' id='word_1_329' title='bbox 1474 3708 1683 3783; x_wconf 88' lang='lat' dir='ltr'><strong>istam,</strong></span> <span class='ocrx_word' id='word_1_330' title='bbox 1734 3709 1900 3771; x_wconf 91' lang='lat' dir='ltr'><strong>sicut</strong></span> <span class='ocrx_word' id='word_1_331' title='bbox 1955 3728 2073 3772; x_wconf 89' lang='lat' dir='ltr'><strong>nec</strong></span> <span class='ocrx_word' id='word_1_332' title='bbox 2122 3709 2320 3791; x_wconf 92' lang='lat' dir='ltr'><strong>prius.</strong></span> 
     </span>
     <span class='ocr_line' id='line_1_53' title="bbox 830 3806 2324 3890; baseline -0.001 -19"><span class='ocrx_word' id='word_1_333' title='bbox 830 3808 1060 3890; x_wconf 91' lang='lat' dir='ltr'><strong>Sicque</strong></span> <span class='ocrx_word' id='word_1_334' title='bbox 1102 3807 1345 3890; x_wconf 90' lang='lat' dir='ltr'><strong>aliquid</strong></span> <span class='ocrx_word' id='word_1_335' title='bbox 1394 3806 1774 3889; x_wconf 86' lang='lat' dir='ltr'><strong>simpliciter</strong></span> <span class='ocrx_word' id='word_1_336' title='bbox 1822 3807 2324 3871; x_wconf 86' lang='lat' dir='ltr'><strong>involuntarium</strong></span> 
     </span>
     <span class='ocr_line' id='line_1_54' title="bbox 830 3905 2328 3988; baseline 0.001 -20"><span class='ocrx_word' id='word_1_337' title='bbox 830 3906 1083 3969; x_wconf 89' lang='lat' dir='ltr'><strong>videtur</strong></span> <span class='ocrx_word' id='word_1_338' title='bbox 1112 3925 1302 3969; x_wconf 88' lang='lat' dir='ltr'><strong>causa</strong></span> <span class='ocrx_word' id='word_1_339' title='bbox 1330 3905 1752 3988; x_wconf 77' lang='lat' dir='ltr'><strong>displicentiae</strong></span> <span class='ocrx_word' id='word_1_340' title='bbox 1782 3906 1996 3987; x_wconf 80' lang='lat' dir='ltr'><strong>hujus,</strong></span> <span class='ocrx_word' id='word_1_341' title='bbox 2033 3907 2328 3970; x_wconf 82' lang='lat' dir='ltr'><strong>involun—</strong></span> 
     </span>
     <span class='ocr_line' id='line_1_55' title="bbox 828 4002 2327 4086; baseline -0.001 -20"><span class='ocrx_word' id='word_1_342' title='bbox 828 4003 1062 4066; x_wconf 90' lang='lat' dir='ltr'><strong>tarium</strong></span> <span class='ocrx_word' id='word_1_343' title='bbox 1094 4003 1267 4066; x_wconf 90' lang='lat' dir='ltr'><strong>enim</strong></span> <span class='ocrx_word' id='word_1_344' title='bbox 1300 4011 1415 4077; x_wconf 88' lang='lat' dir='ltr'><strong>est,</strong></span> <span class='ocrx_word' id='word_1_345' title='bbox 1447 4003 1618 4086; x_wconf 91' lang='lat' dir='ltr'><strong>quod</strong></span> <span class='ocrx_word' id='word_1_346' title='bbox 1650 4021 1775 4066; x_wconf 92' lang='lat' dir='ltr'><strong>non</strong></span> <span class='ocrx_word' id='word_1_347' title='bbox 1811 4002 1883 4065; x_wconf 85' lang='lat' dir='ltr'><strong>l&#39;it</strong></span> <span class='ocrx_word' id='word_1_348' title='bbox 1914 4003 2037 4067; x_wconf 90' lang='lat' dir='ltr'><strong>nisi</strong></span> <span class='ocrx_word' id='word_1_349' title='bbox 2070 4023 2148 4066; x_wconf 80' lang='lat' dir='ltr'><strong>ex</strong></span> <span class='ocrx_word' id='word_1_350' title='bbox 2181 4023 2327 4086; x_wconf 88' lang='lat' dir='ltr'><strong>sup-</strong></span> 
     </span>
     <span class='ocr_line' id='line_1_56' title="bbox 828 4101 2326 4185; baseline 0.001 -20"><span class='ocrx_word' id='word_1_351' title='bbox 828 4101 1143 4185; x_wconf 87' lang='lat' dir='ltr'><strong>positione</strong></span> <span class='ocrx_word' id='word_1_352' title='bbox 1172 4101 1506 4182; x_wconf 89' lang='lat' dir='ltr'><strong>cujusdam</strong></span> <span class='ocrx_word' id='word_1_353' title='bbox 1539 4101 1951 4165; x_wconf 89' lang='lat' dir='ltr'><strong>involuntarii</strong></span> <span class='ocrx_word' id='word_1_354' title='bbox 1978 4121 1992 4165; x_wconf 88' lang='lat'>:</span> <span class='ocrx_word' id='word_1_355' title='bbox 2026 4103 2326 4184; x_wconf 90' lang='lat' dir='ltr'><strong>quemad·</strong></span> 
     </span>
    </p>
   </div>
   <div class='ocr_carea' id='block_1_16' title="bbox 2436 3117 3943 4185">
    <p class='ocr_par' dir='ltr' id='par_1_16' title="bbox 2436 3117 3943 4185">
     <span class='ocr_line' id='line_1_57' title="bbox 2442 3117 3942 3203; baseline 0.003 -24"><span class='ocrx_word' id='word_1_356' title='bbox 2442 3117 2730 3200; x_wconf 89' lang='lat' dir='ltr'><strong>peccavit</strong></span> <span class='ocrx_word' id='word_1_357' title='bbox 2781 3117 2845 3180; x_wconf 92' lang='lat' dir='ltr'><strong>in</strong></span> <span class='ocrx_word' id='word_1_358' title='bbox 2895 3136 3158 3200; x_wconf 87' lang='lat' dir='ltr'><strong>corpore</strong></span> <span class='ocrx_word' id='word_1_359' title='bbox 3205 3127 3270 3182; x_wconf 91' lang='lat' dir='ltr'><strong>et</strong></span> <span class='ocrx_word' id='word_1_360' title='bbox 3317 3139 3466 3182; x_wconf 90' lang='lat' dir='ltr'><strong>cum</strong></span> <span class='ocrx_word' id='word_1_361' title='bbox 3515 3137 3804 3203; x_wconf 88' lang='lat' dir='ltr'><strong>corpore,</strong></span> <span class='ocrx_word' id='word_1_362' title='bbox 3855 3120 3942 3183; x_wconf 85' lang='lat' dir='ltr'><strong>ita</strong></span> 
     </span>
     <span class='ocr_line' id='line_1_58' title="bbox 2440 3215 3940 3301; baseline 0.003 -23"><span class='ocrx_word' id='word_1_363' title='bbox 2440 3216 2692 3279; x_wconf 90' lang='lat' dir='ltr'><strong>videtur</strong></span> <span class='ocrx_word' id='word_1_364' title='bbox 2721 3215 2925 3279; x_wconf 91' lang='lat' dir='ltr'><strong>solum</strong></span> <span class='ocrx_word' id='word_1_365' title='bbox 2955 3216 3277 3299; x_wconf 89' lang='lat' dir='ltr'><strong>punienda</strong></span> <span class='ocrx_word' id='word_1_366' title='bbox 3309 3218 3374 3280; x_wconf 90' lang='lat' dir='ltr'><strong>in</strong></span> <span class='ocrx_word' id='word_1_367' title='bbox 3405 3235 3670 3301; x_wconf 88' lang='lat' dir='ltr'><strong>corpore</strong></span> <span class='ocrx_word' id='word_1_368' title='bbox 3697 3226 3763 3281; x_wconf 89' lang='lat' dir='ltr'><strong>et</strong></span> <span class='ocrx_word' id='word_1_369' title='bbox 3791 3237 3940 3281; x_wconf 91' lang='lat' dir='ltr'><strong>cum</strong></span> 
     </span>
     <span class='ocr_line' id='line_1_59' title="bbox 2442 3313 3939 3396; baseline 0.001 -20"><span class='ocrx_word' id='word_1_370' title='bbox 2442 3313 2574 3388; x_wconf 90' lang='lat' dir='ltr'><strong>illo,</strong></span> <span class='ocrx_word' id='word_1_371' title='bbox 2608 3322 2672 3377; x_wconf 90' lang='lat' dir='ltr'><strong>et</strong></span> <span class='ocrx_word' id='word_1_372' title='bbox 2713 3313 2797 3376; x_wconf 91' lang='lat' dir='ltr'><strong>ita</strong></span> <span class='ocrx_word' id='word_1_373' title='bbox 2835 3331 2962 3377; x_wconf 91' lang='lat' dir='ltr'><strong>non</strong></span> <span class='ocrx_word' id='word_1_374' title='bbox 3004 3315 3342 3396; x_wconf 88' lang='lat' dir='ltr'><strong>puniretur</strong></span> <span class='ocrx_word' id='word_1_375' title='bbox 3378 3323 3524 3380; x_wconf 86' lang='lat' dir='ltr'><strong>ante</strong></span> <span class='ocrx_word' id='word_1_376' title='bbox 3565 3317 3939 3379; x_wconf 85' lang='lat' dir='ltr'><strong>resurrecti—</strong></span> 
     </span>
     <span class='ocr_line' id='line_1_60' title="bbox 2436 3412 3940 3497; baseline 0.001 -21"><span class='ocrx_word' id='word_1_377' title='bbox 2436 3431 2626 3476; x_wconf 89' lang='lat' dir='ltr'><strong>onem</strong></span> <span class='ocrx_word' id='word_1_378' title='bbox 2678 3412 2978 3475; x_wconf 84' lang='lat' dir='ltr'><strong>l&#39;uturam.</strong></span> <span class='ocrx_word' id='word_1_379' title='bbox 3029 3449 3110 3459; x_wconf 93' lang='lat'><strong>——</strong></span> <span class='ocrx_word' id='word_1_380' title='bbox 3154 3414 3416 3489; x_wconf 87' lang='lat' dir='ltr'><strong>Rursus,</strong></span> <span class='ocrx_word' id='word_1_381' title='bbox 3468 3434 3668 3497; x_wconf 89' lang='lat' dir='ltr'><strong>quum</strong></span> <span class='ocrx_word' id='word_1_382' title='bbox 3719 3416 3940 3478; x_wconf 86' lang='lat' dir='ltr'><strong>anima</strong></span> 
     </span>
     <span class='ocr_line' id='line_1_61' title="bbox 2438 3511 3942 3594; baseline 0.003 -22"><span class='ocrx_word' id='word_1_383' title='bbox 2438 3511 2522 3573; x_wconf 90' lang='lat' dir='ltr'><strong>sit</strong></span> <span class='ocrx_word' id='word_1_384' title='bbox 2553 3511 2962 3593; x_wconf 88' lang='lat' dir='ltr'><strong>incorporeus</strong></span> <span class='ocrx_word' id='word_1_385' title='bbox 2993 3512 3278 3594; x_wconf 88' lang='lat' dir='ltr'><strong>spiritus,</strong></span> <span class='ocrx_word' id='word_1_386' title='bbox 3303 3530 3430 3576; x_wconf 87' lang='lat' dir='ltr'><strong>non</strong></span> <span class='ocrx_word' id='word_1_387' title='bbox 3459 3513 3712 3577; x_wconf 86' lang='lat' dir='ltr'><strong>videtur</strong></span> <span class='ocrx_word' id='word_1_388' title='bbox 3737 3532 3774 3576; x_wconf 90' lang='lat' dir='ltr'><strong>a</strong></span> <span class='ocrx_word' id='word_1_389' title='bbox 3803 3531 3942 3577; x_wconf 89' lang='lat' dir='ltr'><strong>cor·</strong></span> 
     </span>
     <span class='ocr_line' id='line_1_62' title="bbox 2439 3609 3942 3694; baseline 0.001 -22"><span class='ocrx_word' id='word_1_390' title='bbox 2439 3626 2633 3690; x_wconf 86' lang='lat' dir='ltr'><strong>porco</strong></span> <span class='ocrx_word' id='word_1_391' title='bbox 2665 3609 2809 3690; x_wconf 84' lang='lat' dir='ltr'><strong>igne</strong></span> <span class='ocrx_word' id='word_1_392' title='bbox 2839 3627 3024 3692; x_wconf 89' lang='lat' dir='ltr'><strong>posse</strong></span> <span class='ocrx_word' id='word_1_393' title='bbox 3055 3609 3289 3692; x_wconf 90' lang='lat' dir='ltr'><strong>puniri.</strong></span> <span class='ocrx_word' id='word_1_394' title='bbox 3321 3645 3402 3656; x_wconf 90' lang='lat'><em>-</em></span> <span class='ocrx_word' id='word_1_395' title='bbox 3431 3610 3699 3693; x_wconf 87' lang='lat' dir='ltr'><strong>Insuper</strong></span> <span class='ocrx_word' id='word_1_396' title='bbox 3727 3611 3942 3694; x_wconf 77' lang='lat' dir='ltr'><strong>Augu-</strong></span> 
     </span>
     <span class='ocr_line' id='line_1_63' title="bbox 2439 3706 3940 3790; baseline 0.003 -21"><span class='ocrx_word' id='word_1_397' title='bbox 2439 3707 2644 3770; x_wconf 89' lang='lat' dir='ltr'><strong>stinus</strong></span> <span class='ocrx_word' id='word_1_398' title='bbox 2691 3706 3000 3790; x_wconf 89' lang='lat' dir='ltr'><strong>relinquit</strong></span> <span class='ocrx_word' id='word_1_399' title='bbox 3047 3707 3169 3770; x_wconf 92' lang='lat' dir='ltr'><strong>sub</strong></span> <span class='ocrx_word' id='word_1_400' title='bbox 3217 3707 3435 3782; x_wconf 90' lang='lat' dir='ltr'><strong>dubio,</strong></span> <span class='ocrx_word' id='word_1_401' title='bbox 3479 3727 3559 3770; x_wconf 89' lang='lat' dir='ltr'><strong>an</strong></span> <span class='ocrx_word' id='word_1_402' title='bbox 3610 3709 3778 3790; x_wconf 82' lang='lat' dir='ltr'><strong>ignis</strong></span> <span class='ocrx_word' id='word_1_403' title='bbox 3829 3711 3940 3775; x_wconf 90' lang='lat' dir='ltr'><strong>ille</strong></span> 
     </span>
     <span class='ocr_line' id='line_1_64' title="bbox 2438 3805 3943 3889; baseline 0.004 -21"><span class='ocrx_word' id='word_1_404' title='bbox 2438 3806 2522 3868; x_wconf 88' lang='lat' dir='ltr'><strong>sit</strong></span> <span class='ocrx_word' id='word_1_405' title='bbox 2550 3805 2916 3889; x_wconf 81' lang='lat' dir='ltr'><strong>corporalis,</strong></span> <span class='ocrx_word' id='word_1_406' title='bbox 2951 3806 3378 3870; x_wconf 89' lang='lat' dir='ltr'><strong>Damascenus</strong></span> <span class='ocrx_word' id='word_1_407' title='bbox 3408 3824 3562 3871; x_wconf 88' lang='lat' dir='ltr'><strong>vero</strong></span> <span class='ocrx_word' id='word_1_408' title='bbox 3589 3807 3820 3872; x_wconf 89' lang='lat' dir='ltr'><strong>ultimo</strong></span> <span class='ocrx_word' id='word_1_409' title='bbox 3845 3830 3943 3874; x_wconf 83' lang='lat' dir='ltr'><strong>as-</strong></span> 
     </span>
     <span class='ocr_line' id='line_1_65' title="bbox 2438 3904 3941 3987; baseline 0.004 -21"><span class='ocrx_word' id='word_1_410' title='bbox 2438 3905 2593 3968; x_wconf 91' lang='lat' dir='ltr'><strong>serit</strong></span> <span class='ocrx_word' id='word_1_411' title='bbox 2641 3905 2825 3979; x_wconf 91' lang='lat' dir='ltr'><strong>libro,</strong></span> <span class='ocrx_word' id='word_1_412' title='bbox 2870 3904 3041 3987; x_wconf 92' lang='lat' dir='ltr'><strong>quod</strong></span> <span class='ocrx_word' id='word_1_413' title='bbox 3092 3904 3502 3987; x_wconf 89' lang='lat' dir='ltr'><strong>incorporeus</strong></span> <span class='ocrx_word' id='word_1_414' title='bbox 3546 3907 3630 3968; x_wconf 91' lang='lat' dir='ltr'><strong>sit</strong></span> <span class='ocrx_word' id='word_1_415' title='bbox 3675 3924 3691 3969; x_wconf 78' lang='lat' dir='ltr'><strong><em>z</em></strong></span> <span class='ocrx_word' id='word_1_416' title='bbox 3738 3916 3804 3970; x_wconf 92' lang='lat' dir='ltr'><strong>et</strong></span> <span class='ocrx_word' id='word_1_417' title='bbox 3852 3909 3941 3972; x_wconf 85' lang='lat' dir='ltr'><strong>ita</strong></span> 
     </span>
     <span class='ocr_line' id='line_1_66' title="bbox 2437 4002 3940 4089; baseline 0.005 -25"><span class='ocrx_word' id='word_1_418' title='bbox 2437 4021 2562 4065; x_wconf 90' lang='lat' dir='ltr'><strong>non</strong></span> <span class='ocrx_word' id='word_1_419' title='bbox 2613 4002 2736 4064; x_wconf 92' lang='lat' dir='ltr'><strong>erit</strong></span> <span class='ocrx_word' id='word_1_420' title='bbox 2772 4021 2920 4066; x_wconf 90' lang='lat' dir='ltr'><strong>vere</strong></span> <span class='ocrx_word' id='word_1_421' title='bbox 2959 4009 3148 4085; x_wconf 88' lang='lat' dir='ltr'><strong>atque</strong></span> <span class='ocrx_word' id='word_1_422' title='bbox 3189 4003 3461 4066; x_wconf 86' lang='lat' dir='ltr'><strong>univoce</strong></span> <span class='ocrx_word' id='word_1_423' title='bbox 3500 4003 3688 4085; x_wconf 78' lang='lat' dir='ltr'><strong>igniS,</strong></span> <span class='ocrx_word' id='word_1_424' title='bbox 3731 4025 3940 4089; x_wconf 88' lang='lat' dir='ltr'><strong>quum</strong></span> 
     </span>
     <span class='ocr_line' id='line_1_67' title="bbox 2438 4099 3936 4185; baseline 0.003 -21"><span class='ocrx_word' id='word_1_425' title='bbox 2438 4101 2514 4164; x_wconf 93' lang='lat' dir='ltr'><strong>de</strong></span> <span class='ocrx_word' id='word_1_426' title='bbox 2558 4099 2799 4164; x_wconf 88' lang='lat' dir='ltr'><strong>ratione</strong></span> <span class='ocrx_word' id='word_1_427' title='bbox 2851 4100 3014 4181; x_wconf 82' lang='lat' dir='ltr'><strong>ignis</strong></span> <span class='ocrx_word' id='word_1_428' title='bbox 3063 4101 3145 4163; x_wconf 90' lang='lat' dir='ltr'><strong>sit</strong></span> <span class='ocrx_word' id='word_1_429' title='bbox 3191 4120 3332 4165; x_wconf 88' lang='lat' dir='ltr'><strong>esse</strong></span> <span class='ocrx_word' id='word_1_430' title='bbox 3381 4101 3536 4183; x_wconf 92' lang='lat' dir='ltr'><strong>quid</strong></span> <span class='ocrx_word' id='word_1_431' title='bbox 3581 4104 3936 4185; x_wconf 83' lang='lat' dir='ltr'><strong>corporale,</strong></span> 
     </span>
    </p>
   </div>
   <div class='ocr_carea' id='block_1_17' title="bbox 832 4198 3809 4282">
    <p class='ocr_par' dir='ltr' id='par_1_17' title="bbox 832 4198 3809 4282">
     <span class='ocr_line' id='line_1_68' title="bbox 832 4198 3809 4282; baseline 0.001 -20"><span class='ocrx_word' id='word_1_432' title='bbox 832 4201 1091 4264; x_wconf 90' lang='lat' dir='ltr'><strong>modum</strong></span> <span class='ocrx_word' id='word_1_433' title='bbox 1136 4219 1377 4263; x_wconf 90' lang='lat' dir='ltr'><strong>merces</strong></span> <span class='ocrx_word' id='word_1_434' title='bbox 1416 4218 1543 4263; x_wconf 92' lang='lat' dir='ltr'><strong>non</strong></span> <span class='ocrx_word' id='word_1_435' title='bbox 1584 4200 2011 4282; x_wconf 86' lang='lat' dir='ltr'><strong>projiciuntur</strong></span> <span class='ocrx_word' id='word_1_436' title='bbox 2048 4201 2114 4263; x_wconf 91' lang='lat' dir='ltr'><strong>in</strong></span> <span class='ocrx_word' id='word_1_437' title='bbox 2151 4219 2325 4264; x_wconf 92' lang='lat' dir='ltr'><strong>mare</strong></span> <span class='ocrx_word' id='word_1_438' title='bbox 2355 4203 2404 4266; x_wconf 93' lang='lat' dir='ltr'>D</span> <span class='ocrx_word' id='word_1_439' title='bbox 2435 4199 2603 4262; x_wconf 89' lang='lat' dir='ltr'><strong>sicut</strong></span> <span class='ocrx_word' id='word_1_440' title='bbox 2643 4198 2720 4261; x_wconf 93' lang='lat' dir='ltr'><strong>de</strong></span> <span class='ocrx_word' id='word_1_441' title='bbox 2765 4199 3008 4262; x_wconf 88' lang='lat' dir='ltr'><strong>ratione</strong></span> <span class='ocrx_word' id='word_1_442' title='bbox 3051 4208 3255 4274; x_wconf 63' lang='lat' dir='ltr'><strong>terrie,</strong></span> <span class='ocrx_word' id='word_1_443' title='bbox 3293 4219 3476 4282; x_wconf 86' lang='lat' dir='ltr'><strong>aquae</strong></span> <span class='ocrx_word' id='word_1_444' title='bbox 3517 4207 3582 4263; x_wconf 91' lang='lat' dir='ltr'><strong>et</strong></span> <span class='ocrx_word' id='word_1_445' title='bbox 3622 4202 3809 4265; x_wconf 78' lang='lat' dir='ltr'><strong>aeris,</strong></span> 
     </span>
    </p>
   </div>
   <div class='ocr_carea' id='block_1_18' title="bbox 827 4299 2328 5372">
    <p class='ocr_par' dir='ltr' id='par_1_18' title="bbox 827 4299 2328 5372">
     <span class='ocr_line' id='line_1_69' title="bbox 827 4299 2323 4383; baseline 0.001 -21"><span class='ocrx_word' id='word_1_446' title='bbox 827 4299 952 4362; x_wconf 88' lang='lat' dir='ltr'><strong>nisi</strong></span> <span class='ocrx_word' id='word_1_447' title='bbox 976 4317 1053 4362; x_wconf 83' lang='lat' dir='ltr'><strong>ex</strong></span> <span class='ocrx_word' id='word_1_448' title='bbox 1078 4299 1645 4381; x_wconf 82' lang='lat' dir='ltr'><strong>praesuppositione</strong></span> <span class='ocrx_word' id='word_1_449' title='bbox 1668 4299 2323 4383; x_wconf 77' lang='lat' dir='ltr'><strong>periclitationiS,quae</strong></span> 
     </span>
     <span class='ocr_line' id='line_1_70' title="bbox 831 4396 2322 4482; baseline 0.002 -22"><span class='ocrx_word' id='word_1_450' title='bbox 831 4405 927 4460; x_wconf 90' lang='lat' dir='ltr'><strong>est</strong></span> <span class='ocrx_word' id='word_1_451' title='bbox 975 4397 1417 4461; x_wconf 88' lang='lat' dir='ltr'><strong>involuntaria.</strong></span> <span class='ocrx_word' id='word_1_452' title='bbox 1470 4396 1735 4460; x_wconf 83' lang='lat' dir='ltr'><strong>Habitus</strong></span> <span class='ocrx_word' id='word_1_453' title='bbox 1783 4416 2037 4481; x_wconf 89' lang='lat' dir='ltr'><strong>quoque</strong></span> <span class='ocrx_word' id='word_1_454' title='bbox 2088 4419 2322 4482; x_wconf 88' lang='lat' dir='ltr'><strong>pravus</strong></span> 
     </span>
     <span class='ocr_line' id='line_1_71' title="bbox 830 4495 2324 4577; baseline 0.001 -19"><span class='ocrx_word' id='word_1_455' title='bbox 830 4505 985 4558; x_wconf 87' lang='lat' dir='ltr'><strong>tunc</strong></span> <span class='ocrx_word' id='word_1_456' title='bbox 1027 4514 1230 4577; x_wconf 91' lang='lat' dir='ltr'><strong>usque</strong></span> <span class='ocrx_word' id='word_1_457' title='bbox 1277 4495 1685 4557; x_wconf 88' lang='lat' dir='ltr'><strong>continuatus</strong></span> <span class='ocrx_word' id='word_1_458' title='bbox 1734 4495 2009 4558; x_wconf 91' lang='lat' dir='ltr'><strong>multum</strong></span> <span class='ocrx_word' id='word_1_459' title='bbox 2058 4498 2324 4560; x_wconf 85' lang='lat' dir='ltr'><strong>retrahit</strong></span> 
     </span>
     <span class='ocr_line' id='line_1_72' title="bbox 830 4593 2322 4677; baseline 0 -19"><span class='ocrx_word' id='word_1_460' title='bbox 830 4615 867 4658; x_wconf 91' lang='lat' dir='ltr'><strong>a</strong></span> <span class='ocrx_word' id='word_1_461' title='bbox 908 4594 1299 4677; x_wconf 81' lang='lat' dir='ltr'><strong>poenitentiae</strong></span> <span class='ocrx_word' id='word_1_462' title='bbox 1344 4601 1488 4657; x_wconf 89' lang='lat' dir='ltr'><strong>actu</strong></span> <span class='ocrx_word' id='word_1_463' title='bbox 1538 4601 1601 4656; x_wconf 93' lang='lat' dir='ltr'><strong>et</strong></span> <span class='ocrx_word' id='word_1_464' title='bbox 1648 4613 1685 4656; x_wconf 91' lang='lat' dir='ltr'><strong>a</strong></span> <span class='ocrx_word' id='word_1_465' title='bbox 1732 4595 1867 4657; x_wconf 89' lang='lat' dir='ltr'><strong>zelo</strong></span> <span class='ocrx_word' id='word_1_466' title='bbox 1912 4593 2197 4676; x_wconf 80' lang='lat' dir='ltr'><strong>justitiae‚</strong></span> <span class='ocrx_word' id='word_1_467' title='bbox 2245 4616 2322 4659; x_wconf 84' lang='lat' dir='ltr'><strong>ex</strong></span> 
     </span>
     <span class='ocr_line' id='line_1_73' title="bbox 830 4693 2279 4779; baseline -0.001 -21"><span class='ocrx_word' id='word_1_468' title='bbox 830 4713 959 4779; x_wconf 90' lang='lat' dir='ltr'><strong>quo</strong></span> <span class='ocrx_word' id='word_1_469' title='bbox 1002 4712 1259 4756; x_wconf 91' lang='lat' dir='ltr'><strong>necesse</strong></span> <span class='ocrx_word' id='word_1_470' title='bbox 1298 4701 1396 4755; x_wconf 89' lang='lat' dir='ltr'><strong>est</strong></span> <span class='ocrx_word' id='word_1_471' title='bbox 1427 4693 1872 4756; x_wconf 89' lang='lat' dir='ltr'><strong>contritionem</strong></span> <span class='ocrx_word' id='word_1_472' title='bbox 1916 4695 2279 4776; x_wconf 89' lang='lat' dir='ltr'><strong>procedere.</strong></span> 
     </span>
     <span class='ocr_line' id='line_1_74' title="bbox 911 4791 2328 4875; baseline 0 -20"><span class='ocrx_word' id='word_1_473' title='bbox 911 4793 1071 4855; x_wconf 86' lang='lat' dir='ltr'><strong>Hinc</strong></span> <span class='ocrx_word' id='word_1_474' title='bbox 1102 4791 1613 4874; x_wconf 88' lang='lat' dir='ltr'><strong>persuadendum</strong></span> <span class='ocrx_word' id='word_1_475' title='bbox 1653 4799 1748 4855; x_wconf 91' lang='lat' dir='ltr'><strong>est</strong></span> <span class='ocrx_word' id='word_1_476' title='bbox 1788 4793 2099 4875; x_wconf 88' lang='lat' dir='ltr'><strong>proximo,</strong></span> <span class='ocrx_word' id='word_1_477' title='bbox 2134 4801 2205 4855; x_wconf 93' lang='lat' dir='ltr'><strong>ut</strong></span> <span class='ocrx_word' id='word_1_478' title='bbox 2235 4812 2328 4855; x_wconf 91' lang='lat' dir='ltr'><strong>sa·</strong></span> 
     </span>
     <span class='ocr_line' id='line_1_75' title="bbox 832 4889 2324 4974; baseline 0 -20"><span class='ocrx_word' id='word_1_479' title='bbox 832 4911 951 4954; x_wconf 90' lang='lat' dir='ltr'><strong>nus</strong></span> <span class='ocrx_word' id='word_1_480' title='bbox 1000 4910 1072 4954; x_wconf 91' lang='lat' dir='ltr'><strong>ac</strong></span> <span class='ocrx_word' id='word_1_481' title='bbox 1121 4889 1501 4974; x_wconf 89' lang='lat' dir='ltr'><strong>tempestive</strong></span> <span class='ocrx_word' id='word_1_482' title='bbox 1549 4890 1873 4972; x_wconf 88' lang='lat' dir='ltr'><strong>poeniteat‚</strong></span> <span class='ocrx_word' id='word_1_483' title='bbox 1922 4891 2324 4955; x_wconf 88' lang='lat' dir='ltr'><strong>consideran-</strong></span> 
     </span>
     <span class='ocr_line' id='line_1_76' title="bbox 829 4988 2326 5071; baseline 0 -18"><span class='ocrx_word' id='word_1_484' title='bbox 829 4990 912 5053; x_wconf 93' lang='lat' dir='ltr'><strong>do</strong></span> <span class='ocrx_word' id='word_1_485' title='bbox 942 5008 1131 5071; x_wconf 89' lang='lat' dir='ltr'><strong>quam</strong></span> <span class='ocrx_word' id='word_1_486' title='bbox 1166 4988 1596 5071; x_wconf 89' lang='lat' dir='ltr'><strong>periculosum</strong></span> <span class='ocrx_word' id='word_1_487' title='bbox 1630 4989 1713 5051; x_wconf 89' lang='lat' dir='ltr'><strong>sit</strong></span> <span class='ocrx_word' id='word_1_488' title='bbox 1747 4989 2188 5071; x_wconf 87' lang='lat' dir='ltr'><strong>poenitentiam</strong></span> <span class='ocrx_word' id='word_1_489' title='bbox 2219 5010 2326 5053; x_wconf 85' lang='lat' dir='ltr'><strong>ex-</strong></span> 
     </span>
     <span class='ocr_line' id='line_1_77' title="bbox 830 5088 2326 5172; baseline 0.001 -20"><span class='ocrx_word' id='word_1_490' title='bbox 830 5096 1120 5172; x_wconf 87' lang='lat' dir='ltr'><strong>spectare</strong></span> <span class='ocrx_word' id='word_1_491' title='bbox 1170 5088 1533 5151; x_wconf 88' lang='lat' dir='ltr'><strong>serotinam.</strong></span> <span class='ocrx_word' id='word_1_492' title='bbox 1577 5088 1687 5150; x_wconf 87' lang='lat' dir='ltr'><strong>His</strong></span> <span class='ocrx_word' id='word_1_493' title='bbox 1726 5089 1986 5152; x_wconf 91' lang='lat' dir='ltr'><strong>demum</strong></span> <span class='ocrx_word' id='word_1_494' title='bbox 2034 5089 2146 5172; x_wconf 92' lang='lat' dir='ltr'><strong>qui</strong></span> <span class='ocrx_word' id='word_1_495' title='bbox 2193 5097 2326 5154; x_wconf 88' lang='lat' dir='ltr'><strong>tam</strong></span> 
     </span>
     <span class='ocr_line' id='line_1_78' title="bbox 832 5186 2326 5270; baseline 0.001 -19"><span class='ocrx_word' id='word_1_496' title='bbox 832 5189 943 5251; x_wconf 90' lang='lat' dir='ltr'><strong>diu</strong></span> <span class='ocrx_word' id='word_1_497' title='bbox 988 5186 1432 5270; x_wconf 86' lang='lat' dir='ltr'><strong>poenitentiam</strong></span> <span class='ocrx_word' id='word_1_498' title='bbox 1475 5186 1881 5262; x_wconf 90' lang='lat' dir='ltr'><strong>distulerunt,</strong></span> <span class='ocrx_word' id='word_1_499' title='bbox 1926 5189 2326 5252; x_wconf 88' lang='lat' dir='ltr'><strong>suadendum</strong></span> 
     </span>
     <span class='ocr_line' id='line_1_79' title="bbox 832 5284 2328 5372; baseline 0 -20"><span class='ocrx_word' id='word_1_500' title='bbox 832 5295 949 5362; x_wconf 89' lang='lat' dir='ltr'><strong>est,</strong></span> <span class='ocrx_word' id='word_1_501' title='bbox 982 5295 1054 5350; x_wconf 90' lang='lat' dir='ltr'><strong>ut</strong></span> <span class='ocrx_word' id='word_1_502' title='bbox 1079 5286 1261 5368; x_wconf 83' lang='lat' dir='ltr'><strong>juxta</strong></span> <span class='ocrx_word' id='word_1_503' title='bbox 1290 5284 1779 5370; x_wconf 87' lang='lat' dir='ltr'><strong>possibilitatem</strong></span> <span class='ocrx_word' id='word_1_504' title='bbox 1817 5305 1999 5372; x_wconf 81' lang='lat' dir='ltr'><strong>suam</strong></span> <span class='ocrx_word' id='word_1_505' title='bbox 2040 5286 2328 5352; x_wconf 87' lang='lat' dir='ltr'><strong>laborent</strong></span> 
     </span>
    </p>
   </div>
   <div class='ocr_carea' id='block_1_19' title="bbox 2433 4395 3940 5370">
    <p class='ocr_par' dir='ltr' id='par_1_19' title="bbox 2433 4395 3940 5370">
     <span class='ocr_line' id='line_1_80' title="bbox 2516 4395 3938 4466; baseline 0.004 -6"><span class='ocrx_word' id='word_1_506' title='bbox 2516 4395 2694 4460; x_wconf 89' lang='lat' dir='ltr'><strong>Circa</strong></span> <span class='ocrx_word' id='word_1_507' title='bbox 2740 4396 2876 4461; x_wconf 84' lang='lat' dir='ltr'><strong>haec</strong></span> <span class='ocrx_word' id='word_1_508' title='bbox 2923 4395 3147 4458; x_wconf 89' lang='lat' dir='ltr'><strong>scribit</strong></span> <span class='ocrx_word' id='word_1_509' title='bbox 3193 4396 3490 4461; x_wconf 86' lang='lat' dir='ltr'><strong>Albertus</strong></span> <span class='ocrx_word' id='word_1_510' title='bbox 3533 4415 3547 4461; x_wconf 78' lang='lat' dir='ltr'><strong>t</strong></span> <span class='ocrx_word' id='word_1_511' title='bbox 3591 4399 3807 4463; x_wconf 89' lang='lat' dir='ltr'><strong>Sancti</strong></span> <span class='ocrx_word' id='word_1_512' title='bbox 3855 4402 3938 4466; x_wconf 92' lang='lat' dir='ltr'><strong>de</strong></span> 
     </span>
     <span class='ocr_line' id='line_1_81' title="bbox 2435 4494 3940 4578; baseline 0.003 -20"><span class='ocrx_word' id='word_1_513' title='bbox 2435 4495 2784 4578; x_wconf 83' lang='lat' dir='ltr'><strong>quaestione</strong></span> <span class='ocrx_word' id='word_1_514' title='bbox 2812 4496 2930 4558; x_wconf 87' lang='lat' dir='ltr'><strong>hac</strong></span> <span class='ocrx_word' id='word_1_515' title='bbox 2961 4494 3379 4578; x_wconf 87' lang='lat' dir='ltr'><strong>disputantes,</strong></span> <span class='ocrx_word' id='word_1_516' title='bbox 3397 4497 3678 4561; x_wconf 78' lang='lat' dir='ltr'><strong>fatentur</strong></span> <span class='ocrx_word' id='word_1_517' title='bbox 3708 4518 3780 4562; x_wconf 89' lang='lat' dir='ltr'><strong>se</strong></span> <span class='ocrx_word' id='word_1_518' title='bbox 3807 4501 3940 4564; x_wconf 89' lang='lat' dir='ltr'><strong>vel·</strong></span> 
     </span>
     <span class='ocr_line' id='line_1_82' title="bbox 2437 4593 3939 4678; baseline 0.005 -22"><span class='ocrx_word' id='word_1_519' title='bbox 2437 4593 2494 4656; x_wconf 92' lang='lat' dir='ltr'><strong>le</strong></span> <span class='ocrx_word' id='word_1_520' title='bbox 2537 4594 2744 4676; x_wconf 87' lang='lat' dir='ltr'><strong>accipi</strong></span> <span class='ocrx_word' id='word_1_521' title='bbox 2793 4614 2908 4658; x_wconf 92' lang='lat' dir='ltr'><strong>sua</strong></span> <span class='ocrx_word' id='word_1_522' title='bbox 2954 4594 3123 4656; x_wconf 89' lang='lat' dir='ltr'><strong>dicta</strong></span> <span class='ocrx_word' id='word_1_523' title='bbox 3165 4595 3302 4657; x_wconf 87' lang='lat' dir='ltr'><strong>sine</strong></span> <span class='ocrx_word' id='word_1_524' title='bbox 3347 4596 3694 4678; x_wconf 89' lang='lat' dir='ltr'><strong>supercilio</strong></span> <span class='ocrx_word' id='word_1_525' title='bbox 3735 4617 3939 4662; x_wconf 89' lang='lat' dir='ltr'><strong>asser·</strong></span> 
     </span>
     <span class='ocr_line' id='line_1_83' title="bbox 2437 4692 3940 4776; baseline 0.005 -23"><span class='ocrx_word' id='word_1_526' title='bbox 2437 4692 2646 4754; x_wconf 72' lang='lat' dir='ltr'><strong>tionis</strong></span> <span class='ocrx_word' id='word_1_527' title='bbox 2691 4692 2782 4755; x_wconf 91' lang='lat' dir='ltr'><strong>lta</strong></span> <span class='ocrx_word' id='word_1_528' title='bbox 2817 4701 2882 4755; x_wconf 93' lang='lat' dir='ltr'><strong>et</strong></span> <span class='ocrx_word' id='word_1_529' title='bbox 2919 4710 3036 4775; x_wconf 79' lang='lat' dir='ltr'><strong>ego</strong></span> <span class='ocrx_word' id='word_1_530' title='bbox 3074 4693 3240 4766; x_wconf 81' lang='lat' dir='ltr'><strong>dicO,</strong></span> <span class='ocrx_word' id='word_1_531' title='bbox 3282 4694 3451 4776; x_wconf 92' lang='lat' dir='ltr'><strong>quod</strong></span> <span class='ocrx_word' id='word_1_532' title='bbox 3493 4713 3621 4758; x_wconf 90' lang='lat' dir='ltr'><strong>non</strong></span> <span class='ocrx_word' id='word_1_533' title='bbox 3659 4696 3940 4761; x_wconf 86' lang='lat' dir='ltr'><strong>arbitror</strong></span> 
     </span>
     <span class='ocr_line' id='line_1_84' title="bbox 2435 4790 3936 4874; baseline 0.005 -22"><span class='ocrx_word' id='word_1_534' title='bbox 2435 4809 2822 4872; x_wconf 89' lang='lat' dir='ltr'><strong>quemquam</strong></span> <span class='ocrx_word' id='word_1_535' title='bbox 2865 4791 3030 4854; x_wconf 91' lang='lat' dir='ltr'><strong>scire</strong></span> <span class='ocrx_word' id='word_1_536' title='bbox 3068 4790 3276 4873; x_wconf 89' lang='lat' dir='ltr'><strong>qualis</strong></span> <span class='ocrx_word' id='word_1_537' title='bbox 3315 4791 3400 4855; x_wconf 92' lang='lat' dir='ltr'><strong>sit</strong></span> <span class='ocrx_word' id='word_1_538' title='bbox 3436 4793 3600 4874; x_wconf 82' lang='lat' dir='ltr'><strong>ignis</strong></span> <span class='ocrx_word' id='word_1_539' title='bbox 3641 4794 3773 4871; x_wconf 91' lang='lat' dir='ltr'><strong>ille,</strong></span> <span class='ocrx_word' id='word_1_540' title='bbox 3809 4797 3936 4859; x_wconf 84' lang='lat' dir='ltr'><strong>nisi</strong></span> 
     </span>
     <span class='ocr_line' id='line_1_85' title="bbox 2433 4889 3940 4977; baseline 0.004 -25"><span class='ocrx_word' id='word_1_541' title='bbox 2433 4889 2539 4952; x_wconf 89' lang='lat' dir='ltr'><strong>cui</strong></span> <span class='ocrx_word' id='word_1_542' title='bbox 2598 4889 2975 4953; x_wconf 89' lang='lat' dir='ltr'><strong>revelaverit</strong></span> <span class='ocrx_word' id='word_1_543' title='bbox 3033 4891 3216 4954; x_wconf 91' lang='lat' dir='ltr'><strong>Deus.</strong></span> <span class='ocrx_word' id='word_1_544' title='bbox 3280 4891 3402 4954; x_wconf 89' lang='lat' dir='ltr'><strong>Sed</strong></span> <span class='ocrx_word' id='word_1_545' title='bbox 3459 4892 3706 4957; x_wconf 77' lang='lat' dir='ltr'><strong>aestimo</strong></span> <span class='ocrx_word' id='word_1_546' title='bbox 3762 4896 3940 4977; x_wconf 91' lang='lat' dir='ltr'><strong>quod</strong></span> 
     </span>
     <span class='ocr_line' id='line_1_86' title="bbox 2435 4983 3936 5076; baseline 0.005 -25"><span class='ocrx_word' id='word_1_547' title='bbox 2435 4989 2518 5051; x_wconf 92' lang='lat' dir='ltr'><strong>sit</strong></span> <span class='ocrx_word' id='word_1_548' title='bbox 2565 4989 2787 5071; x_wconf 89' lang='lat' dir='ltr'><strong>utique</strong></span> <span class='ocrx_word' id='word_1_549' title='bbox 2830 4989 3194 5071; x_wconf 88' lang='lat' dir='ltr'><strong>corporalis.</strong></span> <span class='ocrx_word' id='word_1_550' title='bbox 3241 4983 3414 5053; x_wconf 89' lang='lat' dir='ltr'><strong>Unde</strong></span> <span class='ocrx_word' id='word_1_551' title='bbox 3453 4998 3517 5054; x_wconf 91' lang='lat' dir='ltr'><strong>et</strong></span> <span class='ocrx_word' id='word_1_552' title='bbox 3554 4992 3720 5069; x_wconf 90' lang='lat' dir='ltr'><strong>dico,</strong></span> <span class='ocrx_word' id='word_1_553' title='bbox 3761 4995 3936 5076; x_wconf 88' lang='lat' dir='ltr'><strong>quod</strong></span> 
     </span>
     <span class='ocr_line' id='line_1_87' title="bbox 2436 5088 3938 5174; baseline 0.003 -24"><span class='ocrx_word' id='word_1_554' title='bbox 2436 5089 2722 5172; x_wconf 88' lang='lat' dir='ltr'><strong>primum</strong></span> <span class='ocrx_word' id='word_1_555' title='bbox 2750 5088 3047 5171; x_wconf 78' lang='lat' dir='ltr'><strong>affligens</strong></span> <span class='ocrx_word' id='word_1_556' title='bbox 3076 5089 3322 5154; x_wconf 84' lang='lat' dir='ltr'><strong>animas</strong></span> <span class='ocrx_word' id='word_1_557' title='bbox 3353 5089 3418 5153; x_wconf 88' lang='lat' dir='ltr'><strong>in</strong></span> <span class='ocrx_word' id='word_1_558' title='bbox 3455 5093 3822 5174; x_wconf 80' lang='lat' dir='ltr'><strong>purgatorio</strong></span> <span class='ocrx_word' id='word_1_559' title='bbox 3851 5095 3938 5157; x_wconf 85' lang='lat' dir='ltr'><strong>sit</strong></span> 
     </span>
     <span class='ocr_line' id='line_1_88' title="bbox 2436 5187 3935 5276; baseline 0.004 -25"><span class='ocrx_word' id='word_1_560' title='bbox 2436 5207 2690 5271; x_wconf 76' lang='lat' dir='ltr'><strong>corpuS,</strong></span> <span class='ocrx_word' id='word_1_561' title='bbox 2723 5187 3021 5251; x_wconf 88' lang='lat' dir='ltr'><strong>videlicet</strong></span> <span class='ocrx_word' id='word_1_562' title='bbox 3058 5188 3166 5251; x_wconf 89' lang='lat' dir='ltr'><strong>ille</strong></span> <span class='ocrx_word' id='word_1_563' title='bbox 3206 5189 3394 5270; x_wconf 79' lang='lat' dir='ltr'><strong>igniS‚</strong></span> <span class='ocrx_word' id='word_1_564' title='bbox 3427 5192 3794 5276; x_wconf 76' lang='lat' dir='ltr'><strong>proximum</strong></span> <span class='ocrx_word' id='word_1_565' title='bbox 3825 5213 3935 5257; x_wconf 84' lang='lat' dir='ltr'><strong>ve·</strong></span> 
     </span>
     <span class='ocr_line' id='line_1_89' title="bbox 2439 5287 3936 5370; baseline 0.005 -18"><span class='ocrx_word' id='word_1_566' title='bbox 2439 5305 2510 5352; x_wconf 90' lang='lat' dir='ltr'><strong>ro</strong></span> <span class='ocrx_word' id='word_1_567' title='bbox 2551 5287 2848 5370; x_wconf 80' lang='lat' dir='ltr'><strong>affligens</strong></span> <span class='ocrx_word' id='word_1_568' title='bbox 2889 5287 2973 5350; x_wconf 89' lang='lat' dir='ltr'><strong>sit</strong></span> <span class='ocrx_word' id='word_1_569' title='bbox 3013 5288 3366 5370; x_wconf 86' lang='lat' dir='ltr'><strong>spirituale,</strong></span> <span class='ocrx_word' id='word_1_570' title='bbox 3407 5290 3544 5354; x_wconf 88' lang='lat' dir='ltr'><strong>sive</strong></span> <span class='ocrx_word' id='word_1_571' title='bbox 3585 5293 3802 5358; x_wconf 83' lang='lat' dir='ltr'><strong>anima</strong></span> <span class='ocrx_word' id='word_1_572' title='bbox 3847 5296 3936 5359; x_wconf 85' lang='lat' dir='ltr'><strong>sit</strong></span> 
     </span>
    </p>
   </div>
  </div>
 </body>
</html>
