4267 6250
573 1952 726 1998 Exod.
746 1966 830 1996 xxn

577 2240 683 2283 Luc.
703 2204 788 2291 xrx,
804 2241 845 2281 8.

865 464 988 529 398

1519 483 1585 529 m
1624 482 1848 530 Lunum
1887 480 1950 529 lv
1992 477 2479 527 smumanuu.
2516 494 2599 507 -
2639 476 2793 525 DIST.
2834 478 2959 541 xv;
3000 478 3225 534 Qusssr.
3268 478 3333 525 IV

868 659 1370 737 r'ecompensare,
1385 652 1925 735 quemadmodum
1956 649 2066 733 qui
2100 648 2371 732 impedit
2398 648 2448 711 A
2478 648 2597 712 boc
2629 648 3113 723 habente.Quod
3144 667 3296 712 vero
3326 648 3487 711 dixit
3516 646 3979 720 Zachaeus,non

867 752 1067 814 alium
1117 772 1154 815 a
1200 751 1650 815 consecutione
1708 750 2082 834 praebendae.
2132 783 2214 807 -τ
2261 748 2367 811 Se-

869 849 1101 924 cund0‚
1155 850 1263 932 qui
1311 848 1710 913 occasionem
1760 848 1866 911 dat
1911 846 2151 920 damni,
2198 846 2369 909 dam·

869 966 1024 1009 num
1067 948 1360 1013 intulisse
1399 948 1653 1011 videtur
1691 946 2044 1009 secundum
2081 943 2367 1025 regulam

864 1043 1047 1124 juriS.
1075 1045 1192 1107 Sed
1226 1044 1338 1127 qui
1369 1043 1684 1107 subvertit
1711 1043 1960 1105 semina
1989 1040 2274 1125 projecta
2302 1040 2368 1102 in

866 1149 1127 1217 terram,
1161 1143 1267 1204 dat
1297 1142 1695 1204 occasionem
1725 1140 1942 1203 damni
1974 1140 2052 1202 (16
2080 1145 2215 1201 toto
2242 1137 2371 1199 fru-

868 1246 995 1301 ctu.
1033 1240 1340 1302 Similiter
1367 1238 1482 1321 qui
1521 1238 1765 1301 detinet
1795 1237 2133 1320 pecuniam
2166 1234 2367 1298 credi-

869 1338 1024 1400 toris
1054 1338 1218 1400 ultra
1249 1337 1594 1400 terminum
1625 1335 2075 1419 praefixum,ex
2104 1353 2232 1415 qua
2258 1332 2368 1396 ille

871 1434 1245 1510 lucraretur,
1296 1435 1404 1497 dat
1461 1434 1860 1497 occasionem
1907 1432 2125 1496 damni
2175 1432 2369 1494 totius

872 1533 1246 1613 hujusmodi
1279 1533 1459 1595 lucri.
1493 1532 1620 1596 Nec
1657 1540 1871 1595 tamen
1905 1538 2173 1614 apparet
2201 1529 2370 1612 quod

872 1631 977 1693 isti
1028 1633 1105 1694 ad
1150 1631 1620 1695 restitutionem
1668 1630 1959 1694 omnium
2007 1628 2233 1693 talium
2282 1634 2371 1690 te·

875 1736 1166 1791 neantur.
1191 1730 1559 1812 —Insuper
1586 1728 1764 1810 argui
1799 1734 2028 1811 potest,
2060 1726 2231 1810 quod
2261 1725 2371 1789 ho-

877 1844 982 1889 mo
1020 1827 1164 1910 plus
1204 1828 1536 1890 restituere
1575 1826 1894 1908 obligetur
1929 1844 2124 1908 quam
2163 1824 2375 1887 abstu-
2410 1828 2457 1889 B

833 1984 845 2004 ‚
878 1926 968 1987 lit.
993 1926 1151 1989 Nam
1185 1927 1491 1989 Dominus
1517 1926 1713 2007 jussit
1741 1926 1806 1987 in
1839 1924 2073 1998 Exodo,
2099 1940 2219 2005 pro
2246 1942 2373 1985 una

877 2041 996 2086 ove
1023 2023 1234 2087 furata
1264 2025 1510 2087 restitui
1541 2031 1813 2106 quatuor
1841 2040 2013 2097 oveS,
2033 2030 2228 2105 atque
2259 2037 2374 2104 pro

880 2140 1007 2185 uno
1054 2122 1216 2185 bove
1263 2123 1550 2204 quinque
1597 2120 1811 2183 boves.
1855 2120 2032 2183 Unde
2078 2120 2374 2183 Zachaeus

877 2219 1126 2283 locutus
1155 2227 1252 2282 est
1283 2236 1296 2281 ε
1332 2220 1397 2283 Si
1431 2219 1713 2301 aliquem
1752 2217 2146 2292 defraudavi,
2180 2217 2375 2280 reddo

877 2318 1328 2402 quadruplum.

958 2416 1034 2477 Et
1063 2416 1578 2498 respondendum
1608 2417 1687 2479 ad
1719 2416 2024 2499 primum,
2051 2414 2223 2497 quod
2254 2413 2373 2476 im-

876 2514 1140 2597 pediens
1185 2514 1466 2597 aliquem
1509 2534 1546 2577 a
1587 2514 2036 2578 consecutione
2083 2512 2372 2595 praeben·

872 2614 990 2687 dae,
1008 2614 1062 2675 si
1093 2612 1247 2675 facit
1274 2613 1395 2676 hoc
1425 2614 1727 2695 quoniam
1757 2613 1918 2675 alter
1947 2612 2247 2693 indignus
2277 2619 2375 2674 est

873 2711 974 2775 vel
1008 2720 1078 2774 ut
1105 2713 1184 2774 (16
1225 2712 1352 2775 alio
1391 2712 1622 2775 melius
1661 2711 2091 2794 provideatur,
2121 2727 2249 2773 non
2282 2710 2373 2772 in·

868 2809 1042 2890 juste
1081 2809 1202 2873 hoc
1237 2810 1388 2890 agit,
1422 2810 1567 2872 ideo
1603 2828 1722 2872 nec
1762 2808 2094 2873 restituere
2133 2807 2371 2888 obliga-

874 2916 1018 2988 tur;
1050 2907 1106 2969 si
1143 2914 1358 2970 autem
1395 2908 1614 2971 animo
1655 2907 1922 2971 laedendi
1964 2906 2170 2981 illum,
2202 2914 2375 2969 tene-

2478 746 2604 810 fuit
2648 748 3065 821 necessitatiS‚
3108 748 3219 811 sed
3266 745 3868 830 supererogationis,
3898 763 3981 807 ex

2478 845 2871 908 abundantia
2912 846 3289 909 devotionis.

2568 944 2873 1007 Praeterea
2919 944 3247 1026 quaeritur,
3298 961 3380 1006 an
3437 942 3645 1007 solum
3706 941 3818 1005 ille
3865 942 3981 1023 qui

2481 1042 2718 1125 accipit
2772 1042 3080 1117 alienum,
3139 1043 3218 1106 ad
3276 1042 3747 1105 restitutionem
3802 1048 3980 1104 tene-

2481 1150 2603 1203 tur.
2651 1140 2917 1203 Videtur
2956 1142 3129 1223 quod
3169 1141 3282 1203 sic.
3330 1140 3488 1204 Nam
3526 1140 3681 1203 alias
3718 1139 3829 1201 ille
3866 1138 3981 1221 qui

2482 1239 2789 1301 damnum
2840 1256 3182 1321 perpessus
3238 1246 3354 1311 est,
3410 1238 3725 1320 reciperet
3776 1235 3983 1299 multo

2483 1336 2629 1419 plus
2660 1356 2851 1419 quam
2884 1338 3119 1400 amisit.
3141 1335 3707 1418 Dicendum,quod
3738 1335 3819 1397 (16
3850 1334 3981 1398 illis

2481 1435 2595 1517 qui
2638 1436 2716 1497 ad
2758 1435 3223 1498 restitutionem
3270 1442 3591 1507 tenentur,
3632 1434 3866 1497 dantur
3910 1433 3981 1495 hi

2482 1550 2705 1595 versus
2739 1550 2754 1595 ε

2480 1702 2507 1752 J
2514 1702 2691 1762 ussio,
2711 1702 3029 1762 consilium,
3054 1714 3387 1763 consenauS,
3410 1701 3596 1767 palpo,
3618 1714 3903 1761 mannua,

2484 1783 2851 1847 ParticipanS,
2867 1786 3066 1843 mutua,
3079 1797 3184 1834 non
3199 1782 3451 1843 obstanti,
3464 1796 3570 1833 non
3588 1781 3982 1833 manifestans·

2484 1931 2654 1994 Inter
2692 1952 2855 2014 quae,
2896 1932 3183 2015 quinque
3226 1940 3377 1995 sunt
3421 1951 3563 2015 quae
3605 1950 3865 2015 semper
3900 1931 3981 1993 ad

2485 2031 2951 2093 restitutionem
3000 2030 3332 2112 obligant:
3374 2048 3650 2113 quorum
3693 2030 3981 2113 primum

2484 2134 2581 2190 est
2594 2130 2837 2206 jussio,
2870 2146 2995 2211 qua
3033 2129 3181 2211 quis
3213 2128 3399 2209 jubet
3433 2128 3633 2191 alium
3664 2128 3988 2210 depraeda-

2484 2226 2539 2288 ri
2583 2243 2597 2288 ε
2639 2225 2796 2289 alias
2842 2226 3096 2307 tyranni
3141 2243 3266 2288 non
3310 2226 3857 2307 adstringerentur
3899 2225 3985 2287 ad

2484 2324 2970 2387 restitutionem.
3006 2324 3371 2387 Secundum
3404 2332 3505 2387 est
3530 2342 3877 2386 consensus
3901 2323 3985 2386 ad

2486 2423 2775 2504 rapinam
2806 2422 3321 2505 perpetrandam,
3354 2422 3418 2484 in
3448 2440 3525 2485 eo
3554 2423 3695 2485 sine
3728 2438 3858 2503 quo
3888 2440 3988 2483 ra-

2486 2520 2638 2603 pina
2674 2537 2801 2583 non
2844 2527 3090 2603 poterat
3120 2519 3283 2582 fieri.
3318 2520 3601 2583 Tertium
3630 2527 3730 2583 est
3758 2540 3989 2581 recur-

2483 2638 2616 2689 εαε,
2666 2626 2737 2681 ut
2785 2638 2985 2701 quum
3030 2618 3264 2701 aliquis
3324 2627 3615 2701 receptor
3660 2617 3985 2681 latronum

2482 2724 2599 2791 est,
2642 2724 2707 2781 et
2748 2717 2841 2781 eis
2885 2716 3313 2799 patrocinium
3358 2724 3631 2799 praestat.
3674 2717 3985 2790 Quartum

2484 2822 2581 2877 est
2618 2816 3076 2893 participatio,
3122 2821 3193 2876 ut
3238 2815 3392 2877 dum
3443 2815 3589 2897 quis
3638 2813 3866 2877 latroni
3916 2832 3989 2875 se

2482 2913 2683 2975 sociat
2728 2913 2807 2975 ad
2856 2911 3285 2994 spoliandum,
3336 2919 3401 2974 et
3452 2920 3697 2993 partem
3744 2912 3993 2994 accipit

873 3013 979 3068 tur
1023 3006 1103 3068 ad
1149 3005 1616 3069 restitutionem
1663 3022 1678 3067 :
1728 3021 1857 3068 non
1905 3005 2165 3087 quidem
2213 3004 2371 3067 tanti
2404 3011 2448 3075 C
2483 3010 2856 3091 spoliorum.
2890 3009 3195 3084 Quintum
3226 3018 3323 3073 est
3356 3030 3487 3071 non
3513 3012 3793 3081 obstan-3,
3824 3009 3986 3071 dum

877 3112 1186 3187 quantum
1233 3103 1485 3168 valebat
1522 3103 1882 3188 praebenda,
1916 3104 2221 3187 quoniam
2264 3102 2373 3166 ille

878 3205 1164 3267 nondum
1203 3202 1412 3266 fuerat
1449 3217 1590 3266 eam
1619 3203 1910 3285 adeptus,
1943 3203 2054 3265 sed
2094 3203 2373 3285 pensatis

880 3301 1354 3366 conditionibus
1401 3302 1736 3390 utriusque
1777 3302 2130 3364 secundum
2178 3300 2373 3364 bono-

877 3419 1021 3463 rum
1049 3399 1406 3463 arbitrium.
1430 3399 1623 3463 —Ad
1653 3399 2030 3474 secundum,
2063 3400 2235 3482 quod
2266 3399 2374 3461 ille

877 3499 988 3581 qui
1035 3497 1302 3563 suffodit
1344 3497 1611 3571 semina,
1645 3516 1772 3561 non
1819 3505 2073 3561 tenetur
2112 3498 2192 3560 ad
2238 3505 2374 3560 tan-

875 3605 1015 3660 tum
1053 3606 1365 3679 quantum
1403 3596 1650 3660 fructus
1689 3595 1822 3678 agri
1863 3594 2116 3659 fuerant
2149 3596 2375 3658 valitu-

878 3695 957 3770 ri,
989 3696 1100 3758 sed
1148 3703 1459 3777 quantum
1502 3712 1652 3777 ager
1695 3694 1788 3756 sic
1829 3693 2181 3756 seminatus
2228 3711 2375 3757 con-

879 3792 1088 3856 suevit
1134 3793 1346 3856 valere
1388 3810 1404 3855 ε
1445 3811 1594 3855 nam
1645 3792 1864 3856 multis
1915 3792 2119 3854 modis
2170 3798 2379 3874 potest

877 3891 1010 3972 agri
1041 3889 1456 3954 fructificatio
1494 3890 1813 3972 impediri.
1848 3890 1952 3953 Sic
1993 3907 2250 3973 quoque
2287 3890 2378 3953 di-

878 3989 1152 4051 cendum
1183 3990 1262 4052 de
1292 4005 1370 4053 eo
1399 3989 1502 4051 cui
1535 4006 1661 4051 non
1701 3989 2058 4051 restituitur
2086 3988 2377 4051 debitum

877 4095 1164 4170 tempore
1203 4106 1340 4164 su0‚
1382 4087 1538 4171 quia
1574 4104 1700 4150 non
1745 4095 1998 4152 tenetur
2041 4088 2377 4150 restituere

2484 3108 2629 3191 quis
2659 3127 2739 3171 ex
2762 3106 2983 3172 officio
3014 3115 3266 3171 tenetur
3290 3107 3557 3183 obstare,
3572 3107 3991 3190 quemadmo-

2483 3207 2637 3269 dum
2683 3206 3031 3290 principes,
3065 3206 3175 3289 qui
3228 3207 3293 3269 in
3337 3206 3525 3270 terris
3568 3207 3703 3270 suis
3744 3205 3991 3269 debent

2483 3323 2737 3368 servare
2761 3304 3075 3386 justitiam
3102 3323 3117 3366 z
3142 3305 3312 3366 unde
3340 3305 3393 3366 si
3423 3323 3551 3368 non
3579 3303 3838 3367 obstent
3868 3322 3991 3386 pro

2486 3422 2693 3486 posse,
2712 3410 3011 3466 tenentur
3039 3404 3116 3465 ad
3148 3401 3615 3466 restitutionem
3646 3401 3740 3465 eis
3768 3403 3885 3484 qui
3920 3403 3987 3464 in

2485 3520 2707 3565 eorum
2737 3501 3057 3564 territorio
3086 3501 3459 3584 spoliantur.
3474 3501 3709 3564 Verum
3742 3501 3807 3563 in
3837 3501 3989 3564 aliis

2486 3600 2741 3664 casibus
2804 3600 3195 3662 enumeratis
3258 3616 3385 3663 non
3452 3599 3771 3681 obligatur
3836 3600 3989 3682 quis

2486 3717 2741 3781 semper
2782 3698 2861 3760 ad
2902 3697 3393 3772 restitutionem,
3434 3697 3559 3759 nisi
3610 3697 3678 3759 in
3724 3697 3989 3760 casibus

2486 3797 2698 3870 certi8‚
2740 3795 3042 3859 videlicet
3085 3796 3343 3877 quando
3389 3794 3808 3878 probabiliter
3854 3813 3993 3858 cre-

2485 3897 2580 3959 dit
2622 3895 2793 3976 quod
2842 3893 3183 3956 consilium
3222 3911 3413 3956 suum
3456 3891 3581 3955 fuit
3621 3892 3883 3966 efficax,
3924 3900 3991 3956 et

2486 3993 2657 4077 quod
2685 3992 2842 4055 alias
2874 3992 3113 4073 injusta
3139 3991 3377 4055 ablatio
3405 4008 3533 4054 non
3565 3991 3787 4054 fuisset
3814 4009 3990 4054 com·-

2490 4092 2703 4154 missa.
2749 4090 3080 4165 Similiter,
3114 4107 3241 4153 non
3286 4089 3495 4152 omnis
3531 4093 3751 4166 palpo,
3782 4090 3851 4152 id
3890 4097 3993 4153 est

875 4193 1125 4248 tantum
1155 4194 1466 4268 quantum
1496 4185 1809 4268 potuisset
1839 4185 1946 4247 ille
1983 4185 2143 4248 alter
2174 4185 2375 4248 lucra·
2405 4191 2457 4254 D
2486 4190 2794 4263 adulator,
2818 4195 3073 4250 tenetur
3098 4189 3177 4250 ad
3208 4187 3701 4262 restitutionem,
3728 4188 3838 4251 sed
3872 4188 3989 4270 qui

881 4283 956 4358 ri,
971 4285 1080 4347 sed
1111 4284 1464 4347 secundum
1495 4283 1982 4347 aestimationem
2012 4283 2176 4346 lucri
2205 4285 2377 4367 quod

877 4383 1168 4446 accidere
1213 4381 1393 4456 solet,
1425 4389 1690 4464 pensato
1740 4380 1952 4444 labore
1995 4389 2060 4444 et
2107 4381 2375 4445 infortu-

881 4482 1006 4545 niis
1046 4500 1189 4563 quae
1225 4479 1515 4544 accidere
1553 4480 1710 4542 alias
1749 4489 2010 4562 possent
2039 4480 2102 4543 in
2146 4481 2323 4544 lucro
2357 4498 2371 4544 :

881 4581 1184 4664 quoniam
1213 4581 1465 4644 lucrum
1505 4598 1630 4644 non
1663 4581 1959 4663 provenit
1995 4599 2073 4643 ex
2104 4583 2379 4663 pecunia

878 4689 1146 4754 tantum,
1169 4681 1280 4743 sed
1311 4680 1467 4742 item
1495 4698 1574 4742 ex
1605 4678 1916 4742 industria
1943 4687 2008 4742 et
2037 4680 2273 4744 labore.
2296 4717 2379 4728 —

877 4781 974 4844 Ad
1019 4779 1303 4853 tertium,
1346 4779 1518 4862 quod
1567 4777 1727 4841 illud
1775 4786 2169 4862 praeceptum
2221 4779 2377 4860 legis

878 4879 1183 4954 Mosaicae,
1214 4879 1509 4964 quamvis
1540 4878 1624 4941 sit
1660 4878 1738 4940 de
1781 4878 2090 4953 moribus,
2123 4896 2249 4941 non
2282 4886 2380 4942 est

879 4989 1092 5042 tamen
1135 4978 1394 5052 morale,
1427 4977 1539 5040 sed
1575 4975 1898 5058 judiciale.
1933 4976 2107 5039 Talia
2134 4977 2377 5059 quippe

880 5085 1199 5160 praecepta
1239 5092 1354 5159 pro
1395 5075 1534 5138 loco
1567 5092 1642 5136 ac
1681 5080 1969 5156 tempore
2009 5073 2377 5157 populoilli

881 5174 1196 5238 dabantur
1241 5192 1256 5237 ε
1304 5173 1544 5237 idcirco
1588 5191 1720 5236 non
1766 5172 2072 5254 obligant,
2124 5173 2250 5236 nisi
2298 5173 2377 5236 de

883 5290 1050 5339 novo
1079 5279 1436 5339 statuantur
1461 5273 1544 5337 ab
1570 5272 1790 5355 aliquo
1815 5272 2258 5336 auctoritatem
2296 5273 2376 5336 ad

2486 4289 2801 4353 adulando
2844 4286 3069 4350 incitat
3106 4288 3186 4350 ad
3228 4286 3671 4361 auferendum,
3712 4287 3989 4351 dicendo

2486 4387 2607 4450 hoc
2650 4387 2905 4468 signum
2954 4403 3095 4448 esse
3130 4384 3547 4460 strenuitatis,
3585 4393 3698 4447 aut
3738 4384 3987 4467 aliquid

2488 4486 2718 4548 simile.
2744 4483 3189 4558 conformiter,
3220 4493 3444 4544 mutus
3471 4491 3733 4546 vocatur
3760 4485 3875 4566 qui
3906 4502 3986 4548 ex

2487 4584 2708 4648 officio
2754 4584 3101 4648 reclamare
3146 4589 3423 4656 tenetur,
3474 4601 3593 4646 nec
3642 4583 3985 4662 reclamat3

2488 4701 2607 4746 nec
2634 4691 2853 4745 tamen
2889 4700 3144 4764 semper
3182 4680 3261 4742 ad
3300 4681 3766 4745 restitutionem
3806 4689 3985 4745 tene·

2488 4789 2612 4856 tur,
2654 4781 2777 4844 nisi
2824 4786 3125 4864 operetur
3172 4787 3244 4840 ut
3290 4779 3407 4842 fiat
3444 4779 3683 4862 injusta
3724 4780 3982 4856 ablatio,

2488 4879 2599 4942 sed
2629 4879 2819 4942 debet
2848 4878 3150 4941 inducere
3180 4897 3329 4941 eum
3363 4879 3477 4961 qui
3516 4878 3798 4953 abstulit,
3830 4900 3987 4963 qua-

2488 4985 2674 5040 tenus
2705 4977 2942 5041 reddat.
2964 4977 3292 5053 Similiter,
3314 4994 3441 5039 non
3472 4977 3681 5040 omnis
3708 4979 3821 5060 qui
3850 4999 3985 5040 mm

2488 5077 2893 5154 manifestat,
2919 5076 2999 5139 ad
3042 5076 3509 5140 restitutionem
3544 5077 3981 5159 adstringitur,

2488 5174 2599 5237 sed
2632 5173 2739 5237 ille
2769 5174 2881 5257 qui
2921 5191 3037 5257 pro
3077 5174 3318 5237 latrone
3352 5175 3536 5249 celat,
3567 5181 3633 5238 et
3660 5176 3981 5259 particeps

2488 5280 2585 5338 est
2616 5272 2799 5336 lucri.
2832 5273 2901 5335 In
2940 5271 3241 5336 omnibus
3278 5271 3471 5336 etiam
3508 5272 3635 5349 his,
3664 5273 3721 5336 si
3748 5275 3985 5358 princi-
