4267 6250
555 2449 668 2506 cmi
684 2451 816 2503 ηπ),

554 2515 629 2557 us
642 2513 693 2558 n.

836 466 959 533 506
1452 486 1517 533 m
1557 485 1781 533 unium
1820 485 1882 531 ιν
1923 482 2406 531 smum-namt.
2447 501 2528 515 -
2567 484 2722 531 msr.
2763 484 2956 548 xv1u3
2997 486 3223 542 ouaesr.
3265 486 3334 533 111

840 678 1053 723 smum
1109 660 1297 723 datur
1350 659 1549 742 gratia
1597 666 1789 741 atque
1843 657 2133 721 remissio
2191 675 2336 740 pec·
2363 652 2415 719 A
2445 656 2828 722 remittentis
2883 660 3220 723 ostendant
3273 666 3578 742 tanquam
3637 658 3940 722 ministri.

838 766 1123 822 catorum
1170 760 1386 841 pueris
1430 759 1569 821 sine
1612 774 1833 821 eorum
1877 756 2336 838 praeparatione

836 858 1051 940 aliqua
1090 858 1361 941 praevia3
1394 875 1520 921 non
1559 864 1772 919 autem
1812 854 2070 930 adultis,
2104 855 2169 918 in
2201 854 2338 936 qui-

838 956 959 1019 hus
1018 956 1293 1038 exigitur
1350 955 1744 1039 praeparatio.
1803 954 1951 1028 Quae
2013 952 2334 1016 interdum

838 1055 1141 1137 praecedit
1186 1063 1361 1118 tanta
1411 1061 1557 1117 ante
1604 1052 2076 1135 susceptionem
2124 1052 2334 1135 Bapti-

839 1153 986 1227 smi,
1035 1154 1205 1235 quod
1264 1152 1625 1215 infunditur
1676 1152 1879 1233 gratia
1935 1159 2079 1213 ante
2126 1150 2334 1233 Bapti-

840 1271 1075 1327 smum,
1118 1269 1242 1315 non
1286 1260 1501 1315 tamen
1548 1260 1694 1315 ante
1736 1258 1956 1313 votum
2003 1250 2330 1333 Baptismi.

840 1350 1163 1413 Interdum
1201 1358 1415 1413 autem
1454 1349 1599 1412 talis
1636 1348 2011 1432 praeparatio
2047 1355 2334 1431 tempore

840 1467 967 1512 non
1008 1448 1327 1531 praecedit,
1362 1448 1471 1511 sed
1500 1455 1597 1510 est
1626 1447 1819 1510 simul
1850 1465 1997 1510 cum
2026 1445 2333 1529 Baptismi

840 1547 1245 1629 susceptione
1281 1565 1294 1609 :
1328 1553 1392 1610 et
1424 1553 1577 1608 tunc
1621 1564 1737 1629 per
1776 1544 2082 1627 Baptismi
2122 1564 2334 1607 susce-

838 1644 1123 1727 ptionem
1167 1644 1369 1727 gratia
1411 1643 1805 1707 remissionis
1844 1644 2049 1725 culpae
2088 1642 2334 1705 confer-

837 1753 954 1807 tur.
971 1744 1091 1807 Sed
1125 1762 1239 1825 per
1264 1742 1656 1806 Poenitentiae
1684 1749 2151 1805 sacramentum
2184 1761 2338 1804 nun-

2445 755 2567 819 Sed
2606 756 2726 819 hoc
2759 757 2964 821 tribus
3005 759 3212 822 modis
3241 757 3571 839 contingit.
3605 758 3840 832 Primo,
3875 764 3946 820 ut

2443 855 2780 917 ostendant
2817 875 2957 919 eam
3001 874 3129 920 non
3173 864 3244 920 ut
3284 866 3684 941 praesentem,
3717 856 3830 919 sed
3873 864 3946 918 ut

2445 954 2818 1035 promittant
2846 954 3145 1030 futuram,
3178 957 3317 1019 sine
3347 957 3468 1019 hoc
3498 956 3668 1039 quod
3695 953 3945 1037 aliquid

2443 1060 2788 1133 operentur
2818 1054 2897 1116 ad
2928 1072 3068 1117 eam
3102 1074 3118 1119 ε
3151 1054 3374 1137 sicque
3412 1060 3810 1117 sacramenta
3836 1071 3947 1115 ve-

2443 1150 2598 1213 teris
2635 1151 2792 1233 legis
2831 1153 3266 1234 operationem
3308 1153 3422 1217 Dei
3462 1150 3943 1231 monstrabant3

2445 1250 2739 1313 sacerdos
2781 1268 3038 1334 quoque
3078 1252 3314 1315 veteris
3363 1252 3521 1334 legis
3569 1250 3946 1315 ostendebat

2445 1356 2716 1424 tantum,
2749 1357 2814 1413 et
2845 1349 2936 1413 nil
2975 1350 3356 1433 operabatur
3393 1351 3472 1413 ad
3509 1350 3796 1433 gratiam.
3833 1350 3944 1412 Se-
3975 1372 4226 1429 cfipsss.

2447 1448 2676 1521 cundo,
2731 1456 2803 1510 ut
2854 1457 3232 1531 praesentem
3291 1448 3680 1531 significent,
3728 1456 3794 1511 et
3849 1448 3947 1510 nil

2443 1554 2791 1628 operentur
2816 1547 2895 1610 ad
2926 1566 3066 1611 eam
3102 1567 3116 1612 t
3149 1555 3216 1610 et
3244 1548 3330 1611 ita
3367 1547 3718 1611 secundum
3753 1565 3946 1629 quos-

2445 1644 2613 1719 dam,
2674 1654 3068 1710 sacramenta
3123 1663 3302 1711 novae
3358 1646 3516 1728 legis
3574 1644 3948 1727 significant

2444 1743 2662 1824 gratiae
2723 1744 3148 1819 collationem,
3210 1752 3275 1809 et
3330 1753 3606 1827 potestas
3663 1743 3945 1807 clavium

840 1862 1029 1925 quam
1081 1844 1265 1905 datur
1308 1843 1531 1924 gratia,
1574 1842 1699 1905 nisi
1752 1842 2125 1925 praeparatio
2173 1840 2336 1903 adsit
2368 1840 2416 1904 B
2444 1849 2693 1904 tantum
2735 1842 3024 1923 designat
3061 1844 3280 1925 gratim
3328 1842 3758 1917 collationem,
3799 1861 3948 1924 qum

841 1942 942 2005 vel
976 1942 1155 2025 prius
1187 1941 1417 2005 fuerit:
1450 1941 1618 2003 unde
1649 1940 1852 2004 virtus
1883 1939 2161 2003 clavium
2192 1958 2337 2022 ope-

842 2048 1017 2103 ratur
1055 2039 1134 2102 ad
1176 2040 1381 2121 culpae
1422 2038 1887 2112 remissionem,
1929 2038 2029 2102 vel
2079 2037 2144 2100 in
2189 2046 2336 2101 voto

844 2140 1178 2213 exsistenS,
1220 2138 1323 2201 vel
1370 2138 1436 2201 in
1484 2146 1631 2201 actu
1682 2156 1751 2201 se
1798 2156 2122 2211 exercens,
2169 2137 2336 2200 sicut

844 2245 909 2301 et
946 2257 1111 2320 aqua
1152 2237 1477 2319 Baptismi.

911 2336 1346 2410 Verum,sicut
1372 2335 1727 2418 Baptismus
1757 2352 1885 2398 non
1913 2334 2043 2416 agit
2071 2340 2143 2397 ut
2174 2333 2340 2416 prin-

846 2436 1053 2518 cipale
1101 2453 1315 2516 agenS,
1360 2434 1471 2497 sed
1522 2442 1592 2496 ut
1639 2434 2157 2505 instrumentum,
2209 2450 2336 2495 non

846 2535 1106 2618 quidem
1158 2533 1524 2617 pertingens
1566 2532 1643 2596 ad
1687 2532 2076 2595 causandum
2119 2530 2338 2612 gratiae

845 2632 1339 2716 susceptionem,
1374 2631 1485 2695 sed
1524 2630 2094 2694 instrumentaliter
2129 2629 2340 2712 dispo-

844 2751 1005 2796 nens
1046 2732 1125 2794 ad
1169 2731 1461 2813 gratiam,
1495 2748 1609 2813 per
1646 2748 1837 2812 quam
1878 2728 1957 2791 fit
1993 2728 2201 2811 culpae
2243 2748 2338 2791 re-

844 2831 1095 2909 missi03
1130 2830 1215 2893 ita
1251 2837 1348 2893 est
1375 2830 1454 2892 de
1482 2828 1759 2892 clavium
1802 2835 2125 2911 potestate.
2163 2828 2338 2891 Unde

842 2930 1010 2992 Deus
1045 2928 1218 2991 solus
1263 2946 1376 3009 per
1418 2945 1486 2989 se
1523 2926 1779 3009 culpam
1817 2926 2123 3004 remittit3
2167 2934 2231 2989 et
2273 2926 2337 2988 in

2446 1940 2631 2003 datur
2671 1940 2736 2002 in
2775 1939 3175 2005 confessione
3209 1949 3273 2005 et
3299 1940 3722 2015 absolutione,
3753 1949 3947 2023 prout

2446 2039 2526 2101 de
2567 2038 2686 2101 ista
2721 2039 3023 2120 opinione
3056 2040 3298 2103 dictum
3339 2047 3438 2103 est
3465 2058 3679 2121 supra,
3714 2038 3779 2101 in
3820 2039 3950 2121 pri·
3977 2059 4046 2117 cs.
4061 2060 4224 2115 p.5·.·B.

2447 2157 2552 2201 ma
2594 2136 3020 2201 distinctione.
3061 2140 3294 2212 Tertio,
3331 2147 3402 2201 ut
3443 2136 3814 2220 significent
3854 2137 3949 2200 di-

2445 2235 2664 2301 vinam
2709 2237 3145 2319 operationem
3195 2238 3260 2300 in
3315 2236 3692 2301 remissione
3737 2235 3948 2318 culpae

2447 2343 2849 2418 praesentem,
2882 2344 3072 2418 atque
3101 2336 3180 2399 ad
3221 2336 3426 2418 ipsam
3467 2334 3844 2417 dispositive
3871 2352 3948 2397 ac

2448 2433 3019 2497 instrumentaliter
3059 2440 3406 2516 operentur
3437 2451 3452 2495 ε
3487 2442 3552 2497 et
3591 2434 3679 2496 ita
3717 2450 3949 2495 secun-

2446 2533 2600 2595 dum
2649 2532 2840 2594 aliam
2897 2532 3291 2615 opinionem,
3340 2551 3484 2615 quae
3536 2530 3948 2594 communius

2445 2630 2817 2705 sustinetur,
2851 2638 3246 2693 sacramenta
3289 2648 3471 2694 novae
3517 2629 3675 2711 legis
3717 2648 3948 2691 emun-

2446 2729 2766 2792 dationem
2807 2729 3151 2793 ostendunt
3179 2728 3488 2792 divinitus
3525 2727 3782 2791 factam.
3817 2728 3950 2791 Sic-

2447 2846 2573 2910 que
2640 2827 2933 2891 sacerdos
2998 2827 3146 2891 novi
3216 2826 3602 2890 Testamenti
3669 2826 3954 2889 ostendit

2447 2926 2770 2989 absolutos
2817 2945 2853 2989 a
2901 2925 3111 3010 culpa,
3153 2926 3460 3009 quoniam
3509 2925 3952 3008 proportiona-

843 3028 985 3109 ejus
1038 3026 1271 3089 virtute
1328 3024 1899 3087 instrumentaliter
1953 3024 2084 3105 agit
2130 3024 2338 3106 Bapti-
2375 3024 2418 3087 C
2449 3025 2666 3088 biliter
2707 3024 2882 3108 loqui
2919 3032 3171 3108 oportet
3199 3025 3277 3087 de
3312 3024 3622 3087 ministris
3655 3030 3720 3086 et
3749 3041 3957 3085 sacra·

844 3147 1021 3191 smus
1051 3134 1349 3208 tanquam
1381 3125 1871 3188 instrumentum
1903 3123 2336 3199 inanimatum,

841 3225 1133 3288 sacerdos
1164 3241 1315 3287 vero
1345 3231 1415 3286 ut
1445 3222 1939 3286 instrumentum
1965 3221 2338 3296 animatum,

843 3325 1013 3408 quod
1062 3323 1299 3387 dicitur
1354 3340 1598 3396 servuS,
1650 3321 2001 3384 secundum
2060 3321 2336 3384 Philoso-

842 3424 1039 3507 phum
1070 3421 1435 3485 Ethicorum
1466 3428 1704 3484 octavo.
1718 3420 1865 3482 Ideo
1892 3420 2182 3483 sacerdos
2209 3420 2341 3502 agit

843 3531 917 3585 ut
962 3521 1273 3584 minister.
1317 3519 1549 3602 Sicque
1600 3527 1791 3601 patet,
1838 3519 2009 3601 quod
2058 3525 2336 3601 potestas

842 3621 1121 3684 clavium
1162 3619 1491 3683 ordinatur
1531 3616 1747 3700 aliquo
1788 3617 1976 3679 modo
2012 3617 2089 3679 ad
2132 3616 2337 3698 culpae

842 3719 1310 3792 remissionem,
1344 3734 1469 3780 non
1513 3724 1583 3778 ut
1610 3735 1826 3798 agenS,
1861 3716 1970 3778 sed
2010 3715 2179 3777 sicut
2217 3715 2339 3778 dis-

841 3837 1104 3902 ponens.
1140 3817 1315 3880 Unde
1344 3815 1397 3879 si
1429 3823 1574 3878 ante
1601 3814 2071 3878 absolutionem
2103 3813 2335 3896 aliquis

841 3935 965 3981 non
1001 3916 1227 3978 fuisset
1255 3914 1534 3998 perfecte
1564 3913 1913 3994 dispositus
1948 3913 2028 3975 ad
2065 3912 2332 3994 gratiam

839 4014 1301 4097 accipiendam,
1335 4014 1399 4075 in
1444 4012 1583 4095 ipsa
1620 4009 2021 4073 confessione
2059 4019 2123 4073 et
2155 4009 2335 4073 abso-

842 4114 1083 4176 lutione
1123 4111 1565 4175 sacramentali
1608 4110 1876 4191 gratiam
1922 4127 2338 4190 consequere-

2451 3125 2706 3199 mentiS,
2739 3132 2803 3188 et
2833 3125 2912 3186 de
2941 3131 3252 3207 potestate
3280 3141 3524 3187 eorum.
3559 3121 3686 3185 Nec
3715 3119 3949 3195 obstat,

2449 3224 2500 3286 si
2535 3223 2723 3305 culpa
2753 3222 2837 3286 sit
2860 3222 2992 3303 jam
3032 3241 3146 3304 per
3177 3220 3625 3284 contritionem
3655 3219 3950 3294 dimissa,

2449 3322 2615 3384 sicut
2651 3339 2772 3384 nec
2809 3321 2981 3402 quod
3017 3319 3382 3402 Baptismus
3419 3319 3716 3401 disponat
3754 3337 3952 3400 quan-

2451 3429 2584 3484 tum
2644 3419 2710 3482 in
2775 3437 2843 3482 se
2901 3427 3018 3494 est,
3081 3418 3146 3481 in
3207 3435 3284 3481 eo
3340 3417 3452 3500 qui
3511 3415 3952 3481 sanctificatus

2444 3518 2578 3600 jam
2621 3525 2735 3581 est.

2527 3617 2716 3679 Porro
2763 3616 2917 3679 dum
2971 3613 3300 3696 quaeritur,
3353 3631 3434 3676 an
3495 3619 3774 3696 potestas
3823 3611 3952 3674 cla-

2447 3714 2626 3777 vium
2667 3733 2780 3776 seu
2823 3713 3115 3776 sacerdos
3147 3731 3262 3794 per
3291 3731 3458 3784 eam,
3493 3711 3694 3793 possit
3729 3710 3952 3773 remit-

2444 3820 2580 3876 tere
2632 3820 2964 3894 peccatum
3013 3816 3324 3893 quantum
3380 3809 3460 3873 ad
3511 3825 3815 3891 poenam3
3862 3809 3955 3871 di-

2447 3911 2912 3992 cendum,quod
2945 3909 3114 3972 idem
3140 3907 3452 3990 judicium
3482 3913 3580 3970 est
3605 3907 3686 3970 de
3712 3905 3954 3969 effectu

2445 4028 2638 4092 quem
2681 4016 2957 4092 potestas
2989 4007 3266 4071 clavium
3307 4005 3642 4070 actualiter
3669 4005 3954 4068 exercita

2447 4107 2727 4190 complet
2777 4107 2839 4168 in
2891 4125 2966 4170 eo
3017 4106 3082 4168 in
3132 4123 3262 4189 quo
3311 4103 3609 4168 contritio
3654 4111 3950 4186 tempore

841 4221 967 4286 tur,
1010 4211 1134 4274 nisi
1182 4210 1430 4274 obicem
1483 4216 1765 4292 poneret.
1810 4207 1874 4271 Si
1912 4208 2086 4270 enim
2138 4206 2334 4270 clavis
2367 4210 2416 4272 D
2448 4205 2790 4290 praecessit,
2824 4213 2888 4269 et
2929 4205 3007 4268 de
3051 4204 3289 4268 effectu
3332 4201 3639 4286 Baptismi
3681 4200 3796 4284 qui
3841 4201 3950 4264 ha-

842 4311 1021 4374 nullo
1073 4310 1259 4373 modo
1304 4311 1384 4372 ad
1432 4308 1637 4389 culpae
1686 4306 2128 4369 remissionem
2174 4306 2336 4368 ordi-

840 4415 1122 4483 naretur,
1182 4407 1293 4468 sed
1349 4412 1593 4467 tantum
1651 4405 1729 4466 ad
1789 4422 1993 4486 poenae
2054 4403 2335 4466 dimissi-

842 4525 1055 4582 onem,
1109 4513 1181 4568 ut
1235 4503 1433 4587 aliqui
1491 4503 1733 4578 dicunt,
1791 4521 1920 4565 non
1978 4502 2338 4584 exigeretur

841 4614 1061 4671 votum
1111 4601 1397 4687 potiendi
1445 4599 1683 4664 effectu
1733 4600 2012 4663 clavium
2055 4618 2069 4663 ε
2116 4620 2339 4684 quem-

841 4703 1184 4768 admodum
1230 4719 1357 4764 non
1402 4699 1677 4780 exigitur
1718 4707 1935 4762 votum
1978 4699 2335 4783 accipiendi

838 4804 967 4868 alia
1002 4807 1398 4866 sacramenta
1437 4819 1579 4882 quae
1618 4817 1746 4861 non
1778 4798 2154 4863 ordinantur
2195 4817 2340 4862 con-

842 4911 939 4966 tra
981 4901 1261 4985 culpam,
1294 4899 1405 4962 sed
1448 4917 1723 4982 poenam.

922 5003 1163 5083 Itaque,
1204 4999 1371 5062 sicut
1418 4997 1506 5059 ait
1552 4996 1865 5078 Magister,
1908 4996 2340 5060 sacerdotibus

843 5099 1185 5164 commissa
1218 5106 1313 5160 est
1344 5103 1619 5179 potestas
1658 5094 2019 5157 dimittendi
2058 5103 2340 5177 peccata,

844 5216 967 5260 non
1008 5203 1076 5258 ut
1105 5193 1363 5277 propria
1392 5193 1628 5256 virtute
1659 5191 2005 5265 dimittant,
2040 5192 2193 5273 quia
2223 5192 2344 5255 hoc

852 5297 983 5359 Deo
1012 5301 1108 5356 est
1137 5291 1491 5374 proprium,
1524 5291 1636 5352 sed
1667 5297 1737 5352 ut
1766 5290 2201 5372 operationem
2232 5291 2342 5354 Dei

2446 4306 2622 4369 benti
2661 4304 2926 4386 gratiam
2957 4304 3164 4378 datur,
3198 4302 3264 4365 in
3294 4319 3422 4385 quo
3449 4301 3651 4384 gratia
3687 4319 3806 4383 per
3831 4301 3946 4364 Ba·
3973 4322 4211 4381 clamo:

2446 4405 2755 4486 ptismum
2785 4410 3073 4484 augetur,
3107 4408 3171 4464 et
3199 4408 3328 4464 tota
3357 4419 3546 4483 poena
3574 4399 3943 4462 dimittitur.

2448 4503 2777 4576 Similiter,
2821 4501 2914 4564 illi
2958 4501 3070 4583 qui
3118 4508 3264 4564 ante
3311 4499 3782 4562 confessionem
3833 4517 3948 4560 seu

2446 4601 2911 4666 absolutionem
2952 4598 3230 4662 obtinuit
3265 4597 3534 4681 gratiam
3575 4615 3690 4679 per
3727 4615 3948 4660 veram

2448 4697 2919 4772 contritionem,
2951 4705 3016 4760 et
3043 4715 3162 4779 per
3190 4713 3588 4778 consequens
3625 4693 3836 4776 culpae
3863 4702 3951 4758 at-

2449 4817 2574 4881 que
2602 4805 2852 4862 aeternae
2882 4815 3087 4880 poenae
3117 4794 3586 4866 remissionem,
3609 4793 3812 4875 gratia
3840 4812 3948 4856 au-

2447 4905 2632 4980 getur
2670 4896 2732 4959 vi
2777 4895 3055 4959 clavium
3095 4894 3162 4956 in
3201 4892 3623 4967 confessione,
3656 4899 3722 4954 et
3759 4909 3950 4974 poena

2447 4994 2818 5078 temporalis
2858 4993 3202 5056 dimittitur
3235 5009 3252 5054 τ
3287 5010 3413 5054 non
3449 4998 3660 5053 tamen
3692 4997 3846 5063 tota,
3881 4997 3950 5052 ut

2451 5096 2514 5158 in
2560 5093 2904 5177 Baptismo,
2938 5092 3047 5174 qui
3091 5099 3192 5153 est
3229 5089 3580 5172 spiritualis
3623 5107 3949 5170 regenera-

2449 5194 2576 5274 tio;
2617 5191 2996 5256 Poenitentia
3039 5197 3252 5253 autem
3303 5195 3400 5251 est
3442 5187 3796 5270 spiritualis
3839 5207 3946 5249 cu-

2452 5291 2635 5367 rati0,
2697 5296 2959 5372 propter
3015 5287 3186 5370 quod
3247 5294 3440 5349 totam
3506 5303 3762 5368 poenam
3819 5302 3944 5348 non
