4267 6250
1398 442 1463 469 f

1058 505 1261 553 uram!
1302 504 1367 551 m
1406 504 1693 551 Bccmsu
1734 502 1870 549 sim·
1908 502 2135 551 CLAVBS
2179 504 2588 563 srmrrUAmS,
2625 504 2754 553 HC.

3336 489 3456 553 497

348 676 639 755 lorum,
670 677 757 743 et
799 690 903 742 an
938 676 1105 741 sint
1146 674 1321 741 duae
1365 674 1467 741 ab
1508 675 1857 742 invicem
1884 674 1935 737 Α
1966 674 2201 737 virtute
2241 674 2517 738 clavium
2565 694 2640 739 ac
2687 677 3064 739 sacramenti
3113 677 3297 739 istius
3336 677 3461 740 tale

346 775 683 840 realiter
724 773 1212 841 differentes,

432 870 697 934 Videtur
739 872 911 955 quod
962 889 1089 936 non
1140 871 1271 934 sint
1316 870 1687 951 hujusmodi
1734 870 1859 933 cla-

346 988 477 1042 veS,
492 968 645 1051 quia
674 986 788 1051 per
818 969 1053 1032 Christi
1084 969 1449 1051 passionem
1475 969 1607 1048 jam
1640 976 1859 1052 aperta

346 1074 447 1129 &st
471 1066 671 1145 janua
702 1066 881 1147 regni
912 1065 1209 1129 coelestis.
1244 1065 1384 1128 Non
1414 1082 1564 1145 ergo
1592 1065 1859 1146 requiri-

346 1170 457 1225 tur
491 1162 693 1225 clavis
733 1181 861 1245 qua
902 1162 1367 1245 poenitentibus
1404 1163 1744 1245 aperiatur.
1778 1198 1859 1207 —

346 1261 669 1334 SecundO,
718 1261 1039 1342 poenitens
1097 1278 1212 1342 per
1260 1278 1475 1321 veram
1536 1260 1859 1322 contritio-

346 1378 499 1421 nem
540 1367 825 1421 meretur
865 1358 1224 1438 ingressum
1259 1358 1439 1438 regni
1480 1358 1757 1421 coelestis
1794 1366 1859 1420 et

1965 773 2367 854 propositum
2419 792 2495 836 ac
2542 774 2736 837 talem
2785 774 3113 837 fiduciam.
3170 774 3462 839 Conanti-

1966 869 2087 932 bus
2126 870 2368 953 quippe
2410 871 2491 934 ad
2529 872 2730 934 Deum
2775 873 3029 947 reverti,
3070 872 3460 936 credendum

1964 974 2062 1029 cst
2107 968 2542 1031 indubitanter
2583 969 2829 1032 Patrem
2880 969 3461 1033 misericordiarum

1965 1065 2290 1147 porrigere
2339 1065 2662 1129 dexteram
2711 1068 2813 1129 sui
2859 1068 3103 1130 auxilii.
3154 1068 3462 1142 Quemad-

1966 1163 2226 1225 modum
2275 1162 2384 1225 ille
2432 1165 2542 1245 qui
2591 1165 2943 1228 lunaticum
2991 1166 3204 1227 filium
3253 1166 3464 1228 attulit

1965 1260 2043 1323 ad
2073 1260 2420 1335 Christum,
2452 1262 2708 1325 credere
2748 1263 3090 1337 nitebatur,
3121 1263 3233 1326 sed
3263 1263 3461 1325 fidem

1964 1357 2043 1420 ad
2080 1378 2277 1440 quam
2317 1359 2664 1423 conabatur
2702 1361 2986 1425 nondum
3027 1360 3290 1441 habuit;
3321 1361 3466 1425 ideo

347 1457 537 1519 heroe
583 1464 683 1519 est
730 1456 897 1538 eiua,
939 1457 1267 1519 caritatem
1317 1455 1610 1519 habendo
1652 1474 1667 1517 z
1709 1473 1859 1536 ergo

342 1558 455 1637 jus
496 1556 695 1619 habet
742 1556 1021 1617 intrandi
1064 1562 1129 1619 et
1173 1554 1541 1637 possidendi
1589 1556 1857 1636 patriam

346 1656 717 1729 Beatorum,
746 1672 868 1717 nec
900 1653 1143 1735 indiget
1178 1653 1511 1736 apertione
1542 1654 1857 1728 conservi,

348 1752 713 1835 prasertim
758 1770 961 1833 quum
1009 1750 1197 1814 multi
1240 1750 1567 1833 simplices
1615 1750 1858 1812 clavem
1970 1751 2250 1815 obtinuit
2289 1753 2643 1815 sanitatem.

348 1869 481 1913 non
512 1849 848 1924 habenteS,
883 1850 1085 1930 magis
1124 1849 1303 1929 digni
1337 1857 1403 1911 et
1436 1849 1569 1931 apti
1608 1849 1736 1911 sint
1766 1849 1859 1911 in·
1896 1854 1944 1917 B
2051 1850 2287 1913 Verum
2318 1851 2516 1932 quaeri
2548 1859 2755 1933 potest
2782 1852 2862 1915 de
2892 1852 3468 1935 poenitente,quan-

343 1949 531 2031 gredi
582 1966 854 2030 regnum
906 1947 1089 2022 illud,
1130 1966 1327 2030 quam
1374 1948 1441 2009 hi
1490 1947 1603 2029 qui
1651 1947 1861 2010 claves
1973 1948 2053 2011 do
2093 1950 2443 2011 conteritur
2482 1958 2676 2031 atque
2715 1949 3087 2026 absolvitur,
3118 1970 3200 2013 an
3236 1951 3468 2014 habeat

343 2046 593 2109 habere
643 2046 967 2109 dicuntur.
1000 2082 1083 2091 -
1121 2044 1385 2107 Videtur
1432 2062 1687 2128 quoque
1738 2064 1863 2108 una
1974 2046 2084 2107 illa
2113 2054 2372 2128 peccata
2412 2046 2490 2109 de
2528 2047 2764 2129 quibus
2793 2048 3143 2111 conteritur
3161 2056 3236 2112 et
3263 2049 3468 2114 absol-

344 2145 553 2209 clavis
582 2145 663 2207 ad
705 2146 899 2207 unius
934 2144 1147 2226 januae
1186 2144 1638 2207 reserationem
1679 2143 1863 2207 suffi-
1973 2144 2165 2219 vitur,
2210 2164 2291 2207 an
2335 2162 2463 2208 non
2505 2145 2748 2207 habeat.
2796 2146 2861 2209 Si
2903 2165 3032 2209 non
3073 2146 3286 2223 habet,
3319 2166 3470 2229 ergo

346 2264 524 2319 cere,
557 2252 625 2307 et
669 2244 757 2306 ita
800 2262 927 2307 non
972 2250 1163 2305 erunt
1204 2243 1346 2306 duae
1387 2242 1619 2306 claves.
1970 2243 2100 2323 jam
2155 2251 2412 2306 sanctus
2469 2251 2533 2306 et
2589 2244 2893 2307 innocens
2943 2252 3059 2320 est,
3113 2264 3231 2309 nec
3278 2246 3469 2309 habet

430 2345 505 2407 In
556 2343 927 2426 oppositum
981 2349 1080 2405 est
1134 2342 1308 2425 quod
1356 2340 1643 2405 Christus
1692 2342 1861 2424 apud
1972 2341 2143 2422 quod
2183 2340 2242 2403 ei
2285 2341 2678 2420 remittatur3
2721 2342 2774 2403 si
2813 2360 2964 2407 vero
3005 2344 3212 2406 adhuc
3253 2344 3468 2421 habet,

57 2468 314 2520 umam,
344 2442 725 2507 Matthaeum
767 2441 1053 2524 loquitur
1080 2440 1451 2503 beatissimo
1488 2440 1689 2515 Petro,
1721 2439 1865 2503 Tibi
1973 2457 2122 2519 ergo
2155 2438 2348 2501 simul
2380 2447 2549 2502 stant
2575 2440 2874 2503 contritio
2903 2448 2967 2504 et
2996 2450 3348 2523 peccatum.
3373 2442 3468 2505 Ad

60 2536 122 2575 ¹⁹·
348 2541 523 2604 dabo
582 2540 796 2603 claves
846 2540 1027 2621 regni
1085 2539 1393 2603 coelorum
1447 2556 1461 2601 ε
1512 2539 1579 2601 in
1627 2538 1864 2623 quibus
1972 2537 2144 2619 quod
2183 2536 2481 2612 dicimus,
2511 2539 2680 2619 quod
2725 2538 3018 2602 remissio
3061 2547 3468 2621 peccatorum

348 2639 573 2703 verbis
618 2636 956 2721 pluraliter
997 2638 1301 2721 exprimit
1342 2636 1570 2700 claves.
1973 2633 2318 2723 dupliciter
2345 2634 2617 2716 intelligi
2646 2642 2854 2717 potest
2885 2654 2899 2698 ε
2933 2637 3163 2718 primo,
3197 2655 3324 2701 non
3356 2639 3472 2701 im·

1973 2733 2220 2815 putatio
2267 2752 2476 2815 neque
2523 2734 2768 2796 exactio
2815 2751 3036 2797 eorum
3087 2736 3165 2801 ad
3214 2754 3470 2817 poenam

436 2837 625 2901 Circa
650 2836 789 2900 haec
828 2834 1056 2898 scribit
1084 2832 1463 2898 Guillelmus
1494 2833 1863 2896 parisiensis
1972 2839 2037 2894 et
2074 2832 2426 2911 ultionem;
2467 2831 2768 2907 secundo,
2802 2831 2941 2915 ipsa
2976 2832 3222 2897 ablutio
3259 2853 3473 2897 macu-

352 2938 423 2999 in
472 2953 595 2999 suo
642 2933 1099 2998 Sacramentali
1148 2950 1161 2995 :
1209 2931 1622 3013 Amplissime
1674 2938 1862 3013 atque
1973 2929 2179 2992 larum
2229 2937 2293 2992 et
2341 2929 2648 3005 sordium,
2701 2950 2844 3012 quae
2894 2930 3216 2994 interdum
3265 2932 3471 3016 culpae

350 3033 707 3115 magnifice
738 3033 816 3094 de
848 3030 1139 3094 clavibus
1168 3030 1469 3093 Ecclesiae
1496 3038 1562 3092 et
1591 3035 1863 3112 potesta·
1893 3030 1937 3095 C
1974 3036 2300 3091 vocantur.
2337 3028 2568 3110 Sicque
2609 3036 2868 3111 peccata
2904 3030 3316 3093 dimittuntur
3357 3032 3472 3093 du·

350 3144 421 3198 te
476 3153 553 3198 ac
610 3131 987 3196 sacerdotali
1047 3131 1403 3194 ministerio
1460 3131 1865 3193 sentiendum
1973 3126 2248 3208 pliciter,
2297 3133 2537 3209 utpote,
2589 3135 2902 3210 quantum
2949 3129 3028 3192 ad
3080 3147 3356 3211 poenam,
3409 3139 3474 3194 et

350 3252 499 3296 esse
547 3250 679 3295 non
728 3230 1119 3294 dubitamus.
1155 3227 1377 3292 Claves
1426 3248 1701 3310 namque
1751 3229 1863 3290 Ec·
1974 3232 2284 3305 quantum
2327 3225 2404 3286 ad
2449 3224 2724 3307 culpam.
2775 3227 2851 3288 Et
2892 3246 3116 3290 verum
3160 3235 3258 3291 est
3301 3229 3472 3310 quod

1968 1456 2128 1519 dixit
2163 1474 2176 1519 :
2212 1457 2434 1532 Credo,
2468 1458 2756 1532 Domine,
2788 1460 3022 1541 adjuva
3063 1459 3464 1523 incredulita·
3522 1483 3670 1530 Marc.
3697 1497 3755 1538 12,

1968 1562 2097 1617 tem
2145 1574 2374 1618 meam.
2411 1557 2584 1619 Unde
2617 1558 2843 1619 merito
2880 1559 2981 1620 sui
3020 1567 3304 1633 conatuS,
3337 1558 3460 1621 sibi
3488 1548 3556 1592 ²³·

1970 1653 2093 1735 ipsi
2133 1654 2532 1736 perfectioris
2570 1654 2726 1717 fidei
2770 1656 3010 1719 donum
3059 1664 3125 1719 et
3160 1656 3300 1720 filio
3347 1674 3464 1720 suo

354 3329 575 3394 clesiae
606 3331 769 3394 datae
798 3335 971 3402 sunt,
995 3326 1343 3408 officiaque
1373 3334 1437 3390 et
1465 3334 1741 3409 potestas
1770 3346 1865 3390 sa-

352 3428 727 3494 cerdotibus
768 3426 1019 3501 collata,
1048 3425 1130 3488 ad
1169 3424 1667 3507 dispensandum
1707 3425 1865 3488 divi-

352 3528 481 3591 tias
525 3525 981 3590 misericordiae
1023 3524 1161 3599 Dei,
1195 3531 1268 3585 ut
1306 3524 1437 3586 sint
1475 3524 1540 3585 in
1580 3523 1864 3585 Ecclesia

354 3627 475 3708 qui
528 3624 821 3708 aperiant
876 3621 1302 3704 pulsantibus,
1352 3630 1415 3685 et
1462 3622 1866 3683 introducant

350 3724 597 3786 intrare
630 3721 937 3796 volenteS,
961 3728 1025 3783 et
1053 3727 1357 3802 tanquam
1386 3717 1699 3783 officiales
1730 3719 1864 3800 pie-

354 3821 509 3884 tatis
570 3820 827 3895 divinae,
887 3818 1330 3898 confugientes
1389 3817 1467 3880 ad
1530 3835 1671 3879 eam
1734 3824 1864 3879 tota

352 3919 783 4003 gratulatione
842 3924 907 3980 et
959 3917 1275 4000 applausu
1336 3915 1671 3998 recipiant,
1723 3934 1863 3980 reos

354 4019 716 4092 absolvant,
750 4022 1011 4098 peccata
1054 4015 1401 4089 dimittant,
1436 4013 1864 4096 spoliatosque

355 4115 665 4180 omnibus
710 4115 897 4178 bonis
936 4114 1153 4195 gratiae
1194 4133 1233 4176 a
1275 4112 1627 4176 latronibus
1670 4112 1863 4174 infer-

1973 3329 2197 3384 neutra
2253 3322 2704 3386 remissionum
2764 3322 3017 3386 illarum
3077 3325 3273 3388 simul
3331 3345 3470 3390 esse

1972 3426 2180 3501 potest
2227 3438 2372 3481 cum
2433 3419 2623 3501 culpa
2677 3438 2790 3482 seu
2849 3439 2998 3483 cum
3046 3441 3237 3504 poena
3282 3423 3469 3503 cujus

1972 3525 2066 3580 est
2106 3517 2415 3592 remissio,
2445 3517 2566 3581 hoc
2604 3524 2722 3592 est,
2765 3536 2883 3581 nec
2929 3519 3220 3583 remissio
3262 3520 3470 3601 culpae

1972 3635 2120 3679 cum
2152 3617 2360 3698 culpa,
2395 3636 2602 3699 neque
2631 3617 2925 3681 remissio
2955 3636 3160 3700 poenae
3189 3639 3332 3682 cum
3363 3618 3466 3681 de-

1974 3713 2108 3777 bito
2146 3733 2372 3796 poenae,
2406 3722 2666 3797 propter
2704 3717 3214 3780 contrarietatem
3246 3736 3466 3780 earum

1972 3812 2051 3875 ad
2083 3813 2359 3876 invicem
2385 3831 2401 3893 ;
2437 3812 2547 3876 sed
2577 3812 2812 3876 dimitti
2844 3815 3166 3890 dicuntur,
3190 3815 3342 3897 quia
3372 3816 3466 3878 ul-

1974 3920 2068 3974 tra
2098 3929 2226 3974 non
2257 3911 2659 3994 imputantur
2687 3931 2806 3975 nec
2845 3913 3188 3995 exiguntur
3222 3915 3302 3976 ad
3341 3933 3469 3996 poe-

1972 4031 2145 4086 nam,
2186 4030 2328 4093 quae
2369 4018 2515 4074 ante
2556 4010 3054 4093 imputabantur.
3098 4012 3176 4075 Et
3220 4012 3466 4077 absolvi

1970 4110 2051 4173 ab
2096 4109 2466 4192 hujusmodi
2510 4108 2764 4184 debitis,
2794 4117 2892 4173 est
2929 4129 3101 4173 nunc
3139 4111 3349 4193 primo
3392 4131 3469 4176 ea

356 4211 619 4278 nalibus
646 4212 727 4274 ad
758 4212 1095 4294 pristinam
1126 4210 1519 4292 opulentiam
1559 4210 1863 4274 reducere
1891 4215 1940 4277 D
1974 4227 2101 4272 non
2130 4208 2364 4272 habere
2399 4225 2414 4271 ε
2451 4209 2582 4272 imo
2607 4209 2873 4289 gratiam
2903 4209 3353 4292 purificantem
3392 4231 3466 4276 ac

354 4312 710 4385 enitantur,
741 4309 1105 4373 vulneratos
1133 4328 1207 4372 ac
1239 4309 1561 4372 morbidos
1602 4309 1861 4372 medici-

356 4431 445 4476 na
486 4408 731 4474 coelesti
774 4427 848 4470 ac
888 4408 1107 4471 divina
1149 4415 1688 4471 sacramentorum
1738 4408 1864 4472 vir-

356 4518 501 4574 tute
557 4515 875 4572 curantes,
938 4507 1189 4570 Etenim
1249 4507 1354 4589 pie
1412 4506 1731 4570 credimus
1786 4525 1860 4568 ac

357 4609 701 4683 sentimuS,
748 4607 843 4670 eis
890 4606 1000 4687 qui
1050 4624 1198 4667 cum
1245 4605 1373 4668 fide
1415 4604 1611 4686 hujus
1660 4623 1863 4668 sacra-

358 4709 566 4772 menti
594 4727 669 4770 ac
698 4704 1063 4770 vehementi
1092 4703 1411 4767 desiderio
1446 4703 1754 4767 redeundi
1780 4703 1860 4766 ad

359 4825 591 4892 pacem
649 4815 715 4869 et
769 4804 1039 4886 gratiam
1097 4803 1233 4878 Dei,
1280 4802 1572 4885 quamvis
1632 4803 1861 4866 timore

356 4906 640 4990 propriae
671 4903 1065 4967 infirmitatis
1104 4911 1169 4965 et
1204 4902 1617 4986 oppressione
1651 4921 1861 4984 pravae

356 5003 867 5078 consuetudiniS,
937 5001 1337 5084 propositum
1399 5000 1759 5064 abstinendi
1825 5019 1864 5062 a

358 5104 693 5191 prioribus
729 5101 905 5166 vitiis
952 5119 1027 5162 ac
1074 5099 1384 5162 fiduciam
1430 5098 1739 5162 evadendi
1788 5117 1863 5161 ea

356 5223 495 5270 non
529 5203 808 5266 habeant
836 5199 1126 5275 firmum,
1160 5196 1479 5262 interdum
1518 5216 1595 5260 ex
1630 5196 1862 5261 divinae

360 5304 621 5390 pietatis
668 5298 1060 5364 abundantia
1106 5305 1171 5362 et
1216 5303 1531 5379 respectu,
1577 5295 1861 5378 praestari

615 5437 685 5489 T.
719 5436 801 5487 24.

1972 4307 2494 4370 reconciliantem
2532 4327 2570 4370 a
2607 4308 2735 4370 Deo
2773 4308 3119 4390 suscipere,
3152 4327 3268 4392 per
3293 4311 3464 4394 quod

1972 4405 2291 4488 poenitens
2338 4405 2417 4468 fit
2464 4405 2775 4470 Creatoris
2823 4406 2924 4469 sui
2965 4407 3233 4483 amicuS,
3279 4410 3464 4491 cujus

1972 4523 2089 4588 per
2135 4504 2392 4586 culpam
2439 4505 2681 4568 exstitit
2729 4505 3048 4568 inimicus,
3088 4507 3174 4568 Et
3217 4508 3296 4570 ad
3345 4508 3464 4572 hoc

1972 4603 2265 4666 sacerdos
2304 4603 2874 4666 instrumentaliter
2907 4622 2981 4666 ac
3021 4604 3464 4687 multipliciter

1971 4709 2369 4784 cooperatur,
2403 4709 2472 4764 ut
2510 4702 2752 4764 dictum
2799 4709 2915 4776 est,
2957 4709 3022 4764 et
3063 4703 3294 4766 clarius
3327 4704 3462 4784 jam
3519 4729 3592 4836 effi.
3612 4733 3754 4785 affl

3487 4793 3536 4837 in
3589 4797 3755 4845 nmmo

1970 4801 2237 4863 dicetur.
2271 4837 2354 4846 —
2388 4800 2534 4864 Haec
2577 4799 2974 4864 Guillelmus.

2047 4899 2128 4962 At
2175 4916 2326 4962 vero
2374 4897 2644 4962 Thomas
2687 4915 2702 4960 z
2742 4899 2811 4961 In
2861 4899 3320 4980 corporalibus,
3373 4900 3466 4963 in-
3526 4889 3538 4901 ’

1971 4998 2382 5080 quit,dicitur
2409 4996 2606 5060 clavis
2639 4997 3132 5061 instrumentum
3163 5018 3290 5081 quo
3319 5002 3466 5064 osti-

1971 5116 2080 5159 um
2124 5097 2426 5178 aperitur.
2461 5094 2702 5158 Ostium
2733 5101 2945 5158 autem
2978 5097 3155 5178 regni
3187 5099 3464 5162 coelestis

1971 5195 2157 5258 nobis
2186 5193 2504 5256 clauditur
2531 5212 2646 5276 per
2672 5200 3029 5276 peccatum,
3060 5203 3124 5257 et
3153 5205 3462 5277 quantum

1972 5294 2051 5357 ad
2098 5292 2438 5368 maculam,
2488 5300 2552 5355 et
2597 5300 2905 5375 quantum
2955 5293 3034 5356 ad
3079 5313 3286 5378 poenae
3332 5318 3466 5364 rea-

3153 5430 3214 5482 32
