4267 6250
568 3130 725 3182 quest.
751 3130 764 3169 l
779 3157 790 3169 .

855 465 974 530 194

857 661 1179 716 curantur.
1227 654 1386 717 Hinc
1436 655 1603 718 idem
1654 654 2014 718 remedium
2061 653 2352 717 adhiberi
2381 652 2434 717 A
2464 673 2675 736 supra,
2727 654 3135 718 distinctione
3193 655 3422 738 prima,
3474 661 3731 717 secutus
3792 672 3959 716 sum.
4016 679 4200 730 quam.

857 752 1082 833 nequit
1123 760 1342 816 contra
1385 761 1717 836 peccatum
1761 761 1826 816 et
1866 752 2005 835 ejus
2048 752 2353 835 reliquias

857 867 972 911 seu
1011 850 1324 933 sequelaS,
1359 851 1484 912 nisi
1525 869 1640 933 per
1677 850 1946 931 gratiam
1983 857 2237 932 gratum
2268 848 2357 911 fa-

858 947 1132 1010 cientem
1169 966 1182 1010 :
1219 949 1362 1012 ideo
1403 949 1466 1011 in
1507 950 1679 1011 omni
1723 955 2119 1011 sacramento
2156 948 2357 1029 gratia

855 1052 1105 1125 gratum
1155 1045 1395 1108 faciens
1439 1046 1642 1108 datur.
1679 1046 2108 1109 Consimiliter
2150 1063 2357 1107 acces-

857 1162 965 1205 sus
1003 1144 1079 1205 ad
1123 1163 1302 1206 sacra
1344 1162 1471 1207 non
1517 1144 1667 1206 licet
1711 1144 2082 1217 immundiS,
2117 1161 2236 1205 nec
2272 1142 2354 1205 ab

857 1239 1266 1304 immunditia
1313 1242 1459 1324 quis
1519 1251 1825 1324 purgatur
1873 1241 1996 1304 nisi
2057 1260 2173 1322 per
2218 1259 2353 1322 gra-

855 1339 1034 1413 tiam,
1075 1359 1193 1402 nec
1243 1340 1426 1402 aliter
1473 1339 1650 1402 effici
1702 1347 1912 1422 potest
1961 1340 2228 1402 idoneus
2274 1340 2353 1401 ad

856 1455 1034 1500 sacra
1054 1438 1546 1502 administranda
1568 1438 1669 1501 vel
1697 1438 2116 1520 percipienda
2132 1438 2354 1510 Quum-

856 1553 982 1615 que
1031 1534 1445 1599 Confirmatio
1493 1537 1576 1598 sit
1621 1536 1779 1617 legis
1829 1535 2213 1617 evangelicae
2260 1555 2353 1598 sa-

1495 487 1561 532 ῙΝ
1600 487 1823 532 LIBRUM
1867 487 1927 532 lv
1968 485 2451 532 summanum
2494 503 2576 513 -
2616 485 2769 532 ΒΙΒΤ.
2810 485 2936 548 vu3
2981 486 3205 542 QUAEST.
3250 488 3313 532 tv

2463 752 2639 814 Unde
2677 772 2819 834 quae
2862 752 2968 814 hic
3010 754 3332 828 dicuntur,
3364 773 3443 817 ex
3487 753 3674 816 dictis
3718 752 3962 815 ibidem

2463 850 2698 912 clarius
2742 858 2979 932 patent.
3036 883 3044 892 -

2543 949 2761 1011 Petrus
2810 966 3063 1030 quoque
3122 949 3289 1012 sicut
3335 969 3549 1032 supra,
3600 949 3695 1012 sic
3744 955 3808 1010 et
3856 948 3963 1010 hic
4016 973 4181 1028 μεθ’.

2464 1047 2781 1109 consentit
2806 1048 3107 1130 positioni
3139 1049 3469 1112 contrariae
3499 1049 3687 1111 dictis
3714 1048 3782 1110 Β.
3808 1047 3968 1110 Tho-

2458 1164 2607 1218 mae,
2640 1145 2859 1207 dicens
2889 1145 3002 1208 has
3031 1147 3263 1227 gratias
3293 1145 3558 1210 differre
3588 1164 3715 1208 non
3746 1164 3963 1208 essen-

2463 1243 2718 1317 tialiter,
2752 1244 2861 1306 sed
2902 1262 3097 1326 penes
3137 1244 3422 1306 diversos
3460 1243 3733 1306 effectus
3774 1251 3841 1305 et
3872 1243 3964 1304 ef-

2466 1340 2781 1403 ficientias
2830 1341 3057 1416 varias,
3104 1342 3273 1404 sicut
3318 1342 3741 1405 essentialiter
3791 1342 3963 1404 idem

2462 1447 2559 1501 est
2590 1439 2801 1502 radius
2833 1439 3249 1520 liquefaciens
3278 1447 3343 1502 et
3371 1440 3688 1514 induranS,
3702 1447 3768 1502 et
3796 1438 3967 1502 idem

2462 1537 2635 1601 calor
2690 1536 2962 1599 effectus
3026 1537 3417 1619 multiplices
3477 1557 3551 1599 ac
3612 1537 3966 1601 contrarios

857 1642 1278 1707 crumentum,
1335 1634 1764 1697 characterem
1823 1634 2224 1715 imprimenS‚
2277 1653 2353 1696 ex
2463 1634 2723 1698 habens
2786 1670 2867 1680 —
2926 1635 3101 1697 Idem
3168 1653 3285 1716 per
3348 1635 3565 1699 omnia
3626 1642 3799 1697 tenet
3864 1635 3966 1697 Ri-

854 1731 1097 1812 duplici
1143 1739 1320 1814 parte
1368 1733 1798 1795 necessarium
1843 1739 1940 1794 est
1979 1739 2049 1793 ut
2084 1732 2354 1812 gratiam
2467 1729 2758 1791 chardus.

853 1835 1103 1908 gratum
1152 1829 1493 1893 facientem
1543 1828 1923 1892 contribuat.
1966 1865 2048 1875 -
2093 1829 2355 1891 Verum-
2390 1829 2437 1890 B
2539 1828 3019 1910 Argentinensis
3050 1847 3305 1911 quoque
3336 1836 3550 1892 tuetur
3577 1829 3699 1892 hoc
3728 1828 3963 1910 ipsum,

853 1933 1066 1989 tamen
1108 1928 1170 1989 in
1216 1927 1538 2009 Baptismo
1581 1945 1708 1990 non
1750 1928 1935 1989 datur
1976 1927 2177 2007 gratia
2215 1945 2353 2008 gra-

852 2031 991 2085 tum
1029 2024 1292 2098 facienS,
1326 2025 1627 2088 distincta
1667 2044 1704 2087 a
1738 2025 1942 2105 gratia
1977 2030 2230 2105 gratum
2269 2023 2357 2086 fa-

853 2121 1061 2183 ciente
1119 2141 1262 2203 quae
1327 2121 1531 2184 inerat
1593 2121 1928 2203 baptizato.
1991 2121 2353 2202 Baptismus

854 2219 1028 2280 enim
1074 2228 1171 2282 est
1213 2227 1682 2282 sacramentum
1727 2218 2122 2282 necessitatis
2158 2237 2173 2281 ι
2211 2219 2356 2280 ideo

851 2317 1053 2397 gratia
1099 2337 1242 2399 quae
1286 2317 1612 2380 confertur
1663 2319 1728 2380 in
1771 2336 1864 2392 eo,
1907 2317 2238 2379 ordinatur
2287 2317 2351 2377 in

853 2433 1260 2478 communem
1292 2422 1526 2478 statum
1557 2416 1943 2488 salutis,non
1975 2415 2041 2476 in
2070 2414 2352 2496 aliquem

852 2513 1196 2594 specialem
1265 2513 1595 2576 effectum.
1663 2512 2078 2577 Confirmatio
2135 2521 2351 2575 autem

850 2628 976 2673 non
1019 2618 1116 2674 est
1154 2613 1551 2674 necessitatis
1591 2618 2082 2684 sacramentum,
2116 2619 2181 2672 et
2217 2630 2352 2692 gra-

850 2710 936 2771 tia
965 2709 1106 2791 ejus
1136 2711 1213 2773 ad
1255 2710 1599 2793 specialem
1639 2710 1969 2772 ordinatur
1997 2708 2304 2772 effectum
2331 2727 2345 2770 :

847 2806 998 2870 hinc
1044 2809 1246 2888 gratia
1291 2828 1432 2890 quae
1481 2807 1806 2871 confertur
1849 2808 1914 2869 in
1957 2827 2053 2882 ea,
2094 2806 2350 2869 additur

844 2905 1060 2985 gratiae
1099 2925 1241 2987 quae
1281 2904 1537 2986 perficit
1577 2905 1642 2966 in
1683 2911 1848 2966 statu
1878 2904 2024 2966 vitae
2065 2922 2347 2967 commu-

2467 1935 2656 2009 atque
2693 1927 2957 1990 alterius
2995 1927 3316 2009 opinionis
3350 1927 3553 2008 tangit
3582 1927 3843 2000 motiva,
3876 1928 3967 1990 di·

2465 2026 2666 2088 cendo
2710 2045 2725 2088 :
2766 2025 3044 2088 Virtutes
3086 2032 3151 2087 et
3192 2026 3357 2088 dona
3404 2025 3658 2087 realiter
3699 2026 3967 2088 diversi-

2464 2123 2741 2186 ficantur
2785 2142 2859 2185 ac
2908 2123 3241 2198 differunt,
3293 2140 3444 2204 ergo
3492 2131 3557 2186 et
3603 2124 3821 2204 gratiae
3872 2125 3967 2187 di·

2464 2239 2795 2284 versorum
2837 2229 3400 2285 sacramentorum.
3437 2222 3762 2294 Praeterea,
3796 2222 3970 2284 sicut

2466 2320 2669 2381 morbi
2702 2319 3204 2401 distinguuntur,
3240 2320 3327 2381 ita
3354 2326 3418 2382 et
3448 2319 3816 2399 medicinae3
3850 2321 3965 2383 sed

2462 2418 2678 2498 gratiae
2709 2417 3197 2480 sacramentales
3232 2425 3451 2480 contra
3478 2418 3763 2480 diversos
3794 2436 3965 2481 mor-

2462 2515 2577 2578 bos
2627 2516 2857 2578 dantur
2902 2523 2965 2578 et
3014 2515 3405 2578 ordinantur.
3453 2517 3715 2590 RursuS‚
3760 2517 3968 2597 gratia

2461 2614 2766 2696 Baptismi
2806 2614 2983 2696 prior
3020 2621 3117 2677 est
3154 2620 3441 2696 tempore
3480 2614 3681 2695 gratia
3714 2614 3965 2678 Confir-

2462 2713 2758 2775 mationis
2813 2731 2827 2774 ε
2878 2730 3029 2793 ergo
3078 2729 3203 2775 non
3264 2719 3413 2774 sunt
3460 2711 3713 2774 realiter
3764 2712 3960 2776 idem.

2458 2811 2717 2883 Iterum,
2775 2811 2899 2873 nisi
2958 2811 3073 2883 sic,
3128 2809 3364 2872 frustra
3422 2809 3965 2873 confirmarentur

2458 2907 2782 2990 baptizati,
2816 2908 2967 2990 quia
2997 2909 3075 2970 de
3110 2926 3275 2970 novo
3312 2908 3405 2970 nil
3442 2909 3767 2989 gratiaeex
3798 2908 3964 2972 Con-

847 3003 933 3064 ni.
967 3003 1294 3077 Praeterea,
1327 3003 1494 3065 sicut
1522 3003 1768 3065 dictum
1807 3010 1905 3065 est
1932 3002 2345 3065 distinctione
2383 3003 2426 3066 C
2458 3007 2823 3070 firmatione
2882 3015 3445 3088 consequerentur.
3497 3005 3813 3088 AmpliuS,
3866 3009 3963 3069 di—

845 3103 1143 3177 secunda‚
1177 3102 1662 3165 sacramentales
1701 3102 1916 3182 gratiae
1949 3101 2030 3164 ab
2067 3103 2343 3165 invicem

845 3202 1325 3283 distinguuntur
1367 3203 1717 3264 secundum
1759 3202 2201 3264 distinctione-s
2242 3221 2343 3264 ac-

846 3308 1028 3363 tuum
1078 3308 1268 3382 atque
1317 3300 1670 3363 effectuum
1716 3301 1794 3362 ad
1839 3317 1998 3382 quos
2046 3300 2343 3364 ordinan-

842 3406 967 3473 tur,
1011 3399 1548 3481 quemadmodum
1591 3407 1654 3461 et
1695 3398 1964 3461 virtutes
1999 3416 2012 3461 :
2048 3399 2342 3480 quamvis

841 3497 1188 3578 gratiarum
1231 3497 1484 3559 illarum
1515 3497 1843 3559 distinctio
1872 3514 2000 3560 non
2036 3497 2123 3559 ita
2152 3515 2343 3579 appa-

841 3604 976 3659 reat
1004 3597 1170 3658 sicut
1199 3597 1510 3659 virtutum
1549 3596 1896 3668 distinctio,
1930 3596 2081 3677 quia
2117 3614 2337 3658 earum

841 3694 1112 3757 effectus
1151 3703 1216 3758 et
1251 3702 1428 3757 actus
1473 3713 1601 3757 non
1646 3702 1796 3757 sunt
1839 3701 1968 3756 tam
2013 3693 2338 3756 manifesti

840 3802 911 3855 ut
939 3801 1116 3856 actus
1145 3794 1560 3857 virtutum.1n
1593 3791 1939 3855 virtutibus
1968 3799 2182 3856 autem
2216 3811 2342 3855 mo-

839 3891 1080 3955 ralibus
1128 3892 1475 3966 cernimuS,
1518 3892 1687 3973 quod
1737 3890 1849 3953 ubi
1898 3897 1993 3952 est
2041 3890 2339 3972 specialis

837 3988 1207 4065 difficultas,
1225 3990 1315 4051 ibi
1345 3997 1410 4052 et
1432 3989 1728 4071 specialis
1761 3997 1857 4051 est
1878 3989 2100 4050 virtus.
2115 3988 2341 4062 Quum-

837 4106 962 4169 que
990 4090 1192 4170 gratia
1215 4088 1732 4152 Confirmationis
1761 4088 2088 4151 ordinetur
2117 4089 2195 4150 ad
2226 4088 2341 4151 dif-

2456 3104 2835 3167 versificatis
2866 3104 3075 3167 causis
3106 3111 3169 3167 et
3198 3103 3419 3185 signiS,
3439 3102 3964 3168 diversificantur

2454 3202 2726 3265 effectus
2757 3210 2821 3265 et
2850 3204 3110 3283 signata.
3128 3204 3533 3265 Sacramenta
3561 3210 3775 3265 autem
3806 3212 3965 3267 sunt

2454 3302 2634 3383 signa
2681 3310 2743 3365 et
2792 3321 2997 3365 causae
3047 3302 3263 3383 gratias
3309 3318 3323 3364 ε
3370 3320 3521 3383 ergo
3570 3302 3635 3364 in
3682 3302 3961 3365 diversis

2452 3401 2866 3463 sacramentis
2897 3400 3163 3463 diversae
3191 3400 3411 3481 gratiae
3438 3400 3962 3463 conferuntur.—

2452 3498 2573 3561 Sed
2606 3500 3025 3581 respondetur
3051 3499 3129 3561 ad
3164 3498 3443 3581 primum
3474 3499 3767 3573 dicendo,
3780 3499 3961 3579 quod

2452 3614 2579 3659 non
2630 3604 2727 3659 est
2772 3596 3005 3670 simile,
3048 3596 3351 3679 quoniam
3398 3597 3601 3677 gratia
3642 3603 3741 3659 est
3787 3595 3963 3659 sicut

2452 3696 2629 3758 radix
2669 3695 3036 3758 ramificans
3080 3695 3141 3757 in
3177 3695 3463 3758 diversos
3492 3695 3800 3758 virtutum
3842 3696 3961 3758 do-

2450 3812 2808 3875 norumque
2852 3792 3127 3867 habitus,
3160 3800 3224 3855 et
3266 3793 3405 3876 ipsa
3448 3793 3631 3876 ponit
3669 3793 3958 3857 animam

2450 3893 2514 3954 in
2560 3910 2699 3954 esse
2745 3891 3063 3973 spirituali
3107 3892 3326 3954 divino
3370 3909 3383 3953 :
3427 3892 3571 3955 ideo
3618 3900 3961 3974 permanet

2450 4009 2597 4064 una,
2631 3991 2798 4053 sicut
2839 3990 3031 4053 unius
3074 4007 3200 4053 non
3246 3998 3341 4053 est
3379 3990 3503 4052 nisi
3542 4009 3742 4053 unum
3784 4011 3952 4055 esse.

2447 4088 2540 4150 Ad
2590 4088 2966 4161 secundum,
3007 4088 3177 4170 quod
3226 4089 3448 4151 eadem
3497 4087 3815 4151 medicina
3858 4090 3957 4153 di-

836 4185 1165 4250 ficillimos
1194 4194 1389 4260 actus,
1405 4194 1475 4248 ut
1504 4194 1600 4249 est
1624 4186 1944 4249 Christum
1977 4194 2339 4250 constanter
2368 4186 2417 4247 D
2448 4186 2806 4250 versimode
2846 4186 3182 4269 applicata,
3217 4192 3424 4268 potest
3456 4187 3741 4250 diversos
3782 4206 3955 4251 mor-

837 4286 1154 4356 confiteri‚
1206 4290 1424 4347 contra
1462 4289 1898 4364 persecutores
1949 4282 2333 4363 consistere3

836 4382 978 4446 ideo
1021 4382 1243 4445 differt
1279 4400 1318 4443 a
1353 4381 1554 4462 gratia
1597 4381 1983 4461 baptismali,
2017 4401 2159 4463 quae
2200 4401 2337 4464 per-

834 4479 976 4543 ficit
1013 4481 1078 4542 in
1119 4478 1591 4562 pertinentibus
1630 4479 1707 4541 ad
1747 4478 2016 4541 salutem
2061 4479 2126 4541 in
2168 4488 2334 4542 statu

835 4579 1182 4662 communi.
1207 4614 1288 4623 —
1314 4578 1459 4641 Haec
1488 4577 1760 4640 Thomas
1790 4576 1855 4639 in
1887 4577 2158 4659 Scripto,
2192 4597 2334 4659 quae

834 4678 1188 4760 procedunt
1225 4676 1575 4740 secundum
1615 4675 1755 4757 ejus
1797 4676 2165 4757 opinionem
2205 4695 2333 4758 qua

833 4777 1046 4859 posuit
1092 4776 1360 4857 gratiam
1409 4774 1932 4837 sacramentalem
1984 4773 2248 4837 differre
2294 4794 2331 4837 a

830 4875 1029 4955 gratia
1056 4876 1368 4937 virtutum
1399 4881 1465 4936 et
1492 4874 1804 4936 donorum
1827 4890 1844 4952 3
1875 4874 2143 4954 gratiam
2175 4891 2330 4955 quo-

830 4990 955 5055 que
1004 4974 1526 5036 sacramentalem
1587 4971 1778 5034 unius
1839 4972 2241 5047 sacramenti,
2293 4991 2330 5035 a

827 5070 1029 5152 gratia
1066 5071 1508 5134 sacramentali
1547 5070 1830 5144 alterius,
1867 5078 2053 5151 prout
2083 5070 2205 5134 hoc
2236 5070 2329 5132 in-

827 5170 923 5232 fra
973 5171 1174 5251 magis
1219 5170 1479 5252 patebit.
1523 5169 1719 5250 Cujus
1763 5169 2086 5251 opinionis
2135 5187 2329 5251 oppo-

827 5269 1020 5331 situm
1065 5268 1246 5330 multi
1293 5273 1511 5330 tenent
1550 5268 1860 5341 doctoreS,
1893 5285 2054 5348 quos
2097 5267 2160 5329 in
2207 5267 2325 5329 hoc

2448 4283 2563 4348 bos
2594 4303 2833 4347 curare.
2868 4284 2962 4346 Ad
2993 4286 3277 4359 tertium,
3310 4286 3481 4366 quod
3521 4285 3691 4348 idem
3726 4303 3958 4350 secun-

2447 4383 2601 4446 dum
2641 4401 2780 4445 esse
2815 4402 3003 4445 suum
3036 4382 3509 4466 imperfectum,
3542 4390 3640 4445 est
3667 4384 3849 4466 prius
3882 4404 3955 4449 se

2447 4481 2586 4562 ipso
2625 4482 2979 4544 secundum
3018 4500 3158 4544 esse
3199 4481 3578 4564 perfectum,
3616 4482 3781 4545 sicut
3819 4483 3955 4547 dis-

2445 4580 2677 4661 positio
2717 4580 2892 4661 prior
2928 4588 3025 4643 est
3059 4580 3304 4655 habitu,
3337 4598 3376 4641 a
3404 4597 3533 4662 quo
3561 4587 3774 4643 tamen
3815 4598 3951 4645 non

2444 4675 2665 4739 differt
2706 4677 2961 4739 realiter
3006 4694 3020 4739 :
3074 4678 3167 4739 sic
3216 4678 3281 4739 in
3338 4677 3563 4740 eodem
3614 4678 3953 4759 supposito

2443 4794 2604 4857 puer
2642 4775 2818 4857 prior
2854 4783 2952 4837 est
2982 4776 3139 4838 viro.
3173 4776 3266 4839 Ad
3308 4783 3628 4857 quartum,
3660 4777 3832 4857 quod
3878 4778 3949 4840 in

2442 4882 2839 4937 sacramento
2870 4873 3385 4938 Confirmationis
3414 4874 3779 4957 praecedens
3806 4892 3951 4956 gra-

2441 4972 2530 5034 tia
2572 4972 2972 5055 baptismalis
3017 4972 3354 5055 perficitur
3391 4981 3455 5037 et
3492 4981 3781 5055 augetur,
3815 4976 3947 5039 nisi

2441 5070 2604 5133 obex
2632 5090 2710 5133 ex
2742 5080 2919 5153 parte
2946 5071 3307 5135 confirmati
3342 5080 3627 5155 ponatur.
3643 5072 3738 5135 Ad
3764 5074 3946 5154 quin-

2439 5177 2601 5243 tum,
2636 5168 2806 5251 quod
2844 5170 3066 5231 eadem
3110 5188 3299 5232 causa
3336 5177 3435 5233 est
3472 5170 3757 5252 plurium
3798 5188 3948 5233 cau-

2441 5286 2529 5340 sa,
2573 5274 2637 5329 et
2680 5268 2849 5330 idem
2896 5274 3103 5350 potest
3146 5268 3345 5331 multa
3388 5268 3776 5351 significare,
3822 5288 3944 5333 nec
