4267 6250
1439 1054 2347 1179 EPITOMAE

347 1408 734 1455 smcnmnmt
807 1406 1275 1452 mszC'riont
1341 1405 1500 1450 LIBRI
1568 1403 1792 1459 QUARTI
1872 1401 2359 1459 SENTENUARUM,
2433 1400 2552 1447 CUM
2629 1401 2919 1448 VERSIBUS
2998 1400 3450 1447 MEMORIALIBUS

465 1514 810 1562 cmmsslm
861 1514 990 1560 vim
1043 1513 1310 1560 ARNOLm
1363 1512 1776 1567 VESAUENSIS,
1835 1509 2189 1556 THEOLOGIAE
2256 1509 2331 1554 ΕΤ
2394 1509 2580 1556 'rmum
2644 1509 2999 1555 LINGUARUH
3062 1508 3446 1564 PERrrlssml,

463 1623 752 1670 CANoNlct
802 1623 1099 1678 QUONDAM
1150 1621 1668 1667 METROPOLITANAE
1720 1618 2019 1664 nocuistis:
2071 1616 2461 1663 coLonNSIS

2515 1617 2529 1662 ἶ
2581 1615 2817 1674 PAUCIS,
2863 1616 3015 1672 Quos
3067 1616 3199 1662 ILLE
3247 1615 3449 1662 noum

463 1732 834 1778 PRAEVENTUS
877 1730 1000 1777 NON
1041 1729 1455 1785 ABSOLVBRAT,
1496 1729 1538 1773 A
1581 1726 1870 1774 swmoso
1912 1726 2165 1782 QUODAH
2204 1724 2506 1772 ADJECTIS.

732 2295 1161 2360 DISTINCTIO
1202 2295 1455 2358 PRIMA.

665 2429 1098 2494 Samaritanus
1149 2427 1348 2502 enim,
1400 2435 1519 2490 etc.

475 2620 623 2678 UUM
658 2618 718 2674 in
753 2618 864 2674 hoc
892 2619 1100 2689 quarto
1129 2615 1560 2673 Sententiarum
1599 2613 1746 2670 libro
1775 2615 1847 2672 de

500 2705 1027 2766 sacramentalibus
1082 2706 1267 2779 signis
1321 2706 1696 2762 tractandum
1753 2703 1844 2770 sit,

341 2800 570 2872 adjecto
607 2800 680 2854 de
718 2795 910 2853 finalis
945 2795 1159 2869 judicii
1199 2793 1597 2859 retributione,
1632 2794 1692 2849 in
1730 2795 1848 2866 pri-

342 2888 458 2944 mis
491 2887 922 2944 advertendum
960 2888 1065 2950 est,
1096 2886 1253 2957 quod
1295 2887 1730 2941 sacramentum
1759 2885 1849 2957 (ut

339 2977 620 3050 sumitur)
665 2979 754 3033 est
797 2991 978 3032 sacras
1025 2974 1108 3032 rei
1163 2973 1420 3047 signum.
1469 2975 1666 3047 Neque
1708 2990 1844 3030 vero

341 3084 516 3127 omne
551 3068 794 3141 signum
831 3067 1266 3122 sacramentum
1304 3067 1409 3130 est,
1439 3065 1540 3120 sed
1579 3065 1735 3137 quod
1772 3079 1844 3120 ex

342 3158 712 3215 institutione
738 3156 1045 3230 significat,
1062 3171 1270 3229 gerens
1297 3153 1519 3220 scilicet
1545 3153 1628 3209 rei
1657 3153 1848 3227 signa·

342 3252 416 3305 1ae
452 3245 926 3309 similitudinem,
967 3244 1204 3317 signum
1248 3243 1426 3300 simul
1470 3242 1751 3301 exsistens
1789 3246 1847 3300 et

343 3354 538 3393 causa.
568 3337 668 3391 Est
694 3350 833 3407 ergo
863 3333 1170 3390 invisibilis
1209 3332 1410 3407 gratioe
1439 3330 1627 3389 forma
1653 3332 1846 3389 visibi-

345 3425 433 3490 lis,
465 3426 730 3499 ejusdem
765 3423 967 3498 gratiae
996 3440 1200 3497 gerens
1231 3422 1552 3496 imaginem
1585 3426 1641 3479 et
1668 3439 1843 3479 causa

1873 2291 1926 2354 A
1955 2292 2136 2356 cebat,
2168 2294 2301 2349 ante
2343 2305 2473 2348 eam
2510 2293 2709 2348 tamen
2749 2291 2967 2356 datam,
2999 2288 3059 2346 in
3098 2289 3213 2347 fide
3250 2305 3455 2363 paren·

1953 2383 2080 2437 tum
2122 2379 2287 2452 pueri
2326 2379 2534 2436 salvari
2574 2383 2856 2453 poterant.

1956 2486 2101 2545 Quid
2132 2489 2550 2538 sacramentum
2578 2485 2666 2536 vel
2698 2486 2773 2538 sit
2798 2485 2885 2536 vel
2915 2486 3112 2551 prosit,
3144 2486 3365 2538 abunde

2019 2558 2240 2610 Enodat
2269 2558 2453 2623 quarti
2484 2558 2660 2609 sectio
2690 2557 2874 2623 prima
2902 2557 3045 2608 libri.

2435 2746 2862 2810 DISTINCTIO
2904 2748 2975 2810 II.

2045 2881 2185 2943 Jam
2226 2880 2305 2942 ad
2348 2887 2747 2943 sacramenta
2789 2896 2969 2944 novae
3011 2879 3191 2962 legis,
3232 2887 3351 2943 etc.

2065 3059 2289 3115 ΕΡΊῈΜ
2328 3061 2465 3115 sunt
2500 3073 2664 3115 novas
2705 3057 2848 3133 legis
2886 3061 3254 3116 sacramenta
3292 3075 3305 3116 :
3345 3060 3453 3116 Ba·

2092 3148 2343 3221 ptismus
2380 3147 2615 3213 scilicet,
2646 3148 3039 3213 Confirmatio,
3067 3148 3448 3216 Eucharistia,

1952 3238 2317 3303 Poenitentia‚
2356 3237 2563 3294 Unctio
2610 3238 2900 3303 Extrema,
2941 3238 3095 3295 Ordo
3142 3240 3199 3295 et
3243 3238 3453 3313 Conju-

1953 3329 2134 3401 gium.
2169 3330 2425 3395 Quorum
2458 3328 2695 3401 quidem
2738 3327 2855 3385 alia
2890 3328 3219 3387 remedium
3250 3333 3453 3386 contra

1952 3422 2254 3491 peccatum
2296 3418 2558 3489 praebent
2600 3420 2657 3474 et
2704 3418 2953 3491 gratiam
3003 3417 3310 3476 conferunt
3350 3420 3452 3475 ad·

347 3515 648 3573 exsistens.
692 3516 773 3571 Ea
820 3516 1054 3586 propter
1099 3516 1158 3569 et
1198 3513 1406 3569 veteris
1462 3510 1606 3584 legis
1650 3528 1843 3568 sacra·
1876 3502 1922 3564 B
1941 3507 2241 3579 Jutricem,
2292 3509 2355 3562 ut
2402 3506 2766 3578 Baptismus;
2816 3506 2933 3562 alia
2975 3523 3110 3563 vero
3157 3508 3217 3563 in
3270 3523 3454 3565 reme-

345 3608 544 3661 menta
572 3619 704 3676 quae
729 3602 922 3660 solum
958 3602 1384 3675 significabant,
1416 3616 1532 3657 non
1569 3600 1846 3657 dicuntur

343 3694 574 3768 proprie
603 3696 989 3750 sacramenta.
1021 3694 1370 3764 Quanquam
1400 3693 1595 3748 autem
1626 3690 1842 3762 absque

341 3784 725 3841 sacramentis
765 3784 917 3839 Deus
963 3781 1192 3838 homini
1240 3780 1489 3854 gratiam
1533 3781 1670 3837 dare
1713 3796 1844 3852 pos-

343 3879 446 3939 set,
465 3876 540 3931 ob
569 3872 1038 3930 humiliationem
1071 3875 1268 3927 tamen
1297 3869 1555 3927 hominis
1582 3870 1691 3927 sub
1720 3886 1846 3927 sen—

340 3965 609 4023 sibilibus
659 3962 961 4025 creaturis,
1015 3978 1084 4017 ac
1130 3961 1395 4033 eiusdem
1451 3959 1840 4017 eruditionem

341 4073 458 4127 qna
489 4072 596 4127 per
625 4053 752 4109 haec
779 4054 856 4109 ad
891 4049 1204 4107 invisibilia
1233 4051 1636 4123 cognoscenda
1670 4049 1843 4121 proti-

343 4144 476 4207 ciat,
515 4146 575 4201 et
619 4143 692 4198 ob
737 4141 924 4213 ipsius
967 4139 1463 4202 exercitationem,
1507 4155 1579 4195 ne
1624 4137 1844 4195 scilicet

345 4250 446 4305 per
482 4231 668 4288 otium
710 4232 786 4286 ad
827 4229 1028 4302 pejora
1066 4227 1374 4291 dilabatur,
1405 4226 1670 4283 instituta
1708 4228 1842 4283 sunt

344 4323 716 4377 sacramenta
765 4318 828 4374 in
883 4318 1060 4374 rebus
1105 4319 1160 4373 et
1204 4316 1391 4373 verbis
1445 4314 1838 4372 consistentia.

343 4409 621 4481 Denique,
653 4424 835 4481 quum
879 4422 1044 4463 novae
1084 4405 1229 4479 legis
1268 4407 1636 4460 sacramenta
1679 4421 1714 4460 a
1749 4421 1842 4461 ve—

343 4498 562 4556 teribus
593 4496 652 4553 in
683 4496 796 4553 hoc
822 4496 1056 4559 distent,
1088 4496 1244 4567 quod
1275 4493 1400 4551 haec
1428 4493 1674 4551 salutem
1707 4508 1842 4551 con·

343 4587 552 4651 ferunt,
587 4586 688 4643 illa
727 4588 922 4643 autem
969 4584 1160 4641 solum
1204 4581 1650 4655 promittebant;
1691 4582 1845 4638 inter

1953 3595 2116 3653 dium
2160 3599 2391 3652 tantum
2436 3598 2591 3661 sunt,
2630 3598 2697 3651 ut
2732 3594 3115 3668 ConJugium3
3158 3595 3272 3653 alia
3316 3614 3451 3653 vero

1953 3684 2142 3757 gratia
2178 3688 2236 3741 et
2269 3684 2481 3740 virtute
2520 3700 2625 3739 nos
2661 3683 2927 3749 fulciunt,
2960 3688 3026 3741 ut
3058 3685 3212 3742 Ordo
3248 3688 3307 3742 et
3342 3686 3452 3743 Eu-

1953 3774 2244 3831 charistia.
2277 3774 2419 3849 Quae
2448 3772 2579 3829 ideo
2608 3776 2737 3845 post
2763 3772 2971 3829 Christi
3011 3775 3327 3833 adventum
3368 3775 3453 3830 in-

1949 3866 2151 3922 stituta
2179 3868 2333 3927 sunt,
2360 3864 2501 3937 quia
2528 3880 2597 3921 ex
2626 3863 2807 3936 ipsius
2836 3864 3102 3936 passione
3132 3863 3448 3921 efficaciam

1951 3956 2157 4011 sortita
2184 3958 2338 4011 sunt.
2360 3953 2709 4027 Conjugium
2740 3957 2936 4009 tamen
2967 3953 3145 4010 etiam
3176 3952 3317 4010 olim
3348 3971 3452 4010 an-

1950 4049 2006 4101 te
2053 4048 2354 4115 peccatum
2402 4043 2732 4099 institutum
2777 4046 2879 4109 est,
2912 4043 2971 4097 in
3014 4048 3449 4101 sacramentum

1951 4134 2173 4191 scilicet
2200 4136 2257 4189 et
2284 4132 2573 4199 officium3
2605 4134 2735 4204 post
2762 4134 3063 4204 peccatum
3094 4148 3247 4198 vero,
3272 4132 3451 4189 etiam

1951 4225 2008 4281 in
2051 4223 2303 4282 carnalis
2340 4221 2825 4295 concupiscentits
2860 4221 3168 4280 ordinatur
3202 4224 3451 4280 remedi-

1949 4332 2072 4373 um.
2105 4316 2185 4372 De
2222 4312 2520 4385 Baptismo
2557 4316 2751 4370 autem
2796 4311 3203 4369 sacramentali
3250 4315 3455 4369 notan-

1952 4407 2114 4471 dum,
2147 4405 2304 4477 quod
2342 4405 2419 4459 ad
2458 4402 2651 4475 ipsum
2689 4402 3017 4473 baptismus
3052 4403 3291 4459 Joannis
3329 4407 3453 4460 erat

1952 4492 2401 4565 praeparatorius
2455 4508 2468 4547 ε
2524 4490 2621 4549 ille
2676 4491 2836 4548 enim
2895 4490 2955 4547 in
3012 4508 3166 4563 aqua
3216 4494 3448 4549 tantum

1951 4582 2196 4645 lavabat,
2229 4597 2346 4636 non
2385 4584 2581 4637 autem
2614 4584 2851 4651 peccata
2890 4580 3221 4648 relaxabat;
3252 4580 3451 4654 sicque

341 4694 408 4733 ea
451 4680 653 4732 tamen
693 4673 1074 4731 Circumcisio
1119 4673 1238 4747 egit
1283 4675 1439 4745 quod
1487 4674 1664 4728 modo
1705 4670 1845 4727 facit
1876 4669 1920 4733 C
1950 4674 2026 4729 ad
2055 4670 2264 4727 Christi
2292 4670 2650 4741 baptismum
2680 4670 2947 4726 homines
2976 4670 3454 4743 disponebat.Ba-

340 4764 674 4839 Baptismus
722 4765 918 4837 quoad
965 4763 1150 4834 culpa}
1201 4761 1568 4826 deletionem,
1608 4777 1724 4817 non
1760 4763 1844 4818 ta·

343 4871 476 4911 men
505 4852 670 4927 regni
704 4852 1087 4925 apertionem.
1109 4852 1250 4917 Quoe
1279 4852 1416 4907 data
1443 4851 1692 4908 Abrahae
1710 4852 1840 4923 jam

342 4944 558 5007 adulto,
571 4946 776 4999 octavo
807 4940 1126 4997 nativitatis
1155 4940 1248 4997 die
1278 4940 1463 4997 cultro
1494 4940 1718 5012 petrino
1747 4956 1844 5011 po·

343 5032 548 5089 sterius
593 5030 720 5087 fieri
771 5029 1020 5086 debebat
1057 5045 1070 5084 t
1109 5028 1234 5087 sine
1271 5045 1388 5101 qua
1431 5028 1480 5084 si
1525 5045 1668 5100 puer
1708 5031 1842 5085 ante

349 5121 500 5178 diem
549 5122 824 5177 octavum
887 5118 1148 5182 decessit,
1197 5120 1268 5175 de
1315 5134 1382 5175 eo
1429 5122 1494 5175 ut
1540 5119 1717 5174 modo
1773 5119 1844 5174 de

351 5209 600 5283 parvulis
637 5225 758 5265 non
798 5206 1102 5277 baptizatis
1137 5206 1328 5263 fiebat.
1360 5206 1636 5273 Quamvis
1663 5206 1722 5261 in
1753 5223 1845 5262 ca·

353 5316 418 5355 su
453 5298 662 5356 mortis
697 5295 1024 5367 anticipare
1061 5294 1202 5352 forte
1232 5294 1744 5353 circumcisionem
1777 5295 1848 5351 li·

1953 4762 2205 4835 ptizabat
2259 4760 2455 4815 autem
2502 4759 2754 4815 Joannes
2801 4758 2859 4814 in
2919 4758 3157 4815 nomine
3200 4759 3447 4827 venturi,

1951 4850 2174 4907 scilicet
2199 4846 2429 4905 Christi.
2462 4850 2548 4903 An
2575 4864 2711 4905 vero
2747 4848 3039 4919 baptismo
3070 4847 3169 4904 illo
3197 4848 3453 4920 baptiza-

1953 4940 2013 5003 ti,
2047 4937 2443 5009 rebaptizandi
2472 4940 2679 5002 essent,
2714 4954 2894 4994 necne
2927 4953 2939 4992 :
2971 4936 3241 5011 Magister
3268 4939 3340 4995 de
3367 4938 3451 4995 eis

1953 5027 2052 5100 qui
2084 5028 2143 5083 in
2180 5026 2302 5099 ipso
2331 5043 2495 5099 spem
2535 5042 2649 5081 non
2692 5027 3000 5098 ponebant,
3034 5023 3345 5098 perfectam
3380 5028 3453 5084 de

1954 5116 2167 5174 divinis
2211 5114 2473 5187 personis
2514 5116 2687 5171 fidem
2730 5115 3029 5179 babentes,
3058 5114 3321 5187 negative
3364 5133 3453 5172 re·

1954 5207 2219 5277 spondet,
2271 5205 2538 5277 quamvis
2585 5206 2656 5261 de
2702 5203 2834 5260 aliis
2881 5205 3176 5261 concedat.
3224 5204 3337 5260 Sed
3391 5204 3449 5259 in

1957 5294 2066 5351 hoc
2095 5294 2217 5367 ipse
2244 5292 2512 5367 Magister
2548 5309 2665 5350 non
2698 5295 2945 5350 tenetur.
2976 5293 3121 5367 Nam
3160 5293 3452 5365 baptismo
