4267 6250
589 2093 608 2111 ⁶
629 2090 708 2134 Gui

613 2167 666 2196 us

713 2095 833 2134 tmun

873 503 994 568 270
1556 521 1618 568 m
1659 519 1880 566 meaux
1923 521 1984 566 ιν
2025 518 2509 565 saun-mmmm
2552 537 2633 546 —
2674 519 2829 566 msr.
2870 518 2951 580 13
2995 518 3219 574 Quffisr.
3260 520 3299 564 v

873 693 941 756 in
971 691 1322 775 quantitate
1353 691 1608 766 minori,
1642 709 1760 754 nec
1801 691 1868 754 in
1899 689 2112 774 specie
2140 689 2369 772 glorio·
2398 691 2449 755 A
2479 689 2903 773 aptitudinem
2942 697 3013 751 ut
3044 689 3129 752 ita
3166 707 3479 772 apparens
3513 687 3997 762 comederetur,

871 810 939 854 sa
974 809 988 852 ε
1022 791 1174 872 quia
1203 791 1269 853 in
1300 797 1608 873 potestate
1637 790 1920 872 corporis
1947 788 2209 871 gloriosi
2248 795 2365 858 est,
2481 806 2605 851 non
2639 787 2829 851 debet
2866 788 3033 851 sumi
3074 787 3154 851 ab
3186 805 3263 851 eo
3300 787 3404 849 cui
3438 786 3525 849 ita
3550 793 3843 869 apparet,
3878 786 4001 848 sed

870 896 941 951 ut
983 909 1051 952 se
1089 888 1380 952 ostendat
1425 889 1490 950 in
1533 896 1666 952 toto
1703 889 1805 950 vel
1851 887 1917 951 in
1962 895 2162 971 parte,
2195 894 2259 950 et
2302 886 2367 949 in
2480 886 2561 949 ab
2609 886 2735 950 alio
2782 887 2885 949 cui
2938 885 3059 949 sub
3106 886 3319 968 specie
3368 885 3552 968 panis
3598 891 3889 967 apparet.
3928 884 4000 946 Si

868 987 1084 1070 specie
1112 986 1386 1069 gloriosa
1421 1005 1533 1049 seu
1573 1005 1699 1050 non
1738 987 2030 1068 gloriosa.
2067 985 2189 1048 Sed
2217 985 2371 1068 quia
2480 992 2693 1048 autem
2740 984 3043 1047 omnibus
3087 985 3152 1046 in
3200 983 3409 1046 carnis
3452 983 3665 1065 specie
3712 1001 3999 1065 appare-

871 1085 1232 1148 immutatio
1289 1084 1465 1146 visus
1522 1084 1603 1147 ab
1660 1083 1877 1168 aliquo
1932 1101 2197 1166 corpore
2255 1101 2369 1165 per
2482 1092 2597 1158 ret,
2643 1090 2810 1146 esset
2858 1102 3008 1145 cum
3055 1082 3346 1165 reliquiis
3394 1081 3861 1164 reponendum.
3912 1116 4001 1126 —

871 1183 1176 1256 medium,
1213 1182 1287 1245 fit
1317 1201 1433 1265 per
1462 1189 1822 1246 contactum
1855 1182 1996 1264 ejus
2026 1181 2197 1265 quod
2227 1200 2368 1244 sen·
2482 1182 2602 1246 Sed
2634 1181 2829 1262 objici
2863 1188 3091 1264 potest,
3115 1181 3267 1264 quia
3295 1180 3647 1243 secundum
3678 1197 3996 1252 canoneS,

869 1281 1044 1355 titur,
1077 1282 1156 1343 ad
1207 1281 1490 1344 medium
1543 1299 1670 1362 quo
1717 1281 2010 1356 sentitur,
2051 1279 2369 1363 oportebit
2482 1280 2773 1344 sacerdos
2824 1279 2933 1361 qui
2978 1278 3279 1353 celebrat,
3311 1277 3499 1342 debet
3541 1278 3711 1361 quod
3764 1295 3999 1340 conse-

869 1381 1225 1444 secundum
1265 1380 1385 1443 hoc
1425 1380 1658 1454 dicere,
1703 1381 1872 1464 quod
1913 1397 2145 1462 corpus
2194 1378 2371 1443 Chri·
2480 1387 2614 1442 crat
2662 1396 2916 1441 sumere
2964 1395 2978 1440 ε
3025 1377 3197 1460 quod
3247 1395 3373 1440 non
3424 1385 3637 1459 posset
3684 1377 3995 1459 implere,

871 1479 951 1540 sti
991 1478 1172 1559 juxta
1215 1479 1335 1542 hoc
1379 1485 1593 1560 tangat
1641 1477 1924 1542 medium
1971 1477 2260 1550 visioniS,
2306 1483 2370 1539 et
2482 1477 2606 1539 nisi
2652 1477 2811 1540 illud
2852 1483 3135 1539 sumeret
3182 1475 3351 1557 quod
3396 1475 3461 1538 in
3510 1474 3723 1558 specie
3772 1476 4000 1538 carnis

872 1595 988 1659 per
1034 1595 1432 1658 consequens
1479 1576 1560 1639 sit
1606 1575 1696 1640 ibi
1744 1577 1927 1659 quasi
1969 1575 2035 1638 in
2085 1575 2225 1639 loco
2258 1591 2272 1636 :
2307 1582 2370 1636 et
2480 1581 2762 1658 apparet.
2798 1574 3176 1648 Dicendum,
3209 1574 3377 1656 quod
3430 1573 3495 1635 in
3540 1573 3648 1635 tali
3693 1593 3849 1636 casu
3894 1592 3999 1636 sa—

876 1676 982 1750 ita,
1034 1676 1202 1757 quod
1253 1676 1352 1739 vel
1412 1675 1605 1738 simul
1663 1675 1747 1738 sit
1805 1675 1872 1738 in
1924 1674 2223 1757 pluribus
2280 1673 2369 1737 lo·
2482 1675 2704 1738 cerdos
2753 1673 2943 1738 debet
2991 1675 3221 1737 iterum
3272 1673 3615 1747 celebrare,
3662 1680 3735 1734 ut
3781 1673 3999 1756 aliqui

873 1774 987 1849 cis,
1021 1774 1121 1836 vel
1155 1773 1323 1857 quod
1369 1773 1652 1836 localiter
1691 1781 1936 1837 motum
1977 1773 2059 1836 sit
2098 1773 2177 1835 de
2208 1772 2371 1835 coelo
2482 1774 2737 1853 dicunt;
2771 1783 2835 1837 et
2871 1775 2923 1836 si
2964 1774 3245 1837 secundo
3288 1774 3455 1836 idem
3499 1773 3847 1854 contingat,
3882 1773 3998 1834 de·

874 1873 1302 1952 descendens3
1336 1873 1506 1955 quod
1543 1879 1756 1934 tamen
1788 1890 1912 1936 non
1947 1879 2043 1934 est
2082 1870 2371 1954 impossi—
2406 1875 2453 1936 B
2482 1872 2592 1936 bet
2621 1873 2807 1937 tertio
2838 1873 3178 1935 celebrare.
3204 1872 3327 1935 Alii
3364 1889 3511 1936 vero
3540 1871 3785 1946 dicunt,
3812 1872 4001 1953 quod

874 1966 1005 2030 bile
1035 1969 1114 2031 ei.
1149 2005 1230 2014 —
1259 1968 1377 2032 Sed
1409 1969 1560 2033 huic
1590 1969 1806 2034 obviat
1836 1970 2004 2051 quod
2037 1968 2372 2033 Gerimun-
2484 1972 2549 2033 in
2596 1971 2705 2034 tali
2748 1991 2899 2035 casu
2942 1970 3190 2034 sufficit
3238 1970 3642 2034 manducatio
3688 1970 4001 2052 spiritua-

835 2066 1035 2129 .dus*
1079 2067 1254 2142 dicit,
1309 2068 1476 2149 quod
1524 2067 1602 2130 de
1653 2068 1998 2132 multorum
2047 2067 2375 2149 episcopo-
2484 2070 2599 2150 lis3
2632 2087 2751 2132 nec
2790 2070 2931 2133 ideo
2973 2068 3259 2132 efficitur
3298 2068 3590 2132 sacerdos
3634 2075 3999 2150 transgres-

876 2183 1018 2226 rum
1085 2166 1373 2240 consilio,
1433 2166 1779 2248 sigillatum
1839 2165 1962 2229 fuit
2022 2166 2143 2229 hoc
2202 2165 2372 2248 quod
2483 2187 2587 2232 sor
2644 2169 2963 2232 canonicae
3021 2168 3515 2242 constitutioniS,
3564 2167 3715 2250 quia
3772 2168 3857 2230 ad
3920 2187 4001 2230 ea

875 2263 1224 2345 apparebat
1282 2264 1347 2326 in
1399 2264 1611 2347 specie
1669 2264 1953 2348 corporis
2003 2263 2259 2338 Christi,
2310 2271 2375 2326 et
2483 2287 2625 2350 quae
2667 2268 3067 2350 frequentius
3096 2267 3416 2340 accidunt,
3450 2266 3619 2347 leges
3657 2273 3993 2348 aptantur.

874 2362 1155 2443 positum
1204 2363 1271 2425 in
1315 2362 1496 2425 altari
1543 2381 1656 2425 seu
1702 2363 1766 2424 in
1817 2363 2048 2446 pyxide
2097 2380 2372 2424 reserva·
2482 2403 2563 2412 —
2602 2367 2745 2430 Haec
2788 2366 3059 2430 Thomas
3105 2367 3169 2428 in
3214 2365 3483 2447 Scripto.

871 2467 1010 2522 tum
1049 2460 1188 2523 fuit.
1227 2460 1469 2545 Corpus
1509 2470 1722 2525 autem
1764 2461 2018 2534 Christi,
2051 2461 2105 2524 si
2148 2460 2236 2523 ibi
2277 2479 2376 2525 es—

869 2566 966 2622 set
995 2559 1301 2636 localiter,
1335 2569 1672 2645 postquam
1711 2561 2131 2644 apparuisset,
2166 2560 2375 2643 dispa-

869 2666 1056 2733 reret,
1091 2659 1258 2722 sicut
1289 2660 1555 2743 contigit
1594 2660 1929 2743 discipulis
1960 2659 2265 2722 euntibus
2306 2659 2372 2722 in
2932 2639 3409 2714 QUAESTIO
3480 2639 3539 2702 V

871 2757 1193 2834 EmmauS‚
1247 2778 1365 2822 nec
1414 2766 1844 2822 reservaretur
1893 2758 2236 2821 inclusum.
2276 2758 2371 2820 Id·

869 2874 946 2919 eo
979 2857 1268 2920 securius
1299 2859 1552 2921 videtur
1595 2857 1961 2932 dicendum,
1994 2857 2167 2940 quod
2206 2857 2373 2919 sicut
2624 2857 2815 2921 Ursus
2840 2859 2946 2921 hic
2970 2859 3427 2941 quaeritur,An
3456 2873 3743 2941 eorpus
3764 2859 4003 2927 clu-1-

873 2955 1126 3036 quando
1157 2955 1491 3018 videbatur
1521 2973 1752 3038 corpus
1793 2955 2025 3020 Christi
2061 2955 2125 3018 in
2157 2955 2371 3038 specie
2654 2958 2761 3024 sti
2810 2959 2894 3025 111
2948 2959 3442 3025 sacramento
3494 2959 3887 3037 tang-atur
3948 2974 4001 3026 a

873 3052 1079 3134 panis,
1102 3060 1282 3114 erant
1310 3052 1434 3117 illae
1465 3053 1896 3116 dimensiones
1926 3052 2367 3127 subsistentes,
2408 3056 2453 3121 C
2484 3058 2747 3139 speeie
2804 3055 3361 3123 sacramentali
3418 3055 3565 3123 sub
3620 3071 3779 3139 qua
3836 3059 3997 3139 est,

872 3157 1060 3232 atque
1089 3150 1156 3213 in
1188 3150 1315 3213 illis
1344 3152 1469 3214 alia
1497 3152 1825 3215 sensibilia
1853 3152 2209 3215 accidentia
2236 3151 2374 3214 fun·
2480 3156 2615 3222 vel
2655 3157 2881 3235 tang-1
2922 3156 3196 3237 possit.

872 3247 1330 3328 dabantur3sic
1360 3249 1486 3313 illae
1515 3250 1753 3313 eaedem
1784 3250 2216 3313 dimensiones
2248 3270 2372 3313 ma·
2561 3254 2825 3317 Videtur
2873 3254 3040 3336 quod
3100 3252 3214 3328 sic,
3265 3252 3569 3335 quoniam
3627 3254 3793 3316 inter
3842 3274 3997 3337 spe-

872 3356 1046 3420 nent,
1079 3348 1301 3430 eisque
1343 3348 1468 3411 alia
1510 3347 1840 3412 sensibilia
1876 3349 2231 3412 accidentia
2266 3368 2367 3412 su·
2482 3353 2647 3415 ciem
2700 3352 2875 3414 illam
2923 3360 2987 3413 et
3028 3369 3259 3433 corpus
3302 3350 3535 3414 Christi
3584 3351 3836 3414 nullum
3888 3362 3997 3415 est

872 3444 1310 3526 perducuntur
1351 3446 1571 3509 divina
1611 3447 1865 3523 virtute,
1899 3467 2042 3530 quae
2085 3448 2367 3531 speeiem
2484 3450 2790 3525 medium,
2823 3457 2888 3513 et
2918 3450 3003 3512 ita
3030 3469 3099 3513 se
3126 3457 3415 3530 tangunt.
3446 3486 3527 3495 —
3554 3451 3813 3525 lterum,
3846 3468 3998 3514 cor-

870 3543 1080 3606 carnis
1120 3544 1542 3627 praetendunt,
1578 3546 2116 3628 quemadmodum
2156 3545 2369 3628 priora
2482 3568 2603 3631 pus
2652 3549 2885 3611 Christi
2934 3556 3221 3631 tempore
3278 3548 3615 3613 dominicae
3665 3549 3995 3631 passionis

867 3641 1218 3705 accidentia
1277 3643 1754 3725 praetendebant
1809 3645 2091 3727 speeiem
2144 3644 2365 3726 panis3
2482 3654 2727 3730 poterat
2764 3666 2903 3709 esse
2944 3663 3019 3708 ac
3067 3646 3376 3709 reservari
3429 3646 3493 3708 in
3543 3646 3819 3729 pyxide3
3862 3666 3995 3711 nec

866 3748 1201 3823 potestque
1249 3760 1388 3804 esse
1427 3743 1596 3823 quod
1644 3749 1862 3825 postea
1899 3742 2122 3805 eadem
2170 3741 2368 3804 virtu—
2482 3744 2571 3807 ibi
2632 3744 2969 3807 mansisset
3013 3744 3257 3819 vivum,
3310 3744 3450 3826 ipso
3498 3744 3863 3827 exspirante
3920 3745 3993 3809 in

867 3845 950 3913 te,
986 3840 1431 3903 recedentibus
1463 3840 1903 3904 accidentibus
1941 3841 2071 3904 illis
2108 3841 2371 3904 redeant
2482 3862 2671 3905 cruce
2705 3862 2719 3907 :
2753 3860 2904 3924 ergo
2934 3842 3162 3904 fuisset
3193 3841 3431 3904 ibidem
3471 3860 3729 3925 passum
3764 3850 3833 3906 et
3858 3844 3996 3907 cla-

866 3938 1220 4001 accidentia
1278 3938 1484 4022 paniS,
1544 3958 1746 4023 quum
1805 3948 1870 4002 et
1933 3940 2207 4003 naturali
2266 3958 2367 4002 ac·
2481 3943 2578 4005 vis
2622 3941 2971 4016 confixum,
3005 3960 3079 4003 ac
3118 3959 3233 4023 per
3272 3957 3668 4025 consequens
3711 3949 3987 4007 tactum.

866 4036 1039 4100 tione
1087 4037 1406 4099 interdum
1456 4036 1714 4120 aliquod
1757 4036 2185 4100 accidentium
2230 4038 2367 4101 illo·
2478 4042 2607 4105 Nec
2640 4060 2839 4104 unum
2870 4048 2934 4104 et
2963 4040 3133 4103 idem
3165 4058 3437 4103 numero
3466 4057 3697 4122 corpus
3734 4048 3994 4123 poterat

870 4154 1012 4198 rum
1054 4135 1382 4198 immutari
1421 4142 1658 4216 posset,
1690 4135 2202 4199 dimensionibus
2239 4155 2367 4199 ma·
2481 4139 2674 4202 simul
2718 4139 2891 4220 tangi
2934 4147 2996 4202 et
3039 4156 3165 4202 non
3209 4138 3401 4220 tangi.

872 4233 1195 4307 nentibuS,
1243 4240 1314 4295 ut
1361 4234 1516 4296 odor
1561 4240 1672 4295 aut
1719 4250 1908 4316 sapor
1948 4234 2104 4309 vini,
2154 4235 2207 4297 si
2258 4236 2365 4298 diu
2398 4238 2449 4302 D
2560 4239 2629 4301 In
2677 4238 3044 4320 oppositum
3092 4243 3211 4311 est,
3253 4238 3423 4320 quod
3468 4236 3700 4301 Christi
3744 4256 3991 4322 corpus

873 4339 1226 4394 serventur.
2480 4356 2607 4402 non
2638 4345 2734 4400 est
2764 4338 2831 4401 in
2862 4344 3249 4400 sacramento
3277 4335 3667 4417 tangibiliter
3694 4344 3763 4399 et
3789 4356 3993 4421 quan·

953 4430 1258 4494 Praeterea
1300 4430 1606 4513 quaeritur
1645 4430 1814 4493 circa
1857 4430 1999 4506 hoc,
2029 4451 2111 4495 an
2152 4432 2216 4495 in
2260 4432 2370 4495 tali
2480 4436 2743 4499 titative.

871 4547 1022 4591 casu
1070 4529 1456 4592 sumendum
1499 4529 1582 4592 sit
1625 4538 2093 4593 sacramentum
2139 4532 2224 4594 ita
2264 4551 2372 4614 ap-

869 4648 1118 4712 parenS.
1161 4628 1537 4704 Dicendum,
1581 4629 1750 4710 quod
1793 4648 1946 4693 usus
1985 4630 2367 4694 sacramenti
2558 4633 2651 4696 Ad
2696 4632 2817 4696 hoc
2862 4632 3203 4714 respondet
3250 4630 3559 4694 Henricus
3601 4630 3987 4705 Quodlibeto

866 4736 1229 4811 competere
1257 4728 1447 4792 debet
1479 4729 1756 4793 materiae
1787 4731 2371 4805 sacramenti,sicut
2480 4732 2690 4814 primo
2723 4750 2737 4795 :
2772 4731 3032 4813 Oportet
3062 4730 3166 4793 hic
3199 4731 3409 4814 primo
3438 4730 3624 4805 scire,
3656 4734 3987 4813 quomodo
4072 4761 4175 4813 4⁵.

863 4827 1109 4891 ablutio
1163 4846 1344 4910 aquae
1404 4828 1470 4890 in
1525 4828 1866 4910 Baptismo.
1931 4827 2006 4890 Et
2063 4830 2369 4910 quoniam
2479 4849 2703 4893 verum
2734 4829 2965 4894 Christi
3006 4848 3239 4911 corpus
3276 4829 3469 4892 habet
3502 4847 3639 4892 esse
3672 4828 3795 4891 sub
3834 4850 3983 4913 spe-

863 4942 1096 5007 corpus
1145 4926 1378 4990 Christi
1437 4926 1502 4989 in
1553 4926 1766 5009 specie
1824 4926 2007 5008 panis
2065 4926 2252 4991 nobis
2304 4926 2370 4989 in
2481 4928 2702 4991 ciebus
2740 4928 3119 4993 sacramenti
3150 4927 3724 4991 determinantibus
3753 4927 3978 5005 situm,

863 5027 982 5089 hoc
1027 5033 1423 5088 sacramento
1461 5025 1862 5108 proponitur,
1898 5026 2042 5088 ideo
2081 5046 2234 5089 usus
2274 5045 2373 5089 sa-
2479 5033 2543 5089 et
2580 5046 2659 5089 an
2700 5044 2815 5108 per
2852 5026 2972 5089 hoc
3012 5025 3205 5089 habet
3231 5044 3372 5089 esse
3414 5026 3477 5089 in
3517 5026 3641 5089 situ
3682 5026 3981 5091 detenui-

865 5125 1174 5188 cramenti
1233 5124 1428 5206 hujus
1477 5131 1574 5187 est
1621 5142 1736 5207 per
1785 5123 2364 5191 manducationem.
2480 5132 2646 5189 nato.
2698 5125 2917 5206 Itaque
2973 5124 3456 5199 advertendum,
3506 5125 3675 5208 quod
3732 5125 3979 5209 aliquid

865 5224 1202 5307 Quumque
1242 5223 1307 5286 in
1353 5222 1612 5305 propria
1653 5224 1866 5305 specie
1907 5230 2017 5285 aut
2055 5224 2122 5287 in
2162 5224 2369 5288 forma
2480 5224 2715 5286 dicitur
2762 5241 2901 5286 esse
2947 5222 3013 5286 in
3056 5223 3185 5287 situ
3228 5223 3668 5299 determinato,
3708 5224 3813 5286 vel
3863 5244 3980 5308 per

869 5323 1078 5387 carnis
1123 5330 1468 5387 cruentatae
1513 5322 1899 5405 apparendo,
1933 5339 2059 5385 non
2101 5322 2369 5387 haberet
2480 5341 2549 5385 se
2591 5330 2656 5385 et
2698 5321 2929 5405 primo,
2974 5330 3043 5383 ut
3085 5320 3517 5387 dimensiones
3564 5322 3973 5407 quantitatis3
