4267 6250
826 475 908 542 58
1516 495 1582 543 nt
1620 496 1843 543 unam!
1883 495 1948 542 iv
1988 494 2472 542 sam-nmmum
2513 513 2594 524 —
2633 495 2788 542 msr.
2830 496 2893 559 13
2934 496 3160 553 ouinsr.
3202 495 3265 542 ιν

833 686 958 732 non
990 674 1205 749 ageret
1231 674 1302 730 ut
1329 667 1844 731 instrumentum.
1865 666 1968 730 Sic
1995 665 2331 749 qualitates
2361 665 2411 728 A
2444 684 2650 728 causae
2679 666 3198 750 principali,quae
3227 665 3715 730 similitudinem
3747 665 3943 730 habet

831 767 1054 830 activae
1084 775 1149 829 et
1177 767 1444 848 passivae
1474 766 1931 829 elementorum
1960 765 2333 847 pertingunt

833 865 1405 929 instrumentaliter
1443 865 1522 927 ad
1570 863 1806 928 formas
1852 862 2209 927 materiales
2252 863 2331 925 de

837 963 1100 1026 materia
1142 963 1523 1035 educendaS,
1557 981 1684 1025 non
1722 969 1935 1025 autem
1979 962 2057 1023 ad
2099 961 2333 1043 produ-

834 1061 1112 1124 ctionem
1151 1061 1382 1125 animae
1419 1061 1765 1136 rationalis,
1797 1079 1940 1143 quae
1977 1060 2057 1122 ab
2097 1059 2332 1121 extrin-

833 1178 981 1224 seco
1020 1167 1134 1223 est.

915 1260 1132 1342 Itaque
1161 1257 1517 1342 principale
1545 1275 1738 1339 agens
1775 1259 1838 1319 in
1868 1255 2331 1338 justificatione

834 1367 932 1422 cst
980 1359 1167 1432 DeuS,
1221 1357 1397 1420 nullo
1448 1357 1526 1418 ad
1580 1356 1700 1419 hoc
1759 1357 2052 1437 indigens
2100 1353 2332 1416 instru-

835 1466 1053 1521 mento
1099 1476 1176 1519 ex
1227 1463 1403 1538 parte
1451 1473 1601 1534 sua3
1653 1456 1762 1518 sed
1822 1474 1935 1537 per
1985 1453 2325 1536 quamdam

835 1556 1294 1638 congruitatem
1328 1574 1405 1618 ex
1443 1560 1620 1637 parte
1659 1553 1938 1616 hominis
1974 1552 2332 1634 justifican-

835 1656 923 1730 di,
960 1655 1159 1717 utitur
1187 1653 1600 1716 sacramentis
1638 1659 1942 1734 tanquam
1978 1651 2207 1714 mediis
2234 1649 2333 1730 ju-

835 1753 1263 1826 stificationis,
1310 1751 1546 1834 quibus
1595 1751 1902 1833 competit
1946 1751 2112 1812 actio
2161 1769 2331 1831 quae—

2442 783 2588 826 cum
2647 763 2907 839 effectu,
2960 773 3031 827 ut
3075 766 3430 829 Alexander
3484 765 3943 847 Peripateticus

2441 862 2619 938 dicit,
2652 869 2717 926 et
2746 865 3217 928 commentator
3247 865 3587 928 undecimo
3620 864 3945 947 Metaphy·

2441 962 2589 1025 sicae
2638 963 2879 1025 recitat.
2913 999 2995 1009 —
3032 964 3223 1026 Porro
3273 963 3337 1024 in
3385 962 3946 1027 transsubstantia-

2441 1060 2614 1123 tione
2662 1061 2844 1143 panis
2896 1061 2959 1122 in
3012 1080 3243 1145 corpus
3292 1061 3548 1136 Christi,
3600 1079 3799 1143 quum
3857 1060 3947 1123 sit

2442 1159 2701 1241 quidam
2735 1167 2966 1234 motuS,
3000 1168 3149 1223 sunt
3176 1161 3304 1224 duo
3333 1178 3349 1223 :
3385 1167 3539 1242 puta
3576 1178 3867 1222 recessus
3904 1179 3947 1222 a

2440 1259 2715 1320 termino
2755 1279 2795 1318 a
2839 1279 2987 1338 quo,
3020 1266 3085 1321 et
3123 1277 3418 1322 accessus
3464 1259 3543 1321 ad
3588 1257 3944 1320 terminum

2441 1359 2530 1416 ad
2558 1377 2763 1436 quem.
2785 1355 2989 1419 Verba
3019 1374 3169 1437 ergo
3198 1356 3677 1419 sacramentalia
3706 1355 3947 1438 pertin-

2441 1461 2600 1534 gunt
2648 1453 3216 1518 instrumentaliter
3258 1455 3338 1517 ad
3384 1453 3945 1517 transsubstantia-

2440 1552 2705 1626 tionem,
2738 1561 3047 1634 quantum
3091 1554 3169 1616 ad
3213 1571 3535 1616 recessum
3582 1572 3621 1615 a
3665 1552 3946 1616 termino

2442 1670 2482 1710 α
2511 1671 2635 1730 quo
2651 1673 2679 1720 ,·
2708 1651 2819 1713 sed
2860 1659 3170 1734 quantum
3202 1653 3283 1714 ad
3321 1670 3649 1715 accessum
3680 1649 3947 1713 termini

2442 1752 2530 1808 ad
2559 1769 2772 1828 quem,
2804 1767 2931 1812 non
2971 1749 3344 1832 pertingunt
3378 1750 3505 1812 nisi
3542 1748 3941 1832 dispositive,

833 1854 981 1917 dam
1011 1872 1086 1915 ex
1128 1851 1386 1935 propria
1422 1859 1668 1925 natura,
1700 1858 1772 1912 ut
1806 1869 1988 1931 aquae
2026 1847 2327 1925 abluere3
2364 1841 2414 1905 B
2444 1846 2611 1908 sicut
2653 1847 2719 1909 in
2764 1847 2908 1910 aliis
2947 1847 3181 1910 accidit
3222 1847 3654 1910 sacramentis.

834 1953 900 2014 in
933 1959 1243 2034 quantum
1274 1968 1425 2013 vero
1451 1957 1597 2012 sunt
1626 1949 2048 2012 instrumenta
2079 1946 2331 2029 pietatis

835 2051 1069 2114 divinae
1095 2048 1921 2131 justificantis,pertingunt
1951 2046 2333 2109 instrumen—

833 2149 1046 2211 taliter
1093 2147 1170 2209 ad
1228 2147 1569 2228 quemdam
1620 2145 1927 2209 effectum
1977 2145 2043 2206 in
2095 2144 2327 2215 anima,

835 2246 947 2329 qui
998 2245 1208 2328 primo
1267 2245 1720 2326 correspondet
1775 2242 2211 2315 sacramentis,
2262 2247 2332 2303 ut

836 2352 933 2408 est
962 2345 1287 2407 character
1313 2349 1425 2404 aut
1452 2341 1694 2424 aliquid
1724 2342 1868 2404 tale.
1902 2340 1996 2403 Ad
2029 2339 2330 2401 ultimum

835 2462 987 2507 vero
1027 2442 1331 2506 effectum
1377 2441 1489 2524 qui
1533 2449 1628 2504 est
1668 2439 1889 2522 gratia,
1924 2457 2052 2502 non
2096 2437 2332 2520 pertin-

835 2549 996 2624 gunt
1036 2541 1228 2604 etiam
1275 2539 1864 2612 instrumentaliter,
1897 2537 2021 2600 nisi
2066 2536 2333 2618 disposi-

834 2641 987 2713 tive,
1023 2640 1088 2701 in
1119 2647 1427 2722 quantum
1459 2638 1580 2701 hoc
1619 2639 1696 2699 ad
1737 2637 1907 2719 quod
1948 2636 2331 2699 instrumen-

836 2738 1048 2801 taliter
1085 2737 1385 2800 effective
1424 2737 1814 2819 pertingunt,
1849 2743 1946 2798 est
1973 2733 2329 2817 dispositio,

836 2858 978 2920 quae
1017 2845 1113 2900 est
1149 2837 1494 2899 necessitas
1533 2843 1844 2916 quantum
1884 2834 1951 2896 in
1991 2853 2060 2896 se
2103 2841 2220 2906 est,
2251 2832 2331 2894 ad

834 2937 1052 3020 gratiae
1096 2935 1590 3016 susceptionem.
1626 2934 1960 3015 Quumque
2003 2950 2195 2995 omne
2238 2931 2331 2993 in—

2523 1945 2823 2009 Praeterea
2854 1947 2907 2008 si
2939 1954 3279 2028 quaeratur,
3312 1967 3392 2008 an
3424 1947 3489 2008 in
3529 1945 3947 2009 sacramentis

2442 2043 2525 2105 sit
2553 2042 2765 2126 aliqua
2802 2045 3005 2106 virtus
3044 2045 3396 2127 spiritualis
3433 2045 3511 2106 ad
3549 2045 3818 2126 gratiam
3854 2043 3949 2105 in·

2440 2142 2782 2204 ducendam
2813 2142 2877 2203 in
2908 2143 3213 2220 animam;
3237 2142 3946 2224 respondendum‚quod

2441 2247 2701 2322 propter
2728 2241 3127 2304 auctoritates
3157 2241 3526 2304 Sanctorum
3556 2258 3819 2303 necesse
3848 2247 3948 2303 est

2440 2337 2650 2412 fateri,
2681 2338 2963 2420 aliquam
3002 2339 3196 2402 talem
3237 2338 3785 2422 supernaturalem
3816 2338 3947 2400 vir.

2441 2443 2645 2499 tutem
2685 2456 2823 2500 esse
2862 2439 2929 2500 in
2969 2437 3400 2500 sacramentis.
3438 2437 3514 2499 Et
3552 2437 3775 2519 primae
3806 2437 3944 2519 opi—

2442 2535 2653 2598 nionis
2712 2554 3015 2617 sequaces
3066 2536 3309 2624 dicunt,
3360 2536 3529 2617 quod
3578 2534 3783 2598 virtus
3833 2535 3947 2598 illa

2443 2651 2571 2696 non
2614 2635 2697 2696 sit
2735 2633 2861 2696 nisi
2904 2635 3165 2716 quidam
3209 2635 3363 2697 ordo
3402 2634 3483 2696 ad
3521 2633 3783 2715 aliquid.
3820 2633 3947 2696 Sed

2444 2732 2562 2795 hoc
2606 2733 2770 2794 nihil
2818 2740 2914 2797 est
2960 2733 3155 2806 dictu,
3189 2731 3493 2814 quoniam
3536 2732 3739 2794 virtus
3783 2750 3950 2794 sem-

2445 2849 2560 2913 per
2598 2831 2887 2893 nominat
2924 2831 3315 2913 principium
3354 2829 3650 2911 alicujus,
3684 2847 3949 2912 praeser-

2442 2929 2559 2991 tim
2598 2937 2788 3011 prout
2825 2929 3101 2992 sumitur
3139 2929 3246 2990 hic
3286 2945 3401 3011 pro
3438 2929 3675 2990 virtute
3714 2947 3944 2991 causae.

837 3043 1266 3098 strumentum
1323 3033 1678 3095 exercendo
1723 3032 2038 3094 actionem
2086 3037 2333 3092 natura·
2367 3028 2412 3092 C
2442 3031 2553 3090 Ad
2590 3029 2852 3106 aliquid
2882 3035 3097 3090 autem
3136 3046 3251 3090 seu
3289 3025 3533 3100 relatio,
3568 3044 3695 3089 non
3735 3033 3951 3108 potest

840 3134 990 3207 lem,
1011 3133 1133 3195 sibi
1166 3152 1242 3195 ex
1275 3151 1388 3195 sua
1415 3139 1640 3193 natura
1670 3130 2333 3210 convenientem,per-

837 3234 1028 3315 tingit
1072 3232 1149 3294 ad
1210 3230 1518 3294 effectum
1567 3229 1678 3311 qui
1737 3230 2042 3311 competit
2092 3227 2217 3290 sibi
2266 3228 2329 3289 in

837 3338 1148 3416 quantum
1211 3336 1308 3392 est
1357 3329 1874 3401 instrumentum,
1927 3326 2335 3408 quemadmo-

837 3431 992 3493 dum
1055 3428 1389 3491 dolabrum
1457 3426 1801 3489 dividendo
1859 3443 1974 3488 suo
2036 3423 2333 3486 acumine

838 3530 1108 3610 lignum,
1143 3526 1448 3610 pertingit
1487 3524 2054 3587 instrumentaliter
2092 3524 2168 3585 ad
2210 3522 2335 3585 for-

839 3646 1009 3690 mam
1061 3626 1354 3703 scamni3
1407 3625 1548 3687 ideo
1594 3623 1784 3686 etiam
1837 3622 2162 3685 materiale
2210 3621 2335 3685 ele-

839 3732 1127 3787 mentum
1160 3723 1512 3786 exercendo
1541 3721 1854 3785 actionem
1884 3738 2059 3782 suam
2095 3725 2338 3782 natura·

839 3824 982 3896 lem,
999 3823 1351 3885 secundum
1382 3839 1572 3903 quam
1607 3827 1704 3883 est
1732 3820 1985 3900 signum
2019 3816 2337 3880 interioris

838 3922 1132 3995 effectuS,
1168 3920 1473 4003 pertingit
1508 3918 2082 3981 instrumentaliter
2123 3918 2202 3979 ad
2248 3915 2337 3979 ef-

838 4020 1079 4083 fectum
1127 4018 1498 4082 interiorem
1548 4036 1562 4079 :
1609 4017 1792 4097 juxta
1839 4016 2008 4098 quod
2059 4015 2341 4098 loquitur

839 4118 1256 4199 AugustinuS,
1309 4116 1480 4197 quod
1529 4134 1694 4196 aqua
1748 4114 2054 4197 Baptismi
2107 4131 2339 4195 corpus

2443 3144 2584 3189 esse
2615 3126 3006 3208 principium
3046 3144 3165 3188 nec
3204 3126 3517 3188 terminus
3548 3125 3841 3199 actioniS,
3876 3133 3951 3187 ut

2444 3226 2670 3307 quinto
2713 3224 3122 3307 Physicorum
3169 3224 3491 3306 probatur.
3525 3224 3686 3287 Hinc
3727 3223 3947 3286 dicen-

2445 3326 2621 3394 dum,
2671 3323 2841 3405 quod
2890 3323 3094 3385 virtus
3142 3322 3370 3404 agendi
3426 3322 3950 3405 proportionatur

2444 3421 2677 3502 agenti.
2711 3420 2913 3483 Aliter
2948 3438 3098 3501 ergo
3137 3420 3437 3483 convenit
3473 3422 3676 3483 virtus
3712 3419 3945 3500 agendi

2446 3520 2786 3603 principali
2826 3520 3059 3601 agenti,
3090 3519 3275 3581 aliter
3307 3518 3516 3599 agenti
3558 3518 3948 3580 instrumen—

2447 3619 2576 3681 tali.
2612 3618 2819 3699 Agens
2864 3619 3105 3701 quippe
3149 3616 3501 3700 principale
3548 3617 3677 3698 agit
3723 3635 3956 3679 secun·

2448 3719 2601 3781 dum
2632 3717 3016 3797 exigentiam
3058 3736 3188 3779 suae
3230 3716 3452 3779 sormae
3486 3733 3501 3778 z
3534 3716 3707 3779 unde
3747 3715 3957 3779 virtus

2448 3816 2655 3878 activa
2694 3816 2760 3876 in
2803 3816 2963 3897 ipso,
2997 3822 3094 3877 est
3120 3814 3335 3897 aliqua
3364 3813 3571 3876 forma
3608 3813 3711 3875 vel
3746 3814 3955 3895 quali-

2451 3921 2544 3976 tas
2584 3912 2825 3975 habens
2864 3931 3003 3975 esse
3043 3912 3435 3994 completum
3476 3912 3542 3973 in
3572 3917 3817 3974 natura.
3857 3912 3958 3974 ln-

2450 4019 2879 4075 strumentum
2910 4028 3063 4074 vero
3100 4010 3229 4092 agit
3270 4018 3340 4073 ut
3378 4017 3621 4073 motum
3661 4010 3741 4072 ab
3772 4009 3905 4072 alio
3939 4028 3954 4073 :

2452 4111 2597 4173 ideo
2658 4108 2958 4171 convenit
3024 4108 3149 4171 sibi
3206 4110 3411 4171 virtus
3477 4107 3961 4190 proportionata

839 4218 1042 4297 tangit
1078 4222 1142 4277 et
1171 4233 1279 4278 cor
1316 4214 1542 4276 abluit.
1577 4213 1750 4275 Unde
1789 4220 1853 4274 et
1881 4212 2138 4284 dicitur,
2172 4212 2340 4295 quod
2370 4210 2421 4271 D
2454 4208 2677 4282 motui,
2712 4208 2823 4289 qui
2863 4215 2961 4269 est
2998 4226 3111 4269 ens
3150 4205 3635 4288 incompletum.
3671 4206 3851 4269 Unde
3894 4215 3961 4269 et

843 4320 1239 4378 sacramenta
1305 4310 1605 4375 efficiunt
1665 4310 1835 4392 quod
1902 4310 2201 4391 figurant.
2266 4312 2343 4373 Et

841 4414 1015 4475 hunc
1075 4412 1334 4474 modum
1390 4408 1789 4490 justificandi
1845 4408 2099 4471 videtur
2154 4408 2342 4490 Magi-

842 4519 971 4575 ster
1011 4510 1074 4573 in
1123 4509 1330 4571 littera
1368 4515 1647 4588 tangere,
1681 4506 1900 4569 dicens
1937 4508 2106 4588 quod
2151 4506 2343 4570 homo

841 4628 970 4673 non
1011 4607 1238 4689 quaerit
1275 4606 1545 4668 salutem
1593 4606 1657 4667 in
1703 4605 2116 4667 sacramentis
2161 4606 2340 4687 quasi

841 4708 922 4771 ab
953 4706 1068 4780 eis,
1103 4706 1213 4767 sed
1256 4722 1370 4786 per
1401 4702 1510 4765 illa
1548 4722 1585 4766 a
1624 4704 1750 4767 Deo
1785 4721 1799 4766 :
1833 4703 1984 4785 quia
2023 4704 2159 4766 haec
2188 4721 2343 4784 prae-

842 4804 1079 4890 positio
1127 4824 1191 4873 a,
1234 4802 1590 4884 principale
1638 4803 1895 4865 denotat
1941 4819 2181 4883 agens3
2231 4800 2342 4863 sed

841 4902 1210 4988 praepositio
1249 4920 1397 4978 per,
1448 4920 1704 4964 eausam
1764 4900 2052 4981 designat
2111 4900 2343 4962 instru—

843 5002 1206 5067 mentalem.
1259 5036 1341 5046 —
1387 5000 1449 5063 Si
1509 5007 1721 5062 autem
1777 4998 2141 5079 objiciatur,
2193 4998 2343 5080 quia

842 5110 953 5164 aut
979 5107 1129 5163 sunt
1159 5117 1348 5161 causa
1378 5099 1671 5171 univoca,
1703 5104 1814 5159 aut
1852 5098 2214 5178 aequivoca3
2248 5114 2343 5158 re-

844 5198 1310 5282 spondendum,
1326 5198 1496 5279 quod
1530 5195 1786 5278 proprie
1817 5193 2065 5256 nullum
2099 5212 2339 5266 eorum,

846 5298 999 5382 quia
1043 5295 1276 5358 divisio
1325 5295 1434 5357 illa
1479 5312 1685 5356 causae
1734 5294 1990 5375 proprie
2041 5292 2347 5375 competit

2450 4307 2654 4371 virtus
2694 4305 3047 4389 spiritualis
3087 4324 3229 4386 quae
3271 4312 3367 4368 est
3408 4304 3475 4367 in
3512 4306 3957 4380 sacramentis,

2450 4424 2580 4469 non
2610 4413 2707 4469 est
2736 4424 2849 4468 ens
2892 4402 3282 4485 completum
3313 4402 3543 4477 fixum,
3577 4404 3690 4467 sed
3721 4404 3961 4486 imper-

2451 4504 2715 4578 fectum,
2750 4504 2916 4565 sicut
2956 4502 3158 4564 virtus
3204 4501 3585 4564 immutandi
3628 4501 3841 4564 visum
3891 4502 3959 4565 in

2451 4621 2617 4676 aere,
2651 4602 2717 4663 in
2768 4608 3077 4683 quantum
3126 4608 3224 4663 est-
3271 4599 3769 4662 instrumentum
3820 4618 3961 4663 mo-

2450 4709 2589 4763 tum
2619 4700 2701 4762 ab
2732 4699 3030 4763 exteriori
3060 4698 3338 4778 visibili;
3370 4705 3435 4761 et
3472 4697 3625 4760 talia
3652 4697 3827 4760 entia
3856 4717 3960 4762 so—

2454 4800 2585 4862 lent
2624 4798 3009 4860 intentiones
3040 4796 3275 4871 vocari,
3308 4804 3370 4859 et
3409 4795 3647 4859 habent
3684 4797 3841 4878 quid
3872 4797 3959 4859 si-

2452 4897 2605 4959 mile
2653 4915 2800 4958 cum
2850 4902 2996 4958 ente
3045 4894 3213 4976 quod
3263 4901 3360 4956 est
3404 4894 3471 4957 in
3513 4894 3748 4968 anima,
3781 4896 3961 4977 quod

2452 5003 2549 5059 est
2586 5013 2698 5057 ens
2738 4993 3152 5065 diminutum,
3185 5000 3256 5054 ut
3292 4998 3471 5055 sexto
3509 4992 3963 5075 Metaphysicae

2452 5094 2705 5156 dicitur.
2740 5090 2915 5153 Talia
2952 5108 3207 5171 quoque
3246 5090 3417 5152 entia
3458 5107 3583 5153 non
3626 5096 3775 5153 sunt
3809 5108 3961 5171 pro-

2453 5192 2592 5276 prie
2622 5197 2687 5254 et
2715 5209 2831 5273 per
2866 5208 2935 5251 se
2974 5189 3038 5251 in
3080 5206 3332 5271 genere,
3366 5189 3478 5251 sed
3516 5188 3844 5251 reductive
3890 5190 3961 5253 in

2454 5291 2565 5353 illo
2616 5290 2681 5353 in
2730 5306 2859 5370 quo
2906 5294 3003 5351 est
3047 5287 3251 5350 virtus
3300 5304 3506 5350 causae
3553 5285 3958 5369 principaliS,
