4267 6250
1041 517 1318 566 :mou
1359 517 1825 567 msrmcnom
1863 517 2024 566 uam
2065 518 2127 565 ιν
2170 517 2633 566 samm-mauu
3312 498 3391 564 15

295 687 486 744 missa.
517 689 685 753 Quod
728 689 1000 761 quamvis
1032 689 1304 762 Magister
1341 691 1450 746 sub
1489 689 1666 747 dubio
1704 706 1789 747 re-
1816 689 1864 752 A
1891 689 1990 744 Est
2009 691 2205 746 autem
2228 689 2383 746 Ordo
2410 705 2645 746 sacrum
2671 689 2969 762 quoddam
2999 685 3389 761 signaculum,

293 775 534 848 linquat.
591 778 1016 836 recentioribus
1076 778 1352 836 ultimum
1418 780 1528 835 hoc
1587 782 1785 835 tamen

293 867 476 940 magis
515 866 724 939 placet.
764 869 864 922 Est
903 872 1098 925 autem
1144 868 1204 924 in
1241 868 1470 925 actione
1513 868 1792 942 poeniten-

289 955 398 1017 tiae,
453 957 784 1014 secundum
847 959 1154 1030 quosdam,
1213 960 1670 1017 sacramentum,
1727 956 1789 1014 id

293 1047 442 1117 quod
473 1045 537 1101 fit
565 1045 856 1110 exterius;
889 1063 982 1103 res
1009 1064 1143 1103 vero
1173 1045 1373 1119 ipsiuS,
1405 1049 1493 1102 est
1519 1045 1789 1102 contritio

292 1134 636 1206 poeuitentis.
667 1137 1007 1192 Secundum
1050 1136 1196 1192 alios
1237 1153 1390 1198 vero.
1424 1136 1484 1193 id
1529 1137 1685 1208 quod
1728 1135 1792 1190 nt

290 1223 555 1289 exterius,
597 1228 682 1280 est
727 1227 1164 1282 sacramentum
1211 1228 1479 1290 tantum;
1521 1223 1790 1280 contritio

290 1329 418 1369 vero
455 1313 721 1377 interior,
751 1318 840 1370 est
871 1331 964 1370 res
1001 1317 1058 1371 et
1085 1318 1554 1380 sacramentum;
1587 1314 1792 1371 remis-

291 1402 372 1458 sio
409 1419 544 1459 vero
583 1407 980 1476 peccatorum,
1013 1406 1101 1461 est
1137 1421 1230 1460 res
1268 1405 1393 1476 ejus
1429 1407 1682 1460 tantum.

291 1518 406 1568 Hoc
433 1519 720 1583 peccatori
750 1519 1038 1570 cruciatus
1067 1518 1324 1570 acerbior
1349 1519 1542 1578 instat,

351 1589 599 1640 Crimina
629 1605 744 1656 quo
773 1591 928 1642 novit
957 1590 1120 1655 plura
1143 1590 1384 1641 remissa
1413 1589 1539 1640 sibi.

703 1821 1132 1884 DISTINCTIO
1175 1822 1382 1884 XXIII.

351 1983 582 2046 Praeter
623 1984 956 2065 praemissa
997 1991 1094 2046 est
1133 1984 1328 2046 etiam
1370 1983 1568 2056 aliud,
1610 1990 1729 2045 etc.

419 2207 629 2262 Nerio
667 2207 945 2263 Extrema
985 2208 1422 2263 sacramentum
1462 2211 1550 2263 est
1584 2223 1800 2263 exeun-

445 2295 600 2352 tium
641 2298 715 2353 de
755 2297 868 2352 hac
903 2296 1040 2362 vita,
1079 2300 1136 2353 et
1173 2296 1242 2352 fit
1278 2297 1404 2353 oleo
1444 2313 1548 2368 per
1582 2296 1800 2368 episco-

295 2402 432 2456 pum
471 2390 835 2442 consecrato.
877 2387 1098 2458 Nempe
1146 2385 1298 2442 inter
1335 2388 1452 2443 tres
1497 2386 1803 2443 unctiones

296 2475 506 2546 quibus
552 2475 742 2533 utitur
785 2475 1058 2540 Ecclesia,
1100 2475 1318 2532 scilicet
1365 2475 1702 2531 chrismatis
1747 2478 1806 2531 et

297 2565 881 2629 catechumenorum,
921 2569 1010 2621 est
1054 2564 1157 2621 illa
1199 2565 1370 2622 tertia
1415 2581 1548 2639 quoe
1590 2564 1807 2621 dicitur

299 2653 490 2711 oleum
539 2654 939 2711 intirmorum.
981 2656 1146 2720 Quod
1193 2655 1432 2728 quidem
1480 2671 1807 2712 sacramen-

299 2747 422 2800 tum
471 2744 812 2801 institutum
853 2747 940 2801 est
977 2746 1052 2801 ad
1096 2747 1464 2817 peccatorum
1511 2744 1805 2802 remissio·

302 2850 454 2897 nem,
486 2837 546 2890 et
574 2833 894 2906 corporalis
930 2833 1355 2890 alleviationem
1400 2833 1758 2891 infirmitatis
1788 2849 1804 2890 z

303 2939 430 2994 quae
465 2926 670 2979 tamen
715 2938 832 2978 non
875 2940 1108 2994 semper
1145 2922 1426 2995 sequitur,
1467 2939 1650 2996 quum
1697 2924 1808 2980 hoc

1895 795 1998 850 per
2025 780 2184 850 quod
2223 777 2489 850 specialis
2527 780 2778 850 potestas
2814 777 3067 834 traditur
3104 776 3392 834 ordinato.

1897 866 2040 923 Hinc
2059 870 2116 924 et
2135 866 2411 924 omnibus
2430 867 2521 923 his
2543 883 2755 923 nomen
2774 867 3009 924 Ordinis
3030 867 3315 923 convenit.
3330 867 3399 922 Et

1897 956 2034 1028 quia
2064 955 2124 1012 in
2152 955 2425 1012 omnibus
2454 959 2889 1013 sacramentum
2920 955 3302 1030 significatur,
3320 955 3401 1010 id·

1898 1062 1966 1101 eo
1995 1049 2052 1103 et
2079 1062 2286 1102 omnes
2318 1045 2425 1102 hoc
2455 1048 2719 1117 respectu
2749 1045 2897 1102 sacri
2929 1047 3221 1103 dicuntur.
3254 1046 3402 1101 Sunt

1899 1134 2140 1207 insuper
2168 1136 2224 1190 et
2252 1134 2365 1190 alia
2407 1133 2649 1190 nomina
2676 1133 3029 1206 dignitatum
3061 1152 3162 1191 seu
3190 1133 3403 1190 officio-

1899 1241 2054 1286 rum,
2087 1240 2219 1295 quae
2262 1240 2379 1279 non
2414 1227 2552 1279 sunt
2588 1223 2896 1284 Ordinum.
2929 1228 2991 1280 ut
3032 1223 3401 1296 pontificatus

1899 1315 1956 1369 et
1982 1313 2367 1385 episcopatus,
2400 1329 2531 1385 quse
2554 1315 2613 1370 et
2640 1312 2885 1370 ulterius
2916 1313 2976 1369 in
3006 1316 3167 1370 textu
3196 1313 3402 1369 distin-

1902 1405 2179 1475 guuntur.
2226 1403 2446 1460 Debent
2492 1406 2687 1459 autem
2736 1403 2983 1460 assecuti
3030 1403 3277 1460 Ordines
3318 1420 3408 1460 ec-

1901 1492 2270 1556 clesiasticos,
2328 1492 2527 1549 conari
2584 1496 2649 1549 ut
2702 1492 2817 1548 vita
2874 1509 3077 1550 eorum
3133 1491 3404 1566 dignitati

1903 1584 2269 1653 respondeat,
2321 1585 2386 1638 ut
2430 1582 2513 1638 sic
2559 1581 2721 1654 plebs
2767 1598 2837 1638 ex
2886 1582 2969 1638 eis
3020 1582 3297 1655 proficiat,
3348 1585 3405 1639 et

1901 1670 2044 1742 ipsis
2100 1675 2400 1744 gratanter
2443 1672 2817 1743 obtemperet,
2866 1689 2902 1728 a
2948 1672 3161 1744 quibus
3215 1688 3405 1728 sacra-

1903 1763 2102 1816 menta
2149 1760 2478 1833 percipiunt
2528 1763 2586 1818 et
2630 1761 2939 1819 Missurum
2994 1761 3259 1818 solennia
3304 1779 3406 1819 au-

1827 1843 1874 1906 B
1904 1849 2090 1906 diunt.
2142 1852 2281 1916 Quae
2338 1849 2577 1922 quidem
2632 1849 2803 1907 Missa
2852 1850 3083 1916 dicitur,
3131 1851 3219 1908 vel
3267 1849 3407 1924 quia

1905 1938 2084 1996 missa
2121 1943 2210 1997 est
2244 1939 2433 1996 hostia
2470 1957 2601 2013 quae
2640 1939 2718 1997 ibi
2758 1944 3289 2008 commemoratur;
3318 1940 3409 1997 vel

1905 2029 2044 2101 quia
2087 2028 2303 2086 missus
2347 2029 2592 2087 coelestis
2628 2030 2787 2086 venit
2822 2031 2899 2086 ad
2941 2032 3404 2088 consecrandum

1907 2135 2116 2190 corpus
2157 2118 2543 2176 dominicum.

1909 2233 2124 2284 Officiis
2156 2249 2321 2286 sacer
2348 2234 2497 2286 Ordo
2530 2235 2651 2287 suis
2680 2235 3007 2288 discrimina
3036 2237 3227 2298 sumit,

1972 2306 2032 2357 In
2063 2320 2124 2356 se
2157 2321 2282 2372 quae
2310 2305 2487 2358 voluit
2514 2307 2771 2358 Christus
2802 2308 2954 2359 obire
2984 2308 3160 2374 prius.

2338 2503 2763 2568 DISTINCTIO
2808 2505 2984 2567 XXV.

2245 2637 2415 2700 Solet
2457 2639 2645 2700 etiam
2692 2640 2912 2721 quaeri,
2954 2648 3072 2704 etc.

2040 2833 2088 2888 N
2125 2835 2199 2889 ab
2236 2833 2523 2892 haereticis
2560 2835 2712 2891 tradi
2750 2835 2837 2892 vel
2874 2837 3059 2909 accipi
3100 2838 3280 2910 possit
3309 2842 3411 2897 Or-

2068 2923 2224 2979 dinis
2264 2926 2717 2988 sacramentum,
2760 2925 2999 2982 diversoe
3042 2930 3179 2983 sunt
3220 2932 3414 2986 aucto-

303 3029 406 3068 nec
447 3011 680 3068 homini
724 3029 961 3084 semper
1000 3013 1316 3084 expediret.
1359 3013 1420 3068 ln
1465 3030 1580 3085 quo
1627 3013 1804 3070 etiam
1835 3009 1880 3074 C
1913 3029 2045 3068 rum
2101 3013 2421 3076 sententiae,
2468 3012 2793 3071 dicentibus
2849 3015 3201 3088 quibusdam
3256 3020 3413 3090 quod

303 3101 426 3173 ipsa
453 3101 712 3159 exterior
748 3102 945 3159 unctio
973 3104 1061 3159 est
1087 3106 1522 3159 sacramentum
1553 3106 1803 3169 tantum,

303 3210 391 3248 res
419 3209 556 3248 vero
585 3191 770 3263 ipsius
799 3196 888 3249 est
916 3192 1155 3249 interior
1193 3196 1564 3263 peccatorum
1603 3194 1808 3250 remis-

303 3282 385 3338 sio
422 3285 482 3338 et
514 3281 802 3339 virtutum
843 3281 1163 3354 ampliatio.
1196 3284 1362 3348 Quod
1399 3282 1576 3339 etiam
1615 3298 1808 3339 sacra-

306 3374 569 3428 mentum
615 3388 688 3428 ex
729 3374 1066 3443 contemptu
1105 3371 1192 3427 vel
1240 3371 1593 3444 negligentia
1637 3372 1808 3427 omit-

305 3464 421 3517 tere
461 3459 660 3518 nullus
701 3461 888 3523 debet,
920 3476 1028 3517 nec
1063 3458 1240 3516 etiam
1280 3460 1572 3524 reiterare,
1607 3460 1718 3516 nisi
1751 3464 1810 3517 et

309 3552 546 3607 morbus
583 3552 817 3615 redeat;
853 3566 922 3606 ac
958 3566 1062 3621 per
1099 3550 1211 3605 hoc
1248 3552 1335 3607 est
1361 3550 1599 3623 quidem
1639 3548 1809 3607 reite-

309 3639 486 3696 rabile
523 3640 720 3712 quoad
755 3637 1190 3710 suscipientem,
1222 3653 1338 3695 non
1377 3640 1574 3695 tamen
1615 3640 1807 3712 quoad

311 3727 570 3785 materiae
609 3726 997 3783 identitatem.

310 3842 450 3895 Hinc
478 3844 838 3903 decessurus,
871 3841 1230 3907 perfunditur
1257 3842 1500 3909 unguine
1535 3856 1717 3903 sacro,

371 3916 442 3965 Ut
469 3916 658 3966 valeat
687 3927 928 3981 superas
959 3914 1123 3965 fortis
1153 3913 1306 3965 adire
1337 3916 1556 3967 domos.

721 4110 1145 4174 DISTINCTIO
1189 4110 1392 4173 XXIV.

501 4246 688 4309 Nunc
727 4246 805 4308 ad
848 4245 1444 4321 considerationem,
1488 4252 1606 4309 etc.

415 4444 644 4501 EPTEM
673 4446 814 4499 sunt
840 4442 1088 4499 Ordines
1114 4441 1507 4499 ecclesiastici.
1532 4442 1676 4498 Nam
1709 4441 1812 4498 ali-

444 4534 546 4607 qui
588 4534 650 4590 in
689 4532 944 4589 Ecclesia
983 4535 1119 4589 sunt
1147 4531 1385 4597 ostiarii,
1417 4532 1516 4588 alii
1549 4531 1806 4597 lectores,

313 4623 628 4687 exorcistae,
650 4620 922 4694 acolythi,
953 4620 1314 4684 subdiaconi,
1337 4620 1540 4686 levitae,
1573 4620 1813 4692 insuper

313 4717 368 4770 et
391 4712 572 4785 aliqui
614 4710 954 4784 presbyteri.
986 4712 1244 4776 Quorum
1286 4709 1654 4782 singulorum
1689 4711 1812 4766 offi-

313 4803 396 4859 cia
426 4820 558 4875 quae
587 4802 726 4866 sint,
758 4805 817 4858 et
839 4800 956 4857 alia
994 4801 1070 4856 ad
1110 4800 1266 4872 ipsos
1305 4800 1671 4871 pertinentia,
1703 4801 1814 4856 Ma-

316 4894 486 4967 gister
523 4894 585 4949 in
627 4894 793 4949 textu
834 4894 1030 4962 aperte
1067 4893 1124 4945 et
1160 4888 1384 4961 prolixe
1423 4889 1808 4962 prosequitur.

317 4985 462 5049 Quos
517 4982 700 5039 etiam
760 4978 1006 5036 Ordines
1065 4978 1125 5034 in
1183 4977 1494 5050 semetipso
1549 4978 1813 5036 Christus

314 5073 593 5137 exhibuit,
633 5074 694 5127 et
739 5068 1010 5125 Ecclesiae
1053 5070 1363 5126 servandos
1409 5067 1659 5141 reliquit.
1705 5070 1814 5125 Ho-

315 5178 444 5217 rum
487 5165 692 5218 autem
738 5158 1026 5215 Ordinum
1074 5156 1268 5214 ultimi
1307 5160 1424 5213 tres
1468 5160 1606 5213 sunt
1641 5157 1812 5223 sacri,

315 5251 530 5309 scilicet
563 5248 1048 5314 subdiaconatus,
1079 5247 1420 5303 diaconatus
1446 5250 1504 5303 et
1529 5248 1818 5320 presbyte-

317 5345 498 5409 ratus;
513 5341 616 5399 alii
638 5340 927 5398 dicuntur
943 5353 1060 5395 non
1083 5336 1236 5394 sacri
1265 5339 1529 5410 respectu
1557 5336 1812 5394 illorum.

1915 3116 2050 3167 non,
2100 3118 2205 3174 pro
2252 3119 2366 3175 quo
2415 3101 2631 3159 multas
2674 3102 2961 3162 inducunt
3001 3107 3411 3175 auctoritates;

1913 3190 2042 3247 aliis
2071 3193 2403 3263 oppositum
2435 3192 2844 3259 asserentibus,
2877 3196 3033 3266 quod
3072 3198 3130 3253 et
3163 3199 3411 3262 tenetur,

1913 3280 1962 3336 si
2001 3280 2060 3335 in
2093 3280 2282 3337 forma
2316 3280 2588 3339 Ecclesiae
2624 3282 2685 3339 id
2712 3284 2964 3349 tradant,
2999 3286 3263 3355 quamvis
3304 3287 3416 3343 hoc

1915 3370 1974 3425 in
2017 3371 2107 3426 sui
2152 3370 2370 3427 faciant
2408 3371 2745 3443 perniciem.
2786 3374 3169 3431 Auctoritates
3215 3380 3412 3432 autem

1917 3476 2047 3531 quae
2094 3459 2425 3532 oppositum
2477 3460 2667 3518 dicere
2713 3460 3002 3529 videntur,
3052 3466 3415 3535 praetenden-

1914 3551 2000 3605 tes
2049 3550 2206 3621 quod
2260 3553 2627 3606 sacramenta
2676 3552 2750 3608 ab
2809 3550 3096 3609 haereticis
3158 3558 3412 3627 accepta,

1917 3636 2061 3694 falsa
2114 3637 2233 3693 sint
2277 3640 2336 3694 et
2381 3638 2597 3705 inania,
2642 3643 2769 3707 etc„
2820 3641 3229 3715 intelliguntur
3273 3662 3415 3717 quo-

1917 3728 1993 3783 ad
2035 3728 2305 3783 effectum
2349 3728 2551 3800 gratiae
2597 3728 2731 3787 inde
2774 3733 3271 3804 consequendum.
3304 3732 3415 3799 Qui

1914 3820 2111 3873 autem
2162 3834 2264 3888 pro
2313 3816 2599 3874 Ordinum
2649 3817 2956 3876 collatione
3004 3820 3225 3893 aliquid
3275 3824 3419 3878 dant

1911 3906 2000 3963 vel
2050 3906 2360 3979 accipiunt,
2402 3906 2708 3964 simoniaci
2759 3908 3049 3974 dicuntur,
3090 3913 3149 3966 et
3186 3912 3416 3984 utrique

1911 3996 2157 4053 veniunt
2184 3996 2483 4068 puniendi.
2502 3998 2920 4055 Verumtamen
2951 3999 3049 4071 qui
3080 4000 3421 4073 ignoranter

1915 4102 1950 4141 a
1977 4085 2315 4142 simoniacis
2344 4086 2709 4151 ordinantur,
2738 4087 2973 4145 tolerari
3014 4092 3257 4161 possunt
3268 4108 3282 4157 ;
3313 4092 3420 4149 sci-

1835 4172 1886 4235 D
1913 4179 2078 4231 enter
2119 4177 2317 4232 autem
2360 4176 2431 4232 ab
2479 4176 2561 4232 eis
2604 4176 2877 4241 ordinati,
2920 4180 3415 4237 consecrationem

1913 4265 2130 4321 habent
2171 4263 2419 4321 irritam.
2450 4266 2550 4321 Est
2587 4270 2784 4323 autem
2828 4266 3039 4339 triplex
3082 4268 3420 4328 simoniacae

1917 4354 2155 4411 haeresis
2191 4354 2411 4426 species
2449 4357 2641 4427 quoad
2681 4356 2945 4414 Ordines.
2978 4357 3229 4424 Quidam
3258 4360 3417 4417 enim

1917 4442 2224 4499 simoniaci
2255 4460 2289 4499 a
2318 4442 2655 4500 simoniacis
2690 4444 3009 4503 simoniace
3038 4448 3417 4517 ordinantur;

1919 4531 2018 4587 alii
2057 4531 2365 4589 simoniaci
2404 4532 2742 4599 simoniace,
2774 4537 2875 4591 sed
2914 4552 3033 4592 non
3072 4554 3107 4593 a
3141 4538 3421 4595 simonia-

1921 4620 2029 4688 cis;
2061 4621 2215 4677 tertii
2243 4638 2377 4677 vero
2406 4638 2523 4677 non
2553 4622 2878 4688 simoniaci,
2906 4641 2939 4680 a
2970 4624 3323 4682 simoniacis.
3353 4628 3423 4682 Et

1919 4712 1980 4767 hi
2011 4712 2244 4769 tolerari
2288 4716 2545 4783 possunt,
2579 4715 2903 4771 dummodo
2934 4715 3270 4789 ignoranter
3311 4718 3421 4775 hoc

1921 4800 2181 4857 fecerint.
2213 4803 2378 4868 Quod
2417 4802 2592 4859 etiam
2636 4802 2865 4868 dicitur,
2899 4822 2933 4861 a
2961 4804 3299 4863 simoniacis
3334 4824 3423 4863 or-

1922 4890 2153 4946 dinatos
2195 4892 2581 4955 damnandos,
2612 4890 2959 4965 intelligitur
2996 4894 3107 4949 nisi
3143 4894 3426 4953 violenter

1923 4981 1995 5035 ab
2033 4979 2114 5036 eis
2154 4979 2284 5051 quis
2321 4979 2641 5036 ordinetur.
2674 4980 2851 5037 Porro
2888 4980 2948 5036 in
2992 4983 3420 5042 subdiaconum

1923 5072 2056 5124 ante
2097 5084 2285 5124 annos
2326 5069 2767 5142 quatuordecim
2807 5086 2923 5126 non
2963 5072 3133 5129 debet
3169 5074 3299 5145 quis
3336 5092 3425 5132 or-

1925 5157 2133 5219 dinari.
2184 5158 2245 5213 in
2294 5158 2609 5215 diaconum
2662 5175 2779 5215 non
2826 5163 2959 5217 ante
3005 5160 3207 5234 viginti
3256 5164 3424 5236 quiu-

1924 5264 2053 5321 que,
2086 5247 2148 5304 in
2178 5248 2576 5321 presbyterum
2616 5252 2813 5305 autem
2842 5266 2961 5307 non
3000 5254 3133 5307 ante
3160 5252 3419 5326 triginta.

1925 5340 2065 5403 Quae
2101 5340 2300 5395 tamen
2339 5337 2511 5395 hodie
2548 5337 2881 5396 modificata
2919 5343 3071 5408 sunt,
3101 5345 3165 5399 ut
3192 5344 3425 5421 presby-
