4267 6250
838 438 957 503 152
1772 455 1951 503 unm
1987 456 2051 503 w
2090 453 2574 502 snum-runnu.
2613 472 2696 485 -
2733 454 2888 501 nis-r.
2927 454 2994 501 vi

838 631 1215 698 Exsultavit
1252 634 1321 699 in
1366 637 1555 699 utero
1592 650 1764 699 meo.
1794 634 1882 697 Et
1914 633 2135 716 potuit
2167 650 2311 697 esse
2347 631 2490 697 haec
2525 630 2979 712 sanctificatio,
3005 631 3203 695 tantae
3229 628 3326 695 rei
3363 646 3402 694 a
3429 627 3668 711 majori
3693 642 3938 711 cogno-

838 750 1095 817 scendae
1142 752 1486 833 iudicium,
1516 769 1651 816 non
1688 768 1729 815 a
1761 751 2037 834 parvulo
2084 751 2386 832 cognitae.
2429 749 2696 831 Absque
2742 748 3102 813 assertione
3137 749 3218 813 de
3254 749 3378 813 bac
3421 743 3938 812 sanctificatione

836 866 1153 949 loquitur,
1183 884 1317 930 non
1352 867 1671 932 definiens
1707 867 1988 949 qualiter
2024 866 2449 948 intelligenda
2477 866 2565 929 sit
2591 866 2707 928 illa
2733 864 3185 945 sanctificatio,
3217 882 3302 928 an
3337 865 3426 929 sit
3459 864 3724 945 signum
3757 862 3942 928 futu-

838 1000 928 1046 rae
964 983 1083 1063 rei,
1116 1000 1199 1047 an
1230 982 1471 1047 veritas
1494 979 1987 1065 justificationis
2022 1000 2142 1064 per
2167 982 2488 1064 Spiritum
2519 981 2730 1045 factae.
2766 980 2896 1045 Sed
2929 980 3170 1045 melius
3205 982 3307 1045 est
3343 982 3416 1043 ut
3451 981 3752 1044 dicamus
3787 979 3941 1044 illos

838 1100 1077 1181 praeter
1112 1116 1531 1165 communem
1570 1102 1784 1183 legem
1822 1101 1890 1163 in
1924 1100 2131 1165 uteris
2163 1099 2562 1181 justificatos
2601 1100 2668 1162 et
2701 1098 2912 1180 gratia
2947 1099 3340 1179 praeventos,
3381 1098 3677 1162 dimissis
3716 1098 3940 1161 omni-

839 1215 964 1279 bus
1008 1216 1293 1299 peccatis
1334 1236 1349 1278 ε
1392 1217 1570 1299 quod
1618 1217 1815 1281 etiam
1863 1216 2095 1280 multis
2141 1216 2531 1279 Sanctorum
2577 1214 2978 1278 testimoniis
3023 1213 3353 1279 edocetur.

1458 1474 1531 1540 C.
1572 1478 1655 1541 Si
1694 1478 2119 1553 Baptismus
2159 1477 2242 1549 fit
2282 1477 2528 1540 verbis
2571 1476 2919 1552 corrupte
2957 1476 3309 1551 prolatis.

542 1732 809 1791 Rugosam-
971 1708 1195 1783 Quaeri
1235 1709 1433 1774 etiam
1472 1708 1662 1789 solet,
1695 1707 1752 1772 si
1790 1710 2093 1790 corrupte
2130 1707 2548 1790 proferantur
2582 1707 2782 1771 verba
2818 1706 2954 1787 illa,
2987 1723 3068 1771 an
3105 1706 3489 1788 Baptismus
3526 1707 3634 1771 sit.
3665 1707 3766 1771 De
3807 1707 3936 1771 hoc

536 1795 805 1911 ἷζαᾙῇ,
836 1824 1183 1889 Zacharias
1231 1824 1573 1888 Bonifacio
1624 1824 1853 1889 scribit
1894 1844 1909 1885 :
1950 1824 2345 1888 Retulerunt
2395 1824 2562 1887 mihi
2609 1823 2826 1886 nuntii
2875 1822 2996 1904 tui,
3046 1822 3225 1904 quod
3271 1821 3471 1887 fuerit
3515 1824 3820 1888 sacerdos
3863 1824 3936 1887 in

534 1920 805 2037 {fffffi
836 1941 1063 2005 eadem
1095 1941 1454 2022 provincia,
1487 1941 1603 2022 qui
1630 1940 1934 2003 Latinam
1964 1939 2260 2022 linguam
2297 1939 2562 2022 penitus
2591 1938 2955 2021 ignorabat,
2982 1941 3046 2003 et
3071 1939 3232 2002 dum
3261 1938 3640 2020 baptizaret,
3673 1940 3938 2005 nescius

833 2056 1055 2120 Latini
1103 2057 1373 2138 eloquii,
1416 2056 1779 2138 infringens
1829 2055 2148 2137 linguam,
2194 2056 2439 2121 diceret
2488 2076 2502 2117 ε
2557 2056 2828 2137 Baptizo
2867 2056 2931 2119 te
2979 2056 3046 2118 in
3091 2056 3360 2119 nomine
3395 2055 3619 2119 Patria
3661 2058 3728 2120 et
3765 2057 3940 2120 Filia

832 2175 898 2237 et
943 2173 1230 2255 Spiritus
1275 2173 1548 2254 Sancta;
1594 2174 1660 2237 et
1694 2173 1963 2254 propter
2009 2172 2135 2235 hoc
2188 2172 2615 2236 considerasti
2661 2172 3083 2253 rebaptizare.
3124 2172 3254 2237 Sed
3299 2173 3358 2235 si
3400 2172 3512 2236 ille
3559 2172 3674 2253 qui
3716 2172 3938 2255 bapti-

828 2290 1025 2369 zavit,
1058 2307 1189 2353 non
1227 2306 1514 2353 errorem
1551 2289 1869 2352 inducens
1905 2289 2011 2352 vel
2050 2289 2381 2369 haeresim,
2421 2288 2538 2352 sed
2574 2306 2694 2369 pro
2731 2290 2873 2353 sola
2909 2289 3276 2370 ignorantia
3303 2288 3623 2353 Romanae
3661 2289 3942 2353 locutio-

830 2405 958 2484 nis,
1008 2405 1425 2487 infringendo
1474 2405 1769 2487 linguam
1818 2405 2157 2486 baptizans
2207 2405 2531 2487 dixisset3
2579 2423 2712 2468 non
2758 2422 3116 2487 possumus
3165 2406 3531 2470 consentire
3589 2406 3667 2469 ut
3713 2406 3936 2471 denuo

828 2520 1214 2604 baptizetur.

1074 2782 1160 2846 D.
1200 2785 1647 2857 Baptizandi
1688 2784 1861 2847 sunt
1905 2785 2024 2845 illi
2067 2787 2156 2846 de
2201 2786 2460 2859 quibu-s·
2505 2784 2904 2859 &noratur
2951 2799 3054 2849 an
3097 2760 3258 2849 εἰπέ
3296 2786 3678 2859 baptizati.

529 3048 798 3094 fflfflm,
961 3014 1287 3079 Praeterea
1322 3013 1663 3077 sciendum
1694 3012 1815 3093 est,
1839 3012 2019 3093 quod
2049 3011 2147 3075 illi
2177 3011 2258 3075 de
2292 3012 2533 3093 quibus
2561 3013 2744 3076 nulla
2773 3016 3032 3077 exstant
3060 3014 3302 3078 indicia
3329 3014 3500 3079 inter
3523 3016 3938 3098 propinquos

528 3112 633 3218 ᾖξ’
663 3127 721 3166 'v’
758 3126 798 3158 ⁰·
829 3133 934 3198 vel
982 3132 1380 3196 domesticos
1422 3130 1528 3194 vel
1578 3131 1856 3209 vicinOS,
1911 3148 1950 3193 a
1999 3129 2242 3210 quibus
2297 3129 2606 3212 baptizati
2656 3130 2859 3195 fuisse
2911 3132 3290 3214 doceantur,
3329 3134 3657 3214 agendum
3712 3135 3814 3197 est
3859 3135 3937 3197 ut

830 3251 1274 3329 renascantur,
1306 3265 1390 3311 ne
1430 3249 1700 3329 pereant
1733 3266 1747 3308 ε
1780 3247 1850 3309 in
1887 3245 2129 3327 quibus
2173 3247 2352 3328 quod
2393 3263 2526 3309 non
2564 3248 2932 3311 ostenditur
2966 3251 3250 3329 gestum,
3283 3250 3449 3312 ratio
3485 3266 3618 3312 non
3657 3250 3818 3313 sinit
3860 3251 3938 3313 ut

829 3365 1130 3429 videatur
1167 3365 1498 3428 iteratum.
1531 3362 2015 3427 Conferendum
2055 3363 2152 3426 eis
2184 3362 2444 3426 videtur
2473 3363 2650 3445 quod
2689 3364 3001 3427 collatum
3040 3382 3182 3428 esse
3219 3366 3510 3431 nescitur
3547 3386 3562 3428 ε
3605 3365 3763 3448 quia
3797 3383 3934 3430 non

832 3481 1166 3546 temeritas
1210 3480 1563 3544 intervenit
1607 3479 2170 3561 praesumptioniS,
2211 3478 2326 3542 ubi
2372 3481 2473 3543 est
2517 3480 2858 3562 diligentia
2903 3481 3189 3562 pietatis,

1614 3751 1694 3814 E.
1738 3753 1838 3814 De
1886 3754 2016 3815 illo
2065 3754 2194 3827 qui
2229 3766 2372 3826 pro
2423 3755 2590 3815 ludo
2640 3755 3140 3830 immerqttur.

554 4011 693 4070 nugo,
728 4012 804 4058 uhi
964 3986 1147 4051 Solet
1196 3986 1395 4049 etiam
1452 3984 1659 4065 quaeri
1717 3984 1801 4047 de
1856 3983 1970 4046 illo
2026 3984 2142 4064 qui
2194 3983 2426 4064 jocans
2481 3984 2653 4048 sicut
2706 3985 2978 4066 mimus,
3032 3989 3655 4054 commemoratione
3710 3991 3936 4054 tamen

533 4087 679 4130 ''¹⁹“
830 4103 1173 4168 Trinitatis
1209 4101 1647 4182 immergitur,
1684 4101 1908 4164 utrum
1946 4099 2314 4181 baptizatus
2350 4101 2458 4165 sit.
2500 4101 2646 4164 Hoc
2681 4101 2903 4165 autem
2940 4101 3354 4183 Augustinus
3387 4122 3521 4168 non
3557 4105 3808 4186 definit,
3841 4108 3938 4171 ita

583 4246 693 4302 Aug.
723 4246 779 4289 a·
832 4220 1140 4301 inquiens
1179 4238 1195 4280 ε
1236 4218 1307 4282 Si
1350 4218 1565 4280 totum
1612 4217 1862 4281 ludicre
1899 4219 1965 4281 et
2006 4219 2272 4281 mimice
2315 4221 2380 4280 et
2414 4218 2798 4299 joculariter
2842 4220 3165 4300 ageretur,
3206 4221 3429 4284 utrum
3471 4223 3937 4304 approbandus

538 4307 804 4415 fflp‘boffiss
834 4335 1007 4399 esset
1030 4334 1413 4415 Baptismus
1440 4333 1557 4414 qui
1594 4333 1690 4396 sic
1718 4332 2004 4413 daretur,
2030 4331 2330 4395 divinum
2365 4332 2690 4413 Judicium
2731 4350 2850 4415 per
2876 4334 3157 4416 alicujus
3193 4336 3613 4400 revelationis
3649 4339 3938 4402 miracu-

536 4431 724 4540 {issifu’
758 4446 805 4478 ¹¹·
834 4451 977 4514 lum
1028 4449 1319 4514 oratione
1367 4447 1857 4529 implorandum
1905 4464 2047 4510 esse
2094 4465 2448 4511 censerem.
2494 4447 2772 4512 Videtur
2819 4451 3038 4513 tamen
3086 4451 3494 4532 sapientibus
3540 4471 3675 4517 non
3727 4455 3936 4520 fuisse

833 4567 1205 4647 Baptisma;
1252 4565 1328 4628 ut
1368 4581 1577 4645 quum
1624 4563 1827 4643 aliqui
1867 4564 1935 4625 in
1972 4561 2280 4626 balneum
2324 4562 2428 4626 vel
2465 4564 2534 4626 in
2581 4563 2826 4627 flumen
2865 4567 3250 4647 merguntur
3294 4567 3364 4630 in
3411 4569 3679 4633 nomine
3715 4571 3936 4635 Trini-

832 4684 1012 4762 tatis,
1034 4699 1185 4745 -non
1227 4683 1327 4745 est
1366 4683 1583 4745 tamen
1622 4680 2027 4762 BaptismuS,
2060 4680 2218 4763 quia
2260 4697 2395 4744 non
2433 4681 2792 4746 intentione
2840 4683 3212 4765 baptizandi
3251 4685 3417 4748 illud
3457 4686 3726 4768 geritur.
3759 4689 3928 4753 Nam

835 4801 905 4864 in
942 4799 1069 4864 hoc
1114 4800 1180 4862 et
1220 4799 1289 4861 in
1332 4799 1483 4862 aliis
1516 4798 1969 4878 sacramentis,
2009 4797 2183 4861 sicut
2228 4797 2441 4861 forma
2477 4801 2578 4862 est
2613 4799 2955 4876 servanda,
2997 4801 3090 4863 ita
3129 4801 3195 4864 et
3238 4801 3514 4866 intentio
3565 4803 3729 4868 illud
3767 4805 3934 4870 cele-

576 4939 638 4983 m.
666 4937 804 4994 Epist.
832 4917 1065 4982 brandi
1102 4916 1203 4980 est
1237 4915 1554 4979 habenda.
1597 4913 1773 4977 Illud
1809 4914 2010 4978 etiam
2051 4931 2183 4977 non
2227 4915 2292 4977 te
2329 4915 2614 4994 moveat,
2655 4917 2832 4996 quod
2866 4916 3132 4997 quidam
3173 4934 3304 4980 non
3345 4936 3422 4982 ea
3457 4919 3586 4984 fide
3620 4922 3934 5002 parvulos

538 5004 726 5055 ⁹⁸’¹²'⁵’
832 5034 916 5099 ad
964 5033 1377 5114 Baptismum
1438 5031 1678 5110 ferunt,
1730 5031 1802 5094 ut
1851 5048 1968 5111 per
2012 5031 2334 5111 Spiritum
2383 5031 2466 5094 ad
2512 5033 2719 5096 vitam
2775 5035 3237 5115 regenerentur
3277 5037 3612 5117 aeternam,
3653 5039 3766 5102 sed
3817 5057 3930 5104 eos

830 5151 1066 5235 putant
1100 5149 1225 5213 hoc
1271 5148 1560 5213 remedio
1598 5147 2028 5228 temporalem
2074 5149 2367 5229 accipere
2413 5151 2764 5216 sanitatem
2809 5171 2824 5211 :
2865 5168 2997 5213 non
3037 5151 3214 5216 enim
3261 5154 3606 5234 propterea
3651 5155 3751 5219 illi
3797 5175 3928 5222 non

828 5266 1293 5351 regenerantur
1335 5263 1493 5346 quia
1536 5279 1655 5327 nec
1701 5262 1783 5326 ab
1830 5261 1964 5326 illis
2009 5262 2131 5327 hac
2177 5263 2538 5328 intentione
2585 5267 2967 5332 offeruntur.
