4267 6250
534 1087 701 1131 Joann.
714 1098 774 1139 n,

508 1152 577 1202 43,
588 1152 638 1195 Η
646 1180 657 1193 .

544 4450 587 4491 p.
605 4438 683 4480 5⁰0
694 4437 754 4482 C'.

796 488 919 555 502

1421 509 1486 555 m
1525 507 1747 555 unum!
1787 507 1849 553 lv
1891 504 2375 553 sfflnmunmt.
2415 522 2496 533 —-
2537 505 2690 551 msr.
2731 504 2926 567 xvm3
2967 505 3194 561 Qufflsr.
3234 506 3280 552 11

804 698 951 762 pam
999 686 1063 743 et
1109 698 1363 762 poenam
1412 688 1755 757 aeternam3
1804 678 2096 742 sacerdos
2147 694 2297 740 vero
2327 677 2376 739 A
2407 679 2850 759 remaneat3
2870 679 2954 744 et
2979 679 3253 745 utrum
3279 677 3696 759 peceatum
3726 690 3904 757 pos·

802 786 1225 852 consummat,
1266 776 1645 841 dimittendo
1690 775 1933 857 aliquid
1982 775 2061 837 de
2111 793 2300 857 poena

800 894 879 937 ex
909 875 973 939 vi
1004 876 1282 939 clavium
1313 894 1427 959 per
1458 874 1929 957 impositionem
1963 892 2291 937 manuum.

802 972 881 1035 Et
917 975 1038 1037 hoc
1077 982 1249 1057 patet
1289 975 1353 1038 in
1399 973 1879 1037 resuscitatione
1914 971 2149 1034 Lazari.
2183 972 2299 1034 Do·

806 1072 1021 1136 minus
1063 1075 1239 1136 enim
1283 1073 1464 1146 dixit,
1505 1072 1754 1146 Lazaro,
1796 1070 1943 1134 veni
1990 1069 2194 1149 foras3
2234 1077 2298 1131 et

802 1173 1016 1235 statim
1067 1174 1319 1255 prodiit.
1362 1174 1581 1236 Postea
1624 1171 1803 1245 dixit,
1844 1170 2081 1234 Solvite
2121 1188 2293 1243 eum,

804 1278 923 1333 etc.
960 1270 1124 1353 Ergo
1153 1270 1262 1334 ubi
1295 1269 1599 1333 Dominus
1630 1288 1756 1333 non
1790 1268 2063 1341 inchoat,
2096 1286 2297 1331 sacer-

802 1370 917 1432 dos
960 1388 1090 1433 non
1129 1377 1546 1433 consummat.
1582 1369 1728 1431 Ideo
1771 1368 1823 1431 si
1868 1367 2162 1430 sacerdos
2206 1366 2297 1427 in·

797 1466 1024 1548 jungat
1080 1467 1521 1549 poenitentiam
1586 1466 1897 1529 minorem
1958 1464 2292 1546 condigna,

801 1565 1141 1647 poenitenS,
1167 1565 1276 1627 illa
1306 1565 1642 1647 completa,
1668 1582 1793 1627 non
1826 1562 2140 1626 evolabit:
2167 1562 2296 1624 imo

799 1663 1126 1726 residuum
1160 1664 1223 1726 in
1258 1663 1618 1746 purgatorio
1648 1662 1871 1737 solvet,
1890 1662 2011 1724 nisi
2042 1661 2295 1724 aliunde

800 1781 915 1844 per
944 1762 1221 1825 caritatis
1252 1761 1571 1825 fervorem
1603 1769 1666 1824 et
1696 1760 2094 1825 contritionis
2125 1778 2296 1822 acer·

2405 776 2516 841 sit
2555 776 2868 842 remitti
2909 777 3297 858 quantum
3340 776 3442 842 ad
3477 774 3900 854 maculam,

2406 888 2562 939 non
2602 876 2870 941 tamen
2905 876 3296 955 quantum
3337 874 3438 941 ad
3479 888 3820 955 poenam.

2485 971 2765 1054 Apparet
2809 964 3022 1035 autem
3071 974 3242 1055 quod
3285 973 3476 1055 culpa
3521 972 3605 1034 sit
3643 969 3906 1033 realiter

2403 1070 2650 1132 macula
2679 1070 2831 1152 ipsa,
2846 1071 2991 1153 quia
3021 1071 3182 1133 nihil
3213 1070 3573 1144 deformius,
3587 1068 3748 1132 nihil
3773 1076 3905 1130 tur-

2407 1168 2552 1251 pius
2592 1176 2690 1231 est
2726 1177 3007 1252 peccato,
3044 1170 3394 1252 praesertim
3433 1188 3634 1251 quum
3669 1168 3728 1230 S.
3756 1166 3902 1230 Dio-

2405 1267 2625 1350 nysius
2657 1268 2723 1329 in
2757 1268 2920 1332 libro
2959 1269 3036 1331 de
3068 1268 3314 1331 Divinis
3351 1266 3723 1330 nominibus
3751 1282 3902 1327 con-

2405 1372 2690 1438 testetur,
2725 1367 2894 1449 quod
2935 1385 3124 1430 omne
3163 1385 3276 1429 ens
3309 1374 3408 1429 est
3437 1365 3803 1447 pulchrum,
3835 1371 3902 1425 et

2405 1463 2574 1545 quod
2623 1464 2922 1527 universa
2967 1465 3352 1546 participant
3399 1463 3688 1546 pulchre,
3732 1462 3908 1524 sicut

2405 1570 2470 1623 et
2509 1562 2694 1625 bono.
2738 1563 3070 1626 Peccatum
3109 1581 3262 1626 vero
3305 1582 3506 1646 quum
3549 1559 3907 1624 formaliter

2405 1679 2532 1724 non
2579 1662 2660 1723 sit
2697 1661 2939 1744 aliquid
2986 1661 3354 1744 positivum,
3397 1660 3750 1724 formaliter
3795 1678 3906 1721 ex·

2407 1778 2553 1841 pers
2593 1766 2690 1821 est
2725 1759 2919 1823 totius
2959 1760 3228 1833 decoriS,
3259 1767 3324 1823 et
3355 1759 3442 1822 ita
3478 1776 3604 1823 non
3645 1765 3743 1821 est
3777 1757 3906 1819 nisi

800 1860 1063 1923 bitatem
1128 1860 1832 1943 supererogationisque
1888 1877 2081 1941 opera
2141 1878 2294 1941 sup·
2331 1859 2379 1922 B
2411 1858 2659 1920 macula
2709 1866 2900 1940 atque
2958 1858 3348 1921 deformitas.
3403 1858 3495 1920 Ex
3552 1876 3680 1939 quo
3737 1856 3907 1918 ultra

800 1958 1067 2042 pleatur.
1108 1959 1247 2022 Non
1290 1960 1464 2022 enim
1515 1958 1807 2022 sacerdos
1850 1958 2107 2039 penitus
2148 1974 2296 2020 con-

800 2065 1083 2119 summat
1134 2057 1625 2129 absolutionem,
1676 2056 1786 2118 sed
1847 2055 1911 2117 in
1972 2063 2184 2137 parte3
2236 2062 2300 2117 et

802 2162 1112 2237 quantum
1142 2155 1217 2218 ad
1260 2155 1437 2217 illam
1472 2163 1740 2238 partem,
1776 2154 2093 2236 poenitens
2130 2154 2297 2217 solu·

798 2260 901 2315 tus
931 2261 1029 2315 est
1058 2253 1124 2316 in
1154 2253 1335 2317 coelo.
1355 2254 1690 2335 Quumque
1722 2252 1787 2315 in
1817 2252 1969 2315 ficte
1996 2252 2302 2314 acceden-

800 2359 867 2415 te
908 2351 1071 2414 nihil
1113 2352 1508 2415 inchoaverit
1542 2351 1871 2425 DominuS,
1915 2350 2079 2413 nihil
2117 2350 2184 2412 in
2223 2369 2297 2414 eo

802 2458 1202 2513 consummat
1244 2452 1557 2515 sacerdos,

879 2550 1185 2613 Praeterea
1214 2549 1267 2613 si
1298 2558 1637 2632 quaeratur,
1670 2570 1750 2613 an
1782 2550 1979 2613 clavis
2011 2557 2199 2624 erret,
2235 2549 2296 2611 id

800 2657 898 2711 est
936 2648 1179 2711 habens
1220 2648 1462 2711 clavem
1483 2666 1499 2728 ;
1536 2648 1701 2723 dico,
1736 2650 1906 2730 quod
1944 2648 2152 2731 quoad
2185 2648 2298 2710 ali-

800 2747 949 2829 quid
990 2754 1179 2821 errat,
1212 2754 1277 2809 et
1304 2747 1509 2828 quoad
1549 2746 1790 2829 aliquid
1831 2765 1978 2810 non.
2013 2746 2171 2809 Nam
2203 2765 2298 2809 er-

799 2852 896 2907 rat
924 2843 1279 2908 secundum
1310 2844 1663 2918 veritatem,
1698 2862 1824 2908 non
1866 2853 2035 2907 errat
2074 2863 2297 2907 secun-

798 2944 953 3005 dum
990 2942 1219 3023 judicii
1249 2941 1632 3025 aequitatem.
1668 2942 1911 3024 Nempe
1941 2943 2296 3005 secundum

2407 1956 2733 2038 probatur,
2781 1956 2950 2038 quod
2993 1956 3239 2018 macula
3286 1974 3414 2019 non
3463 1955 3545 2018 sit
3593 1955 3747 2037 quid
3798 1974 3909 2036 po-

2405 2054 2666 2117 sitivum
2711 2054 2774 2116 in
2829 2055 3070 2133 anima3
3115 2062 3180 2117 et
3222 2054 3392 2129 item,
3433 2054 3596 2136 quod
3639 2062 3907 2135 peccato

2405 2153 2689 2227 remiss0,
2753 2171 2878 2216 non
2939 2160 3190 2216 maneat
3251 2152 3316 2215 in
3381 2152 3594 2216 anima
3655 2152 3908 2215 macula

2405 2252 2638 2334 aliqua.

2488 2448 2668 2511 Circa
2709 2448 2843 2511 haec
2891 2448 3116 2511 scribit
3153 2448 3594 2511 Bonaventura
3631 2449 3698 2511 in
3735 2468 3909 2531 quae-

2407 2546 2722 2610 stionibus
2772 2547 2996 2610 litterae
3033 2564 3046 2607 :
3089 2547 3390 2621 Quamvis
3437 2556 3772 2630 peccatum
3819 2548 3910 2610 sit

2408 2664 2608 2708 unum
2659 2645 2724 2707 in
2773 2664 2862 2720 se,
2913 2653 3128 2708 tamen
3183 2645 3538 2708 secundum
3583 2646 3904 2709 diversam

2408 2743 2978 2807 considerationem
3018 2744 3141 2806 tria
3177 2745 3440 2807 sortitur
3475 2744 3808 2819 vocabula,
3841 2751 3908 2807 et

2406 2844 2527 2906 hoc
2569 2861 2681 2925 per
2713 2842 3252 2924 comparationem
3290 2844 3368 2906 ad
3409 2850 3696 2906 nostrum
3732 2843 3908 2924 judi-

2408 2942 2579 3004 cium
2602 2940 2786 3022 :quia
2810 2940 3127 3021 judicium
3159 2949 3443 3005 nostrum
3470 2942 3910 3006 consideratur

800 3041 1111 3104 exteriora
1142 3041 1355 3125 ipsum
1381 3040 1667 3121 judicare
1697 3042 2297 3122 oportetzquemad-
2334 3041 2379 3105 C
2411 3040 2619 3121 primo
2647 3058 2762 3121 per
2793 3039 3053 3101 modum
3085 3040 3569 3122 speculationis3
3599 3043 3906 3117 secundo,

804 3140 1063 3203 modum
1108 3139 1305 3221 judex
1351 3138 1461 3221 qui
1514 3140 1700 3221 punit
1750 3139 2155 3202 innocentem
2205 3159 2299 3202 se-

802 3237 1083 3301 cundum
1128 3237 1395 3318 allegata
1429 3245 1493 3300 et
1532 3237 1815 3320 probata,
1846 3237 2015 3319 juste
2052 3238 2300 3320 judicat

800 3337 1153 3400 secundum
1200 3335 1425 3416 judicii
1475 3336 1861 3419 aequitatem,
1908 3355 2033 3399 non
2084 3344 2298 3400 tamen

798 3435 1045 3516 judicat
1078 3434 1251 3516 juste
1290 3436 1645 3498 secundum
1676 3436 2030 3499 veritatem.
2064 3473 2145 3482 -
2173 3437 2298 3500 Alii

803 3541 1131 3616 exponunt
1173 3533 1266 3595 sic
1300 3552 1314 3597 ε
1348 3533 1808 3617 Quodcumque
1852 3533 2149 3615 ligaveris
2198 3555 2298 3597 su-

800 3650 916 3713 per
972 3637 1249 3705 terram,
1289 3631 1540 3713 supple,
1596 3631 1790 3713 juste,
1852 3640 2161 3715 quantum
2219 3635 2298 3696 ad

803 3735 1167 3809 utrumque,
1203 3737 1443 3811 utpote,
1485 3737 1796 3810 quantum
1836 3731 1915 3792 ad
1955 3731 2138 3792 illum
2184 3732 2294 3813 qui

803 3825 976 3907 ligat,
1000 3833 1064 3888 et
1092 3835 1401 3908 quantum
1432 3827 1510 3888 ad
1542 3827 1726 3889 illum
1756 3827 1866 3910 qui
1898 3828 2147 3909 ligatur.
2174 3829 2294 3891 Sed

802 3924 1114 4005 expositio
1161 3925 1530 4008 aequipollet
1585 3925 1970 4007 praehabitae.
2025 3962 2105 3972 —
2152 3927 2295 3990 Haec

800 4021 1335 4084 Antisiodorensis
1368 4022 1433 4084 in
1465 4023 1743 4085 Summa.
1779 4023 1894 4096 Qui
1928 4023 1992 4085 in
2024 4023 2124 4087 his
2156 4043 2296 4088 sen-

804 4120 922 4182 tire
952 4119 1227 4194 videtur,
1261 4120 1429 4202 quod
1467 4121 1565 4183 vis
1604 4121 1879 4184 clavium
1922 4140 2047 4185 non
2088 4141 2156 4184 se
2195 4141 2299 4185 ex-

2409 3146 2598 3221 prout
2628 3158 2695 3201 se
2725 3139 3009 3201 extendit
3036 3139 3113 3201 ad
3145 3139 3484 3220 affectum3
3516 3141 3724 3217 tertio,
3761 3160 3908 3224 pro-

2409 3245 2482 3298 ut
2527 3237 2812 3300 extendit
2860 3255 2928 3299 se
2975 3237 3052 3299 ad
3103 3237 3429 3301 effectum.
3479 3239 3910 3303 Conformiter

2405 3335 2721 3416 judicium
2753 3335 2865 3398 Dei
2897 3335 3352 3419 omnipotentis
3385 3337 3506 3400 sub
3536 3338 3778 3420 triplici
3808 3359 3908 3402 ra·

2409 3433 2580 3496 tione
2627 3433 3063 3497 consideratur
3119 3443 3412 3518 respectu
3459 3437 3724 3520 peccati.
3775 3439 3908 3500 Pri·

2410 3549 2536 3605 m0,
2569 3550 2684 3614 per
2714 3532 2972 3594 modum
3013 3532 3466 3614 speculationis
3494 3551 3509 3597 ε
3542 3542 3606 3598 et
3637 3535 3722 3598 ita
3757 3555 3910 3619 pec-

2409 3638 2621 3692 catum
2680 3638 2777 3693 est
2836 3631 3082 3692 macula
3140 3632 3281 3712 ejus
3327 3633 3593 3713 judicio,
3644 3644 3912 3718 propter

2408 3729 2872 3811 turpitudinem
2919 3749 3110 3812 quam
3158 3730 3223 3792 in
3268 3749 3344 3794 eo
3387 3733 3762 3796 considerat.
3797 3735 3908 3798 Se-

2409 3827 2618 3889 cundo
2662 3827 3098 3890 consideratur
3133 3828 3451 3909 judicium
3493 3832 3606 3894 Dei
3647 3833 3770 3894 sub
3810 3853 3914 3897 ra-

2410 3926 2581 3988 tione
2630 3924 2914 3988 affectivi
2968 3943 2982 3988 :
3035 3926 3256 4009 sicque
3315 3938 3649 4011 peccatum
3699 3941 3798 3994 est
3843 3935 3908 3996 ei

2409 4022 2616 4097 foetor,
2663 4024 2966 4106 quoniam
3013 4024 3286 4088 affectus
3344 4026 3508 4090 bene
3555 4028 3910 4112 dispositus

2407 4121 2811 4185 abominatur
2848 4141 2920 4185 ac
2962 4123 3196 4205 refugit
3237 4124 3416 4188 illud.
3450 4126 3680 4202 Tertio,
3714 4139 3912 4212 prout

802 4218 1019 4280 tendat
1066 4218 1189 4280 nisi
1233 4219 1310 4280 ad
1354 4219 1723 4300 temporalis
1770 4237 1976 4302 poenae
2022 4220 2299 4283 diminu-
2329 4226 2376 4288 D
2410 4220 2698 4303 procedit
2737 4221 2802 4282 in
2843 4220 3149 4284 effectum
3194 4223 3455 4286 ultionis
3490 4245 3504 4289 :
3538 4234 3604 4288 et
3632 4227 3718 4290 ita
3757 4247 3908 4310 pec-

803 4316 1042 4378 tionem
1078 4333 1093 4377 :
1126 4317 1295 4397 quod
1334 4325 1398 4378 et
1437 4316 1877 4379 Bonaventura
1917 4318 2193 4382 sensisse
2232 4320 2297 4382 in

806 4413 1022 4476 verbis
1065 4413 1317 4476 videtur
1360 4413 1747 4497 praehabitis.
1780 4415 1857 4476 Et
1900 4416 2121 4479 Scotus
2173 4435 2301 4480 mo·

808 4518 915 4574 vet
944 4511 1359 4593 quaestionem
1392 4511 1495 4573 hic
1526 4513 2013 4594 specialem,alii
2045 4533 2300 4597 quoque

806 4609 1095 4672 doctores
1130 4626 1143 4671 :
1179 4609 1347 4672 unde
1388 4610 1468 4672 de
1510 4610 1631 4673 hoc
1673 4610 1838 4673 infra
1878 4611 2144 4675 dicetur.

1238 4879 1713 4954 QUAESTIO
1782 4882 1858 4943 II

942 5100 1073 5163 Unc
1107 5099 1435 5182 quaeritur,
1468 5101 1675 5180 Quid
1712 5102 1823 5168 sit
1857 5102 2173 5169 macula
2211 5105 2296 5170 111

967 5200 1256 5280 anima,
1287 5212 1388 5265 an
1426 5197 1739 5266 scilicet
1774 5201 1887 5266 sit
1921 5202 2095 5282 ipsa
2132 5202 2293 5268 cul-

801 5313 924 5380 pa,
968 5299 1052 5363 et
1090 5297 1161 5362 si
1210 5311 1395 5378 non,
1436 5311 1539 5364 an
1586 5299 1918 5366 dimisso
1963 5302 2292 5380 peccato

2409 4326 2622 4380 catum
2662 4317 3019 4400 appellatur
3047 4318 3335 4383 debitum
3379 4324 3600 4388 mortis
3628 4335 3903 4393 aeternae.

2407 4416 2669 4490 RursuS,
2703 4423 3036 4499 peccatum
3068 4417 3502 4484 consideratur
3538 4442 3653 4505 per
3691 4445 3909 4509 respe-

2410 4522 2582 4577 ctum
2617 4515 2693 4576 ad
2725 4533 2874 4577 eum
2906 4515 2972 4577 in
3003 4533 3131 4598 quo
3159 4526 3276 4594 est,
3304 4538 3496 4601 quem
3527 4523 3680 4603 quia
3709 4524 3908 4589 foedat

2408 4621 2472 4676 et
2523 4613 2818 4687 maculat,
2869 4622 3042 4677 recte
3091 4617 3340 4680 macula
3391 4620 3792 4702 nominatur;
3841 4634 3910 4687 et

2409 4729 2663 4773 rursum
2703 4711 2769 4774 in
2809 4719 3102 4794 respectu
3131 4715 3210 4776 ad
3240 4733 3388 4778 eum
3424 4716 3489 4779 in
3521 4719 3707 4800 cujus
3744 4722 3906 4786 affe-

2409 4817 2516 4871 ctu
2565 4827 2692 4872 non
2741 4818 2858 4884 est,
2907 4819 2972 4874 et
3017 4812 3110 4874 sic
3159 4813 3392 4876 dicitur
3438 4815 3661 4898 foetor3
3709 4830 3775 4883 et
3821 4824 3904 4885 ad

2409 4907 2631 4982 Deum,
2663 4909 2884 4991 sicque
2914 4910 3244 4974 vinculum
3276 4914 3495 4978 mortis
3522 4924 3772 4982 aeternae
3801 4940 3909 4985 vo-

2408 5013 2604 5068 catur.
2644 5008 2816 5070 Unde
2861 5015 3035 5090 patet·
3071 5012 3388 5091 quomodo
3428 5013 3638 5095 ipsum
3683 5037 3907 5100 pecca·

2407 5110 2544 5166 tum
2591 5111 2688 5167 est
2735 5106 2986 5169 macula
3041 5115 3230 5189 atque
3289 5127 3404 5191 per
3457 5113 3675 5192 gratiae
3731 5115 3903 5179 infu-

2406 5203 2651 5266 sionem
2694 5203 2960 5266 deletur.
2995 5204 3317 5269 interdum
3364 5211 3642 5273 carentia
3681 5215 3904 5293 gratiae

2405 5300 2640 5363 dicitur
2672 5302 2938 5376 macula,
2956 5321 3147 5384 quam
3179 5313 3424 5368 constat
3451 5308 3587 5370 tolli
3617 5329 3734 5393 per
3760 5331 3902 5394 gra-

4085 1324 4098 1335 .
4117 1305 4190 1335 lv-
