4267 6250
101 1699 213 1745 Jaoet.

214 1705 324 1751 ndo.

1230 534 1433 582 mun
1474 533 1744 581 PnccATA
1786 532 1981 581 sul.
2023 535 2270 582 mutssa
2309 536 2593 584 mnam·

3333 512 3454 585 579

350 710 567 765 tamen
623 703 995 767 recoluntur
1051 704 1130 766 ad
1190 704 1591 787 punitionem
1654 704 1855 767 mino-
1884 702 1935 767 A
1970 724 2168 767 unum
2219 712 2550 788 peccatum
2609 726 2734 770 una
2792 707 3132 790 corruptio.
3187 707 3310 770 Alii
3361 707 3454 770 di-

350 819 487 863 rem
536 819 551 863 :
598 802 759 864 alias
802 810 971 866 esset
1016 803 1137 865 hoc
1178 811 1398 866 contra
1446 804 1557 866 Dei
1608 803 1853 865 miseri-

348 899 655 963 cordiam.
688 900 941 963 Justitia
968 919 1225 984 quoque
1256 901 1365 965 Dei
1408 920 1737 983 nunquam
1770 900 1855 962 ita

348 998 808 1061 misericordiae
852 1006 946 1061 est
992 999 1280 1081 aequalis,
1324 1000 1481 1082 quin
1529 1000 1728 1081 magis
1771 998 1855 1060 sit

347 1096 423 1156 ad
484 1096 955 1178 indulgendum
1022 1116 1215 1179 quam
1281 1097 1362 1159 ad
1428 1097 1853 1160 condemnan-

347 1193 525 1266 dum,
564 1202 879 1276 quantum
914 1196 979 1256 in
1010 1213 1078 1257 se
1108 1202 1205 1257 est
1240 1213 1255 1257 ε
1288 1194 1473 1258 aliter
1512 1203 1681 1258 esset
1720 1212 1857 1256 cru-

346 1290 531 1352 delis.

430 1386 671 1451 Rursus
702 1388 1029 1471 objicitur,
1054 1390 1225 1472 quod
1258 1390 1322 1452 in
1354 1389 1605 1471 legibus
1632 1388 1853 1451 huma-

352 1486 473 1557 nis,
506 1504 732 1550 servus
764 1489 1229 1562 manumissuS,
1258 1496 1519 1570 propter
1546 1487 1851 1550 delictum

351 1602 627 1666 sequens
657 1586 722 1648 in
756 1586 1091 1669 pristinam
1120 1588 1432 1669 redigitur
1460 1588 1849 1650 servitutem.

352 1718 433 1728 —
462 1683 539 1744 Et
588 1683 651 1745 S.
682 1683 953 1748 lacobus
1002 1686 1325 1767 apostolus
1374 1685 1657 1767 loquitur
1688 1702 1704 1746 :
1736 1684 1851 1759 Qui

354 1780 629 1844 offendit
670 1782 738 1844 in
781 1800 931 1855 uno,
966 1781 1169 1845 sactus
1210 1792 1310 1845 est
1349 1784 1639 1846 omnium
1684 1802 1849 1845 reuS.

1968 810 2120 865 cunt
2149 805 2319 885 quod
2358 822 2482 866 non
2515 823 2632 888 pro
2667 805 2990 881 omnibuS‚
3021 806 3132 869 sed
3165 806 3454 889 speciali-

1966 908 2064 963 ter
2102 919 2218 982 pro
2261 910 2532 984 quatuor
2571 903 2847 985 peccatis
2892 904 3160 966 redeunt
3197 911 3454 986 peccata

1965 998 2250 1071 dimissa,
2283 998 2582 1062 videlicet
2614 1017 2628 1061 ε
2661 1017 2778 1082 pro
2819 1000 3098 1064 fraterno
3138 1000 3304 1075 odio,
3338 1018 3454 1084 pro

1964 1096 2278 1177 apostasia
2306 1116 2344 1159 a
2370 1096 2523 1171 fide,
2556 1115 2670 1179 pro
2700 1105 3068 1181 contemptu
3105 1097 3455 1162 confitendi

1966 1200 2031 1254 et
2058 1192 2510 1268 satisfaciendi,
2544 1194 2696 1258 item
2727 1213 2845 1277 pro
2871 1213 2947 1258 eo
2977 1197 3147 1278 quod
3176 1196 3319 1278 quis
3349 1196 3456 1259 do-

1968 1290 2054 1352 let
2084 1309 2152 1353 se
2181 1292 2575 1374 poenituisse.
2611 1293 2731 1355 Sed
2765 1293 2900 1357 istis
2928 1292 3253 1375 objicitur,
3285 1293 3455 1376 quod

1968 1388 2170 1450 multa
2215 1398 2473 1471 peccata
2529 1398 2677 1454 sunt
2726 1391 2864 1453 istis
2912 1393 3015 1454 vel
3070 1390 3454 1475 quibusdam

1968 1486 2196 1549 horum
2245 1489 2555 1569 graviora,
2609 1490 2776 1552 sicut
2833 1497 3091 1572 peccata
3150 1490 3214 1553 in
3264 1490 3457 1572 Spiri-

1966 1592 2105 1646 tum
2136 1586 2738 1661 Sanctum.Quidam
2781 1588 3004 1650 dicunt
3044 1596 3300 1670 peccata
3329 1606 3457 1651 non

1970 1684 2175 1747 redire
2219 1684 2343 1747 nisi
2391 1692 2700 1767 quantum
2747 1686 2825 1748 ad
2869 1693 3133 1749 reatum.
3173 1722 3256 1731 —
3297 1686 3457 1749 Hinc

1969 1783 2400 1856 concedimus,
2432 1784 2600 1865 quod
2639 1792 2897 1866 propter
2936 1784 3453 1866 ingratitudinem

353 1881 527 1953 Quod
578 1880 835 1943 videtur
880 1898 1021 1943 esse
1072 1900 1187 1963 per
1232 1882 1375 1955 hoc,
1416 1882 1589 1963 quod
1636 1882 1853 1944 omnia
1890 1880 1939 1945 B
1968 1886 2212 1942 tantum
2281 1880 2581 1942 dicuntur
2643 1889 2901 1961 peccata
2964 1882 3190 1944 redire.
3255 1882 3454 1946 Homo

354 1986 613 2060 peccata
670 1979 989 2060 praeterita
1046 1986 1453 2042 revertuntur
1501 1979 1565 2041 in
1614 1980 1847 2062 ipsum.

351 2076 505 2138 ltem
549 2086 844 2159 ponatur,
877 2078 1045 2158 quod
1084 2077 1232 2159 quis
1270 2077 1671 2140 sufficienter
1708 2095 1853 2139 con-

348 2176 537 2237 tritus
567 2176 651 2238 sit
679 2177 757 2238 ad
787 2176 1173 2238 deletionem
1204 2176 1430 2257 culpae,
1465 2193 1589 2238 non
1622 2194 1847 2257 poenae,

347 2280 412 2335 et
447 2273 756 2355 deinceps
800 2274 1153 2336 contemnit
1190 2274 1501 2356 poenitere
1538 2292 1611 2335 ac
1651 2271 1851 2336 consi·

346 2372 489 2445 teri,
542 2372 766 2454 sicque
823 2372 1112 2453 decedit3
1162 2380 1408 2435 constat
1454 2371 1625 2454 quod
1684 2372 1849 2434 Deus

347 2470 575 2551 puniet
606 2478 939 2551 peccatum
986 2471 1157 2553 quod
1194 2489 1322 2534 non
1354 2470 1607 2553 punivit
1634 2470 1843 2532 homo.

346 2568 481 2631 Non
525 2576 741 2631 autem
788 2568 1015 2650 puniet
1054 2570 1163 2632 illa
1206 2571 1394 2644 DeuS,
1428 2569 1553 2631 nisi
1591 2568 1852 2630 redeant

345 2684 543 2747 super
585 2666 791 2728 illum.

426 2764 504 2826 Et
541 2764 1060 2846 respondendum
1100 2765 1178 2828 ad
1221 2763 1528 2848 primum,
1572 2763 1743 2846 quod
1782 2763 1846 2826 in

345 2861 597 2944 legibus
628 2863 928 2925 humanis
967 2863 1168 2925 multa
1208 2862 1377 2925 fiunt
1416 2870 1675 2946 propter
1703 2881 1849 2925 cau-

344 2960 538 3023 telam
590 2968 655 3022 et
700 2959 1111 3024 formidinem
1163 2961 1563 3041 futurorum3
1594 2970 1659 3024 et
1704 2960 1849 3024 talis

1967 1978 2207 2059 quippe
2257 1985 2509 2040 tenetur
2557 1979 2682 2042 Deo
2729 1998 2806 2041 ex
2856 1980 3198 2042 commisso
3244 1998 3258 2041 ε
3305 1999 3453 2044 nam

1966 2074 2067 2135 cui
2102 2074 2248 2155 plus
2279 2077 2717 2151 committitur,
2750 2077 2894 2159 plus
2923 2079 3004 2140 ab
3040 2096 3116 2141 eo
3155 2079 3449 2159 exigitur.

1965 2172 2242 2234 Tenetur
2280 2175 2472 2235 etiam
2510 2175 2640 2237 Deo
2677 2192 2754 2236 ex
2800 2176 3066 2239 dimisso
3099 2194 3112 2238 :
3151 2177 3454 2259 quoniam

1963 2272 2067 2333 cui
2108 2272 2254 2353 plus
2303 2274 2665 2347 dimittitur,
2707 2275 2932 2337 ceteris
2979 2275 3262 2358 paribus,
3309 2277 3454 2359 plus

1960 2376 2250 2449 tenetur3
2293 2371 2436 2434 ideo
2477 2372 2882 2435 recidivando
2925 2375 3126 2455 magis
3170 2375 3454 2457 ingratus

1962 2474 2077 2541 est,
2130 2476 2196 2530 et
2245 2487 2362 2551 per
2419 2470 2932 2552 ingratitudinem
2993 2473 3193 2535 Deum
3254 2473 3454 2555 magis

1962 2566 2249 2628 offendit.
2287 2568 2429 2630 Haec
2469 2567 3022 2632 Antisiodorensis.

2040 2664 2119 2725 At
2159 2683 2310 2728 vero
2347 2666 2426 2728 de
2465 2665 2566 2728 his
2608 2666 2877 2728 Thomas
2918 2667 3171 2749 plenius
3209 2687 3283 2730 ac
3323 2669 3455 2751 pla-

1962 2761 2107 2823 nius
2153 2763 2440 2826 scribens
2473 2782 2488 2825 :
2521 2763 2798 2845 Oportet,
2826 2764 2934 2838 ait,
2967 2764 3152 2828 fateri
3197 2774 3457 2848 peccata

1960 2859 2176 2942 aliquo
2219 2862 2409 2924 modo
2450 2862 2676 2935 redire,
2705 2862 2855 2944 quia
2899 2863 3303 2927 auctoritates
3349 2884 3454 2927 ex-

1962 2976 2180 3040 presse
2209 2959 2329 3022 hoc
2358 2959 2596 3022 dicunt.
2630 2960 2806 3022 Unde
2833 2960 3093 3042 quidam
3127 2979 3453 3024 concesse-

342 3066 437 3122 est
467 3059 877 3122 observantia
906 3059 1064 3142 legis
1100 3060 1297 3134 illius,
1329 3078 1471 3142 quae
1510 3077 1728 3122 servos
1758 3057 1848 3121 ef·
1886 3058 1931 3122 C
1962 3064 2111 3117 runt
2159 3057 2278 3119 hoc
2326 3056 2471 3119 fieri
2520 3058 2586 3119 in
2637 3058 2812 3120 omni
2865 3058 3270 3122 recidivante.
3325 3060 3454 3123 Nec

345 3158 487 3221 sicit
525 3159 865 3232 cautioreS,
899 3165 964 3221 et
1002 3167 1241 3222 terrore
1286 3166 1539 3222 revocat
1574 3178 1612 3221 a
1648 3159 1851 3222 consi·
1960 3153 2083 3217 fuit
2112 3174 2334 3219 eorum
2366 3156 2636 3219 intentio
2674 3157 2910 3233 dicere,
2939 3159 3111 3241 quod
3140 3159 3310 3222 idem
3341 3178 3456 3221 nu-

344 3255 613 3318 milibus
666 3257 869 3318 malis.
918 3257 1089 3318 Deus
1136 3274 1289 3319 vero
1334 3257 1551 3319 omnia
1596 3258 1726 3338 agit
1769 3256 1851 3319 ad
1962 3272 2139 3316 mero
2173 3262 2352 3316 actus
2392 3255 2636 3335 peccati
2679 3256 2914 3330 redeat,
2946 3265 3056 3319 aut
3085 3258 3306 3320 eadem
3337 3277 3452 3320 nu-

340 3373 638 3417 normam
666 3355 951 3435 justitiae,
986 3373 1105 3416 nec
1146 3373 1429 3436 unquam
1468 3356 1657 3437 punit
1687 3355 1851 3417 ultra
1962 3369 2138 3414 mero
2169 3350 2417 3414 macula
2446 3371 2560 3433 per
2590 3353 3030 3434 poenitentiam
3061 3355 3259 3418 semel
3289 3355 3454 3418 dele-

342 3453 758 3534 condignum.
802 3489 884 3499 —-
920 3454 1014 3516 Ad
1064 3453 1260 3527 aliud,
1312 3453 1481 3534 quod
1530 3452 1674 3515 talis
1722 3471 1848 3516 non
1958 3458 2021 3513 ta
2062 3452 2260 3533 (quod
2308 3452 2482 3514 enim
2533 3451 2596 3514 in
2647 3452 2924 3514 nihilum
2972 3454 3230 3530 decidit,
3281 3454 3452 3518 idem

342 3551 616 3633 punitur
656 3567 771 3632 pro
810 3569 885 3612 ea
926 3557 1105 3632 parte
1144 3569 1287 3632 quae
1325 3550 1589 3612 dimissa
1630 3558 1727 3612 est
1764 3551 1847 3625 ei,

342 3649 456 3712 sed
490 3665 609 3731 pro
639 3656 904 3730 peccato
931 3648 1253 3731 praeterito
1276 3649 1849 3730 :quemadmodum

344 3746 602 3810 veniale
653 3747 1071 3828 conjunctum
1119 3747 1393 3822 mortali,
1424 3747 1491 3808 in
1538 3755 1846 3810 aeternum

346 3847 634 3929 punitur.
669 3844 837 3908 Talis
865 3852 1081 3907 tamen
1111 3844 1177 3906 in
1210 3845 1463 3908 inferno
1494 3844 1705 3908 minus
1736 3864 1849 3927 pu-

344 3945 543 4018 nitur,
576 3963 769 4026 quam
810 3944 1147 4026 puniretur
1184 3943 1238 4005 si
1279 3963 1607 4026 nunquam
1648 3943 1849 4025 poeni·

344 4043 590 4107 tuisset.
625 4077 707 4088 —
735 4043 877 4105 Haec
919 4041 1235 4105 Albertus.

430 4143 702 4224 Insuper
737 4141 1272 4204 Antisiodorensis
1312 4141 1378 4202 in
1408 4141 1671 4204 Summa
1706 4159 1840 4216 sua,

1958 3567 2227 3612 numero
2270 3568 2397 3613 non
2449 3550 2615 3613 valet
2663 3550 2930 3632 redire);
2971 3553 3081 3614 sed
3133 3553 3238 3628 ita,
3281 3553 3454 3635 quod

1958 3648 2125 3709 sicut
2153 3667 2269 3729 per
2307 3656 2566 3730 peccata
2604 3649 2944 3711 commissa
2980 3650 3214 3732 aliquis
3255 3651 3454 3732 impe-

1958 3746 2250 3808 diebatur
2295 3754 2442 3810 ante
2497 3754 2819 3832 peractam
2877 3749 3320 3830 poenitentiam
3374 3748 3452 3812 de

1956 3843 2223 3919 eisdem,
2271 3863 2350 3906 ne
2397 3845 2663 3926 gratiam
2711 3865 2750 3908 a
2795 3845 2924 3908 Deo
2972 3846 3320 3929 reciperet3
3367 3847 3453 3910 ita

1956 3941 2307 4024 impeditur
2351 3942 2616 4016 eisdem,
2649 3950 2982 4025 postquam
3026 3963 3064 4005 a
3105 3951 3272 4007 statu
3319 3963 3452 4028 poe-

1955 4038 2239 4103 nitentiae
2268 4039 2506 4102 decidit
2535 4057 2648 4122 per
2678 4049 3006 4122 peccatum
3035 4043 3294 4105 mortale
3323 4062 3451 4126 quo

1954 4138 2281 4201 recidivat.
2335 4138 2436 4201 Sic
2495 4156 2770 4220 namque
2827 4139 3062 4201 dicitur
3109 4148 3444 4223 peccatum

346 4239 512 4304 libro
560 4247 787 4322 quarto
829 4256 843 4301 :
888 4239 1037 4302 Duae
1083 4239 1353 4321 (inquit)
1403 4245 1553 4301 sunt
1599 4238 1677 4302 de
1724 4239 1843 4303 isto
1875 4242 1924 4303 D
1955 4255 2214 4300 manere
2251 4245 2562 4319 quantum
2599 4237 2678 4300 ad
2717 4237 2992 4320 culpam,
3027 4239 3094 4301 in
3133 4247 3444 4321 quantum

345 4339 700 4422 opiniones
737 4338 889 4411 Una,
923 4336 1091 4418 quod
1136 4344 1396 4419 peccata
1442 4337 1701 4399 redeant
1742 4357 1842 4400 ea-

345 4439 492 4500 dem
534 4437 885 4500 secundum
924 4435 1303 4514 essentiam3
1338 4436 1482 4511 alia,
1515 4436 1686 4519 quod
1728 4455 1844 4518 per

344 4535 890 4618 ingratitudinem.
911 4535 1141 4600 Contra
1170 4535 1443 4618 primam
1472 4534 1841 4618 opinionem

344 4634 651 4716 objicitur
703 4652 717 4697 :
770 4635 1064 4708 Ponatur,
1123 4634 1292 4716 quod
1352 4633 1583 4716 aliquis
1643 4635 1843 4698 multa

346 4742 606 4817 peccata
638 4733 929 4797 mortalia
957 4732 1184 4796 lecerit
1211 4739 1403 4814 atque
1431 4733 1511 4795 de
1538 4733 1841 4797 omnibus

344 4833 725 4914 condignam
773 4831 1215 4914 poenitentiam
1265 4831 1485 4912 egerit,
1536 4831 1624 4894 ita
1669 4832 1841 4914 quod

344 4931 397 4992 si
446 4950 595 4994 mox
646 4937 1019 5004 moreretur,
1070 4929 1384 5009 evolaret3
1433 4931 1839 5012 postmodum

346 5047 495 5092 vero
558 5030 912 5093 recidivum
974 5029 1249 5111 patiatur
1308 5047 1421 5111 per
1477 5030 1839 5112 simplicem

345 5128 863 5207 fornicationem3
914 5145 1043 5191 non
1091 5135 1300 5211 potest
1345 5128 1494 5202 dici,
1542 5129 1710 5211 quod
1756 5128 1840 5192 ob

343 5226 521 5289 illam
550 5225 769 5288 omnia
806 5234 1064 5308 peccata
1103 5227 1317 5309 priora
1350 5226 1610 5290 redeant
1649 5246 1843 5311 super

346 5325 558 5408 ipsum
602 5341 618 5386 t
660 5324 812 5406 quia
858 5332 1191 5407 peccatum
1238 5326 1565 5411 corruptio
1610 5333 1728 5404 est,
1778 5334 1844 5390 et

1952 4355 2030 4398 ex
2079 4343 2224 4398 actu
2278 4335 2388 4417 qui
2444 4335 2768 4418 praeteriit,
2821 4336 3167 4420 impeditur
3214 4339 3360 4422 quis
3407 4360 3444 4403 a

1950 4435 2166 4516 gratiae
2209 4435 2592 4517 receptione,
2638 4435 2806 4498 sicut
2845 4455 2882 4498 a
2923 4437 3198 4518 quodam
3237 4437 3444 4502 obsta-

1952 4534 2099 4596 culo
2149 4527 2315 4596 inter
2361 4535 2558 4596 Deum
2608 4541 2674 4597 et
2719 4534 3010 4598 homines
3057 4537 3298 4618 posit03
3349 4558 3444 4602 re-

1954 4633 2121 4695 mitti
2162 4651 2316 4698 vero
2352 4634 2559 4714 quoad
2598 4632 2876 4716 culpam,
2913 4636 3166 4717 quando
3203 4637 3444 4701 ratione

1950 4740 2211 4797 actuum
2271 4733 2733 4816 praeteritorum
2779 4735 3014 4816 aliquis
3069 4737 3270 4817 gratia
3317 4755 3445 4801 non

1951 4832 2255 4915 privatur.
2274 4835 2370 4877 ‘—-
2397 4832 2630 4894 Verum
2674 4834 2792 4895 ista
2819 4834 3040 4917 opinio
3078 4837 3302 4918 nequit
3329 4845 3448 4901 sta-

1952 4949 2041 5004 re,
2072 4929 2375 5012 quoniam
2405 4929 2483 4991 ad
2516 4932 2906 4994 causandum
2942 4933 3238 4997 tenebras
3267 4935 3448 4998 sulfi-

1952 5029 2039 5092 cit
2064 5048 2181 5111 per
2209 5047 2276 5090 se
2307 5037 2652 5112 utrumque
2683 5029 2912 5093 horum
2945 5031 3239 5107 duorum,
3272 5034 3446 5097 vide-

1951 5129 2101 5190 licet
2130 5127 2532 5210 indispositio
2561 5129 2946 5211 recipientiS,
2961 5137 3025 5192 et
3054 5131 3449 5214 interpositio

1948 5226 2259 5290 obstaculi
2281 5245 2294 5288 ε
2315 5227 2554 5290 idcirco
2582 5227 2633 5289 si
2667 5227 2946 5291 tenebrae
2976 5229 3248 5293 debeant
3275 5249 3443 5294 amo-

1952 5325 2109 5402 veri,
2141 5332 2391 5407 oportet
2417 5326 2610 5389 etiam
2647 5325 3199 5410 indispositionem
3235 5329 3442 5393 aufer-
