4267 6250
541 1958 623 2004 Pe.
645 1971 754 2011 xuv,
769 1961 813 2003 8.

599 2352 660 2397 Da
693 2352 806 2398 Becl.

542 2415 652 2460 hier.
671 2429 711 2461 c.
731 2431 788 2460 w.

843 471 962 536 188

1501 489 1567 536 m
1605 488 1828 536 numm!
1867 486 1931 534 lv
1972 485 2457 535 ammutium
2497 505 2578 516 —
2619 487 2773 534 ms'r.
2812 485 2936 550 vn3
2978 485 3204 544 QUAEST.
3241 488 3288 533 11

843 659 1361 727 Confirmationis
1400 669 1498 725 est
1532 659 1746 724 oleum
1793 659 2237 734 balsamatum,
2272 665 2344 722 ut
2370 659 2421 723 A
2450 657 2808 741 gustinum)
2836 658 3080 723 accedit
3104 659 3377 722 verbum
3413 660 3494 723 ad
3528 658 3954 733 elementum,

843 761 1055 824 oleum
1087 761 1402 842 pertineat
1429 762 1506 823 ad
1539 760 1944 823 conscientiae
1975 759 2337 842 puritatem,

844 877 1034 940 quam
1079 866 1331 940 oportet
1371 859 1638 922 nitidam
1681 877 1842 932 esse,
1876 864 1940 920 et
1980 857 2339 919 balsamum

840 956 917 1019 ad
978 955 1158 1020 bonae
1217 956 1404 1020 famae
1451 955 1883 1037 fragrantiam,
1927 973 2054 1037 qua
2095 961 2345 1036 oportet

839 1054 1050 1118 ornari
1094 1054 1248 1118 fidei
1295 1055 1714 1118 confessores.
1750 1054 1973 1117 Oleum
2016 1059 2233 1116 autem
2279 1060 2344 1115 et

838 1152 1195 1215 balsamum
1238 1161 1507 1235 possunt
1543 1152 1784 1235 ubique
1823 1151 2044 1214 haberi
2085 1169 2201 1234 per
2239 1151 2342 1214 de-

839 1251 1260 1334 portationem
1313 1259 1421 1313 aut
1468 1251 2021 1332 germinationem.
2060 1249 2341 1332 Proprie-

836 1357 996 1413 tates
1035 1368 1290 1433 quoque
1323 1350 1448 1413 olei
1489 1349 1555 1412 in
1590 1349 1731 1412 oleo
1767 1349 1952 1412 olivae
1991 1349 2339 1431 perfectius

839 1449 1266 1531 reperiuntur,
1309 1457 1375 1512 et
1417 1450 1554 1532 ipsa
1590 1449 1759 1512 oliva
1793 1449 1933 1530 jugi
1975 1466 2090 1511 suo
2129 1449 2340 1511 virore

837 1547 1081 1628 aliquid
1125 1547 1372 1610 confert
1407 1548 1485 1609 ad
1526 1545 2062 1628 significationem
2111 1553 2340 1629 myste-

839 1645 938 1706 rii.
975 1643 1386 1726 Significatur
1419 1645 1571 1708 item
1613 1645 1912 1707 unctione
1946 1645 2064 1706 hac
2095 1643 2341 1707 confir-

841 1741 1161 1818 mationiS,
1195 1743 1546 1825 spiritualis
1587 1743 1803 1806 unctio
1841 1742 2118 1805 hominis
2163 1741 2337 1806 Chri-

2450 765 2515 820 et
2543 756 2622 819 fit
2651 764 3140 820 sacramentum.
3176 757 3241 820 Si
3280 774 3435 839 ergo
3472 764 3722 840 oportet
3754 763 3960 819 mate-

2450 857 2611 919 riam
2644 855 3163 920 confirmationis
3198 855 3587 919 sanctificari
3624 855 3804 938 prius
3835 855 3957 918 ali-

2450 954 2689 1037 quibus
2737 953 2972 1028 verbis,
3024 963 3180 1017 tunc
3230 955 3443 1036 ipsum
3498 954 3777 1016 chrisma
3834 973 3959 1036 per

2450 1071 2519 1116 se
2566 1059 2736 1117 esset
2785 1052 3103 1134 quoddam
3165 1059 3659 1128 sacramentum,
3708 1059 3774 1115 et
3819 1071 3957 1116 non

2452 1151 2731 1226 materia,
2746 1169 2859 1213 seu
2888 1170 3034 1233 pars
3064 1151 3442 1214 sacramenti
3472 1150 3675 1213 istius.
3694 1185 3775 1196 —
3792 1151 3962 1213 Rur-

2448 1268 2579 1324 suS,
2632 1249 3052 1312 sanctificatio
3111 1267 3237 1311 non
3298 1257 3395 1312 est
3441 1249 3725 1336 iteranda
3778 1248 3960 1311 circa

2450 1347 2655 1427 idem3
2690 1347 2800 1410 sed
2842 1367 2954 1430 per
2992 1346 3265 1411 formam
3304 1346 3681 1410 sacramenti
3720 1346 3961 1409 sancti·

2448 1444 2682 1508 ficatur
2712 1446 2995 1521 materia,
3010 1453 3081 1508 ut
3112 1453 3283 1528 patet
3312 1445 3377 1508 in
3407 1445 3957 1528 Baptism0,cujus

2451 1544 2716 1607 materia
2756 1552 2853 1607 est
2893 1563 3058 1628 aqua
3097 1543 3295 1607 verbo
3336 1545 3483 1607 vitae
3524 1542 3954 1618 sanctificata,

2451 1644 2619 1726 quod
2648 1644 2917 1706 verbum
2949 1662 3162 1726 supra,
3186 1643 3596 1707 distinctione
3624 1643 3835 1718 tertia,
3860 1643 3958 1706 di·
3988 1657 4225 1714 capua.

2452 1742 2545 1804 xit
2581 1741 2874 1824 Magister
2910 1761 3051 1805 esse
3092 1741 3365 1806 formam
3406 1741 3713 1824 Baptismi
3746 1761 3762 1805 ε
3796 1759 3957 1823 ergo

839 1841 944 1916 sti,
1005 1861 1131 1925 qua
1194 1849 1496 1924 tanquam
1565 1861 1858 1904 summus
1925 1842 2218 1905 sacerdos
2276 1848 2339 1904 et
2374 1835 2420 1898 Β
2448 1849 2596 1903 ante
2625 1840 3045 1922 prolationem
3074 1839 3291 1905 formae
3320 1839 3956 1913 sacramentalismon

841 1959 953 2002 rex
993 1947 1342 2023 perpetuus
1383 1947 1614 2004 unctus
1655 1948 1752 2002 est
1778 1959 1815 2002 a
1845 1940 2021 2003 Patre
2055 1938 2197 2003 oleo
2237 1938 2337 2002 lae-

840 2038 998 2102 titiae
1027 2057 1159 2121 prae
1189 2038 1590 2101 consortibus
1623 2039 1775 2101 suiS.
1811 2038 1987 2101 Unde
2017 2045 2082 2100 et
2108 2057 2145 2100 a
2174 2038 2341 2100 chri-

841 2143 1043 2199 smate
1101 2135 1336 2199 dicitur
1393 2137 1702 2210 christuS,
1757 2137 1940 2218 quasi
1998 2136 2340 2199 chrismate

839 2240 1092 2309 unctuS,
1127 2242 1191 2297 et
1226 2254 1263 2298 a
1301 2234 1550 2297 christo
1595 2235 1978 2296 christianus
2021 2252 2035 2296 :
2078 2240 2339 2316 propter

839 2334 1009 2416 quod
1039 2333 1230 2396 etiam
1261 2334 1326 2396 B.
1344 2333 1681 2416 Dionysius
1713 2351 1828 2416 per
1857 2332 2139 2395 chrisma
2167 2331 2339 2394 chri-

837 2439 1006 2494 stum
1051 2431 1402 2512 significari
1445 2430 1699 2494 fatetur.

920 2530 1393 2612 Consequenter
1422 2530 1762 2613 respondet
1790 2529 1868 2592 ad
1898 2529 2195 2592 tertium:
2221 2528 2341 2590 Ma-

835 2627 996 2690 teria
1044 2628 1422 2692 sacramenti
1469 2635 1566 2691 est
1607 2628 1788 2710 quasi
1839 2628 2336 2690 instrumentum

837 2726 1386 2800 sanctificationiS,
1449 2725 1579 2790 imo
1639 2726 1904 2789 materia
1958 2725 2335 2788 sacramenti

835 2833 934 2888 est
963 2825 1448 2888 instrumentum
1478 2823 1851 2907 principalis
1879 2823 2123 2906 agentis
2153 2830 2338 2905 atque

839 2923 1136 2986 ministri.
1202 2922 1542 2997 Quodlibet
1596 2931 1808 2986 autem
1867 2929 2337 2984 sacramentum

2450 1939 2641 2002 debet
2676 1939 2890 2020 aliqua
2932 1939 3356 2003 sanctificatio
3394 1939 3563 2002 circa
3601 1937 3959 2002 confirma-

2451 2036 2644 2101 tionis
2688 2037 3018 2100 materiam
3060 2037 3369 2101 adhiberi.

2530 2136 2607 2198 Et
2637 2137 3151 2219 respondendum
3180 2137 3260 2199 ad
3295 2137 3601 2219 primum,
3632 2136 3804 2218 quod
3838 2137 3957 2198 ali·

2451 2235 2561 2316 qui
2602 2235 2825 2297 dicunt
2854 2235 3064 2317 ipsum
3105 2234 3384 2298 chrisma
3418 2253 3557 2297 esse
3596 2253 3958 2298 sacramen-

2450 2341 2589 2395 tum
2621 2333 3138 2396 confirmationis
3172 2351 3187 2395 ε
3222 2333 3393 2415 quod
3422 2332 3655 2396 falsum
3686 2340 3959 2416 apparet

2450 2450 2591 2494 esse
2630 2450 2708 2494 ex
2748 2430 2869 2495 hoc
2902 2432 3072 2514 quod
3111 2451 3265 2494 usus
3300 2431 3665 2494 chrismatis
3703 2432 3770 2494 in
3814 2432 3959 2515 plu-

2451 2529 2629 2592 ribus
2660 2537 2757 2592 est
2785 2549 2977 2613 quam
3008 2537 3478 2594 sacramentum
3508 2529 3959 2594 confirmatio-

2448 2629 2571 2704 niS,
2606 2629 2757 2711 quia
2786 2636 2849 2691 et
2878 2628 3232 2711 baptizatus
3263 2628 3605 2692 chrismate
3637 2628 3703 2690 in
3738 2629 3955 2692 fronte

2449 2725 2704 2804 linitur3
2737 2725 3023 2808 pontifex
3065 2717 3319 2809 quoque
3359 2726 3426 2789 in
3462 2727 3669 2808 capite
3698 2727 3958 2809 inungi·

2446 2830 2553 2887 tur
2594 2825 2956 2887 chrismate.
2988 2824 3150 2888 Hinc
3194 2831 3663 2888 sacramentum
3702 2825 3955 2889 confir-

2451 2923 2745 2984 mationis
2779 2939 2907 2984 non
2936 2930 3033 2984 est
3062 2922 3363 2997 chrisma,
3396 2923 3507 2984 sed
3546 2921 3757 2986 linitio
3786 2924 3959 2986 chri-

836 3021 1219 3085 determinat
1274 3021 1398 3083 sibi
1458 3021 1816 3104 principale
1871 3039 2086 3101 agens,
2139 3039 2335 3102 quan·
2368 3019 2412 3084 C
2449 3021 2669 3083 smatis
2726 3020 2846 3082 sub
2904 3019 3110 3083 forma
3164 3021 3533 3103 praescripta
3576 3021 3951 3084 verborum.

835 3127 974 3182 tum
1003 3120 1080 3182 ad
1113 3119 1558 3182 necessitatem
1589 3119 1990 3193 sacramenti,
2014 3117 2168 3202 quia
2195 3117 2337 3182 effi—

837 3216 1082 3280 caciam
1133 3217 1375 3279 nullam
1423 3216 1616 3279 habet
1662 3217 1788 3278 nisi
1837 3235 1914 3279 ex
1964 3216 2338 3279 auctoritate

838 3315 951 3378 Dei
991 3323 1054 3379 et
1098 3315 1326 3378 merito
1369 3314 1641 3395 christi3
1687 3315 1798 3379 sed
1839 3333 1964 3378 non
2007 3314 2341 3398 quodlibet

836 3421 1308 3478 sacramentum
1348 3412 1732 3478 determinat
1767 3414 1892 3476 sibi
1942 3413 2335 3488 ministrum,

835 3519 1146 3595 quantum
1185 3513 1261 3575 ad
1303 3511 1746 3575 necessitatem
1791 3512 2193 3587 sacramenti,
2226 3512 2338 3574 sed

837 3612 1218 3695 quandoque
1281 3611 1488 3675 solum
1552 3618 1858 3694 quantum
1923 3612 2001 3674 ad
2065 3611 2339 3674 solenni-

834 3718 1053 3785 tatem,
1105 3710 1272 3773 sicut
1324 3709 1706 3793 Baptismus.
1756 3710 1902 3774 Ideo
1952 3717 2025 3772 ut
2074 3709 2341 3773 materia

835 3808 1213 3872 sacramenti
1267 3808 1757 3891 correspondeat
1808 3816 1940 3871 tam
1995 3807 2336 3891 principali

833 3908 1045 3990 agenti
1075 3926 1266 3989 quam
1304 3906 1742 3981 ministro,illa
1771 3915 2166 3970 sacramenta
2195 3926 2337 3989 quae

834 4006 958 4069 sibi
991 4005 1358 4068 ministrum
1388 4005 1836 4079 determinant,
1872 4005 2337 4069 sanctificatam

835 4104 1167 4168 materiam
1233 4103 1517 4185 exigunt,
1571 4110 1884 4187 quatenus
1944 4104 2336 4186 dispensatio

2447 3119 2559 3183 Illa
2587 3138 2739 3183 vero
2766 3118 3005 3183 vocalis
3036 3118 3395 3183 benedictio
3424 3119 3956 3185 chrismatis-non

2444 3226 2543 3281 est
2582 3218 2787 3281 forma
2822 3219 3225 3293 sacramenti,
3258 3218 3369 3281 sed
3411 3218 3612 3301 magis
3654 3220 3954 3301 quaedam

2446 3317 2807 3381 benedictio
2846 3316 3342 3391 sacramentalis,
3374 3316 3543 3379 sicut
3583 3316 3957 3383 benedictio

2445 3434 2625 3498 aquae
2668 3415 2804 3479 sive
2848 3415 3081 3478 altaris.
3115 3450 3196 3461 —
3227 3414 3319 3478 Ad
3360 3416 3737 3491 secundum,
3776 3419 3954 3500 quod

2446 3513 2615 3575 sicut
2663 3513 3161 3577 instrumentum
3219 3513 3775 3579 instrumentalem
3822 3516 3955 3579 vir-

2446 3619 2650 3675 tutem
2709 3612 2981 3695 requirit
3038 3611 3383 3695 dupliciter
3436 3630 3450 3675 :
3508 3613 3739 3696 primo,
3790 3615 3955 3678 dum

2447 3710 2718 3773 formam
2750 3710 2985 3793 accipit
3013 3710 3452 3791 instrumenti3
3473 3712 3953 3789 secund0,dum

2449 3816 2741 3872 movetur
2795 3828 2833 3871 a
2884 3809 3222 3893 principali
3278 3817 3538 3891 agente3
3588 3810 3681 3873 sic
3734 3830 3952 3875 sacra·

2448 3907 2647 3969 menti
2694 3908 2958 3971 materia
3002 3906 3511 3971 sanctificatione
3554 3908 3800 3990 indiget
3838 3910 3957 3972 du-

2447 4005 2643 4088 plici:
2678 4024 2827 4079 una,
2860 4024 2987 4088 qua
3025 4003 3104 4067 fit
3143 4005 3402 4087 propria
3439 4007 3704 4069 materia
3744 4026 3958 4071 sacra-

2446 4104 2671 4184 menti3
2690 4104 2831 4177 alia,
2845 4104 3099 4186 quando
3127 4104 3484 4186 applicatur
3511 4105 3590 4167 ad
3620 4104 3955 4183 effectum,

835 4202 1210 4266 sacramenti
1265 4202 1634 4264 ostendatur
1678 4221 1713 4263 a
1763 4202 2070 4265 ministris
2119 4202 2333 4265 Eccle·
2365 4205 2416 4268 D
2445 4222 2588 4285 quae
2636 4222 2751 4285 per
2799 4201 3070 4265 formam
3126 4202 3204 4264 fit
3256 4202 3653 4266 sacramenti.
3704 4204 3958 4270 Idcirco

836 4302 946 4365 siae
976 4300 1381 4364 descendere.
1408 4300 1886 4363 Sacramentum
1919 4308 2131 4363 autem
2164 4302 2333 4384 quod

835 4416 962 4463 non
1005 4398 1384 4462 determinat
1425 4398 1549 4461 sibi
1583 4398 1946 4461 ministrum
1979 4398 2103 4460 nisi
2135 4419 2332 4481 quan-

833 4506 972 4561 tum
1012 4497 1090 4560 ad
1131 4496 1600 4570 solennitatem,
1650 4514 1778 4560 non
1817 4497 2008 4559 habet
2051 4497 2334 4560 sanctifi-

837 4602 1040 4659 catam
1091 4594 1422 4657 materiam
1471 4593 1597 4657 nisi
1645 4602 1954 4677 quantum
2004 4596 2081 4657 ad
2129 4595 2335 4659 solen-

835 4695 1122 4769 nitatem,
1166 4694 1230 4755 in
1275 4693 1462 4774 cujus
1507 4694 1772 4755 materia
1819 4694 2099 4756 chrisma
2140 4694 2330 4756 etiam

835 4792 1192 4856 effunditur
1236 4792 1299 4853 in
1347 4792 1557 4854 crucis
1601 4790 1826 4872 figura.
1861 4792 2199 4874 Quumque
2240 4811 2333 4855 sa-

835 4897 1230 4954 cramentum
1274 4888 1793 4954 confirmationis
1837 4890 2216 4953 determinet
2254 4891 2336 4953 si-

835 4989 903 5052 bi
943 4988 1331 5063 ministrum,
1365 4987 1665 5051 videlicet
1701 4988 2063 5070 praesulem,
2097 4988 2336 5053 idcirco

837 5087 1167 5150 materiam
1206 5086 1475 5170 requirit
1509 5085 1973 5149 sanctificatam
2005 5106 2042 5149 a
2071 5104 2188 5149 suo
2225 5087 2339 5149 mi-

837 5187 1039 5250 nistro
1080 5187 1402 5269 episcop0.

917 5284 1039 5348 Sed
1089 5284 1287 5365 objici
1337 5290 1564 5366 potest,
1608 5282 1760 5365 quia
1793 5283 2177 5364 (secundum
2216 5283 2339 5345 Au-

2445 4318 2571 4363 non
2614 4298 2692 4363 fit
2732 4300 2968 4381 injuria
3007 4299 3499 4363 sanctificationi
3539 4305 3951 4379 sacramenti,
4038 4332 4045 4337 ·

2446 4400 2499 4461 si
2524 4399 2758 4482 duplex
2788 4398 3213 4462 sanctificatio
3244 4400 3309 4462 in
3336 4399 3567 4463 talibus
3596 4401 3949 4466 adhibetur.

2444 4532 2525 4543 —
2553 4497 2698 4560 Haec
2739 4496 3010 4560 Thomas
3055 4497 3121 4559 in
3164 4497 3433 4580 Scripto.

2528 4595 2717 4658 Porro
2756 4594 2821 4657 in
2852 4595 3039 4657 tertia
3077 4602 3277 4678 parte,
3309 4596 3659 4678 quaestione
3696 4606 3953 4680 septua-

2446 4693 2689 4775 gesima
2732 4694 3059 4758 secunda:
3094 4694 3403 4769 christuS,
3446 4696 3675 4777 inquit,
3710 4717 3790 4761 ex
3835 4717 3949 4781 po-
4032 4720 4167 4761 arta.

2446 4799 2669 4857 testate
2733 4792 3126 4857 excellentiae
3191 4811 3382 4876 quam
3455 4794 3647 4858 habet
3711 4796 3777 4859 in
3840 4817 3947 4861 sa-

2446 4891 2812 4964 cramentiS,
2862 4891 3133 4954 contulit
3187 4892 3504 4973 Apostolis
3562 4912 3697 4957 rem
3750 4894 3950 4976 hujus

2446 4990 2846 5062 sacramenti,
2914 4988 2979 5051 id
3041 4996 3138 5051 est
3196 4989 3663 5071 plenitudinem
3728 4995 3952 5075 gratiae

2448 5088 2721 5169 Spiritus
2763 5086 2976 5150 Sancti
3020 5087 3098 5149 ad
3147 5086 3364 5161 robur,
3406 5088 3545 5153 sine
3594 5108 3953 5155 sacramen-

2446 5192 2535 5259 to,
2570 5184 2635 5245 in
2667 5183 2771 5247 die
2800 5184 3221 5247 PentecosteS.
3257 5184 3515 5268 Aliquid
3547 5194 3760 5250 tamen
3798 5207 3951 5253 con-

2448 5282 2653 5346 forme
2696 5288 2849 5345 tunc
2894 5281 2983 5344 ibi
3030 5283 3348 5365 apparuit,
3390 5284 3637 5347 scilicet
3676 5285 3841 5367 ignis
3884 5298 3950 5351 et
