4267 6250
818 458 939 557 484'

1438 510 1503 555 IN
1543 509 1765 556 Lunum
1807 510 1868 555 lv
1909 508 2396 557 SENTENTIARUB.
2436 526 2517 537 -·-
2557 509 2712 557 msr.
2751 508 2922 573 xvu3
2964 509 3189 566 QUAEST.
3229 509 3314 555 vn

818 676 1095 741 absoluti
1144 687 1311 753 sunt,
1365 678 1596 743 iterum
1646 679 1958 743 confiteri.
2012 680 2168 753 Imo,
2223 678 2314 741 in·
2341 678 2546 743 ANec
2589 679 2795 742 solum
2843 688 3053 763 potest
3089 700 3230 744 eam
3271 678 3670 743 committere
3711 696 3930 741 sacer·

818 776 1071 838 terdum
1124 778 1411 859 quaedam
1466 778 1751 841 enormia
1799 797 1878 840 ex
1925 776 2314 840 verecundia

819 873 1131 954 contingit
1178 893 1286 938 eos
1345 875 1639 939 omittere
1698 875 1992 939 confiteri
2052 875 2314 959 proprio

816 971 1125 1034 sacerdoti
1178 990 1191 1032 :
1246 973 1388 1036 ideo
1436 991 1563 1035 non
1621 981 1772 1035 sunt
1817 974 1895 1036 ad
1942 974 2062 1037 hoc
2118 972 2313 1035 nimis

815 1070 1121 1132 arctandi.
1155 1070 1443 1153 Denique
1474 1071 1593 1133 ista
1623 1071 1973 1154 probantur
2003 1080 2067 1133 et
2096 1077 2316 1153 patent

816 1166 1189 1229 auctoritate
1220 1168 1481 1231 canonis
1510 1169 1863 1231 Innocentii
1892 1168 2095 1250 Papae,
2115 1168 2315 1249 in'ge-

818 1265 1017 1327 nerali
1060 1266 1333 1328 concilio
1377 1266 1853 1349 praecipientis:
1888 1266 2109 1329 Omnis
2159 1266 2313 1328 utri-

816 1382 1020 1445 usque
1062 1383 1251 1427 sexus
1295 1364 1509 1428 fidelis
1546 1384 1625 1427 ex
1665 1384 1793 1448 quo
1834 1366 1912 1428 ad
1954 1383 2155 1428 annos
2193 1365 2316 1427 dis-

816 1460 1118 1524 cretionis
1174 1464 1557 1544 pervenerit,
1618 1463 1834 1526 omnia
1886 1471 2143 1545 peccata
2199 1481 2316 1525 sua

815 1558 1039 1621 saltem
1082 1560 1280 1623 semel
1324 1561 1391 1623 in
1428 1578 1596 1624 anno
1634 1561 2019 1625 confiteatur
2054 1561 2314 1644 proprio

814 1657 1145 1721 sacerdoti.
1190 1658 1268 1720 Et
1310 1677 1531 1721 rursus
1575 1659 1639 1722 in
1682 1660 1905 1722 eadem
1948 1659 2259 1722 Decretali
2293 1677 2309 1723 :

815 1754 912 1819 SiN
934 1756 1080 1835 quis
1138 1774 1216 1818 ex
1262 1774 1453 1819 causa
1501 1757 1775 1820 voluerit
1822 1758 2119 1820 confiteri
2175 1757 2309 1833 alii,

2419 777 2675 840 dotibus
2723 779 3156 855 saeeularibuS‚
3202 779 3312 842 sed
3361 779 3556 841 etiam
3604 776 3928 858 religiosis

2421 882 2485 937 et
2516 875 2874 956 monachis;
2897 877 3192 959 quamvis
3219 876 3479 959 quidam
3515 876 3631 939 hoc
3661 882 3923 957 negent,

2422 982 2680 1055 propter
2707 974 2882 1036 varia
2906 974 3052 1055 jura
3079 994 3222 1057 quae
3251 974 3792 1049 habentur,causa
3821 971 3923 1047 16,
3957 986 4220 1043 neaman.

2422 1071 2770 1152 quaestione
2815 1070 2875 1146 1,
2917 1072 2982 1134 in
3025 1072 3261 1154 quibus
3305 1071 3628 1135 audientia
3675 1070 3928 1134 confes-

2423 1169 2676 1232 sionum
2708 1170 2961 1233 videtur
3000 1170 3328 1233 monachis
3368 1188 3664 1251 expresse
3702 1168 3922 1251 prohi-

2425 1267 2580 1329 beri.
2625 1268 2746 1331 Sed
2789 1268 2957 1331 sicut
2999 1287 3076 1330 ex
3119 1268 3262 1331 aliis
3307 1274 3481 1351 patet
3521 1267 3753 1343 causis,
3795 1267 3922 1330 hoc

2423 1364 2821 1447 intelligitur,
2855 1366 2980 1429 nisi
3019 1367 3098 1430 de
3141 1366 3400 1429 licentia
3441 1366 3918 1448 episcoporum,

2422 1463 2727 1545 quoniam
2756 1482 2907 1526 cum
2935 1481 3157 1527 eorum
3191 1462 3446 1526 licentia
3476 1469 3743 1545 possunt
3771 1463 3915 1525 hoc.

2422 1560 2515 1622 Ex
2543 1560 2778 1643 quibus
2813 1561 3236 1637 concluditur,
3272 1562 3442 1644 quod
3479 1561 3645 1625 sicut
3675 1561 3924 1644 episco-

2423 1677 2544 1740 pus
2575 1666 2782 1741 potest
2811 1678 2926 1742 per
2954 1659 3153 1722 alium
3182 1660 3738 1723 excommunicare
3767 1658 3920 1721 sub-

2421 1756 2586 1819 ditos
2635 1757 3034 1820 sacerdotum
3086 1756 3568 1839 parochialium,
3615 1757 3774 1839 ipsis
3823 1756 3920 1819 in-

813 1854 993 1935 prius
1024 1853 1349 1918 licentiam
1382 1864 1553 1938 petat
1580 1864 1644 1918 et
1671 1856 1955 1920 obtineat
1983 1875 2020 1919 a
2051 1856 2311 1939 proprio
2345 1856 2394 1920 Β
2422 1853 2600 1934 vitis;
2633 1854 2726 1916 sic
2756 1873 2871 1937 per
2899 1873 2967 1917 se
2995 1863 3062 1919 et
3091 1873 3205 1937 per
3231 1854 3432 1917 alium
3460 1861 3667 1939 potest
3695 1854 3919 1917 audire

814 1952 1157 2015 sacerdote.
1188 1954 1343 2017 Item
1375 1955 1453 2017 de
1482 1955 1878 2030 Poenitentia,
1901 1955 2311 2019 distinctione

813 2058 1011 2125 sexta,
1044 2052 1335 2115 Urbanus
1379 2054 1431 2116 11
1477 2071 1491 2115 :
1538 2053 1780 2116 Placuit
1819 2062 1889 2116 ut
1931 2054 2092 2116 nulli
2134 2054 2310 2117 dein·

813 2167 965 2231 ceps
996 2151 1397 2214 sacerdotum
1430 2151 1614 2213 liceat
1642 2152 1991 2235 quemlibet
2020 2152 2314 2216 commis-

814 2266 957 2309 sum
1007 2248 1189 2311 alteri
1238 2250 1547 2313 sacerdoti
1598 2251 1924 2332 suscipere
1980 2252 2061 2313 ad
2108 2251 2310 2333 poeni-

811 2346 1079 2409 tentiam
1122 2347 1261 2409 sine
1309 2347 1451 2428 ejus
1499 2366 1817 2412 consensu
1860 2350 1964 2412 eui
2012 2368 2081 2413 se
2129 2350 2309 2432 prius

810 2444 1151 2509 commisit.

890 2542 1202 2616 Quaeritur
1243 2561 1519 2627 quoque,
1562 2564 1642 2607 an
1684 2552 1971 2628 oporteat
2012 2544 2308 2608 confiteri

811 2639 877 2703 in
922 2649 1166 2705 secreto
1208 2642 1310 2704 vel
1360 2642 1561 2724 magis
1604 2643 1669 2705 in
1714 2642 1994 2726 publico.
2027 2644 2308 2725 Respon-

810 2739 1017 2815 detur,
1050 2740 1221 2823 quod
1260 2739 1578 2804 confessio
1619 2740 1991 2823 regulariter
2020 2741 2166 2804 fieri
2206 2742 2310 2804 de-

810 2836 919 2900 bet
951 2837 1014 2899 in
1054 2844 1319 2913 secreto,
1354 2839 1479 2901 nisi
1521 2837 1605 2901 sit
1632 2839 1875 2903 crimen
1907 2840 1993 2901 ita
2020 2858 2304 2915 enorme,

810 2936 980 3016 quod
1023 2941 1221 2997 totam
1268 2937 1689 3001 commoverit
1731 2937 1981 3011 urbem,
2025 2955 2141 3020 pro
2182 2955 2310 3021 quo

2422 1951 2854 2017 confessiones
2883 1971 3127 2028 eorum,
3151 1953 3369 2017 invitis
3399 1954 3654 2017 curatis,
3689 1952 3770 2015 Et
3795 1952 3920 2015 hoc

2419 2068 2718 2133 expresse
2759 2052 3148 2115 declaratum
3193 2060 3292 2115 est
3328 2070 3444 2135 per
3480 2051 3918 2114 Alexandrum

2417 2148 2672 2230 Papam,
2703 2151 2816 2231 qui
2853 2158 2920 2213 et
2955 2151 3324 2234 oppositum
3367 2150 3779 2233 pertinaciter
3817 2169 3916 2212 as-

2420 2255 2724 2323 serenteS,
2756 2256 3057 2331 tanquam
3089 2256 3498 2312 contumaces
3536 2266 3610 2311 ac
3641 2248 3914 2311 rebelles

2417 2346 2714 2411 Romanae
2761 2346 3061 2410 Ecclesiae
3109 2347 3491 2429 reprobavit.
3541 2347 3718 2410 Idem
3768 2365 3915 2410 con-

2418 2444 2750 2509 firmatum
2797 2453 2894 2509 est
2939 2465 3056 2529 per
3101 2446 3333 2529 Papam
3382 2446 3798 2510 Clementem.
3834 2481 3916 2492 —

2418 2542 2563 2606 Haec
2600 2544 2952 2606 Durandus.

2512 2642 2816 2705 Praeterea
2871 2642 3096 2705 Scotus
3157 2642 3263 2705 hic
3319 2642 3548 2706 scribit
3607 2659 3622 2705 ε
3684 2642 3916 2707 Dicunt

2418 2739 2639 2822 aliqui,
2671 2740 2842 2823 quod
2882 2740 2936 2803 si
2975 2741 3122 2823 quis
3163 2740 3355 2804 habet
3392 2748 3650 2824 peccata
3688 2748 3918 2804 morta·

2417 2838 2522 2912 lia,
2563 2844 2817 2901 tenetur
2857 2838 2968 2901 illa
3017 2839 3278 2921 praecise
3321 2838 3639 2914 confiteri,
3681 2847 3746 2901 et
3789 2858 3913 2903 non

2415 2937 2708 2999 venialia.
2743 2936 2808 3000 Si
2836 2944 3052 3000 autem
3081 2936 3312 3000 habeat
3341 2937 3613 3003 venialia
3641 2945 3912 3013 tantum,

810 3041 875 3094 et
912 3031 1172 3115 publica
1214 3051 1327 3096 seu
1367 3033 1649 3097 solennis
1692 3036 2067 3119 poenitentia
2105 3037 2310 3119 impo-
2340 3037 2384 3102 C
2417 3043 2669 3097 tenetur
2711 3036 2790 3098 ad
2834 3035 3302 3100 confessionem
3353 3036 3608 3100 illorum
3652 3036 3720 3098 in
3763 3055 3914 3099 casu

810 3137 1019 3204 natur,
1053 3138 1126 3192 ut
1162 3131 1217 3194 si
1256 3132 1338 3194 sit
1374 3132 1711 3196 haereticus
1756 3134 2151 3198 manifestus.
2186 3136 2308 3199 Sed

810 3237 1121 3312 quantum
1153 3238 1251 3292 est
1278 3231 1356 3293 de
1386 3231 1785 3296 confessione
1827 3235 2182 3296 secundum
2222 3234 2308 3297 le·

809 3346 954 3409 gem
996 3345 1429 3406 communem,
1462 3329 1653 3394 debet
1690 3331 1882 3395 unico
1921 3333 2077 3412 fieri.
2102 3352 2309 3396 sacer-

810 3426 940 3490 doti
1002 3427 1065 3489 in
1125 3428 1393 3510 privato.
1444 3429 1604 3493 Nam
1652 3436 1718 3494 et
1764 3430 2106 3495 occultatio
2153 3433 2306 3496 huic

810 3527 1119 3608 competit
1156 3535 1553 3590 sacramento
1592 3529 1837 3611 duplici
1882 3531 2143 3594 ratione.
2177 3531 2309 3594 Pri-

808 3643 936 3698 mo,
974 3625 1129 3706 quia
1170 3625 1237 3688 in
1283 3625 1685 3690 confessione
1735 3635 1993 3709 peccata
2040 3629 2306 3693 manife-

807 3729 1055 3785 stantur
1082 3730 1395 3805 quatenus
1434 3725 1765 3788 deleantur
1802 3733 1867 3789 et
1906 3727 2310 3790 occultentur

808 3821 991 3902 quasi
1033 3839 1159 3885 non
1190 3821 1449 3886 fuerint.
1483 3823 1796 3899 Secundo,
1830 3825 2133 3907 quoniam
2177 3846 2306 3890 ma-

807 3918 1193 3982 nifestantur
1242 3921 1590 3985 confessori
1638 3922 1777 3986 loco
1824 3924 1959 3999 Dei,
2004 3925 2082 3987 ad
2132 3926 2308 3988 testi-

775 4018 1099 4100 ‚monium
1149 4021 1576 4096 conscientiae,
1620 4040 1762 4103 quae
1811 4023 1941 4086 Deo
1969 4031 2085 4085 -est
2135 4032 2303 4099 nota,

808 4133 1001 4197 quam
1030 4122 1095 4178 et
1121 4115 1314 4180 homo
1344 4133 1471 4180 non
1499 4117 1638 4180 vult
1668 4118 1907 4200 passim
1936 4119 2307 4184 hominibus

2419 3134 2825 3218 illo,propter
2854 3143 3245 3219 praeceptum
3277 3135 3576 3199 Ecclesiae
3604 3136 3684 3198 de
3713 3135 3912 3198 semel

2417 3232 2802 3297 confitendo.
2835 3234 2957 3297 Sed
3001 3250 3129 3297 non
3180 3234 3470 3316 intelligo
3509 3234 3681 3298 istud
3714 3251 3730 3296 ε
3763 3234 3912 3316 quia

2418 3350 2618 3414 quum
2663 3332 2898 3395 dicitur
2941 3333 3007 3394 in
3053 3333 3384 3408 Decretali‚
3428 3333 3596 3415 quod
3639 3331 3914 3416 quilibet

2415 3438 2670 3494 tenetur
2698 3431 2896 3494 semel
2929 3431 2995 3493 in
3025 3449 3194 3495 anno
3223 3431 3438 3496 omnia
3471 3451 3588 3494 sua
3615 3430 3910 3494 confiteri

2417 3537 2696 3611 peccata,
2727 3537 2836 3592 aut
2866 3528 2943 3592 fit
2981 3529 3071 3592 ibi
3111 3530 3478 3594 distributio
3515 3531 3594 3592 de
3633 3530 3912 3612 peccatis

2415 3627 2798 3704 venialibus,
2841 3636 2952 3691 aut
2997 3645 3144 3692 non.
3197 3629 3264 3692 Si
3309 3629 3427 3704 sic,
3469 3646 3621 3711 ergo
3667 3628 3912 3692 habens

2417 3727 2727 3802 mortalia,
2751 3735 3004 3790 tenetur
3032 3728 3268 3790 virtute
3297 3726 3473 3790 illius
3503 3727 3807 3810 praecepti
3833 3727 3912 3790 ad

2413 3825 2765 3888 venialium
2794 3825 3281 3889 confessionem.
3317 3826 3383 3889 Si
3422 3844 3571 3901 non,
3603 3843 3756 3908 ergo
3785 3842 3912 3889 non

2414 3923 2656 3987 habens
2689 3925 2998 4000 mortalia,
3033 3925 3144 3988 sed
3173 3931 3426 3988 tantum
3454 3924 3752 3999 venialia,
3783 3943 3912 3988 non

2414 4029 2668 4086 tenetur
2727 4023 2805 4085 ad
2867 4022 3336 4086 confessionem
3400 4023 3706 4106 ipsorum.
3767 4023 3912 4087 Haec

2414 4121 2657 4184 Scotus.

810 4213 1160 4295 propalare.
1215 4215 1474 4289 RursuS,
1526 4215 1651 4278 nisi
1710 4225 1971 4299 peccata
2017 4218 2307 4282 confessa
2334 4222 2384 4285 D
2482 4219 2679 4301 Cujus
2705 4219 2901 4283 verba
2930 4220 3245 4283 contraria
3273 4227 3424 4283 sunt
3453 4221 3782 4284 communi
3811 4222 3912 4284 do·

810 4310 1300 4385 occultarentur,
1353 4311 1616 4394 plurimi
1664 4332 1703 4376 a
1751 4315 2152 4378 confessione
2210 4336 2304 4380 re-

808 4408 1229 4470 traherentur.
1260 4443 1342 4454 —
1371 4410 1515 4473 Haec
1554 4412 2013 4477 Bonaventura.

770 4531 785 4544 ·
885 4506 965 4568 At
1012 4523 1164 4570 vero
1212 4506 1549 4572 Durandus
1582 4530 1597 4573 :
1630 4510 2026 4588 Differentia,
2070 4512 2298 4594 inquit,

805 4612 903 4666 est
933 4605 1099 4667 inter
1134 4605 1466 4668 audientes
1506 4608 1971 4673 confessionem
2012 4629 2090 4674 ex
2130 4628 2301 4674 com·

806 4703 1109 4767 missione
1147 4704 1457 4787 episcopi,
1490 4713 1555 4768 et
1586 4725 1664 4768 ex
1704 4707 2038 4790 privilegio
2065 4710 2248 4792 Papae
2281 4730 2296 4774 z

803 4802 957 4885 quia
1003 4803 1069 4864 in
1118 4803 1460 4885 privilegio
1508 4805 1858 4868 includitur
1906 4808 2295 4872 commissio.

803 4901 1061 4964 Certum
1099 4909 1196 4964 est
1232 4909 1470 4977 autem,
1505 4905 1675 4986 quod
1708 4903 2046 4988 episcopus
2090 4914 2301 4988 potest

800 4998 1022 5062 audire
1060 4999 1531 5064 confessionem
1570 5003 1861 5066 omnium
1902 5023 2033 5068 suae
2070 5005 2301 5069 dioece-

800 5098 888 5160 sis
946 5098 1085 5160 sine
1132 5099 1537 5181 propriorum
1595 5101 1850 5164 licentia
1907 5110 2292 5166 curatorum.

800 5195 974 5259 Hanc
1002 5213 1259 5279 quoque
1290 5205 1664 5281 potestatem
1703 5207 1911 5282 potest
1940 5203 2298 5266 committe-

506 5307 711 5367 cfipaeao
722 5312 773 5357 Α.
802 5312 870 5356 re
898 5295 1057 5372 aliis,
1070 5295 1237 5359 sicut
1266 5297 1689 5379 praehabitum
1718 5306 1816 5362 est
1843 5307 1905 5362 et
1936 5300 2292 5383 probatum.

2413 4317 2650 4380 ctrinae.
2696 4317 2857 4380 Hinc
2904 4319 3064 4394 dice,
3105 4319 3276 4401 quod
3326 4319 3394 4382 in
3441 4319 3750 4382 Decretali
3801 4318 3912 4381 illa

2416 4417 2537 4480 hoc
2575 4417 2746 4499 quod
2785 4417 3041 4491 dicitur,
3074 4418 3290 4482 omnia
3333 4426 3592 4501 peecata
3625 4437 3764 4492 sua,
3799 4419 3911 4480 du-

2414 4515 2666 4598 pliciter
2711 4516 2918 4599 accipi
2967 4525 3192 4598 potest.
3239 4517 3472 4593 Primo,
3513 4516 3804 4580 absolute
3845 4525 3912 4580 et

2411 4621 2600 4697 prout
2647 4617 3075 4678 communiter
3125 4617 3449 4679 invenitur
3499 4633 3514 4678 ε
3567 4623 3631 4678 et
3677 4616 3765 4678 ita
3813 4624 3912 4679 est

2410 4713 2498 4775 ibi
2532 4713 2898 4778 distributio
2927 4714 3004 4777 de
3034 4714 3313 4797 peccatis
3344 4714 3740 4790 mortalibuS,
3773 4716 3910 4797 qui·

2409 4811 2552 4887 buS,
2587 4813 2744 4895 proh
2785 4812 3002 4876 dolor!
3046 4814 3476 4877 communiter
3517 4821 3666 4876 sunt
3705 4813 3909 4878 homi-

2409 4930 2522 4974 nes
2571 4911 2907 4994 inquinati.
2952 4912 3265 4986 Secundo,
3309 4912 3375 4974 in
3426 4919 3600 4975 certo
3648 4931 3800 4976 casu
3843 4921 3908 4976 et

2408 5017 2599 5091 prout
2637 5009 2980 5092 aliquando
3023 5010 3358 5092 reperitur.
3403 5010 3632 5093 Sicque
3675 5019 3774 5074 est
3815 5011 3904 5074 ibi

2407 5106 2773 5172 distributio
2803 5127 2918 5190 pro
2945 5108 3331 5184 venialibus,
3347 5109 3702 5172 secundum
3731 5111 3902 5193 quod

2406 5206 2574 5269 bono
2623 5207 2811 5270 modo
2857 5225 3191 5270 occurrere
3238 5215 3508 5289 possunt
3553 5209 3898 5284 memoriae,

2404 5305 2506 5369 vel
2537 5312 2848 5388 quantum
2877 5305 2954 5368 ad
2981 5324 3215 5388 genera
3241 5305 3642 5389 singulorum
3675 5327 3691 5373 :
3721 5315 3790 5372 et
3815 5309 3902 5370 ita
