4267 6250
148 908 231 949 Ace.
244 920 309 957 vu,
323 910 388 950 ⁵3.

160 1204 209 1246 Dc
222 1203 385 1247 Coelest.

146 1266 237 1309 hier.
250 1280 288 1309 e.
306 1280 361 1310 w.

137 4251 378 4307 Jacobssts.

483 521 687 567 uranu
729 520 1015 567 ΒΜΔ
1058 520 1273 569 uxorio
1314 522 1407 568 sn·
1448 522 1895 571 εΑοιιΑιεΝτυκ
1936 525 2332 574 ΕνΛΝαΕιιοι,
2372 528 2563 585 tacis,
2607 530 2963 577 msrirurtm
3002 531 3047 576 A
3085 530 3337 579 cmus'ro
3404 515 3526 579 595

416 690 619 753 Deum
662 698 729 753 et
772 692 1085 775 populum
1130 692 1374 756 exstitit
1422 693 1751 757 mediator.
1788 695 1919 757 Ste·
1948 696 1999 759 A
2032 716 2223 778 quam
2286 698 2582 763 infirmus
2645 701 2707 763 in
2769 702 2879 766 illo
2937 703 3174 785 patitur
3231 711 3396 765 statu
3446 722 3523 766 ex

414 788 664 871 phanus
696 807 947 873 quoque
976 791 1041 853 in
1071 791 1336 854 Actibus
1366 793 1627 874 loquens
1654 794 1916 856 Judaeis:

416 887 791 968 Accepistis,
845 888 1075 971 inquit,
1130 889 1336 971 legem
1386 890 1451 952 in
1502 890 1917 972 dispositione

415 985 810 1066 angelorum,
852 994 917 1047 et
975 1004 1101 1049 non
1161 986 1545 1049 custodistis
1602 989 1733 1052 lmo
1788 997 1919 1051 tota

414 1083 717 1147 allocutio
749 1084 857 1148 illa
898 1086 1007 1148 Dei
1048 1086 1124 1148 ad
1157 1086 1431 1169 Moysen,
1466 1106 1581 1169 per
1618 1087 1917 1169 angelum

415 1181 581 1246 facta
620 1190 739 1257 est,
774 1190 845 1245 ut
883 1183 941 1246 S.
976 1184 1316 1267 Dionysius
1362 1186 1693 1249 evidenter
1735 1195 1918 1250 testa-

416 1290 539 1355 tur,
564 1289 629 1345 et
656 1301 733 1344 ex
766 1282 1110 1363 Scripturis
1144 1292 1548 1346 monstratur.
1576 1286 1915 1367 Gregorius

414 1380 606 1441 etiam
640 1380 706 1442 in
736 1380 1077 1449 Moralibus
1110 1381 1277 1444 idem
1322 1382 1622 1464 loquitur.
1655 1420 1736 1429 -
1766 1384 1913 1457 Quae

412 1478 673 1540 demum
719 1478 786 1541 in
832 1479 1242 1561 praeinductis
1286 1486 1347 1541 et
1390 1481 1454 1542 in
1494 1482 1912 1563 sequentibus

412 1576 489 1638 de
541 1575 661 1639 hoc
720 1586 1117 1640 sacramento
1165 1578 1390 1639 scribit
1448 1578 1908 1653 Bonavcntura‚

413 1676 683 1757 ipsemet
734 1676 799 1737 in
848 1675 1253 1759 Breviloquio
1302 1696 1417 1741 suo
1460 1679 1911 1761 compendiose

411 1774 827 1856 deprompsit.

2029 797 2238 859 causis
2279 798 2582 880 praefatiS,
2616 818 2742 863 non
2786 801 2992 863 video.

2106 895 2408 959 Praeterea
2452 898 2722 961 Thomas
2766 899 2843 961 de
2887 900 3230 980 Argentina
3273 900 3526 963 videtur

2027 992 2130 1054 hic
2165 992 2228 1055 in
2261 995 2559 1058 omnibus
2591 996 2778 1059 dictis
2810 1017 2886 1059 ex
2918 998 2976 1059 S.
3003 998 3242 1060 Thoma
3271 1016 3525 1062 concor-

2025 1091 2196 1153 dare.
2255 1092 2330 1153 Et
2376 1092 2586 1173 arguit
2632 1101 2851 1157 contra
2899 1094 3267 1175 opinionem
3315 1095 3526 1157 dicen-

2025 1187 2188 1249 tium
2233 1198 2701 1252 sacramentum
2745 1191 2914 1253 istud
2956 1210 3080 1255 non
3119 1210 3258 1254 esse
3305 1191 3524 1255 imme-

2024 1287 2191 1350 diate
2219 1306 2256 1349 a
2285 1288 2547 1360 Christo,
2562 1290 2670 1352 sed
2700 1288 2781 1352 ab
2805 1290 3120 1371 Apostolis
3151 1290 3522 1353 institutum.

2023 1384 2236 1446 Nihilo
2277 1385 2490 1448 minus
2537 1387 2984 1468 prosequendo
3026 1387 3519 1469 disputationem

2024 1501 2228 1556 suam,
2283 1482 2516 1545 fatetur
2573 1486 2740 1566 quod
2799 1505 2836 1547 a
2894 1485 3141 1548 Christo
3198 1486 3282 1549 sit
3337 1487 3517 1550 insti·

2021 1587 2232 1643 tutum
2300 1582 2740 1665 principaliter
2795 1591 2858 1644 et
2919 1584 3378 1659 auctoritative,
3439 1586 3518 1649 ab

2018 1680 2339 1761 Apostolis
2391 1699 2542 1744 vero
2605 1682 3173 1744 instrumentaliter
3228 1701 3339 1745 seu
3395 1685 3518 1745 mi·

2021 1778 2432 1840 nisterialiter
2489 1787 2553 1840 et
2613 1780 2996 1841 exsecutive.
3060 1780 3179 1841 Sed
3240 1779 3360 1843 hoc
3423 1790 3520 1845 est

489 1872 823 1935 Durandus
866 1890 1119 1954 quoque
1152 1873 1255 1935 hie
1294 1874 1383 1936 ait
1416 1892 1430 1937 ε
1466 1874 1760 1936 Extrema
1792 1876 1909 1937 Un-
1946 1876 1991 1938 B
2023 1876 2086 1936 in
2131 1876 2499 1957 opinionem
2547 1876 3002 1941 Bonaventurae
3047 1877 3345 1940 incidere.
3389 1879 3519 1942 Nec

410 1971 536 2033 ctio
602 1971 933 2034 ordinatur
992 1972 1068 2033 ad
1136 1972 1579 2037 dimissionem
1640 1973 1909 2036 venialis

410 2070 676 2151 peccati.
712 2070 788 2131 Et
816 2070 869 2131 si
912 2068 1272 2150 objiciatur,
1306 2072 1476 2153 quod
1515 2073 1592 2135 ad
1628 2071 1746 2134 hoc
1783 2071 1910 2134 suf-

408 2167 549 2230 ficit
595 2168 986 2231 Poenitentiae
1030 2163 1535 2249 sacramentum3
1569 2172 1908 2251 responde-

407 2274 530 2341 tur,
568 2267 735 2347 quod
767 2266 887 2329 hoc
923 2266 1169 2330 sufficit
1207 2269 1399 2343 saniS,
1436 2286 1562 2332 non
1602 2268 1785 2349 aegris
1828 2270 1907 2331 ad

410 2373 701 2439 mortem,
735 2365 846 2447 qui
886 2374 1146 2448 propter
1184 2367 1695 2447 aggravationem
1728 2366 1907 2428 infir-

410 2464 645 2525 mitatis
703 2469 765 2525 et
825 2463 1220 2525 debilitatem
1284 2472 1523 2528 natura)
1582 2472 1909 2547 nequeunt

407 2562 701 2644 expedite
757 2580 830 2623 ac
893 2561 1089 2624 libere
1148 2563 1227 2625 de
1287 2564 1419 2625 suis
1479 2564 1756 2646 peccatis
1806 2585 1907 2628 ex-

409 2661 707 2741 cogitare,
750 2661 1014 2732 conteri,
1062 2659 1377 2723 confiteri.

487 2759 548 2821 Si
581 2766 794 2821 autem
826 2767 1165 2841 quoeratur,
1198 2760 1515 2841 quomodo
1548 2780 1662 2842 per
1692 2761 1906 2823 Extre-

408 2878 576 2921 mam
629 2857 1005 2920 Unctionem
1064 2858 1423 2920 dimittatur
1468 2859 1717 2921 veniale
1767 2878 1909 2942 pec-

404 2964 655 3035 catum3
687 2954 811 3017 dici
861 2962 1088 3036 potest,
1120 2956 1291 3036 quod
1342 2956 1639 3019 Extrema
1686 2958 1908 3021 Unctio

2020 1972 2079 2035 S.
2119 1974 2392 2036 Thomas
2433 1974 2706 2036 intendit
2747 1975 2867 2038 hoc
2917 1974 3128 2037 dicere
3162 1992 3176 2036 :
3214 1977 3342 2039 imo
3384 1977 3521 2039 vult

2018 2073 2455 2154 comprobare,
2489 2073 2659 2154 quod
2699 2074 2986 2137 Christus
3025 2073 3389 2136 exsecutive
3428 2094 3521 2137 sa·

2019 2178 2416 2232 eramentum
2461 2171 2626 2233 istud
2671 2171 2976 2250 instituit3
3010 2172 3178 2253 quod
3217 2171 3409 2235 etiam
3452 2173 3518 2235 in

2017 2276 2326 2349 quantum
2379 2268 2590 2343 homo,
2637 2270 3205 2333 instrumentaliter
3248 2290 3359 2333 seu
3406 2271 3520 2334 mi-

2016 2366 2425 2429 nisterialiter
2447 2368 2908 2449 egit(quamvis
2938 2368 3369 2431 excellentiori
3397 2386 3520 2432 mo-

2018 2464 2097 2526 do
2157 2484 2348 2546 quam
2410 2466 2652 2545 ceteri),
2715 2466 3154 2529 auctoritative
3213 2486 3384 2540 vero,
3448 2474 3518 2528 ut

2018 2563 2223 2641 Deus3
2275 2581 2401 2626 non
2461 2570 2668 2625 tamen
2718 2564 2889 2645 quod
2945 2564 3224 2645 aliquem
3275 2583 3516 2645 aegrum

2017 2659 2139 2721 hoc
2175 2670 2568 2724 sacramento
2618 2662 2889 2735 inunxit,
2934 2661 3101 2723 sicut
3145 2681 3263 2725 nec
3310 2661 3517 2745 bapti-

2016 2758 2203 2833 zavit,
2266 2760 2560 2841 quamvis
2617 2757 3009 2841 Baptismum
3080 2759 3372 2822 instituit.
3440 2762 3516 2823 Et

2017 2854 2281 2919 forsitan
2350 2865 2660 2939 quantum
2733 2858 2810 2920 ad
2879 2858 3022 2932 hoc,
3090 2859 3514 2939 Argentinen-

2016 2954 2105 3017 sis
2163 2954 2410 3028 scribit,
2471 2956 2642 3037 quod
2698 2956 2984 3038 Apostoli
3042 2964 3513 3019 sacramentum

402 3062 779 3138 cooperatur
807 3054 885 3116 ad
916 3054 1056 3129 hoc,
1091 3054 1241 3136 quia
1282 3073 1395 3138 per
1424 3074 1566 3118 eam
1597 3056 1783 3118 datur
1813 3057 1905 3118 di·
1940 3058 1983 3121 C
2018 3053 2188 3115 istud
2247 3054 2610 3117 exsecutive
2668 3054 3104 3129 instituerunt,
3156 3072 3283 3117 non
3343 3055 3516 3119 Chri-

400 3172 522 3235 gne
573 3153 949 3235 suscipienti
998 3154 1289 3236 quasdam
1342 3155 1693 3236 spiritualis
1746 3155 1903 3218 hila-

402 3253 552 3314 ritas
614 3251 849 3313 mentis
902 3258 1119 3313 contra
1172 3252 1659 3333 oppressionem
1710 3273 1901 3336 quam

403 3349 705 3412 infirmus
744 3357 897 3412 tunc
938 3349 1174 3431 patitur
1206 3357 1335 3411 tam
1374 3369 1453 3412 ex
1489 3351 1774 3433 eorporis
1804 3353 1908 3415 de-

402 3446 669 3522 bilitate,
696 3467 888 3530 quam
919 3466 997 3509 ex
1028 3447 1359 3530 culparum
1397 3467 1656 3510 suarum
1700 3469 1905 3512 recor-

401 3546 677 3620 datione,
732 3565 811 3609 ex
870 3565 995 3628 qua
1058 3553 1270 3628 posset
1340 3546 1613 3608 faciliter
1671 3548 1736 3609 in
1794 3549 1903 3610 de-

405 3645 832 3726 sperationem
891 3664 1205 3709 corruere.
1259 3645 1458 3718 Quam
1518 3644 1905 3709 hilaritatem

406 3742 464 3805 S.
496 3743 767 3805 Jacobus
816 3742 1028 3805 forsan
1079 3751 1262 3806 vocat
1308 3743 1803 3818 alleviationem,
1845 3755 1909 3808 et

404 3841 482 3902 ad
540 3859 681 3901 eam
736 3839 1025 3921 sequitur
1076 3840 1307 3902 mentis
1364 3841 1440 3902 ad
1502 3841 1703 3903 Deum
1760 3861 1907 3905 con-

404 3937 635 4010 versio,
673 3937 1114 4020 generalisque
1164 3937 1569 4020 displicentia
1617 3940 1906 4002 omnium

405 4037 807 4108 delictorum,
841 4055 983 4117 quae
1022 4035 1268 4098 sufficit
1306 4037 1381 4098 ad
1423 4037 1769 4100 venialium
1804 4039 1908 4101 de-

407 4135 705 4199 letionem
736 4134 1080 4216 culparum.
1099 4135 1274 4198 Unde
1306 4143 1633 4217 postquam
1662 4137 1909 4201 B.Jaco-

2016 3159 2170 3214 stuS.

2083 3251 2406 3315 Postremo
2435 3251 2658 3314 Scotus
2691 3251 2793 3313 hic
2827 3252 3006 3333 ponit
3035 3260 3224 3334 atque
3255 3253 3516 3335 exponit

2016 3368 2210 3411 unam
2259 3351 2442 3431 quasi
2487 3350 2930 3413 definitionem
2982 3369 3094 3413 seu
3145 3350 3512 3434 descriptio-

2016 3466 2163 3509 nem
2193 3447 2516 3510 Unctionis
2548 3447 2858 3509 Extremae
2879 3465 2892 3508 :
2915 3447 3210 3510 Extrema
3236 3448 3514 3530 (dicens)

2014 3546 2238 3608 Unctio
2285 3553 2382 3608 est
2432 3547 2648 3608 unctio
2695 3545 2976 3608 hominis
3020 3545 3264 3608 infirmi
3313 3547 3513 3628 poeni·

2012 3643 2230 3718 tentiS‚
2264 3642 2430 3706 facta
2469 3643 2533 3704 in
2573 3643 3010 3706 determinatis
3049 3642 3337 3724 partibus
3375 3663 3513 3708 cor·

2016 3742 2188 3824 poris
2248 3760 2392 3803 cum
2443 3741 2584 3804 oleo
2641 3748 3008 3804 consecrato
3055 3740 3134 3803 ab
3182 3743 3508 3825 episcopo,

2016 3838 2374 3901 ministrata
2415 3859 2452 3900 a
2489 3838 2834 3912 sacerdote,
2869 3838 3062 3901 simul
3105 3839 3300 3902 verba
3339 3846 3512 3902 certa

2014 3955 2161 3999 cum
2227 3936 2576 4000 intentione
2635 3936 2850 4000 debita
2915 3938 3298 4020 proferente,
3359 3940 3507 4003 effi-

2016 4035 2250 4098 caciter
2299 4036 2555 4116 signans
2616 4055 2693 4097 ex
2741 4036 3140 4099 institutione
3178 4038 3396 4100 divina
3437 4038 3510 4100 fi-

2014 4135 2226 4196 nalem
2271 4133 2615 4197 venialium
2668 4136 3081 4198 curationem.
3137 4135 3224 4196 Ex
3271 4135 3506 4218 quibus

406 4233 520 4297 bus
551 4231 1079 4305 dixissAlleviabit
1106 4251 1254 4295 eum
1285 4234 1605 4310 DominuS,
1623 4237 1906 4317 protinus
1937 4243 1987 4304 D
2014 4233 2228 4296 verbis
2279 4233 2603 4316 probatur,
2645 4235 2815 4317 quod
2863 4243 3330 4298 sacramentum
3383 4236 3504 4299 hoc

403 4332 651 4396 addidit
680 4349 695 4393 ε
730 4331 806 4394 Et
844 4331 897 4393 si
940 4331 1005 4392 in
1044 4331 1323 4413 peccatis
1354 4341 1470 4406 est,
1504 4334 1907 4398 dimittentur

404 4432 483 4495 ei.
517 4465 599 4478 -
628 4430 771 4495 Haec
810 4431 1163 4493 Durandus.
1200 4429 1273 4491 Et
1314 4429 1432 4493 hoc
1475 4440 1572 4494 est
1613 4434 1782 4514 quod
1813 4436 1903 4497 vi-

405 4532 591 4594 detur
639 4529 743 4592 hic
793 4529 1004 4592 dicere
1053 4530 1347 4602 ThomaS,
1391 4531 1558 4611 quod
1610 4531 1905 4595 Extrema

404 4628 633 4693 Unctio
677 4628 1007 4692 ordinatur
1054 4629 1131 4690 ad
1193 4628 1543 4693 tollendum
1602 4630 1903 4713 reliquias

405 4735 815 4811 peccatorum
848 4728 1029 4806 [sive]
1064 4729 1269 4810 eulpae
1300 4731 1726 4792 remanentis:
1762 4751 1904 4812 quae

406 4829 715 4911 reliquiae,
750 4828 1101 4890 secundum
1134 4847 1306 4900 eum,
1343 4847 1467 4892 non
1510 4837 1658 4891 sunt
1697 4830 1905 4912 dispo-

405 4927 669 4989 sitiones
726 4945 803 4988 ex
862 4926 1109 4989 actibus
1173 4936 1578 5009 peccatorum
1643 4929 1899 5004 relictae,

404 5033 706 5106 tanquam
771 5025 1032 5106 quidam
1100 5025 1355 5088 habitus
1425 5026 1723 5100 inchoati,
1792 5028 1903 5089 sed

404 5130 552 5185 sunt
584 5124 874 5205 quaedam
913 5123 1206 5186 debilitas
1247 5125 1311 5186 in
1354 5133 1562 5188 mente
1592 5126 1905 5188 exsistens

403 5223 480 5285 ad
524 5221 951 5303 perficiendos
994 5222 1212 5303 gratiae
1260 5231 1456 5286 actus.
1500 5224 1643 5287 Haec
1687 5231 1901 5287 autem

406 5319 701 5384 debilitas
740 5321 895 5402 quid
936 5321 1037 5395 sit,
1071 5321 1194 5384 nisi
1226 5321 1335 5383 illa
1362 5323 1635 5402 gravedo
1668 5323 1903 5386 mentis

2014 4331 2304 4395 exhiberi
2351 4351 2478 4394 non
2535 4332 2761 4395 debeat
2808 4353 2980 4408 sano,
3035 4351 3154 4398 nec
3202 4335 3505 4417 qualiter·

2015 4452 2293 4515 cumque
2355 4433 2644 4514 exposito
2703 4434 2988 4514 periculo
3044 4434 3268 4496 mortis
3323 4435 3504 4518 (quia

2013 4551 2138 4594 non
2200 4533 2294 4594 eis
2352 4531 2588 4615 quibus
2649 4532 2942 4596 imminet
3003 4552 3172 4596 mors
3231 4551 3310 4595 ex
3367 4534 3502 4596 vio·

2014 4630 2210 4692 lentia
2273 4629 2570 4693 exteriori
2639 4647 2983 4703 armorum,
3042 4638 3151 4693 aut
3207 4631 3503 4696 submer-

2013 4728 2260 4808 sionis),
2303 4747 2420 4791 nec
2469 4729 3018 4811 qualitercumque
3064 4730 3344 4807 infirmo,
3392 4733 3501 4796 sed

2014 4828 2286 4891 letaliter
2336 4828 2710 4891 infirmanti.
2755 4828 2880 4890 Nec
2921 4830 3198 4892 dandum
3238 4839 3336 4894 est
3374 4850 3502 4895 non

2014 4926 2496 5008 poenitentibus,
2568 4934 2785 5009 utpote
2852 4927 3204 4990 infantibus
3271 4938 3336 4992 et
3405 4951 3502 4993 ra-

2014 5026 2185 5089 tione
2245 5044 2372 5088 non
2436 5024 2812 5104 utentibus3
2872 5043 2990 5088 nec
3057 5026 3338 5102 furiosiS,
3406 5030 3500 5091 ni·

2012 5124 2067 5185 si
2128 5124 2481 5186 innotescat
2529 5143 2642 5205 per
2689 5123 3079 5187 voluntatem
3139 5126 3500 5207 praeceden·

2012 5231 2141 5286 tem
2175 5229 2640 5286 sacramentum
2674 5222 2792 5285 hoc
2824 5221 2995 5304 ipsos
3026 5223 3320 5287 voluisse.
3357 5225 3501 5289 Haec

2015 5322 2256 5385 Scotus.
