4267 6250
100 992 217 1035 lma.
230 1005 276 1041 n,

67 6088 85 6213 ..Ι-
64 5844 80 6061 ιιι-.-
64 5420 80 5819 mur-

688 508 777 555 AN
815 508 1151 556 namsuus
1191 507 1445 556 JOANNIS
1489 506 1625 553 run·
1666 505 2117 554 Sacamum
2159 506 2508 555 surrlcnffls
2547 506 2634 555 AD
2675 508 2950 555 samm(
3291 491 3374 556 93

300 686 415 739 tem
453 678 525 739 ad
566 676 911 751 Christum,
944 676 1229 759 oportuit
1272 642 1523 739 diversa
1567 693 1769 739 sacra·
1796 674 1845 738 A
1875 675 2145 738 Ioannes
2185 675 2434 740 Christo
2475 696 2512 740 a
2547 696 2616 740 se
2660 677 2996 760 baptizato,
3032 677 3374 760 baptizavit

302 782 493 838 menta
527 775 791 838 institui.
834 776 1034 850 Unde,
1076 774 1377 858 quoniam
1417 776 1483 837 in
1530 774 1769 838 Joanne

301 874 739 955 quodammodo
779 873 1021 955 incepit
1056 880 1311 955 tempus
1346 873 1585 953 gratiae,
1620 872 1770 953 quia

303 972 387 1034 lex
428 978 487 1034 et
519 973 845 1054 Prophetae
888 990 1091 1054 usque
1135 972 1213 1034 ad
1259 972 1562 1035 loannem
1609 971 1767 1052 (non

300 1071 448 1151 quod
502 1070 581 1133 ab
631 1072 772 1152 ipso
818 1071 904 1133 sit
949 1070 1171 1152 gratia,
1220 1070 1330 1133 sed
1378 1069 1548 1151 quod
1595 1068 1767 1130 viam

300 1170 651 1251 praepamvit
675 1170 755 1231 ad
784 1168 1108 1250 gratiam);
1133 1168 1371 1231 idcirco
1400 1168 1543 1248 ejus
1572 1166 1771 1248 bapti-

299 1286 456 1329 smus
495 1265 615 1329 fuit
656 1267 915 1349 aliquod
966 1272 1459 1338 sacramentum,
1491 1272 1557 1327 et
1602 1284 1767 1348 quae-

297 1364 423 1426 dam
464 1365 731 1428 initiatio
775 1372 1316 1428 sacramentorum
1360 1381 1539 1427 novae
1584 1363 1761 1444 legiS,

296 1480 357 1523 ac
385 1463 649 1525 medium
678 1463 847 1526 inter
876 1462 1207 1545 utriusque
1238 1461 1393 1543 legis
1423 1480 1768 1525 sacramen-

297 1568 349 1621 ta
390 1578 403 1621 ε
446 1561 827 1623 conveniens
873 1580 1023 1623 cum
1070 1560 1483 1623 sacramentis
1532 1560 1765 1623 veteris

297 1658 431 1738 legis
460 1660 521 1720 in
550 1659 692 1733 hoc,
724 1660 895 1741 quod
934 1658 1059 1721 fuit
1088 1658 1341 1739 signum
1382 1658 1598 1740 gratiae
1636 1666 1765 1729 tan-

296 1758 614 1832 tummodo,
648 1766 713 1821 et
741 1776 868 1820 non
909 1775 1136 1836 causa3
1168 1764 1233 1821 et
1262 1776 1410 1819 cum
1439 1756 1763 1839 Baptismo

1876 774 2101 837 adhuc.

1956 872 2246 954 Denique
2291 872 2648 955 baptismus
2684 874 2942 937 Joannis
2987 874 3186 955 magis
3230 892 3374 937 con-

1878 970 2176 1033 veniebat
2213 988 2361 1032 cum
2401 972 2724 1054 Baptismo
2763 972 2995 1036 Christi
3030 992 3223 1056 quam
3253 973 3374 1035 cir-

1878 1068 2518 1151 cumcisio,quantum
2545 1071 2623 1141 ad
2655 1071 3006 1145 materiam,
3027 1090 3150 1134 non
3181 1090 3375 1153 quan-

1875 1173 2013 1228 tum
2060 1167 2141 1228 ad
2191 1168 2633 1231 necessitatem
2682 1178 2746 1232 et
2793 1168 3176 1245 efficaciam,
3223 1170 3375 1251 quia

1876 1264 2186 1345 originale
2224 1274 2556 1347 peccatum
2597 1285 2723 1329 non
2761 1267 3046 1342 abstulit,
3080 1285 3198 1330 nec
3237 1286 3375 1349 gra-

1875 1362 2030 1424 tiam
2074 1362 2362 1425 contulit.
2397 1363 2611 1425 Voluit
2645 1372 2860 1427 tamen
2891 1364 3179 1428 Christus
3211 1385 3248 1427 a
3275 1366 3373 1429 Jo-

1876 1478 2040 1523 anne
2083 1460 2414 1543 baptizari,
2447 1470 2518 1524 ut
2559 1480 2816 1525 omnem
2861 1463 3158 1546 impleret
3192 1464 3374 1544 justi·
3417 1480 3667 1533 Mamm,

1875 1560 2052 1633 tiam,
2086 1557 2152 1620 id
2191 1565 2288 1621 est
2325 1559 2673 1640 perfectam
2714 1561 3165 1636 humilitatem,
3199 1569 3262 1624 et
3304 1569 3378 1625 ut
3405 1548 3470 1588 ¹⁵·

1873 1657 2352 1719 commendaret
2377 1656 2634 1721 Joannis
2664 1658 3072 1742 baptismum,
3085 1666 3274 1742 atque
3307 1668 3377 1723 ut

1876 1762 2045 1816 tactu
2092 1774 2223 1818 suae
2263 1756 2702 1820 mundissimae
2745 1758 2953 1820 carnis
2991 1775 3187 1839 aquas
3229 1776 3378 1821 con·

294 1856 499 1917 Christi
528 1856 595 1918 in
623 1856 909 1931 materia,
943 1862 1007 1918 et
1037 1856 1267 1938 partim
1301 1854 1367 1917 in
1398 1855 1623 1931 forma,
1647 1856 1764 1918 sic·
1801 1856 1848 1918 B
1878 1861 2154 1916 secraret
2183 1854 2262 1915 ad
2293 1854 2768 1937 baptizandum,
2793 1864 2856 1919 et
2883 1857 3016 1918 vim
3050 1874 3376 1937 regenera-

298 1962 356 2014 ut
383 1952 625 2035 patebit.
658 1954 1009 2037 Baptizavit
1037 1972 1313 2036 namque
1345 1954 1409 2016 in
1438 1973 1605 2035 aqua
1642 1953 1762 2017 sub

299 2052 399 2114 hac
426 2052 619 2115 forma
645 2070 661 2114 ε
689 2053 819 2134 Ego
850 2060 911 2116 te
942 2052 1195 2135 baptizo
1226 2053 1293 2115 in
1322 2052 1583 2116 nomine
1612 2072 1765 2116 ven-

304 2150 429 2224 turi,
460 2150 520 2212 id
547 2157 642 2213 est
680 2150 915 2214 Christi
954 2150 1293 2213 confestim
1334 2150 1637 2213 omnibus
1670 2168 1763 2213 re-

304 2247 541 2310 velandi.
574 2248 819 2311 Utilitas
868 2248 1109 2311 etenim
1157 2249 1247 2311 rei
1292 2249 1645 2330 praesertim
1687 2267 1765 2313 ex

307 2364 403 2406 sua
441 2346 629 2409 oritur
670 2346 877 2409 forma
909 2364 925 2407 :
959 2345 1102 2410 ideo
1144 2346 1367 2410 formae
1412 2365 1769 2411 sacramen·

304 2451 485 2505 torum
537 2445 881 2507 ostendunt
937 2445 1002 2507 id
1060 2464 1139 2507 ex
1190 2464 1319 2527 quo
1375 2453 1768 2510 sacramenta

304 2542 609 2605 utilitatem
637 2550 703 2607 et
740 2541 1101 2605 efficaciam
1140 2543 1399 2607 habent.
1432 2544 1767 2627 Quumque

299 2641 511 2703 utilitas
564 2649 691 2705 tota
757 2641 1065 2725 baptismi
1122 2642 1381 2705 Joannis
1440 2641 1634 2706 fuerit
1687 2642 1766 2705 ad

302 2739 589 2802 Christum
617 2740 981 2823 disponere,
1014 2741 1386 2823 praescripta
1414 2740 1621 2803 forma
1651 2758 1767 2803 suo

300 2838 667 2919 competebat
708 2838 1048 2921 baptismo.

364 2937 647 3000 Praeterea
684 2930 751 3000 si'
783 2943 1123 3019 quaeratur,
1156 2956 1236 2999 an
1277 2936 1637 3019 baptismus
1672 2938 1767 3002 Jo-

1875 1952 2073 2013 tivam
2116 1952 2212 2015 eis
2255 1952 2574 2016 conferret
2614 1955 3080 2037 mysterialiter.

1943 2050 2265 2113 Postremo
2296 2051 2374 2113 de
2403 2052 2634 2125 hoc,an
2668 2051 2967 2134 baptizati
2997 2053 3377 2137 baptismate

1875 2146 2131 2210 Joannis
2181 2147 2557 2230 rebaptizari
2614 2149 2933 2213 debebant
2981 2151 3214 2215 Christi
3269 2153 3379 2215 Ba-

1878 2244 2198 2326 ptismate,
2258 2254 2356 2309 est
2409 2246 2648 2328 duplex
2707 2249 2945 2330 opinio.
3001 2250 3154 2325 Una,
3205 2250 3377 2332 quod

1877 2342 2234 2424 baptismus
2285 2344 2541 2407 Joannis
2590 2347 3076 2429 praeparatorius
3125 2348 3251 2411 fuit
3297 2349 3379 2411 ad

1878 2442 2200 2505 Christum
2243 2443 2746 2526 suscipiendum.
2789 2445 2950 2508 Hinc
2989 2447 3043 2509 si
3080 2447 3227 2529 quis
3269 2447 3376 2510 ba-

1877 2539 2189 2621 ptismum
2231 2540 2488 2603 Joannis
2532 2543 2800 2625 accepit,
2848 2543 3080 2607 sistens
3127 2545 3194 2607 in
3239 2545 3372 2621 illo,

1876 2656 1994 2701 nec
2028 2637 2310 2701 referens
2341 2639 2526 2702 illum
2554 2641 2633 2702 ad
2665 2641 3000 2717 Christum,
3021 2643 3376 2726 baptismus

1872 2736 2131 2799 Joannis
2176 2735 2602 2801 frustrabatur
2638 2738 2770 2802 fine
2813 2758 2951 2815 suo,
2995 2748 3062 2803 et
3103 2741 3377 2825 baptiza·

1875 2840 2013 2896 tum
2054 2834 2147 2897 sic
2187 2835 2562 2918 rebaptizari
2605 2838 2904 2919 oportuit.
2945 2838 3010 2902 Si
3053 2858 3204 2903 vero
3246 2859 3376 2904 non

1877 2932 2022 2993 fixit
2052 2952 2233 3015 spem
2273 2942 2336 2995 et
2373 2934 2764 2997 voluntatem
2805 2956 2986 2999 suam
3027 2938 3092 3000 in
3128 2938 3238 3002 illo
3269 2939 3376 3003 ba-

298 3032 455 3095 annis
490 3032 611 3096 fuit
650 3034 983 3096 institutus
1020 3053 1058 3095 a
1100 3033 1229 3097 Deo
1262 3052 1277 3095 ι
1310 3040 1375 3097 et
1408 3034 1464 3096 si
1502 3034 1618 3109 sic,
1653 3052 1767 3096 cur
1802 3035 1847 3098 C
1878 3030 2136 3112 ptismo,
2169 3032 2280 3093 sed
2321 3032 2539 3094 retulit
2577 3032 2744 3095 ultra
2785 3034 2865 3096 ad
2903 3034 3249 3110 Christum,
3283 3038 3376 3099 sic

298 3139 529 3194 vocetur
576 3132 935 3215 baptismus
979 3132 1261 3208 Joannis,
1302 3151 1429 3196 non
1478 3133 1629 3212 Dei3
1674 3133 1765 3196 di-

298 3231 565 3306 cendum,
597 3231 771 3313 quod
816 3230 1088 3294 Ioannes
1136 3250 1326 3294 suum
1374 3230 1766 3313 baptismum

299 3326 543 3390 instituit
569 3347 648 3392 ex
684 3328 1073 3392 revelatione
1110 3336 1175 3390 et
1196 3328 1487 3410 jussione
1524 3328 1763 3404 divina,

298 3425 419 3489 ideo
444 3427 561 3488 fuit
589 3447 628 3491 a
665 3428 815 3490 Deo.
847 3427 1120 3490 Vocatur
1158 3434 1369 3490 tamen
1409 3425 1766 3509 baptismus

297 3524 519 3588 Joannis
552 3544 567 3588 ε
601 3526 837 3608 primo,
873 3525 1175 3607 quoniam
1214 3525 1351 3607 ipse
1388 3524 1515 3587 fuit
1550 3526 1766 3607 aliquo

300 3625 459 3686 modo
510 3625 609 3687 sui
670 3624 1001 3687 institutor
1056 3623 1410 3706 baptismi3
1461 3625 1762 3699 secund0‚

300 3723 427 3802 quia
472 3723 535 3785 in
594 3723 708 3785 illo
764 3721 1084 3804 baptismo
1134 3722 1227 3784 nil
1284 3721 1485 3784 fiebat
1532 3723 1765 3785 virtute

300 3819 475 3900 ipsius
512 3821 841 3904 baptismi,
874 3819 1043 3902 quod
1084 3819 1354 3882 Ioannes
1398 3838 1525 3883 non
1569 3819 1764 3900 fecit3

302 3917 481 3993 tertio,
529 3918 835 4000 quoniam
888 3918 1013 3980 sibi
1061 3918 1179 3980 soli
1240 3917 1655 3981 commissum
1705 3926 1769 3982 et

302 4016 491 4080 datum
530 4024 626 4082 est
668 4017 1100 4080 ministerium
1142 4017 1317 4079 illius
1360 4017 1682 4098 baptismi.

366 4115 607 4190 lterum,
640 4118 697 4180 si
738 4122 1081 4198 quaeratur,
1113 4115 1369 4197 quando
1410 4114 1768 4197 baptismus

1878 3147 1953 3192 ex
1984 3130 2186 3211 gratia
2226 3130 2458 3194 Christi
2488 3139 2554 3194 et
2580 3131 2901 3214 baptismo
2935 3133 3191 3197 Joannis
3221 3155 3377 3218 prae-

1877 3235 2160 3309 accepto,
2211 3228 2618 3292 efficiebatur
2665 3231 2846 3312 quasi
2893 3232 3048 3314 quid
3101 3251 3300 3295 unum
3357 3251 3372 3296 ε

1879 3326 2023 3389 ideo
2061 3345 2190 3390 non
2229 3327 2562 3410 oportebat
2601 3346 2764 3411 aqua
2801 3330 3012 3393 denuo
3041 3330 3372 3414 baptizari,

1878 3425 1989 3488 sed
2030 3426 2238 3489 solum
2279 3445 2395 3508 per
2426 3427 2900 3508 impositionem
2939 3448 3248 3492 manuum
3278 3449 3378 3494 ac-

1879 3523 2093 3606 cipere
2142 3524 2450 3606 Spiritum
2501 3525 2819 3588 Sanctum.
2863 3526 2942 3588 Et
2990 3527 3076 3589 ita
3124 3528 3378 3592 videtur

1877 3621 2077 3685 fuisse
2119 3622 2341 3704 opinio
2378 3622 2654 3704 Magistri
2695 3624 2760 3684 in
2800 3623 3024 3688 littera.
3061 3625 3183 3689 Sed
3222 3646 3376 3709 quo-

1878 3720 2051 3782 niam
2082 3728 2478 3783 sacramenta
2508 3739 2688 3784 novae
2706 3721 2874 3802 legis
2905 3741 2983 3785 ex
3016 3723 3156 3805 ipso
3183 3742 3378 3807 opere

1878 3826 2139 3900 operato
2187 3817 2544 3880 efficaciam
2598 3818 2854 3893 habent,
2906 3821 3160 3884 videtur
3206 3824 3377 3904 quod

1879 3915 2043 3978 fides
2087 3923 2152 3978 et
2193 3935 2338 3998 spes
2384 3916 2792 3998 suscipientis
2830 3916 3250 4000 Baptismum,
3283 3921 3375 3983 nil

1878 4014 2117 4077 faciant
2160 4015 2240 4077 ad
2284 4024 2777 4091 sacramentum,
2825 4017 3117 4098 quamvis
3164 4017 3376 4082 facere

1881 4114 2127 4194 possint
2163 4113 2242 4176 ad
2282 4133 2416 4176 rem
2457 4115 2834 4178 sacramenti
2876 4118 3376 4197 promovendam

301 4213 392 4276 ille
429 4215 725 4295 cessavit3
764 4215 1131 4288 dicendum,
1167 4213 1339 4296 quod
1382 4214 1651 4277 cessatio
1695 4213 1767 4276 il·
1798 4221 1849 4283 D
1877 4212 1980 4274 vel
2038 4211 2534 4295 impediendam.
2584 4213 2732 4276 Ideo
2781 4222 3376 4298 quantumcumque

304 4312 408 4376 lius
436 4314 725 4397 baptismi
767 4313 973 4396 accipi
1015 4320 1223 4396 potest
1251 4312 1611 4394 dupliciter.
1644 4313 1770 4376 Pri-

303 4429 411 4487 mo,
441 4421 745 4495 quantum
783 4412 863 4475 ad
902 4430 1085 4474 suam
1122 4410 1497 4474 totalitatem
1533 4429 1548 4472 ε
1581 4418 1645 4475 et
1684 4411 1769 4473 ita

302 4512 545 4574 cessavit
570 4511 710 4594 ipso
740 4511 807 4573 in
841 4528 1163 4572 carcerem
1203 4509 1417 4572 misso.
1452 4509 1765 4586 Secundo,

304 4611 487 4689 quoad
514 4610 864 4674 maximum
894 4627 1085 4672 suum
1117 4627 1303 4692 posse
1337 4625 1351 4672 :
1385 4608 1606 4690 sicque
1636 4627 1768 4671 ces-

302 4709 445 4770 savit
480 4708 721 4772 Christo
763 4708 1101 4791 baptizato.
1136 4707 1313 4771 Unde
1355 4725 1549 4790 super
1587 4708 1768 4771 Joan-

302 4824 430 4868 nem
475 4808 751 4890 loquitur
790 4807 1185 4889 Augustinus
1220 4824 1233 4868 ε
1266 4805 1627 4888 Baptizatus
1672 4814 1771 4869 est

304 4904 579 4970 Dominus
618 4907 937 4989 baptismo
965 4905 1245 4980 Joannis,
1278 4913 1343 4968 et
1378 4905 1650 4967 cessavit
1672 4906 1769 4968 Jo-

304 5005 461 5067 annis
502 5005 875 5088 baptismus,
908 5004 1059 5087 quia
1102 5023 1180 5068 ex
1219 5012 1373 5066 tunc
1418 5004 1627 5086 potior
1664 5003 1770 5066 ba-

306 5102 549 5180 ptismus
577 5105 635 5166 ei
664 5103 973 5166 successit
1002 5120 1017 5164 :
1046 5103 1214 5166 sicut
1240 5109 1446 5165 cessat
1472 5100 1767 5165 officium

306 5197 489 5281 legati,
519 5203 777 5266 domino
806 5202 971 5285 Papa
1000 5201 1515 5284 superveniente,
1547 5219 1768 5283 quam-

308 5299 388 5360 vis
414 5302 691 5382 posthoc
720 5301 965 5382 legatus
994 5307 1284 5364 exerceat
1311 5300 1545 5382 aliqua.
1571 5299 1674 5364 Sic
1704 5306 1769 5362 et

1880 4311 2023 4393 quis
2054 4328 2234 4392 spem
2267 4329 2447 4372 suam
2477 4311 2557 4373 ad
2587 4311 2908 4376 Christum
2939 4312 3221 4389 referret,
3241 4334 3376 4378 sus-

1878 4408 2175 4491 cipiendo
2217 4409 2476 4472 Joannis
2520 4409 2935 4491 baptismum,
2981 4410 3374 4495 baptismum

1878 4526 2057 4572 novae
2107 4508 2264 4589 legis
2316 4526 2444 4572 non
2498 4508 3006 4590 consequebatur
3055 4529 3070 4573 ε
3123 4511 3267 4575 ideo
3319 4513 3373 4576 si

1879 4606 2236 4689 baptismus
2284 4623 2464 4670 novae
2515 4606 2671 4688 legis
2719 4614 2816 4670 est
2861 4609 2940 4670 de
2999 4610 3374 4675 necessitate

1878 4706 2121 4780 salutis,
2154 4705 2437 4787 oportuit
2481 4704 2664 4767 illum
2713 4706 3022 4788 accipere.
3057 4709 3371 4792 AmpliuS,

1878 4806 1999 4868 hoc
2041 4803 2106 4866 in
2147 4803 2447 4867 omnibus
2485 4805 2898 4868 sacramentis
2927 4813 3022 4868 est
3054 4807 3370 4887 generale,

1881 4904 2051 4986 quod
2089 4903 2143 4965 si
2183 4902 2335 4985 quid
2377 4895 2706 4966 omittatur
2743 4903 2822 4966 de
2859 4905 3134 4967 essentia
3169 4925 3373 4968 sacra-

1866 5002 2102 5075 menti,
2134 5008 2386 5082 oportet
2428 5000 2489 5062 id
2532 5001 2764 5063 iterari.
2796 5001 2868 5063 In
2908 5001 3227 5083 baptismo
3266 5022 3374 5065 au·

1878 5109 2008 5165 tem
2044 5100 2303 5163 Joannis
2345 5116 2471 5162 non
2511 5098 2882 5162 servabatur
2920 5099 3124 5163 forma
3161 5101 3371 5183 Bapti-

1878 5199 2099 5264 smatis
2144 5198 2395 5262 Christi.
2429 5233 2510 5244 —
2541 5197 2699 5260 Hinc
2749 5198 3149 5262 communior
3195 5206 3370 5263 tenet

1878 5299 2131 5383 positio,
2163 5297 2332 5380 quod
2361 5314 2582 5360 omnes
2621 5295 2940 5378 baptismo
2973 5298 3231 5362 Joannis
3260 5300 3368 5364 ba-
