4267 6250
1038 499 1240 546 mun
1278 499 1460 546 Pams
1502 498 1938 548 couvnnTArun
1976 499 2547 559 susssrmmlmn,
2587 500 2716 548 tm.

3307 479 3433 546 278

321 687 430 732 seu
475 669 712 734 ultimo
757 671 896 752 ejus
944 670 1243 750 instanti3
1285 678 1350 734 et
1390 670 1648 752 proprie
1696 688 1822 734 non
1851 669 1904 734 A
1933 669 2141 732 forma
2196 671 2631 734 substantialis
2681 679 2791 734 aut
2835 669 3266 734 accidentalis.
3317 671 3432 734 Ve-

318 775 582 830 vocatur
626 769 1037 842 miraculum,
1069 768 1366 850 quamvis
1409 769 1492 832 sit
1531 768 1822 833 omnium

321 865 718 930 mirabilium
753 868 1122 930 maximum.
1143 867 1304 930 Hinc
1333 867 1634 940 concedo,
1653 867 1822 948 quod

321 964 944 1028 transsubstantiatio
1003 965 1124 1028 ista
1179 983 1307 1027 non
1363 971 1460 1028 est
1515 963 1821 1026 naturalis

321 1080 436 1124 nec
485 1063 890 1138 miraculosa,
936 1064 1048 1127 sed
1096 1063 1282 1126 valde
1331 1061 1662 1125 mirabilis,
1713 1063 1822 1125 Mi-

321 1161 612 1225 racnlum
671 1181 952 1246 namque
1007 1161 1266 1245 proprie
1321 1169 1674 1243 sumptum,
1725 1168 1824 1224 est

323 1260 490 1340 quod
533 1259 613 1322 fit
653 1269 882 1342 praeter
919 1279 1124 1343 spem,
1157 1267 1220 1323 et
1259 1259 1378 1322 hoc
1416 1267 1514 1322 est
1547 1259 1820 1321 arduum

325 1357 674 1422 insolitum.
727 1360 872 1423 Haec
927 1367 1140 1422 autem
1201 1357 1822 1421 transsubstantiatio

323 1475 446 1520 non
490 1457 570 1520 fit
603 1466 834 1540 praeter
871 1477 1076 1541 spem,
1109 1458 1222 1520 sed
1253 1475 1400 1520 cum
1439 1455 1820 1518 certitudine

323 1556 480 1638 spei,
524 1555 680 1640 quia
722 1576 800 1620 ex
842 1556 1058 1620 verbis
1097 1555 1330 1620 Christi
1374 1573 1520 1637 spes
1563 1555 1642 1617 de
1680 1554 1821 1634 ejus

323 1664 558 1718 eventu
619 1653 1063 1735 certificatur3
1125 1673 1334 1737 neque
1391 1653 1644 1716 insolita
1701 1661 1814 1716 est.

324 1753 624 1825 Quamvis
672 1755 864 1817 etiam
923 1753 990 1816 in
1051 1753 1315 1816 materia
1367 1751 1564 1834 hujus
1616 1769 1820 1814 sacra-

1933 787 2074 831 rum
2125 769 2193 832 in
2239 769 2358 832 hac
2408 770 2759 834 mutatione
2808 789 2919 833 seu
2961 769 3430 833 transsubstan-

1933 865 2196 930 tiatione
2223 888 2366 950 quae
2394 875 2491 931 est
2521 869 2598 930 de
2628 876 2757 932 tota
2794 875 3021 930 natura
3056 876 3122 930 et
3146 867 3433 930 substan·

1931 963 2020 1026 tia
2049 964 2324 1046 subjecti
2356 965 2420 1027 in
2452 966 2873 1029 substantiam
2905 972 3103 1029 totam
3140 965 3427 1040 alteriuS,

1929 1061 2286 1126 accidentia
2334 1072 2613 1138 manent,
2664 1073 2728 1127 et
2774 1064 2854 1127 de
2900 1063 3429 1127 substantialibus

1930 1160 2092 1222 nihil
2125 1179 2141 1225 ε
2176 1161 2307 1224 imo
2348 1168 2446 1224 est
2485 1160 2659 1224 aliud
2707 1161 3061 1225 secundum
3102 1161 3273 1244 quod
3316 1180 3431 1244 per

1929 1259 2701 1322 transsubstantiationem
2760 1268 2857 1322 est
2912 1276 3145 1341 corpus
3194 1258 3429 1322 Christi

1930 1354 2209 1436 factum3
2241 1357 2481 1420 idcirco
2518 1375 2646 1420 non
2684 1365 2781 1420 est
2808 1374 3189 1420 conversum
3229 1356 3295 1419 in
3336 1357 3429 1420 ni-

1929 1453 2157 1517 hilum.
2194 1455 2271 1517 Et
2311 1475 2510 1539 quum
2554 1455 2811 1530 dicitur,
2846 1458 2934 1519 De
2973 1474 3137 1538 pane
3176 1454 3255 1518 fit
3297 1473 3432 1519 cor-

1932 1573 2051 1636 pus
2098 1553 2352 1628 Christi,
2396 1554 2459 1638 ly
2501 1555 2601 1628 de,
2642 1554 2851 1617 solum
2894 1561 3071 1618 notat
3110 1554 3424 1618 ordinem.

1928 1685 2006 1695 ——
2033 1650 2340 1714 Praeterea
2378 1651 2503 1714 alia
2540 1651 2760 1733 opinio
2802 1641 2965 1713 dixit
3002 1649 3426 1714 substantiam

1931 1750 2112 1830 panis
2148 1767 2403 1812 manere
2436 1766 2451 1812 :
2484 1749 2637 1833 quia
2674 1767 2875 1830 quum
2920 1767 3151 1831 corpus
3197 1748 3428 1812 Christi

325 1851 522 1914 menti
581 1853 666 1914 sit
714 1851 994 1934 potentia
1051 1850 1430 1915 obedientiae
1485 1849 1564 1911 ad
1625 1848 1817 1911 istum
1853 1849 1902 1914 B
1931 1849 2015 1910 sit
2041 1847 2469 1929 glorificatum
2500 1856 2566 1910 et
2593 1848 2963 1929 gloriosum,
2996 1855 3203 1929 potest
3234 1847 3429 1910 simul

325 1949 655 2023 effectum,
695 1957 974 2014 attamen
1024 1949 1308 2032 potentia
1357 1948 1466 2010 illa
1511 1946 1602 2010 nil
1645 1946 1820 2009 addit

323 2066 517 2129 super
561 2047 905 2110 essentiam
959 2046 1069 2110 rei.
1113 2047 1272 2110 Nam
1319 2046 1374 2108 si
1422 2063 1536 2128 per
1579 2043 1821 2107 intelle·

325 2155 494 2208 ctum
535 2145 618 2208 ab
651 2145 929 2208 invicem
965 2153 1361 2228 separentur,
1394 2142 1702 2225 quaeritur
1737 2161 1818 2204 an

323 2243 676 2306 substantia
721 2243 832 2306 illa
872 2243 1080 2306 adhuc
1117 2243 1203 2305 sit
1243 2243 1310 2305 in
1355 2241 1634 2324 potentia
1675 2240 1820 2303 obe-

327 2341 609 2404 dientiali
657 2342 736 2404 ad
787 2341 1004 2404 omnia
1044 2360 1187 2424 quae
1231 2340 1398 2404 Deus
1440 2340 1518 2403 de
1567 2357 1642 2401 ea
1682 2338 1820 2400 vult

327 2440 550 2502 facere.
585 2440 651 2502 Si
683 2440 932 2503 dicatur
961 2440 1130 2521 quod
1169 2456 1320 2512 non,
1351 2438 1470 2501 hoc
1501 2445 1669 2500 esset
1697 2437 1820 2500 hae-

325 2538 634 2616 reticum3
682 2537 738 2599 si
787 2537 902 2611 sic,
953 2536 1224 2600 habetur
1268 2534 1668 2618 propositum
1717 2534 1818 2598 vel

327 2637 448 2699 itur
485 2637 552 2698 in
604 2635 957 2699 infinitum.

401 2735 558 2798 Item
589 2733 1214 2797 transsubstantiatio
1254 2732 1375 2794 ista
1411 2749 1538 2794 non
1576 2740 1673 2794 est
1711 2750 1819 2793 an-

326 2833 612 2896 nihilatio
638 2832 1011 2896 substantiae
1041 2831 1224 2914 panis
1251 2829 1484 2895 etvini.
1501 2829 1818 2912 Quidquid

325 2931 494 2994 enim
537 2931 936 2994 convertitur
979 2931 1044 2992 in
1088 2929 1354 3012 aliquid,
1395 2945 1472 2991 eo
1511 2929 1652 3011 ipso
1693 2945 1820 2990 non

1931 1966 2077 2009 cum
2126 1946 2254 2009 alio
2306 1964 2569 2028 corpore
2613 1965 2774 2020 esse,
2826 1953 2890 2008 et
2944 1946 3245 2029 quoniam
3298 1965 3428 2009 ma—

1929 2053 2082 2107 nent
2121 2043 2214 2107 ibi
2252 2043 2523 2108 effectus
2563 2043 2767 2128 panis,
2801 2043 2913 2126 qui
2952 2052 3102 2106 sunt
3136 2044 3425 2120 reficere,

1929 2162 2173 2225 sapere,
2198 2150 2261 2205 et
2294 2143 2370 2204 fit
2399 2141 2489 2205 ibi
2520 2143 2769 2206 divisio.
2804 2142 2921 2207 Cui
2949 2142 3237 2225 opinioni
3268 2141 3429 2225 obji-

1929 2241 2114 2315 citur,
2158 2241 2309 2324 quia
2354 2241 2707 2304 secundum
2750 2259 2889 2304 eam
2930 2238 3251 2304 verificari
3298 2258 3429 2304 non

1929 2348 2145 2422 posset
2172 2341 2344 2422 quod
2380 2341 2470 2402 ait
2498 2339 2782 2403 Salvator
2808 2340 2887 2403 de
2920 2357 3085 2422 pane
3118 2357 3133 2403 ε
3167 2340 3297 2403 Hoc
3328 2347 3427 2402 est

3503 2360 3681 2411 Mucii.

1928 2456 2161 2521 corpus
2206 2458 2445 2502 meum.
2481 2439 2558 2500 Et
2586 2457 2827 2514 rursuS,
2857 2437 3039 2520 juxta
3076 2457 3219 2502 eam
3257 2438 3423 2502 acci·
3450 2437 3563 2480 ¹¹”2
3588 2431 3655 2473 ²⁶·

1929 2536 2145 2600 dentia
2200 2536 2310 2599 illa
2356 2537 2663 2599 ducerent
2708 2535 3106 2600 intellectum
3159 2537 3227 2600 in
3275 2536 3425 2600 sub-

1929 2635 2226 2698 stantiam
2269 2635 2473 2717 paniS,
2514 2651 2640 2697 non
2682 2634 2748 2697 in
2788 2652 3018 2717 corpus
3058 2634 3288 2698 Christi
3331 2636 3427 2698 in-

1928 2734 2186 2797 visibile
2219 2733 2306 2796 ibi
2333 2751 2349 2813 ;
2381 2741 2447 2796 et
2486 2733 2574 2795 ita
2611 2750 2735 2796 non
2778 2733 3086 2797 haberent
3116 2734 3425 2798 rationem

1929 2832 2094 2914 signi
2120 2850 2134 2895 ε
2161 2833 2331 2915 quod
2360 2841 2459 2895 est
2480 2838 2699 2895 contra
2730 2832 3041 2896 rationem
3070 2851 3426 2896 sacramen-

1929 2931 1996 2993 ti.
2031 2931 2193 2994 Hinc
2230 2930 2351 2993 ista
2387 2930 2607 3013 opinio
2643 2930 2894 2993 nullum
2936 2931 3069 3012 jam
3113 2930 3303 2994 habet
3326 2932 3431 3013 (ut

327 3031 719 3093 convertitur
747 3029 812 3092 in
845 3028 1030 3102 nihil,
1060 3047 1261 3111 quum
1290 3027 1535 3109 aliquid
1563 3033 1629 3089 et
1659 3024 1818 3088 nihil
1856 3025 1901 3089 C
1928 3030 2202 3110 aestimo)
2238 3028 2659 3092 defensorem.
2692 3063 2773 3074 --
2802 3028 2947 3092 Haec
2984 3028 3302 3093 AlbertuS.

325 3128 810 3193 contradictorie
856 3136 1276 3210 opponantur.
1313 3126 1677 3189 Substantia
1709 3144 1820 3187 au·

325 3234 450 3289 tem
501 3226 688 3310 panis
737 3226 1128 3289 convertitur
1179 3224 1243 3287 in
1289 3242 1519 3307 corpus
1563 3223 1816 3299 Christi,

325 3326 677 3389 substantia
707 3342 962 3407 quoquc
992 3323 1126 3386 vini
1159 3324 1226 3385 in
1255 3322 1669 3404 sanguinem;
1701 3340 1819 3385 nec

326 3432 532 3489 tamen
576 3430 840 3486 manent
878 3423 942 3484 in
981 3442 1073 3497 se,
1107 3440 1224 3484 nec
1255 3422 1321 3483 in
1360 3420 1576 3502 aliquo
1613 3420 1711 3483 sui
1754 3419 1819 3482 in

328 3524 590 3587 Christo.
628 3523 704 3583 Et
746 3522 866 3583 ista
907 3520 1238 3603 responsio
1285 3519 1484 3601 magis
1533 3526 1630 3582 est
1672 3537 1818 3582 con-

329 3640 476 3685 sona
521 3621 717 3684 dictis
765 3620 1136 3683 Sanctorum
1187 3636 1378 3700 quam
1426 3617 1566 3681 aliae
1615 3618 1755 3680 duae
1801 3634 1816 3679 ε

329 3740 596 3803 quarum
647 3738 776 3781 una
816 3717 974 3781 dicit
991 3736 1121 3780 *eas
1159 3715 1524 3788 annihilari,
1557 3715 1682 3778 alia
1719 3734 1822 3777 ve-

331 3836 400 3882 ro
442 3820 600 3883 dicit
648 3836 756 3881 eas
813 3816 1008 3879 simul
1067 3834 1216 3877 cum
1274 3832 1538 3897 corpore
1586 3814 1817 3877 Christi

327 3936 398 3979 ac
433 3916 748 3998 sanguine
787 3932 1132 3976 remanere.
1169 3913 1418 3975 Etenim
1462 3913 1672 3994 prima
1713 3911 1822 3974 illa

326 4016 618 4098 quamvis
663 4014 747 4076 sit
785 4012 998 4074 minus
1041 4009 1660 4093 comprehensibiliS,
1694 4030 1821 4073 ma—

325 4116 418 4196 gis
445 4123 662 4177 tamen
694 4120 792 4175 est
818 4111 1132 4193 eligenda,
1164 4110 1316 4191 quia
1341 4109 1822 4172 auctoritatibus

2009 3130 2275 3211 Insuper
2304 3128 2576 3192 Thomas
2607 3127 2777 3190 circa
2817 3127 2951 3191 baec
2984 3128 3237 3210 plenius
3276 3128 3429 3192 scri-

1930 3229 2088 3291 bens
2123 3247 2136 3291 :
2172 3227 2401 3310 Opinio
2438 3226 2583 3308 (ait)
2621 3246 2761 3309 quae
2810 3225 2967 3288 dicit
3009 3226 3427 3291 substantiam

1931 3327 2112 3409 panis
2156 3326 2221 3388 in
2266 3330 2663 3388 sacramento
2700 3330 2844 3407 post
2886 3324 3427 3388 consecrationem

1933 3443 2188 3487 manere
2218 3423 2411 3487 simul
2442 3442 2589 3486 cum
2624 3440 2889 3505 corpore
2918 3421 3173 3497 Christi,
3194 3420 3430 3486 incom-

1930 3531 2153 3606 petens
2202 3529 2299 3583 est
2346 3521 2497 3583 huic
2545 3528 2962 3593 sacrament0‚
3010 3519 3429 3603 impossibilis

1928 3628 2118 3702 atque
2150 3619 2460 3683 haeretica.
2490 3619 2955 3701 IncompetenS,
2979 3618 3283 3701 quoniam
3314 3618 3429 3680 im·

1931 3718 2180 3801 pediret
2207 3717 2679 3780 venerationem
2723 3716 2873 3778 huic
2904 3715 3186 3778 debitam
3227 3733 3429 3778 sacra-

1933 3824 2165 3880 mento.
2202 3816 2381 3877 Esset
2421 3832 2697 3896 namque
2743 3812 3112 3877 idololatriae
3154 3813 3423 3887 oceasi0‚

1931 3916 1983 3977 si
2015 3914 2297 3977 adoratio
2329 3912 2523 3975 latriae
2554 3911 2965 3973 exhiberetur
3002 3911 3247 3985 hostiae,
3277 3910 3427 3973 sub-

1931 4014 2161 4076 stantia
2210 4011 2391 4094 panis
2440 4010 2531 4073 ibi
2582 4018 2896 4072 manente.
2946 4010 3125 4072 Esset
3172 4026 3428 4092 quoque

1931 4119 2151 4175 contra
2190 4109 2725 4192 significationem
2770 4108 3173 4183 sacramenti,
3205 4107 3428 4191 quoni-

327 4214 702 4277 Sanctorum
732 4210 1377 4292 concordat,quorum
1410 4208 1714 4289 inspirata
1743 4226 1824 4269 re-
1854 4214 1902 4275 D
1932 4230 2033 4273 am
2069 4210 2317 4291 species
2350 4225 2477 4270 non
2509 4208 2816 4270 ducerent
2844 4206 2909 4269 in
2940 4226 3167 4270 verum
3196 4225 3427 4289 corpus

327 4312 554 4376 velatio
605 4308 982 4392 praejudicat
1027 4307 1438 4390 argumentis.
1479 4307 1688 4381 Porro,
1721 4325 1820 4370 res

331 4418 580 4473 mutatae
610 4408 914 4471 dicuntur
945 4424 1200 4469 manere
1233 4412 1340 4468 aut
1371 4422 1496 4467 non
1537 4422 1820 4467 remane-

329 4528 414 4583 re,
442 4508 804 4572 secundum
846 4504 1230 4586 exigentiam
1261 4523 1390 4567 suae
1430 4503 1818 4566 mutationis,

330 4608 394 4670 ln
430 4606 786 4670 mutatione
813 4604 986 4666 enim
1016 4622 1160 4686 quae
1189 4611 1287 4665 est
1314 4602 1391 4665 de
1421 4601 1714 4682 subjecto
1743 4603 1821 4664 ad

329 4707 716 4788 subiectum,
762 4710 974 4767 manet
1017 4701 1402 4783 subjectum,
1444 4709 1510 4764 et
1552 4719 1678 4764 non
1721 4720 1822 4763 ac·

331 4805 566 4868 cidens.
613 4802 845 4875 Manet,
879 4801 1165 4883 inquam,
1197 4799 1560 4880 subjeetum
1600 4818 1822 4862 secun-

331 4904 476 4966 dum
521 4900 860 4965 materiam
898 4907 964 4961 et
998 4898 1268 4962 formam
1309 4906 1376 4961 et
1411 4904 1612 4961 totum
1655 4916 1824 4961 com-

335 5003 630 5085 positum.
663 4994 735 5063 l'n
776 4998 1128 5061 mutatione
1169 5005 1382 5060 autem
1426 5016 1568 5079 quae
1610 5004 1706 5059 est
1747 4997 1826 5059 de

333 5118 455 5163 non
493 5098 790 5180 subjecto
817 5096 895 5159 ad
931 5094 1292 5176 subjectum
1320 5093 1517 5174 (sicut
1545 5094 1611 5156 in
1640 5112 1826 5175 gene-

335 5200 622 5277 ratione),
634 5196 739 5259 vel
771 5196 853 5258 de
880 5193 1172 5275 subjecto
1199 5194 1279 5255 ad
1308 5209 1434 5255 non
1465 5192 1828 5272 subjectum

338 5298 436 5378 (ut
481 5298 546 5360 in
595 5292 1055 5376 corruptione),
1101 5298 1312 5353 manet
1369 5291 1652 5365 materia,
1705 5310 1830 5355 non

1935 4308 2167 4373 Christi
2207 4326 2323 4390 per
2362 4307 2621 4370 modum
2664 4306 2853 4388 signi,
2888 4307 2997 4369 sed
3040 4307 3103 4369 in
3138 4306 3427 4369 substan-

1933 4409 2086 4470 tiam
2132 4407 2335 4489 panis.
2381 4406 2561 4469 Esset
2601 4405 2793 4468 etiam
2835 4414 3050 4468 contra
3100 4424 3289 4468 usum
3337 4425 3429 4467 sa-

1935 4505 2267 4579 cramenti,
2312 4504 2464 4586 quia
2504 4504 2635 4586 jam
2687 4501 2871 4565 cibus
2921 4502 3039 4565 iste
3086 4521 3213 4566 non
3263 4512 3430 4566 esset

1937 4624 2095 4687 pure
2133 4603 2507 4686 spiritualiS‚
2540 4602 2651 4665 sed
2691 4601 2883 4664 etiam
2921 4602 3286 4684 corporalis.
3322 4603 3432 4664 Est

1939 4704 2088 4765 item
2123 4699 2565 4783 impossibiliS‚
2589 4700 2739 4782 quia
2769 4698 3169 4781 impossibile
3197 4708 3293 4762 est
3320 4700 3430 4761 ali·

1937 4800 2092 4882 quid
2122 4818 2263 4862 esse
2292 4798 2403 4860 ubi
2444 4798 2621 4879 prius
2656 4814 2781 4858 non
2813 4796 2958 4869 fuit,
2992 4797 3152 4859 nihil
3187 4796 3254 4860 in
3290 4798 3431 4879 ipso

1939 4905 2203 4971 mutato,
2250 4914 2367 4958 nec
2414 4895 2629 4976 aliquo
2680 4900 2923 4957 mutato
2967 4901 3078 4956 aut
3125 4912 3433 4959 converso

1941 4996 2006 5059 in
2047 4996 2259 5078 ipsum
2296 5012 2310 5057 :
2344 5011 2461 5055 nec
2502 4998 2715 5074 posset
2744 5008 2857 5072 per
2897 4990 3277 5053 miraculum
3316 4991 3431 5055 fie-

1939 5094 2017 5169 ri,
2051 5074 2220 5156 sicta
2261 5091 2429 5174 quod
2472 5088 2715 5172 aliquid
2759 5095 2928 5153 esset
2968 5088 3204 5151 animal
3254 5089 3435 5153 ratio—

1943 5192 2086 5256 nale
2135 5189 2420 5263 mortale,
2472 5196 2537 5251 et
2582 5204 2709 5250 non
2757 5194 2922 5249 esset
2977 5187 3188 5250 homo.
3238 5187 3437 5251 Aliter

1945 5291 2183 5353 etenim
2224 5308 2291 5351 se
2330 5287 2565 5351 habere
2604 5304 2775 5348 nunc
2814 5293 2878 5349 et
2908 5285 3107 5368 prius,
3139 5292 3238 5348 est
3268 5286 3436 5349 idem
