4267 6250
165 4644 201 4685 q.

218 4635 280 4676 20.

928 495 2874 567 wm.vm:mrmuuaxxmrrmcolvrrm‚m

3337 481 3458 549 487

342 669 525 733 circa
552 670 773 753 ipsum
800 670 1223 733 confitentem
1256 669 1615 752 impediens
1643 688 1725 732 ue
1752 669 1857 731 ab-
1884 668 1939 731 A
1970 668 2071 743 lis,
2102 688 2232 734 non
2257 672 2522 735 auderet
2557 691 2636 737 co
2673 674 2766 736 uti
2805 674 2930 737 nisi
2965 674 3324 738 efficaciter
3355 692 3464 737 cx-

342 769 658 843 solvatur,
692 780 763 833 ut
792 770 849 833 si
876 769 1125 852 aliquid
1164 778 1398 851 sponte
1428 768 1593 831 celet
1624 787 1641 830 :
1672 778 1738 831 et
1762 770 1857 832 sie

342 886 765 950 nequaquam
790 867 1171 939 absolvitur,
1202 867 1357 949 quia
1384 885 1505 929 nec
1536 886 1685 929 vere
1714 885 1861 929 con-

340 964 561 1029 fessus
604 976 723 1029 est.
757 967 825 1030 Si
862 983 1019 1029 vero
1058 966 1233 1027 circa
1274 964 1691 1027 confitentem
1730 983 1855 1027 non

344 1072 451 1125 est
484 1064 751 1147 aliquod
794 1064 1333 1147 impedimentum
1370 1062 1531 1144 quin
1576 1062 1859 1125 absolva-

342 1170 459 1224 tur
486 1182 607 1245 per
635 1164 913 1245 primam
942 1160 1441 1235 confessionem,
1472 1170 1584 1223 aut
1614 1162 1679 1223 id
1719 1178 1861 1243 pro-

344 1270 497 1344 pter
530 1262 705 1344 quod
736 1263 967 1324 iterato
992 1260 1437 1323 confitendum
1466 1269 1585 1333 est,
1616 1261 1859 1323 coutin-

344 1360 445 1441 git
472 1378 555 1422 ex
582 1358 843 1423 defectu
880 1357 1357 1431 satisfactionis,
1390 1356 1493 1419 vel
1532 1376 1611 1421 ex
1647 1358 1859 1439 aliqua

344 1457 745 1539 obligatione
780 1457 953 1520 cinca
982 1455 1413 1530 confitentem,
1442 1456 1609 1537 quod
1654 1464 1860 1537 potest

344 1575 489 1619 esse
538 1555 903 1637 tripliciter.
936 1555 1149 1618 Primo
1184 1554 1301 1627 sic,
1340 1554 1509 1636 quod
1554 1552 1860 1634 obligatio

345 1655 519 1718 facta
576 1661 679 1716 est
734 1654 909 1716 circa
968 1652 1387 1715 confitentem
1444 1672 1483 1714 a
1542 1651 1857 1733 superiori

347 1752 637 1836 praelato,
668 1752 783 1834 qui
810 1752 1007 1832 jussit
1044 1760 1117 1814 ut
1154 1751 1473 1814 confitens
1503 1749 1721 1823 alicui,
1751 1751 1857 1813 de·

1966 768 2280 833 hortando
2291 770 2674 835 coufitentes
2701 772 2931 847 sibi,ut
2951 774 3176 837 eadem
3202 780 3462 855 peccata

1966 866 2432 931 confiterentur
2455 870 2590 931 suis
2619 870 2878 943 curatiS,
2897 879 2964 933 et
2991 889 3119 935 non
3147 872 3358 935 solum
3385 890 3462 935 ea

1966 985 2111 1047 quae
2149 966 2274 1028 sibi
2313 966 2795 1041 confiterentur,
2825 970 2938 1031 sed
2975 978 3040 1031 et
3073 969 3292 1033 omnia
3317 989 3462 1051 quae

1966 1072 2101 1127 toto
2139 1083 2310 1128 anno
2345 1065 2854 1145 committerent3
2883 1076 2948 1130 et
2983 1068 3156 1149 quod
3193 1068 3464 1130 intentio

1968 1164 2210 1225 summi
2239 1162 2566 1226 Pontificis
2595 1181 2723 1227 uon
2751 1164 2876 1227 fuit
2903 1184 3214 1227 evacuare
3239 1164 3464 1227 Decre-

1966 1260 2160 1323 talem
2191 1259 2368 1323 illam
2395 1262 2714 1343 generalis
2739 1262 3020 1335 concilii,
3051 1261 3274 1326 Omnis
3311 1264 3464 1325 utri-

1968 1378 2174 1441 usque
2203 1379 2415 1433 sexuS,
2445 1368 2594 1433 etc„
2627 1379 2746 1423 nec
2773 1362 3076 1443 derogare
3102 1360 3464 1424 auctoritati

1966 1466 2078 1519 aut
2108 1457 2244 1538 juri
2283 1458 2688 1540 pmpriorum
2727 1478 2842 1521 seu
2876 1458 3338 1541 parochialium
3367 1478 3466 1521 sa-

1968 1556 2318 1618 cerdotum.
2361 1556 2602 1619 Recitat
2641 1574 2900 1639 quoque
2939 1557 3216 1640 qualiter
3249 1575 3466 1620 coram

1968 1654 2382 1716 universitate
2405 1653 2740 1719 parisiensi
2765 1662 3202 1718 convenerunt
3221 1655 3465 1718 domiui

1966 1752 2432 1834 archiepiscopi
2467 1762 2659 1835 atque
2695 1754 3008 1835 episcopi,
3043 1761 3464 1836 protestantes

345 1852 697 1915 terminate
724 1851 1111 1913 confiteatur
1138 1859 1371 1933 praeter
1396 1868 1549 1912 eum
1578 1850 1683 1912 eui
1712 1867 1858 1912 con-
1892 1847 1941 1911 B
1969 1870 2038 1914 se
2070 1851 2158 1912 ita
2183 1852 2442 1923 sentire,
2475 1859 2540 1913 et
2575 1870 2614 1913 a
2651 1852 3023 1914 doctoribus
3063 1851 3462 1933 requirentes

346 1952 559 2013 fessus
590 1958 721 2027 est3
742 1958 851 2011 aut
878 1968 957 2011 ex
988 1958 1167 2031 parte
1196 1948 1561 2011 confitentis
1590 1948 1761 2009 circa
1788 1967 1857 2009 se

346 2049 592 2131 ipsum,
629 2056 701 2109 ut
738 2048 793 2109 si
839 2047 1136 2129 promisit
1161 2046 1345 2109 alteri
1374 2046 1717 2123 confiteri3
1754 2045 1855 2107 vel

346 2147 401 2209 si
432 2144 771 2208 confessor
810 2163 929 2226 pro
968 2144 1343 2227 poeuitcntia
1370 2144 1431 2206 ei
1462 2143 1753 2225 injungat
1790 2151 1861 2204 ut

346 2244 561 2307 adhuc
601 2243 787 2305 alteri
832 2241 1235 2306 confiteatur.
1278 2242 1401 2305 Sed
1434 2242 1701 2323 quaestio
1740 2240 1861 2303 ista

346 2341 723 2424 specialiter
769 2340 1095 2423 proposita
1140 2348 1239 2403 est
1286 2348 1547 2422 propter
1592 2339 1735 2411 hoc,
1776 2358 1857 2401 an

351 2440 679 2504 confitens
720 2439 1053 2502 confessus
1092 2446 1159 2501 et
1196 2437 1549 2511 absolutus,
1572 2446 1861 2500 teneatur

351 2540 742 2623 quandoque
784 2537 1021 2599 iterum
1064 2535 1361 2598 confiteri
1400 2543 1661 2617 propter
1696 2535 1857 2599 obli-

350 2639 678 2719 gationem
720 2635 846 2698 sibi
882 2634 1115 2697 factam
1145 2653 1184 2696 a
1210 2634 1525 2716 superiori
1554 2635 1635 2696 de
1662 2634 1860 2697 confi-

350 2736 547 2799 tendo
588 2733 785 2796 alicui
826 2732 1269 2805 determinate,
1312 2739 1384 2793 ut
1422 2732 1476 2794 si
1516 2732 1859 2814 episcopus

354 2854 539 2897 meus
578 2832 751 2895 dicat
788 2830 950 2893 mibi
994 2850 1013 2894 ε
1054 2830 1345 2903 Henrice,
1378 2838 1639 2912 propter
1674 2829 1861 2893 devo-

354 2933 601 2996 tionem
634 2948 831 3012 quam
874 2928 1151 3010 populus
1187 2928 1483 2992 dioecesis
1526 2947 1683 2991 meae
1712 2946 1861 3008 erga

1966 1947 2123 2030 quid
2153 1948 2492 2027 sentirent3
2531 1948 3122 2031 responderuntque
3147 1949 3460 2023 doctoreS,

1968 2054 2097 2108 tam
2136 2046 2410 2127 theologi
2449 2066 2642 2128 quam
2667 2046 2938 2127 juristae,
2969 2066 3038 2109 se
3077 2047 3164 2107 ita
3199 2046 3458 2119 sentire,

1966 2160 2303 2225 quousque
2359 2144 2646 2207 Pontifex
2701 2164 2996 2207 summus
3051 2164 3234 2206 suam
3291 2144 3464 2207 circa

1968 2241 2087 2305 hoc
2118 2242 2468 2304 declararet
2495 2242 2932 2305 intentionem.
2951 2242 3464 2325 Denique,quum

1970 2340 2129 2421 ipsis
2173 2341 2412 2402 curatis
2450 2340 2673 2403 divino
2714 2348 3034 2422 competat
3069 2341 3238 2422 jure,
3277 2350 3343 2402 et
3383 2359 3463 2403 ex

1966 2437 2186 2500 debito
2213 2437 2414 2500 officii
2449 2438 2782 2519 pastoralis
2811 2436 3152 2512 incumbat,
3167 2438 3466 2520 praedica·

1970 2555 2037 2598 re
2064 2536 2304 2617 populo
2331 2554 2448 2599 suo
2475 2536 2554 2598 de
2581 2535 3050 2617 pertinentibus
3071 2536 3152 2598 ad
3175 2535 3462 2609 salutem,

1968 2642 2033 2696 et
2060 2634 2334 2716 qualiter
2362 2633 2634 2696 debeant
2673 2633 2968 2696 resistere
2997 2633 3194 2708 vitiis,
3226 2652 3466 2715 praeva-

1970 2732 2101 2794 lere
2147 2730 2628 2804 tentationibus,
2665 2732 2746 2793 ad
2785 2731 3054 2793 virtutes
3091 2748 3162 2793 se
3207 2731 3380 2803 dare,
3424 2750 3463 2793 a

1970 2830 2260 2912 pristinis
2321 2830 2740 2911 pravitatibus
2793 2828 3115 2891 abstinere
3175 2846 3192 2891 :
3249 2846 3464 2893 nonne

1968 2928 2154 2990 valde
2189 2928 2534 3011 expediens
2571 2935 2689 3001 est,
2723 2934 2794 2988 ut
2831 2927 3118 3010 ipsorum
3161 2926 3466 2990 interiora

353 3041 417 3095 te
446 3030 665 3103 habet,
700 3036 761 3091 et
792 3035 1053 3110 propter
1084 3027 1369 3090 fructum
1408 3046 1601 3109 quem
1640 3044 1860 3089 conse·
1895 3030 1940 3095 C
1970 3034 2354 3107 cognoscant
2400 3026 2557 3089 vitia
2610 3033 2677 3089 et
2729 3025 3018 3088 defectus
3066 3044 3142 3088 ac
3195 3024 3465 3107 pristina

353 3131 467 3214 qui
510 3136 723 3212 potest
749 3127 871 3190 tibi
902 3127 1293 3200 confitendo,
1322 3128 1551 3189 damus
1578 3126 1697 3189 tibi
1728 3126 1861 3208 ple-

354 3248 507 3292 nam
560 3226 1001 3290 auctoritatem
1047 3225 1349 3288 audiendi
1392 3225 1861 3288 confessionem

358 3327 607 3411 ipsius;
638 3325 733 3387 sic
760 3330 1001 3398 tamen,
1034 3331 1107 3386 ut
1134 3324 1529 3406 quicumque
1556 3323 1671 3386 tibi
1712 3341 1861 3388 con-

360 3425 517 3489 fessi
549 3423 813 3496 fuerint,
836 3430 1175 3484 teneantur
1202 3423 1425 3485 eadem
1456 3430 1717 3504 peccata
1742 3421 1861 3484 sal-

360 3533 493 3587 tem
534 3521 734 3586 semel
774 3522 843 3582 in
880 3538 1050 3583 anno
1084 3521 1363 3603 propriis
1403 3521 1539 3583 suis
1574 3521 1861 3584 sacerdo·

356 3622 537 3686 tibus
568 3621 803 3682 iterum
836 3618 1155 3693 confiteri,
1186 3627 1379 3700 atque
1416 3626 1487 3680 ut
1526 3627 1591 3680 tu
1626 3620 1706 3682 ad
1742 3619 1861 3682 hoc

354 3720 682 3802 agendum
728 3735 841 3780 eos
885 3716 1227 3798 diligenter
1270 3716 1562 3780 horteris.
1614 3717 1683 3779 ln
1732 3734 1863 3799 quo

354 3837 511 3880 casu
545 3817 714 3890 dico,
747 3816 918 3897 quod
950 3814 1289 3890 confitenS,
1320 3834 1359 3877 a
1388 3834 1493 3878 me
1530 3815 1651 3879 rite
1680 3815 1861 3878 abso·

356 3916 558 3990 lutus,
592 3920 850 3977 tenetur
897 3913 1131 3975 iterum
1174 3915 1397 3976 eadem
1442 3921 1701 3996 peccata
1746 3933 1863 3977 suo

358 4014 739 4098 presbytero
768 4011 1063 4075 confiteri
1090 4030 1105 4072 :
1140 4011 1272 4075 imo
1300 4031 1419 4074 nec
1446 4011 1799 4075 absolvitur
1824 4033 1863 4075 a

358 4112 628 4186 me,uisi
659 4110 955 4173 habendo
982 4110 1381 4192 propositum
1412 4109 1573 4171 illud
1602 4110 1865 4192 implen-

354 4213 443 4275 di.
486 4211 667 4285 Quod
708 4208 835 4271 nisi
882 4208 1246 4290 impleverit
1288 4208 1586 4271 facultate
1627 4207 1858 4283 oblata,
1890 4208 1943 4272 D

358 4307 815 4373 inobedientiae
874 4313 1211 4388 peccatum
1264 4305 1533 4368 incurrit
1584 4324 1599 4366 :
1649 4324 1687 4367 a
1733 4323 1863 4387 quo

356 4407 607 4472 absolvi
646 4422 775 4468 non
816 4405 1069 4488 poterit,
1108 4404 1231 4467 nisi
1274 4405 1599 4486 proposito
1636 4405 1863 4466 iteran-

358 4508 457 4570 ‹1ae
506 4503 931 4568 confessionis
978 4511 1325 4585 resumpto.
1366 4537 1449 4548 --
1480 4503 1621 4566 Haec
1665 4503 1855 4565 idem.

440 4603 558 4678 Qui
603 4602 795 4666 tertio
840 4601 1223 4676 sciscitatur,
1264 4621 1345 4663 an
1394 4600 1668 4664 confessi
1719 4602 1860 4664 Fra-

355 4701 567 4766 tribus
602 4699 857 4764 Ordinis
898 4699 1383 4762 Praedicatorum
1422 4707 1487 4761 et
1522 4699 1858 4772 Minorum,

362 4807 701 4864 teneantur
740 4796 965 4861 eadem
1007 4805 1269 4881 peccata
1307 4798 1522 4860 denuo
1568 4797 1859 4860 confiteri

362 4898 625 4983 proprio
652 4896 964 4960 sacerdoti
992 4896 1071 4958 ad
1106 4896 1321 4958 minus
1348 4897 1547 4958 semel
1578 4896 1643 4958 in
1674 4914 1859 4958 anno.

358 4997 669 5072 Quocirca
709 4993 936 5058 scribit
977 4994 1245 5078 prolixe,
1287 5001 1351 5056 et
1393 4995 1734 5076 respondet
1772 4994 1863 5057 af-

362 5094 710 5168 firmative,
743 5093 915 5175 quod
946 5093 1192 5155 scilicet
1226 5099 1559 5154 teneantur
1594 5093 1671 5154 ad
1704 5093 1861 5170 boc;

360 5213 437 5257 ac
486 5199 895 5276 protestatur,
934 5191 1105 5273 quod
1155 5190 1207 5252 si
1258 5190 1382 5252 sibi
1433 5190 1649 5252 datum
1700 5198 1868 5253 esset

368 5290 783 5375 privilegium
823 5289 993 5371 quod
1033 5288 1251 5351 datum
1296 5296 1393 5350 est
1431 5288 1754 5350 Fratribus
1794 5290 1865 5351 il-

1972 3125 2180 3187 mala?
2209 3126 2302 3187 Ad
2331 3127 2502 3208 quod
2533 3127 2810 3189 maxime
2839 3125 3108 3198 confert,
3141 3132 3212 3187 ut
3237 3125 3464 3188 saltem

1970 3223 2170 3286 semel
2222 3225 2285 3285 in
2331 3241 2502 3286 anno
2545 3224 2966 3306 personaliter
3009 3223 3272 3285 audiant
3317 3240 3465 3286 cou-

1972 3322 2283 3384 fessiones
2323 3322 2604 3403 ipsorum
2638 3339 2653 3384 :
2693 3341 2852 3403 quas
2891 3321 3232 3394 audiendo,
3271 3320 3466 3384 etiam

1970 3420 2312 3502 diligenter
2363 3437 2436 3482 ac
2493 3419 2706 3481 debite
2757 3419 2931 3500 ipsos
2989 3418 3340 3492 informent,
3389 3437 3464 3482 ac

1970 3521 2176 3582 sciant
2215 3518 2489 3600 qualiter
2535 3518 2614 3580 ad
2655 3537 2900 3581 sacram
2943 3519 3462 3582 communionem

1966 3619 2100 3680 sint
2139 3616 2450 3698 dispositi.

2377 3932 2851 4006 QUAESTIO
2908 3934 3108 3999 VIII

2118 4206 2386 4269 Uaeritur
2425 4223 2703 4288 quoque,
2745 4206 2876 4273 An
2909 4208 3326 4274 teneamur
3363 4223 3463 4274 ex

1978 4203 2109 4405 Q
2143 4307 2478 4372 caritate
2521 4305 2928 4386 confiteri3
2965 4308 3050 4371 et
3087 4307 3360 4372 utrum
3389 4307 3464 4374 is

1968 4407 2107 4484 qm
2173 4419 2332 4471 non
2395 4404 2822 4473 confltetur
2880 4419 2979 4470 ex
3049 4406 3462 4472 contritio-

1970 4517 2093 4584 ne,
2156 4504 2490 4584 impleat
2555 4504 3037 4584 praeceptum
3091 4504 3464 4572 Ecclesiae

1970 4601 2067 4667 de
2108 4600 2553 4668 confitendo
2593 4602 2842 4668 semel
2881 4603 2968 4666 111
3008 4616 3242 4670 anno·

2050 4699 2316 4760 Videtur
2351 4699 2522 4779 quod
2554 4717 2631 4760 ex
2671 4699 2930 4761 caritate
2963 4699 3258 4763 confiteri
3289 4709 3462 4762 tene·

1972 4816 2136 4859 mur.
2171 4795 2498 4860 Confessio
2525 4815 2802 4877 namque
2829 4798 2930 4876 (ut
2958 4796 3202 4859 dictum
3229 4804 3328 4861 est
3353 4817 3464 4862 sae-
3489 4817 3762 4875 omnum.

1972 4897 2081 4978 pe)
2109 4903 2208 4957 est
2232 4901 2410 4957 actus
2441 4893 2716 4968 virtutiS,
2749 4901 2814 4957 et
2839 4896 2940 4974 (ut
2971 4895 3060 4957 ait
3097 4895 3466 4978 auctoritas)
3517 4915 3564 4962 S.
3585 4918 3764 4962 serm

1972 4993 2190 5057 omnia
2231 4992 2296 5054 in
2336 4991 2736 5055 confessione
2780 4992 3110 5072 lavantur3
3155 5001 3220 5056 et
3260 5014 3462 5076 quum
3491 4983 3589 5027 ω’·

1974 5094 2057 5155 sit
2102 5098 2595 5165 sacramentum,
2647 5092 3010 5155 contentiva
3057 5101 3122 5157 et
3167 5093 3468 5158 effectiva

1976 5199 2071 5254 est
2099 5192 2334 5271 gratim.
2353 5225 2434 5236 —-
2452 5191 2757 5254 Praeterea
2786 5191 3084 5255 Ecclesiae
3113 5192 3469 5257 obediendo

1980 5291 2045 5351 i·
2074 5288 2443 5352 confitendo
2471 5297 2536 5351 et
2565 5289 2628 5351 in
2659 5289 2802 5352 aliis
2831 5289 3080 5353 actibus
3109 5290 3318 5367 boniS,
3343 5311 3472 5354 me·
