4267 6250
128 4499 143 4542 l
158 4499 253 4544 cor.
268 4507 356 4556 ηδ.

940 480 1029 525 Ax
1068 476 1355 525 nummu
1394 476 1601 525 rossrr
1641 475 1721 523 Ac
1760 474 1999 521 natur
2038 472 2372 531 eunoun
2413 474 2926 523 xxconumcm
3361 458 3480 523 511

368 670 516 713 rum
548 650 845 733 ipsorum
876 648 1173 712 fidelium
1198 666 1214 710 :
1236 666 1389 730 ergo
1418 664 1547 711 non
1576 654 1675 710 est
1702 652 1881 709 extra
1906 644 1961 709 A
1990 644 2136 719 fert,
2197 663 2326 709 non
2381 645 2810 709 subtrahendo
2865 648 3036 729 quod
3097 646 3207 709 ille
3267 647 3480 721 habet,

368 748 635 812 illorum
666 749 1191 811 communionem
1222 747 1575 829 ponendus.
1588 745 1763 819 Quod
1794 752 1882 806 ta·

368 865 523 909 men
580 866 703 929 per
758 845 1441 909 excommunicationis
1498 843 1879 906 sententiam

368 947 584 1026 agitur
628 964 645 1007 z
692 943 1275 1008 excommunicatio
1310 943 1555 1025 quippe
1590 942 1685 1004 sic
1724 940 1883 1003 defi-

370 1045 551 1107 nitur
596 1061 613 1105 :
660 1041 1254 1105 Excommunicatio
1300 1049 1398 1103 est
1440 1040 1753 1122 separatio
1795 1038 1879 1100 ab

370 1142 615 1205 unione
644 1140 947 1204 Ecclesiae
984 1141 1195 1223 quoad
1232 1138 1515 1201 fructum
1556 1146 1621 1199 et
1648 1136 1878 1200 suffra·

368 1240 475 1321 gia
514 1239 909 1303 communia.

448 1337 523 1398 ln
572 1336 945 1419 oppositum
1002 1342 1100 1398 est
1148 1334 1429 1417 practica
1472 1340 1537 1396 et
1592 1332 1879 1396 doctrina

372 1434 699 1498 Ecclesiae.

474 1632 661 1695 Circa
726 1632 863 1695 haic
927 1631 1153 1694 scribit
1212 1629 1749 1693 Antisiodorensis
1811 1628 1877 1689 in

375 1731 663 1805 Summa,
720 1730 889 1793 libro
944 1738 1172 1811 quarto
1222 1746 1237 1791 :
1290 1726 1879 1792 Excommunicatio

1990 744 2101 806 sed
2145 761 2274 807 non
2317 744 2748 827 impendendo
2787 762 2918 827 quo
2961 751 3151 807 caret.
3193 745 3324 809 Nec
3371 765 3485 828 pu·

1991 842 2087 903 nit
2126 842 2292 904 ultra
2321 843 2730 924 condignum,
2761 843 3064 925 quoniam
3104 844 3212 906 ille
3249 844 3486 907 meruit

1990 941 2462 1004 damnationem
2516 950 2836 1005 internam.
2887 942 3172 1005 Ecclesia
3227 960 3484 1025 quoque

1994 1056 2248 1120 poenam
2277 1058 2470 1121 quam
2501 1039 2716 1113 infert,
2741 1040 2992 1103 ordinat
3017 1040 3097 1103 ad
3125 1058 3488 1103 excommu-

1992 1137 2186 1198 nicati
2215 1138 2486 1201 salutem
2517 1155 2532 1199 :
2559 1147 2874 1221 quatenus
2901 1158 2979 1201 ex
3009 1158 3124 1201 sua
3152 1139 3484 1221 punitione

1992 1234 2318 1297 redeundo
2345 1235 2424 1298 ad
2453 1254 2584 1310 cor,
2607 1237 2949 1300 salubriter
2973 1236 3328 1311 erubescat,
3351 1255 3484 1319 poe-

1992 1333 2191 1395 niteat
2231 1341 2296 1395 et
2335 1336 2651 1398 emendet.
2699 1336 2841 1399 Haec
2882 1336 3438 1399 Antisiodorensis.

2072 1432 2144 1493 ln
2171 1432 2410 1514 quibus
2438 1434 2610 1515 quod
2639 1434 2745 1507 ait,
2759 1434 3482 1498 excommunicationem

1988 1529 2071 1592 ab
2107 1532 2396 1613 apostolo
2436 1532 2628 1594 Paulo
2671 1533 2964 1615 coepisse,
2997 1533 3482 1614 intelligendum

1991 1637 2087 1689 est
2132 1648 2302 1691 sane.
2337 1630 2581 1713 Nempe
2621 1650 2660 1691 a
2699 1630 2950 1694 Christo
2993 1629 3482 1694 fundamentum

1990 1734 2054 1788 et
2080 1728 2524 1790 auctoritatem
2553 1728 2836 1801 sortitur,
2868 1728 2978 1811 qui
3008 1729 3100 1791 ait
3131 1746 3146 1791 :
3179 1730 3243 1793 Si
3274 1730 3482 1791 Eccle-
3559 1748 3740 1794 κιαι.

374 1836 471 1891 est
498 1848 539 1890 a
568 1828 1025 1891 communione
1055 1827 1355 1889 Ecclesiae
1384 1824 1879 1908 separatio‚quae
1912 1818 1963 1883 Β
1990 1826 2152 1889 siam
2195 1844 2322 1889 non
2365 1827 2660 1900 audierit,
2691 1827 2775 1889 sit
2816 1827 2936 1889 tibi
2979 1827 3146 1890 sicut
3185 1828 3480 1891 ethnicus
3505 1825 3622 1864 ''¹¹'‘
3645 1815 3711 1857 ¹⁷·

375 1924 453 1988 fit
491 1934 758 2008 propter
794 1924 1265 1989 contumaciam
1301 1931 1413 1985 aut
1447 1924 1638 1986 aliam
1679 1922 1879 1984 mani-

375 2021 605 2086 festam
646 2023 987 2087 offensam.
1022 2022 1328 2086 Consistit
1362 2030 1577 2085 autem
1615 2021 1751 2085 haec
1788 2038 1883 2082 se-

377 2122 621 2203 paratio
650 2121 717 2184 in
758 2140 1003 2195 mensa,
1036 2122 1102 2183 in
1141 2120 1577 2193 sacramenti3‚
1611 2120 1677 2181 in
1715 2119 1881 2181 salu·

376 2220 639 2293 tatione,
684 2219 751 2282 in
798 2219 1325 2302 orationibusque
1372 2217 1691 2280 Ecclesiae.
1738 2217 1889 2279 Haec

376 2318 617 2380 etenim
650 2319 1211 2381 excommunicato
1236 2316 1717 2379 subtrahuntur.
1752 2314 1881 2377 Nec

377 2416 724 2479 exhibetur
760 2417 821 2479 ei
862 2416 1131 2479 societas
1172 2417 1239 2479 in
1277 2413 1731 2487 contractibus,
1764 2432 1883 2475 uec

378 2514 445 2576 in
494 2514 737 2589 verbis,
771 2514 897 2578 nisi
944 2515 1075 2577 sint
1124 2513 1318 2577 verba
1363 2514 1443 2575 de
1488 2512 1631 2594 ejus
1676 2530 1883 2574 corre-

378 2613 599 2695 ptione
638 2620 705 2676 et
741 2613 1197 2676 admonitione.
1229 2612 1420 2675 Porro
1452 2610 1886 2673 excommuni-

378 2712 545 2775 catio
572 2711 703 2774 alia
734 2719 834 2775 est
866 2711 1089 2793 major,
1120 2710 1246 2773 alia
1272 2710 1501 2772 minor.
1525 2708 1745 2790 Maiori
1777 2727 1883 2770 ex-

378 2811 964 2875 communicatione
992 2808 1555 2882 excommunicati‚
1586 2815 1734 2871 sunt
1770 2808 1883 2889 qui

379 2908 443 2971 in
492 2908 1181 2972 excommunicationis
1238 2906 1553 2970 sententia
1597 2906 1886 2970 nomina-

1988 1933 2054 1987 et
2082 1924 2484 2007 publicanus.
2511 1926 2582 1988 ln
2611 1926 2814 1989 veteri
2841 1944 3098 2009 quoque
3125 1927 3484 1990 Testamen-

1990 2031 2055 2087 to
2082 2024 2658 2087 excommunicatio
2685 2024 2830 2099 fuit,
2862 2032 2936 2086 ut
2971 2026 3360 2108 expositores
3387 2026 3482 2089 di-

1990 2128 2147 2183 cunt
2173 2140 2367 2203 super
2395 2122 2552 2185 illud
2584 2122 2912 2205 Evangelii
2942 2124 3002 2187 S.
3029 2124 3286 2187 Ioannis
3309 2142 3325 2187 ε
3345 2124 3484 2187 Jam
3537 2152 3702 2197 ιω,
3717 2168 3778 2207 1¹,

1990 2220 2164 2281 enim
2190 2220 2388 2283 Judaei
2419 2222 2788 2284 mandatum
2819 2223 3144 2297 dederant,
3157 2229 3228 2285 ut
3255 2224 3310 2286 si
3341 2224 3485 2306 quis
3512 2218 3582 2260 ²²·

1990 2317 2141 2379 conf
2147 2318 2406 2380 iteretur
2439 2337 2588 2382 eum
2629 2320 2975 2395 Christum,
3005 2330 3184 2383 extra
3221 2339 3486 2404 synago-

1989 2432 2135 2496 gam
2193 2416 2398 2479 fieret.
2451 2417 2573 2481 Sed
2620 2425 2686 2480 et
2731 2418 3140 2483 beatissimus
3188 2421 3487 2503 princeps

1991 2513 2436 2596 Apostolorum
2465 2517 2685 2579 Petrus
2713 2516 3022 2581 Ananiam
3054 2526 3120 2580 et
3147 2518 3486 2601 conjugem
3535 2542 3640 2587 Aet.
3667 2555 3713 2594 v,
3737 2544 3780 2593 s,

1990 2611 2133 2692 ejus
2175 2614 2434 2676 tradidit
2475 2614 2718 2678 Satanae
2765 2615 2830 2677 in
2881 2610 3210 2679 interitum
3253 2617 3482 2680 carnis,
3519 2606 3584 2647 ¹⁰·

1993 2709 2278 2773 Ecclesia
2306 2712 2496 2775 etiam
2529 2713 2594 2774 in
2635 2714 2883 2795 privato
2919 2722 3056 2776 orat
3094 2732 3210 2798 pro
3239 2732 3490 2778 excom·

1996 2809 2360 2883 manicatis,
2392 2818 2458 2871 et
2492 2810 2704 2891 diligit
2739 2828 2888 2890 eos3
2918 2812 3256 2894 omnisque
3297 2830 3489 2895 poena

1993 2924 2188 2987 quam
2232 2906 2446 2981 infert,
2491 2908 2890 2972 medicinalis
2931 2918 3046 2972 est.

378 3009 494 3071 tim
546 3009 1036 3091 exprimuntur;
1065 3016 1127 3069 et
1167 3006 1247 3070 de
1286 3005 1405 3067 hac
1446 3023 1573 3068 non
1612 3004 1885 3068 absolvit
1920 3006 1964 3070 C
2073 3004 2380 3068 Praeterea
2419 3006 2800 3071 Guillelmus
2843 3007 3214 3071 parisiensis
3261 3009 3326 3071 in
3373 3026 3490 3073 suo

380 3105 504 3170 nisi
539 3105 649 3168 ille
678 3106 793 3190 qui
830 3104 1415 3170 excommunicavit
1448 3111 1559 3167 aut
1594 3103 1885 3186 superior

380 3222 475 3269 eo.
530 3204 757 3268 Minori
808 3204 1469 3268 excommunicatione
1516 3220 1883 3266 excommu-

378 3304 765 3377 nicati‚sunt
791 3304 905 3386 qui
930 3303 1315 3386 participant
1342 3320 1491 3364 cum
1520 3319 1884 3364 excommu-

380 3401 611 3464 nicatis
642 3401 869 3483 majori
899 3400 1580 3474 excommunicatione,
1598 3399 1882 3481 exceptis

380 3500 769 3582 quibusdam
802 3500 1093 3582 personis
1132 3518 1275 3581 quae
1306 3498 1371 3560 in
1414 3499 1677 3562 Decreto
1714 3497 1882 3560 exci-

382 3598 683 3680 piuntur3
716 3606 781 3660 et
810 3599 889 3660 de
918 3598 1039 3660 hac
1078 3604 1285 3680 potest
1320 3596 1650 3659 absolvere
1688 3597 1881 3659 etiam

380 3697 656 3780 simplex
700 3697 995 3760 sacerdos
1030 3697 1097 3758 in
1129 3695 1550 3760 confessione.
1584 3696 1743 3758 Item
1780 3715 1884 3758 ex-

382 3795 1039 3859 communicationum
1082 3794 1209 3857 alia
1250 3800 1348 3857 est
1390 3793 1583 3875 justa,
1616 3793 1741 3856 alia
1788 3794 1883 3855 in-

376 3895 550 3976 justa
592 3913 607 3956 :
646 3894 841 3976 justa,
894 3913 1036 3976 quae
1082 3893 1162 3957 fit
1200 3893 1419 3955 animo
1470 3892 1879 3974 corripiendi,

378 3992 789 4066 emendandi,
830 3992 1140 4066 salvandi,
1180 4010 1255 4053 ac
1304 3998 1563 4073 propter
1600 3989 1881 4053 debitam

378 4091 663 4173 culpam,
712 4090 939 4153 ordine
982 4089 1150 4171 juris
1204 4088 1579 4167 observato;
1620 4088 1879 4170 injusta,

1994 3102 2470 3178 Sacramentali‚
2503 3105 2780 3188 probans
2810 3106 3160 3171 Ecclesiam
3191 3108 3354 3172 hanc
3384 3127 3492 3192 po·

1992 3208 2286 3264 testatem
2315 3205 2912 3267 excommunicandi
2943 3207 3200 3282 habere,
3223 3206 3488 3270 effatur:

1992 3299 2538 3373 Quemadmodum
2595 3303 2996 3366 saecularium
3047 3323 3267 3386 regum
3321 3313 3495 3388 pote-

1992 3407 2119 3460 stas
2161 3405 2260 3460 est
2299 3400 2712 3481 corporaliter
2759 3403 3336 3476 excommunicare,
3370 3403 3490 3466 hoc

1990 3503 2088 3559 est
2118 3497 2634 3560 communionem
2667 3499 2918 3562 auferre
2946 3500 3400 3582 temporalium
3427 3509 3494 3564 et

1992 3595 2420 3677 corporalium
2477 3614 2740 3676 rerum3
2795 3598 2880 3660 ita
2937 3605 3000 3661 et
3057 3599 3488 3680 spiritualium

1992 3711 2240 3775 regum,
2286 3701 2506 3777 utpote
2553 3695 2958 3777 praelatorum
3008 3697 3346 3778 majorum,
3392 3705 3491 3761 est

1991 3791 2409 3873 spiritualiter
2455 3795 3033 3885 excommunicare,
3067 3795 3131 3857 id
3173 3803 3272 3858 est
3318 3814 3490 3860 com-

1994 3891 2366 3954 munionem
2395 3909 2719 3955 sacrorum
2749 3901 2814 3956 et
2841 3902 3382 3958 sacramentorum
3415 3913 3492 3958 ac

1992 3989 2550 4052 sacramentalium
2578 3990 2828 4054 auferre
2858 4011 2972 4054 seu
3001 3992 3332 4074 denegare.
3343 3994 3496 4057 Rur-

1992 4107 2123 4161 suS,
2176 4089 2344 4151 sicut
2389 4089 2468 4152 de
2515 4089 2772 4152 civitate
2824 4091 3136 4173 corporali
3185 4091 3490 4172 ejiciendi

376 4189 534 4252 dum
564 4189 713 4270 quis
744 4205 871 4250 non
902 4187 1138 4249 meruit
1164 4186 1883 4260 excommunicari,dum
1912 4189 1963 4252 D
1992 4194 2144 4248 sunt
2184 4186 2294 4268 qui
2339 4187 2508 4267 leges
2553 4187 2696 4267 ejus
2743 4207 2818 4249 ac
2867 4196 3097 4251 statuta
3141 4190 3384 4252 violant
3428 4199 3494 4253 et

376 4287 541 4368 juris
590 4286 747 4350 ordo
791 4303 920 4349 non
962 4284 1355 4349 observatur.
1391 4283 1623 4346 Habuit
1667 4293 1879 4346 autem

379 4383 963 4447 excommunicatio
1009 4391 1220 4447 ortum
1269 4382 1350 4445 ab
1397 4382 1718 4464 ApostoIO,
1770 4383 1881 4465 qui

382 4483 787 4546 Corinthium
825 4482 1277 4546 fornicatorem
1320 4481 1578 4542 tradidit
1616 4481 1878 4556 Satanae,

384 4588 455 4643 ut
495 4581 763 4664 spiritus
812 4581 955 4662 ejus
999 4580 1212 4643 salvus
1255 4578 1461 4641 fieret.
1495 4615 1576 4624 —
1602 4579 1723 4642 Sed
1770 4578 1881 4641 ob-

380 4681 493 4763 jici
540 4687 771 4763 potest,
806 4679 1111 4762 quoniam
1150 4686 1371 4742 contra
1412 4678 1737 4740 caritatem
1787 4685 1885 4741 est

382 4779 748 4863 spiritualia
794 4777 962 4841 bona
1006 4777 1277 4840 auferre.
1320 4777 1583 4840 Videtur
1628 4795 1883 4858 quoque

382 4877 858 4959 injustum,pro
888 4873 1348 4958 temporalibus
1376 4875 1746 4957 quempiam
1778 4893 1883 4936 ex-

383 4975 889 5049 communicare,
923 4974 1075 5057 quia
1109 4973 1203 5036 sic
1242 4990 1429 5055 poena
1468 4972 1719 5034 excedit
1755 4973 1885 5034 cul-

384 5094 533 5157 pam
560 5092 575 5136 :
604 5073 965 5156 spiritualia
993 5091 1270 5154 namque
1300 5070 1885 5152 incomparabiliter

384 5173 657 5237 meliora
702 5178 852 5234 sunt
898 5169 1359 5252 temporalibus
1406 5168 1617 5232 rebus.
1663 5169 1886 5232 Dicen-

384 5272 565 5346 dum,
583 5272 757 5354 quod
786 5269 1070 5334 Ecclesia
1099 5269 1362 5350 indigno
1388 5267 1747 5350 spiritualia
1773 5287 1884 5331 au-

1994 4291 2434 4358 eontemnunt,
2466 4303 2586 4347 nec
2629 4285 2696 4347 in
2741 4305 3008 4349 numero
3055 4287 3296 4349 civium
3341 4297 3494 4350 sunt

1992 4381 2268 4445 habendi
2317 4383 2624 4464 quamdiu
2669 4384 2790 4446 hoc
2833 4392 3063 4466 agunt3
3105 4386 3194 4448 ita
3235 4387 3314 4449 de
3363 4388 3491 4470 spi-

1994 4479 2208 4542 rituali
2239 4479 2518 4555 civitate‚
2553 4489 2705 4562 puta
2734 4481 3039 4559 Ecclesia,
3073 4483 3192 4546 rite
3223 4485 3491 4566 ejiciun-

1993 4585 2097 4638 tur
2144 4578 2255 4659 qui
2315 4577 2546 4641 Christi
2599 4578 2891 4642 instituta
2947 4587 3140 4663 atque
3194 4582 3491 4649 Ecclesiae

1992 4693 2266 4738 canones
2295 4684 2359 4738 et
2387 4676 2640 4738 decreta
2669 4679 3130 4742 contumaciter
3155 4699 3494 4762 aspernan-

1995 4780 2097 4835 tur
2130 4791 2144 4835 :
2178 4774 2348 4855 quod
2379 4793 2494 4856 per
2531 4775 3036 4839 ecclesiasticum
3069 4777 3388 4858 judicium
3427 4787 3493 4843 et

1992 4871 2358 4953 spirituales
2386 4873 2636 4953 judices
2665 4881 2762 4936 est
2799 4876 3136 4955 agendum.
3170 4877 3490 4960 AmpliuS,

1993 4989 2196 5052 quum
2234 4971 2646 5034 manifestum
2686 4973 2771 5034 sit
2807 4973 2963 5035 duas
3004 4993 3143 5038 esse
3182 4976 3495 5059 respubli-

1994 5087 2121 5143 caS,
2155 5076 2406 5151 oportet
2441 5069 2570 5132 duo
2605 5089 2746 5132 esse
2781 5089 3017 5152 genera
3043 5074 3494 5139 administran-

1994 5167 2156 5230 tium
2203 5175 2396 5250 atque
2454 5170 2809 5250 regentium
2867 5189 2993 5234 eas.
3045 5171 3123 5234 Et
3172 5175 3494 5256 proporti-

1995 5266 2336 5330 onabiliter
2383 5267 2619 5331 habent
2675 5287 2743 5332 se
2801 5269 2938 5334 istae
2995 5270 3374 5355 respublicae
3427 5282 3494 5339 et
