4267 6250
830 468 953 535 570

1478 466 1545 538 'm
1584 490 1808 540 nanu!
1848 491 1909 538 tv
1950 490 2436 539 summanum
2473 507 2555 520 —
2596 491 2749 537 msr.
2789 490 2939 554 1113
2979 489 3204 547 cumr.
3247 490 3292 537 11

830 661 1148 738 confiteri,
1197 661 1423 727 incidit
1468 653 1983 745 imaginationem
2035 662 2330 745 gravissi·
2361 661 2412 725 Α
2441 670 2604 725 nunt
2631 662 2709 725 ad
2749 662 3138 725 contrarium
3179 660 3480 737 caritatis,
3513 661 3581 725 in
3616 668 3932 745 quantum

831 779 1025 837 mam,
1061 761 1571 845 inquietudinem
1602 762 1827 846 capitis
1858 770 1922 825 et
1965 779 2328 835 moerorem,

828 878 903 922 ac
946 860 1203 924 tandem
1248 860 1529 924 breviter
1571 861 1637 923 in
1681 861 2023 943 quamdam
2075 859 2332 923 misera-

829 956 1025 1019 bilem
1057 958 1587 1041 desperationem,
1607 958 1908 1021 videlicet
1936 977 2003 1021 se
2033 976 2161 1021 non
2193 975 2332 1040 pos-

829 1074 897 1118 se
944 1055 1195 1130 salvari‚
1234 1064 1452 1139 utpote
1500 1074 1630 1120 non
1675 1056 1993 1120 valentem
2044 1054 2330 1139 plenarie

829 1152 1143 1215 confiteri.
1195 1155 1458 1236 Propter
1502 1156 1672 1237 quod
1729 1174 1767 1217 a
1814 1152 2216 1217 confessione
2268 1159 2331 1215 et

830 1252 1257 1315 celebratione
1287 1252 1586 1335 plurimis
1622 1252 1807 1317 annis
1846 1252 2176 1325 abstinuit,
2211 1270 2330 1315 nec

830 1349 1388 1413 informationibus
1425 1351 1750 1433 acquievit
1786 1352 1885 1413 sui
1929 1349 2277 1433 superioris
2311 1368 2326 1412 τ

831 1447 999 1530 quod
1042 1455 1261 1511 tamen
1297 1468 1373 1512 ex
1414 1448 1741 1512 debilitate
1780 1450 1979 1531 magis
2024 1468 2216 1532 quam
2253 1468 2329 1511 ex

832 1546 1255 1610 immansione
1301 1555 1363 1609 et
1414 1547 1761 1629 pertinacia
1814 1547 2055 1630 proprii
2104 1566 2330 1610 sensus

833 1645 1161 1726 processit.
1203 1645 1381 1708 Tales
1433 1645 1627 1727 igitur
1672 1646 2077 1728 perscrutari,
2119 1645 2329 1707 discu-

830 1750 963 1806 tere
993 1750 1057 1805 et
1083 1745 1162 1807 ad
1204 1744 1577 1807 memoriam
1609 1762 1905 1807 revocare
1944 1742 2180 1807 debent
2216 1762 2330 1805 sua

2438 761 2634 824 nimis
2684 761 2874 825 rebus
2921 760 3382 843 temporalibus
3431 760 3793 824 inhaeretur.
3841 761 3938 823 Id-

2439 859 2632 935 circo,
2675 880 2876 944 quum
2925 859 3243 923 confessio
3283 859 3596 942 generalis
3635 859 3719 921 sit
3753 868 3938 923 actus

2438 959 2717 1022 caritatis
2747 960 2815 1021 in
2843 976 2920 1023 eo
2955 958 3068 1042 qui
3106 958 3297 1021 habet
3335 958 3684 1033 caritatem,
3715 966 3940 1021 contra

2438 1057 2714 1121 venialia
2759 1057 3082 1137 directus;
3123 1063 3388 1131 constat,
3431 1057 3600 1140 quod
3638 1057 3810 1119 valet
3855 1057 3938 1119 ad

2437 1172 2660 1218 eorum
2691 1154 3074 1219 deletionem
3105 1162 3417 1237 quantum
3445 1154 3524 1217 ad
3561 1154 3840 1236 culpam,
3873 1162 3940 1217 et

2438 1254 2822 1335 quandoque
2864 1252 3057 1316 etiam
3100 1260 3409 1335 quantum
3452 1252 3531 1315 ad
3569 1270 3847 1335 poenam,
3881 1252 3938 1315 si

2437 1358 2610 1415 tanta
2657 1352 2740 1415 sit
2785 1351 3152 1415 confitentis
3197 1350 3469 1414 devotio.
3511 1387 3593 1398 -
3628 1351 3940 1424 Quocirca

2438 1449 2794 1523 sciendum,
2827 1449 2998 1532 quod
3035 1448 3350 1530 generalis
3388 1448 3704 1513 confessio
3739 1468 3939 1532 quan-

2438 1547 2647 1629 doque
2689 1555 2788 1610 est
2827 1554 3005 1609 actus
3047 1546 3541 1621 sacramentalis,
3575 1547 3740 1610 sicut
3777 1547 3936 1611 dum

2437 1645 2666 1727 aliquis
2697 1645 2764 1708 in
2795 1653 3038 1708 secreto
3069 1645 3409 1709 confitetur
3436 1646 3746 1709 sacerdoti
3776 1664 3940 1729 quae·

2439 1744 2586 1807 dam
2629 1762 2900 1827 quorum
2943 1744 3260 1819 meminit,
3291 1753 3358 1807 et
3393 1745 3517 1807 alia
3553 1745 3829 1809 venialia
3867 1746 3936 1808 in

833 1849 1111 1925 peccata,
1146 1850 1457 1924 quantum
1488 1861 1635 1905 cum
1675 1842 2078 1905 discretionis
2112 1842 2326 1905 mode·
2364 1839 2412 1902 B
2441 1842 2769 1906 communi
2796 1859 2810 1903 :
2837 1848 3120 1925 tuncque
3149 1842 3467 1906 confessio
3495 1842 3605 1906 illa
3634 1842 3828 1906 habet
3857 1863 3938 1907 ex

832 1940 1076 2002 ramine
1106 1946 1351 2023 queunt
1380 1939 1653 2002 sufferre
1684 1940 1749 2002 in
1785 1940 1973 2002 corde
2004 1947 2069 2002 et
2096 1938 2324 2022 capite,

831 2044 895 2099 et
923 2035 1165 2120 absque
1201 2037 1431 2101 animae
1466 2038 1743 2112 laesione,
1778 2057 1859 2101 ne
1900 2038 2330 2120 impediantur

829 2155 866 2198 a
906 2153 1063 2217 pace
1105 2135 1396 2214 interna3
1428 2142 1491 2199 et
1533 2143 1791 2217 sperent
1830 2136 1894 2197 in
1928 2136 2223 2209 Domino,
2254 2155 2326 2198 ac

830 2233 1268 2316 superioribus
1299 2234 1431 2297 suis
1469 2252 1541 2296 ac
1572 2234 1773 2315 magis
1813 2234 2036 2316 peritis
2067 2234 2131 2295 in
2164 2234 2323 2314 lege,

830 2332 1122 2396 discretis
1161 2351 1237 2395 ac
1279 2332 1478 2395 Deum
1522 2332 1897 2395 timentibus
1940 2332 2329 2395 fiducialiter

830 2430 1112 2506 credant,
1145 2439 1485 2514 pensantes
1525 2451 1666 2513 quae
1700 2431 1897 2494 fuerit
1933 2431 2202 2494 intentio
2233 2432 2325 2493 in-

829 2529 1153 2593 stituentis
1204 2530 1435 2593 Christi
1494 2530 1613 2593 hoc
1671 2536 2163 2603 sacramentum,
2215 2528 2326 2611 qui

829 2646 956 2691 non
1006 2626 1375 2691 intendebat
1428 2628 1707 2712 aliquem
1767 2629 1841 2691 ad
1902 2627 2326 2710 impossibilia

826 2734 937 2789 aut
985 2726 1343 2809 periculosa
1380 2727 1791 2808 adstringere.
1828 2726 2138 2809 Denique,
2170 2726 2323 2788 dum

828 2826 973 2907 quis
1023 2844 1137 2889 sua
1180 2824 1525 2887 confitetur
1566 2832 1825 2907 peccata
1871 2824 2184 2897 mortalia,
2217 2842 2324 2887 cu-

830 2923 1052 3007 pitque
1114 2924 1330 2986 omnia
1391 2931 1455 2986 et
1515 2923 1764 3004 singula
1828 2923 2145 2996 confiteri,
2207 2942 2325 2986 nec

2439 1948 2732 2023 quatuor,
2763 1941 2933 2023 quod
2979 1941 3057 2003 ad
3101 1939 3540 2005 remissionem
3587 1942 3939 2005 venialium

2438 2040 2607 2102 valet
2635 2047 2941 2123 quantum
2985 2039 3062 2102 ad
3103 2038 3382 2121 culpam,
3414 2046 3478 2102 et
3515 2039 3708 2103 etiam
3737 2059 3939 2121 quan-

2437 2146 2576 2201 tum
2616 2139 2695 2201 ad
2735 2156 2988 2219 poenam
3031 2137 3096 2199 in
3132 2144 3312 2219 parte
3345 2146 3453 2200 aut
3491 2146 3622 2201 toto
3655 2155 3672 2200 ι
3703 2138 3936 2221 primo,

2437 2256 2514 2301 ex
2547 2236 2929 2300 contritione
2958 2235 3363 2315 confitentis;
3395 2238 3694 2311 secund0‚
3713 2256 3792 2300 ex
3823 2236 3941 2299 hu-

2440 2336 2709 2398 militate
2756 2334 3212 2413 confessionis;
3262 2335 3472 2409 tertio,
3523 2354 3602 2397 ex
3648 2334 3938 2398 oratione

2439 2433 2844 2508 confessoris,
2871 2433 2936 2495 in
2967 2441 3277 2516 quantum
3309 2441 3404 2497 est
3437 2432 3696 2515 publica
3723 2452 3941 2517 perso-

2437 2551 2552 2612 na;
2584 2540 2830 2614 quarto,
2864 2550 2942 2595 ex
2980 2531 3044 2595 vi
3085 2532 3384 2595 clavium.
3417 2533 3742 2595 Interdum
3781 2552 3936 2598 vero

2437 2649 2564 2694 non
2594 2638 2691 2695 est
2718 2630 3214 2704 sacramentaliS,
3232 2637 3302 2692 ut
3331 2632 3583 2712 quando
3611 2630 3689 2693 fit
3715 2648 3936 2695 coram

2440 2729 2658 2792 multis
2689 2730 2754 2791 in
2786 2728 3054 2792 ecclesia
3086 2745 3100 2790 ε
3133 2736 3198 2791 et
3234 2735 3390 2791 tunc
3426 2728 3788 2792 efficaciam
3827 2730 3936 2793 ha-

2436 2829 2546 2892 bet
2587 2846 2664 2890 ex
2703 2826 2908 2889 tribus
2948 2826 3195 2909 primis,
3229 2844 3356 2889 non
3397 2846 3474 2891 ex
3511 2836 3758 2909 quarto.
3795 2828 3938 2893 Pro-

2437 2935 2578 3010 pter
2621 2926 2790 3008 quod
2840 2926 2906 2987 in
2954 2924 3164 2988 Prima
3209 2932 3274 2987 et
3321 2924 3748 3008 Completorio
3802 2944 3936 2991 non

827 3022 1180 3105 quidquam
1221 3041 1298 3084 ex
1340 3020 1668 3104 proposito
1702 3021 1882 3095 celat,
1917 3020 2328 3083 dimittuntur
2363 3019 2406 3083 C
2436 3024 2849 3105 subjungitur
2905 3022 3244 3097 absolutio,
3305 3042 3425 3086 nec
3480 3023 3938 3089 satisfactionis

828 3118 953 3183 sibi
1011 3139 1047 3182 a
1106 3119 1594 3203 superpiissimo
1652 3120 1780 3183 Deo
1836 3119 2072 3194 omnia,
2130 3119 2322 3183 etiam

828 3237 971 3302 quae
1002 3217 1316 3281 recordari
1344 3225 1498 3280 tunc
1527 3217 1779 3300 nequit3
1802 3225 2009 3281 tamen
2040 3218 2158 3281 sub
2189 3236 2330 3282 con·

829 3316 1070 3379 ditione
1100 3317 1325 3379 saltem
1368 3315 1699 3398 implicita,
1734 3317 1903 3399 quod
1943 3317 2190 3380 scilicet
2218 3316 2327 3379 illa

830 3414 1124 3478 confiteri
1176 3414 1480 3488 intendat,
1526 3415 1680 3476 dum
1730 3415 2071 3478 recoluerit
2119 3415 2257 3498 ipsa
2307 3433 2321 3477 ε

828 3514 1367 3596 quemadmodum
1399 3513 1845 3577 contritionem
1875 3513 2131 3576 habenti
2167 3515 2326 3576 Deus

831 3612 1102 3693 ignoscit
1150 3611 1271 3675 sub
1316 3612 1687 3693 hujusmodi
1739 3612 2103 3675 conditione
2154 3613 2323 3695 quod

830 3709 1123 3775 confiteri
1207 3719 1519 3793 proponat
1584 3717 1872 3792 tempore
1940 3718 2320 3794 opportuno.

828 3810 1365 3883 Quemadmodum
1394 3817 1603 3873 autem
1634 3816 1853 3874 contra
1882 3809 2156 3892 venialia
2185 3817 2327 3872 sunt

831 3909 1032 3971 multa
1058 3909 1375 3991 generalia
1404 3909 1707 3982 remedia,
1724 3908 1808 3970 ita
1835 3915 1900 3971 et
1928 3916 2148 3970 contra
2174 3907 2328 3971 obli·

829 4015 895 4070 ta
930 4007 1238 4070 mortalia.
1271 4041 1352 4052 —
1394 4007 1539 4071 Haec
1578 4007 1896 4070 AlbertuS.

909 4107 1177 4189 Insuper
1205 4107 1283 4169 de
1313 4106 1413 4169 his
1446 4106 1728 4189 loquitur
1756 4106 2063 4169 Thomas:
2088 4106 2204 4168 Per
2233 4107 2324 4168 in-

2437 3122 2774 3205 injunctio,
2807 3122 2917 3185 sed
2947 3119 3152 3184 solum
3182 3120 3404 3195 orati0,
3437 3120 3806 3185 Misereatur
3839 3122 3940 3186 tui

2435 3223 2832 3306 omnipotens
2861 3223 3044 3294 Deus,
3057 3239 3170 3303 per
3200 3220 3716 3284 intercessionem
3745 3222 3808 3285 B.
3821 3223 3944 3285 Ma·

2436 3323 2545 3386 riae
2580 3329 2643 3384 et
2679 3321 2968 3385 omnium
2997 3319 3394 3394 Sanctorum,
3417 3325 3482 3382 et
3510 3319 3790 3383 dimittat
3815 3322 3940 3384 tibi

2436 3421 2652 3484 omnia
2693 3425 2952 3501 peccata
3001 3425 3128 3492 tua,
3161 3425 3226 3480 et
3268 3416 3574 3499 perducat
3613 3418 3692 3480 ad
3734 3419 3936 3482 vitam

2435 3526 2755 3582 aeternam.
2818 3514 3111 3578 Attamen
3169 3514 3418 3578 veniale
3477 3516 3647 3596 quod
3708 3515 3936 3579 habitu

2435 3623 2651 3678 manet
2695 3615 2760 3676 in
2804 3613 3171 3676 confitentis
3215 3611 3477 3687 affectu,
3510 3631 3636 3676 non
3681 3614 3938 3678 deletur

2435 3733 2550 3797 per
2585 3712 2957 3793 hujusmodi
3001 3709 3488 3774 confessionem.

2513 3813 2781 3893 Insuper
2811 3807 3127 3874 confessio
3159 3809 3277 3872 ista
3305 3809 3474 3872 valet
3499 3809 3578 3872 ad
3617 3810 3938 3874 remissio-

2434 3929 2581 3973 nem
2614 3909 2958 3973 oblitorum
2993 3908 3374 3970 mortalium.
3395 3907 3724 3971 Confessio
3751 3909 3942 3992 quip-

2433 4027 2514 4091 pe
2543 4015 2842 4090 operatur
2871 4004 3336 4089 praesupposita
3364 4005 3768 4080 contritione,
3792 4027 3939 4089 quae

2433 4105 2690 4188 culpam
2721 4104 2890 4167 delet
2925 4121 2939 4167 :
2973 4103 3193 4185 sicque
3225 4102 3541 4167 confessio
3569 4103 3810 4167 directe
3839 4123 3939 4168 or-

829 4204 1149 4268 fusionem
1189 4205 1468 4268 caritatis
1513 4212 1576 4267 et
1614 4204 1851 4286 gratiae,
1884 4204 2160 4267 venialia
2197 4222 2321 4267 non
2353 4208 2404 4271 D
2434 4205 2690 4266 dinatur
2719 4203 2794 4265 ad
2835 4220 3040 4284 poenae
3081 4201 3522 4264 dimissionem
3542 4219 3559 4281 ;
3591 4203 3762 4284 quod
3793 4203 3937 4286 qui-

830 4303 1260 4376 dimittuntur,
1312 4303 1464 4385 quia
1518 4320 1645 4365 non
1702 4310 2115 4384 opponuntur
2173 4303 2326 4366 cari-

830 4401 941 4463 tati
983 4408 1293 4482 quantum
1331 4401 1409 4462 ad
1447 4400 1735 4463 habitum
1775 4399 1940 4480 ejus,
1968 4401 2075 4462 sed
2114 4402 2326 4483 potius

830 4505 1143 4581 quantum
1188 4498 1267 4560 ad
1325 4504 1561 4572 actum,
1612 4515 1805 4580 quem
1863 4498 2079 4580 aliquo
2139 4500 2328 4563 modo

832 4595 1193 4680 impediunt
1222 4615 1335 4658 seu
1367 4597 1687 4682 retardant
1714 4613 1729 4658 :
1764 4595 2001 4660 idcirco
2040 4598 2196 4660 dum
2225 4616 2325 4660 ac-

828 4697 933 4758 t'us
964 4695 1242 4759 caritatis
1273 4703 1491 4758 contra
1522 4689 1658 4778 ipsa
1692 4694 2007 4777 dirigitur,
2042 4715 2115 4759 ea
2144 4697 2326 4778 quasi

830 4812 947 4858 suo
988 4793 1301 4857 contrario
1340 4793 1527 4856 delet.
1561 4793 1691 4856 Nec
1728 4801 1975 4875 oportet
2010 4801 2078 4855 ut
2108 4802 2328 4856 contra

833 4892 1159 4974 singulum
1199 4909 1421 4954 eorum
1468 4899 1649 4954 actus
1689 4891 1967 4953 caritatis
2019 4891 2328 4972 dirigatur

829 4990 910 5053 ad
956 4989 1241 5072 ipsorum
1284 4989 1691 5062 deletionem,
1724 4989 2027 5070 quoniam
2074 4989 2326 5051 nullum

831 5107 1053 5151 eorum
1110 5088 1189 5150 de
1248 5107 1315 5150 se
1371 5086 1563 5150 habet
1620 5086 1964 5169 specialem
2018 5087 2328 5150 rationem

832 5206 959 5269 qua
988 5186 1232 5248 caritati
1261 5186 1479 5268 aliquo
1510 5186 1698 5249 modo
1728 5185 2185 5265 contrarietur3
2217 5187 2326 5249 sed

830 5285 1047 5348 omnia
1094 5284 1446 5348 secundum
1504 5303 1694 5348 unam
1757 5283 2067 5346 rationem
2116 5282 2328 5365 dispo-

2433 4302 2578 4365 dem
2613 4301 2766 4364 facit
2795 4307 2856 4362 et
2894 4319 2972 4362 ex
3014 4298 3455 4362 erubescentia
3493 4319 3685 4383 quam
3718 4301 3933 4376 habet,

2432 4407 2623 4482 atque
2667 4417 2744 4462 ex
2787 4398 2851 4460 vi
2896 4397 3171 4460 clavium
3214 4397 3452 4480 quibus
3501 4417 3568 4461 se
3615 4399 3936 4463 confitens

2435 4497 2717 4579 subjicit.
2754 4495 3076 4577 Contingit
3103 4503 3318 4558 autem
3348 4497 3732 4579 quandoque
3763 4500 3936 4582 quod

2435 4615 2550 4679 per
2583 4594 3028 4658 contritionem
3072 4595 3559 4676 praecedentem,
3597 4604 3936 4677 peccatum

2431 4694 2690 4776 aliquod
2731 4692 3012 4756 deletum
3053 4698 3151 4755 est
3187 4699 3496 4775 quantum
3529 4692 3610 4754 ad
3647 4692 3932 4776 culpam,

2433 4793 2568 4856 sive
2599 4792 2664 4854 in
2695 4789 2998 4873 generali,
3021 4790 3076 4852 si
3107 4789 3249 4871 ejus
3279 4790 3590 4853 memoria
3617 4797 3775 4854 tunc
3807 4811 3932 4857 non

2433 4889 2808 4964 habebatur,
2841 4887 2976 4951 sive
3025 4889 3091 4950 in
3139 4886 3426 4970 speciali,
3468 4894 3539 4950 ut
3583 4889 3742 4952 dum
3787 4899 3936 4954 ante

2436 4987 2927 5059 confessionem,
2976 4985 3220 5068 peccati
3280 4985 3456 5050 illius
3508 4985 3748 5050 oblitus
3805 5006 3933 5053 non

2435 5095 2569 5151 est:
2602 5094 2667 5149 et
2695 5093 2849 5148 tunc
2879 5084 3198 5148 confessio
3225 5084 3541 5165 generalis
3579 5103 3935 5150 sacramen-

2435 5186 2581 5248 talis
2639 5190 2938 5266 operatur
2984 5183 3064 5245 ad
3116 5182 3558 5246 dimissionem
3616 5202 3824 5266 poenae
3871 5186 3934 5248 vi

2440 5283 2740 5356 clavium,
2773 5280 3009 5364 quibus
3039 5299 3108 5343 se
3137 5279 3452 5344 confitens
3481 5279 3766 5363 subjicit,
3795 5284 3932 5345 nul-
