4267 6250
38 663 40 686 fi
127 679 241 720 urm.

1204 479 1284 526 DE
1323 477 1683 526 :nummus
1724 475 2108 524 samu
2148 475 2563 524 nuenamsrffl

3315 457 3435 520 337

403 649 729 724 Quaeritur
756 649 975 726 etiam,
997 669 1078 712 an
1111 669 1226 734 per
1258 657 1591 734 peccatum
1625 649 1836 712 venia·
1863 645 1914 710 A
1947 647 2347 730 baptismalis
2391 668 2541 712 vere
2598 657 2695 712 est
2740 667 2904 730 aqua
2952 665 3331 728 regenerans
3376 655 3440 709 et

319 747 386 810 le
439 749 836 830 impediatur
875 749 1070 830 hujus
1115 749 1494 812 sacramenti
1540 746 1831 810 effectus.

319 847 714 921 Dicendum,
748 850 920 930 quod
959 848 1232 911 effectus
1269 847 1659 910 Sacramenti
1707 863 1835 908 non

317 943 540 1006 solum
571 951 670 1007 est
695 945 952 1027 adeptio
980 943 1198 1027 gratiae
1229 943 1566 1007 habitualis
1597 961 1708 1006 seu
1740 962 1836 1004 ca-

319 1041 560 1114 ritatiS,
587 1043 699 1104 sed
730 1043 924 1105 etiam
955 1043 1222 1106 actualis
1252 1043 1542 1124 quaedam
1573 1039 1838 1103 refectio

319 1139 696 1202 dulcedinis
725 1140 1080 1222 spiritualis
1113 1157 1128 1203 :
1161 1159 1304 1221 quae
1333 1139 1598 1202 resectio
1636 1138 1836 1219 impe-

319 1237 508 1299 ditur
546 1256 664 1319 per
701 1237 977 1301 venialia
1018 1245 1298 1320 peccata,
1332 1255 1448 1320 per
1490 1236 1838 1299 distractio-

321 1355 479 1398 nem
515 1343 581 1398 et
612 1337 996 1420 imparatum
1025 1354 1374 1399 accessum.
1407 1336 1837 1416 Augmentum

320 1453 486 1497 vero
540 1436 760 1516 gratiae
817 1455 931 1498 seu
989 1436 1267 1498 caritatis
1315 1434 1658 1497 habitualis
1709 1453 1835 1497 non

321 1534 688 1615 impeditur
717 1553 836 1596 nec
866 1533 1114 1597 tollitur
1149 1553 1265 1616 per
1293 1532 1567 1596 venialia
1599 1533 1724 1594 illa.
1757 1567 1839 1576 —

319 1632 472 1694 Haec
505 1630 784 1694 Thomas
814 1631 878 1692 in
911 1632 1194 1694 Summa.
1228 1633 1296 1694 ln
1329 1630 1564 1714 quibus
1603 1629 1839 1713 scripta

319 1728 600 1802 Alberti‚
651 1729 842 1800 Petri,
890 1729 1187 1791 Richardi
1237 1737 1302 1791 et
1358 1728 1642 1811 plurium
1688 1727 1840 1790 alio-

321 1847 466 1889 rum
515 1827 880 1890 virtualiter
921 1827 1350 1891 continentur.

400 1926 604 1989 Porro
643 1925 1088 1988 Bonaventura
1121 1943 1135 1988 :
1169 1925 1298 1988 Hoc
1343 1933 1462 2000 est,
1493 1926 1600 2000 ait,
1635 1943 1837 1987 sacra-

325 2033 627 2088 mentum
661 2023 924 2087 unionis.
942 2025 1090 2087 Ideo
1121 2024 1368 2107 primus
1397 2025 1540 2106 ejus
1568 2024 1840 2086 effectus

325 2133 422 2187 est
473 2124 686 2198 unire,
729 2130 840 2186 aut
889 2124 1102 2186 unitos
1151 2123 1351 2204 magis
1399 2124 1602 2186 unire.
1645 2123 1840 2204 Magis

327 2231 548 2285 autem
608 2222 796 2284 unire
840 2222 1155 2302 contingit
1198 2221 1554 2303 tripliciter.
1605 2220 1836 2294 Prim0,

328 2322 486 2402 quia
517 2320 744 2382 unitur
783 2319 1046 2382 vinculo
1081 2319 1334 2400 majori,
1368 2325 1438 2380 ut
1475 2318 1588 2400 qui
1620 2318 1840 2380 carita·

331 2428 460 2482 tem
493 2418 694 2481 habet
723 2417 1054 2498 majorem.
1089 2417 1402 2491 Secundo,
1436 2417 1588 2499 quia
1617 2417 1840 2481 eodem

331 2519 598 2581 vinculo
630 2517 853 2579 unitur
891 2516 1197 2590 strictius,
1232 2523 1302 2577 ut
1330 2517 1442 2597 qui
1480 2516 1704 2578 eodem
1734 2515 1840 2578 ha·

333 2616 470 2679 bitu
502 2623 678 2678 amat
708 2612 1064 2678 ferventius
1094 2631 1266 2676 nunc
1297 2633 1488 2696 quam
1519 2614 1843 2676 ante.Ter-

333 2714 444 2787 tio,
479 2714 792 2796 quoniam
830 2710 1090 2774 firmius
1119 2711 1349 2794 diligit,
1383 2719 1454 2774 ut
1491 2712 1603 2794 qui
1645 2713 1711 2774 in
1739 2729 1843 2774 eo-

333 2814 480 2876 dem
532 2810 760 2874 habitu
811 2811 1018 2892 magis
1065 2817 1164 2873 est
1209 2810 1546 2872 radicatus.
1601 2809 1846 2872 Dicitur

335 2929 486 2992 ergo
527 2912 655 2973 hoc
699 2917 1168 2972 sacramentum
1213 2909 1414 2990 magis
1455 2908 1660 2982 unire,
1694 2926 1846 2990 quo-

1947 747 2116 810 unda
2155 747 2530 830 purificanS,
2564 766 2691 812 non
2731 767 2845 810 sua
2888 755 3133 822 natura,
3164 746 3278 808 sed
3316 746 3441 808 vir·

1946 852 2081 907 tute
2118 846 2358 920 divina,
2390 866 2532 928 quae
2570 865 2685 929 per
2717 845 2981 910 verbum
3022 845 3444 908 invocationis

1944 943 2255 1006 accedens
2312 944 2520 1007 efficit
2574 951 3084 1021 sacramentum3
3145 943 3237 1006 sic
3292 961 3445 1006 vera

1948 1043 2181 1105 Christi
2226 1061 2373 1106 caro
2414 1062 2676 1106 accessu
2708 1043 2963 1106 virtutis
3004 1043 3259 1116 divinae‚
3301 1060 3445 1123 quae

1947 1139 2028 1202 ab
2059 1159 2133 1202 ea
2165 1159 2493 1222 nunquam
2524 1141 2785 1215 recedit,
2813 1140 2841 1202 f
2845 1141 2893 1202 it
2918 1138 3445 1204 sanctificationis

1948 1239 2449 1302 sacratissimum
2482 1239 3003 1316 instrumentum,
3025 1258 3097 1301 ac
3128 1238 3317 1319 digne
3348 1256 3449 1299 su-

1949 1337 2274 1400 mentibus
2322 1357 2516 1401 sacrae
2564 1336 2931 1400 refectionis
2978 1337 3441 1418 adjumentum.

1949 1437 2096 1510 Quae
2125 1436 2591 1499 virtuosissima
2628 1445 2727 1499 est
2765 1444 3023 1518 propter
3051 1435 3164 1498 Dei
3202 1435 3449 1518 sapien-

1948 1535 2100 1596 tiam
2152 1543 2215 1597 et
2264 1535 2372 1596 Dei
2424 1534 2749 1608 virtutem,
2793 1535 2979 1614 cujus
3028 1535 3167 1615 ipsa
3204 1540 3299 1596 est
3346 1551 3451 1596 ve-

1948 1633 2345 1695 stimentum.
2408 1633 2651 1714 Nempe
2708 1633 2761 1694 si
2820 1634 3016 1695 vestis
3075 1633 3134 1695 S.
3189 1633 3448 1694 Ioannis

1947 1732 2217 1814 apostoli
2261 1751 2339 1794 ex
2380 1739 2671 1795 contactu
2710 1732 2876 1824 sacri
2918 1730 3121 1813 ipsius
3164 1731 3447 1813 corporis

1875 1826 1924 1888 B
1951 1831 2014 1892 id
2044 1830 2298 1892 virtutis
2338 1829 2635 1904 obtinuit,
2672 1837 2743 1892 ut
2780 1849 2895 1912 per
2925 1849 3187 1892 manum
3215 1830 3449 1893 Aristo-

1948 1930 2118 1992 demi
2150 1930 2359 1991 adhuc
2402 1929 2713 1991 increduli
2754 1936 2928 1991 tactu
2962 1946 3077 1991 suo
3112 1935 3240 1991 tres
3279 1947 3447 1991 mor-

1951 2036 2090 2090 tuos
2133 2027 2465 2090 suscitavit
2506 2046 2521 2088 :
2573 2028 2728 2109 quid
2771 2027 2851 2090 de
2898 2027 3017 2090 hoc
3066 2028 3450 2091 vestimento

1951 2125 2062 2188 Dei
2111 2126 2593 2208 omnipotentiS,
2627 2125 2691 2188 id
2740 2134 2837 2189 est
2882 2143 3147 2208 corpore
3194 2125 3447 2200 Christi,

1951 2223 2058 2306 pia
2086 2223 2252 2286 fides
2282 2225 2507 2286 edocet
2534 2224 2986 2288 sentiendum?
3018 2224 3082 2287 Si
3110 2223 3277 2288 Petri
3307 2242 3453 2306 apo·

1951 2322 2096 2385 stoli
2138 2322 2405 2385 baculus
2446 2341 2524 2384 ex
2566 2330 2801 2386 attactu
2847 2321 3011 2400 Petri
3054 2323 3307 2405 assequi
3348 2341 3455 2404 po-

1951 2421 2094 2493 tuit,
2130 2428 2199 2481 ut
2227 2427 2397 2482 tactu
2428 2437 2546 2483 suo
2577 2428 2899 2483 mortuum
2930 2421 3175 2482 socium
3208 2421 3273 2482 B.
3298 2421 3451 2482 Mar-

1952 2517 2121 2580 tialis
2152 2518 2626 2580 Lemovicensis
2656 2519 3013 2594 suscitaret,
3046 2526 3110 2582 et
3140 2538 3344 2601 usque
3385 2519 3453 2582 in

1953 2634 2232 2698 praesens
2281 2616 2513 2678 retinet
2562 2623 2633 2677 ut
2682 2616 3003 2679 daemones
3048 2616 3127 2678 de
3175 2616 3455 2680 obsessis

1953 2714 2229 2796 expellat
2268 2712 2665 2797 corporibuS,
2700 2721 2763 2776 et
2803 2732 2910 2778 eos
2945 2715 3022 2776 ad
3062 2714 3453 2796 loquendum

1955 2813 2297 2893 compellat
2348 2831 2361 2874 :
2414 2811 2568 2895 quid
2618 2812 2697 2874 de
2746 2812 3174 2876 sacratissimo
3221 2811 3457 2877 Christi

1955 2926 2221 2990 corpore
2252 2911 2703 2973 sentiendum?
2733 2909 2797 2973 Si
2826 2909 3113 2972 Christus
3148 2911 3455 2974 Dominus

337 3011 512 3072 niam
558 3008 753 3088 digne
792 3008 1201 3071 accedentem
1249 3007 1456 3069 reddit
1503 3006 1844 3070 ferventio-
1881 3005 1926 3070 C
1958 3014 2161 3070 tantas
2202 3008 2468 3071 virtutes
2514 3007 2889 3091 corporibus
2928 3015 3118 3091 atque
3163 3009 3455 3091 reliquiis

339 3128 501 3182 rem,
535 3115 610 3170 ut
639 3105 832 3169 carbo
860 3106 1136 3187 ignitus3
1169 3105 1376 3169 reddit
1404 3105 1596 3168 etiam
1628 3104 1846 3170 fortio-

340 3226 500 3281 rem,
537 3213 610 3267 ut
653 3204 860 3268 bonus
905 3204 1108 3267 cibus.
1142 3206 1348 3287 Atque
1390 3222 1471 3265 ex
1513 3204 1633 3268 hoc
1676 3206 1847 3288 quod

339 3304 551 3367 reddit
582 3303 914 3365 caritatem
945 3302 1146 3382 magis
1175 3300 1740 3383 ignitam,adjuvat
1768 3302 1846 3365 ad

339 3401 856 3465 consumendum
885 3399 1154 3462 venialis
1184 3399 1428 3482 peccati
1461 3399 1844 3479 rubiginem3

338 3520 417 3563 ex
484 3500 610 3563 hoc
677 3516 934 3581 quoque
999 3497 1169 3579 quod
1239 3496 1440 3578 magis
1508 3496 1848 3560 confirmat

339 3605 654 3671 mentem,
687 3594 937 3658 confert
963 3594 1042 3657 ad
1070 3594 1402 3657 vitandum
1433 3595 1676 3657 scelera
1706 3595 1846 3656 uni-

337 3714 526 3759 versa
562 3713 577 3757 :
609 3695 834 3776 sicque
882 3694 1124 3756 ratione
1172 3692 1508 3775 utriusque
1558 3692 1726 3755 valet
1767 3692 1847 3754 ad

340 3794 654 3856 virtutum
683 3798 1039 3873 augmenta,
1054 3790 1382 3873 potissime
1409 3792 1704 3865 caritatiS,
1719 3809 1846 3854 non

342 3899 660 3976 quantum
709 3890 788 3953 ad
836 3889 1202 3963 essentiam,
1233 3888 1345 3951 sed
1391 3889 1599 3972 quoad
1645 3888 1849 3953 servo·

1957 3105 2332 3169 Sanctorum
2377 3125 2640 3171 suorum
2683 3106 2943 3189 largitus
2982 3114 3099 3182 est,
3131 3107 3263 3171 imo
3298 3107 3455 3171 ossi-

1957 3203 2078 3267 bus
2123 3223 2343 3268 eorum
2394 3214 2459 3267 et
2505 3205 2778 3288 capillis,
2813 3213 2876 3267 et
2923 3206 3092 3287 quod
3142 3205 3289 3288 plus
3335 3214 3453 3279 est,

1957 3320 2179 3367 eorum
2211 3304 2462 3386 pulveri
2494 3322 2566 3365 ac
2602 3303 2915 3385 sepulcris
2941 3320 2956 3365 ε
2980 3304 3299 3384 quomodo
3328 3322 3458 3367 non

1959 3400 2545 3482 incomparabiliter
2583 3401 2788 3463 multo
2819 3402 3091 3481 majores
3127 3420 3201 3464 ac
3240 3401 3457 3483 plures

1956 3498 2219 3561 virtutes
2250 3499 2425 3561 carni
2466 3518 2591 3561 suae
2626 3498 3180 3579 glorificatissimae
3216 3518 3290 3561 ac
3326 3500 3457 3563 dei-

1956 3597 2069 3659 tati
2100 3596 2293 3659 unitae
2331 3595 2629 3659 donavit?
2659 3596 2818 3669 Quid
2850 3597 3023 3659 enim
3062 3596 3354 3660 mirabile
3382 3616 3457 3660 ac

1957 3694 2333 3778 praeclarum
2384 3694 2616 3775 poterit
2659 3694 2942 3776 cogitari,
2985 3695 3153 3777 quod
3202 3713 3329 3759 non
3376 3696 3457 3759 ad

1957 3792 2333 3855 Sanctorum
2363 3809 2623 3854 suorum
2650 3791 2951 3874 reliquias
2982 3793 3083 3855 vel
3114 3792 3303 3855 etiam
3333 3812 3459 3856 me·

1959 3892 2191 3953 morias
2218 3897 2509 3973 operatus
2538 3890 2623 3951 sit
2652 3889 2949 3963 ChristuS,
2963 3896 3027 3953 et
3056 3910 3259 3974 usque
3289 3911 3456 3957 nunc

343 4009 484 4054 rem
535 3998 601 4053 et
645 3988 1122 4051 radicationem.
1171 3987 1405 4050 Fervor
1452 3987 1689 4050 etenim
1740 3987 1848 4051 ille
1957 3992 2296 4071 operetur?
2326 3988 2644 4070 AmpliuS,
2681 3987 2735 4051 si
2778 3986 3051 4052 fimbriae
3086 3990 3453 4054 vestimenti
3500 4013 3751 4068 naemu,

345 4088 636 4173 quotidie
675 4106 791 4169 per
819 4086 1094 4149 venialia
1133 4086 1520 4165 minoratur3
1553 4086 1850 4149 similiter
1959 4088 2058 4149 sui
2090 4086 2209 4149 hoc
2238 4086 2484 4161 tribuit,
2501 4093 2571 4148 ut
2599 4086 2739 4167 ejus
2768 4092 2939 4148 tactu
2970 4085 3456 4153 haemorrhoissa
3482 4077 3630 4121 ²⁰³²·

347 4196 412 4253 et
453 4186 762 4251 radicatio
795 4203 810 4247 ε
845 4184 1084 4247 idcirco
1119 4190 1370 4267 oportet
1405 4202 1520 4267 per
1557 4185 1728 4247 hunc
1763 4186 1849 4247 ci·
1877 4184 1929 4248 D
1959 4192 2286 4247 sanaretur
2314 4203 2351 4245 a
2379 4184 2707 4266 sanguinis
2737 4182 2953 4264 fluxu3
2980 4185 3105 4249 imo
3132 4187 3296 4267 quod
3326 4206 3458 4251 om·
3514 4209 3663 4255 um.
3692 4222 3751 4263 π,

347 4288 504 4351 bum
565 4284 912 4349 restaurari
969 4283 1392 4366 deperditum.
1449 4283 1578 4347 Nec
1635 4284 1854 4347 obviat
1960 4302 2072 4347 nes
2102 4284 2210 4365 qui
2240 4282 2579 4364 tangebant
2607 4290 3151 4359 eam„curarentur
3177 4284 3258 4348 ab
3287 4287 3462 4367 aegri-
3487 4276 3554 4317 ⁵⁶·

349 4387 466 4451 hos
494 4383 772 4450 effectus
811 4382 1078 4465 produci
1119 4382 1311 4445 etiam
1353 4400 1466 4464 per
1494 4382 1620 4444 alia
1647 4401 1850 4445 sacra·

349 4493 564 4549 menta
593 4490 661 4547 et
697 4501 814 4565 per
850 4480 1138 4555 virtutem,
1169 4480 1297 4543 alio
1331 4499 1406 4542 ac
1445 4481 1571 4544 alio
1610 4483 1798 4545 modo
1833 4500 1847 4544 :

348 4604 497 4648 nam
546 4592 612 4646 et
668 4587 1064 4644 sacramenta
1117 4598 1190 4643 ac
1238 4580 1506 4642 virtutes
1561 4600 1630 4643 se
1687 4579 1851 4642 invi·

349 4702 490 4747 cem
521 4682 938 4762 adjuvant‚ac
970 4678 1294 4741 diversum
1321 4678 1562 4741 habent
1591 4678 1850 4742 modum

349 4780 599 4863 agendi.
631 4779 778 4841 naee
807 4779 1264 4841 Bonaventura.
1289 4777 1670 4859 —AEgidius
1702 4795 1853 4860 quo-

351 4899 501 4964 que,
565 4896 763 4961 super
820 4876 1210 4939 Decretalem
1271 4880 1486 4945 Quum
1541 4878 1850 4948 Marthae,

354 4985 662 5043 consonat
703 4973 1134 5058 praeinductis.

438 5078 784 5149 Postremo,
816 5075 897 5136 de
944 5072 1284 5136 effectibus
1327 5073 1522 5155 hujus
1567 5073 1858 5156 superdi-

353 5178 652 5261 gnissimi
691 5174 1072 5238 sacramenti
1111 5172 1336 5235 scribit
1373 5172 1752 5236 Guillelmus
1787 5173 1854 5235 in

357 5294 480 5341 suo
521 5272 973 5341 Sacramentali
1026 5289 1042 5333 ι
1091 5271 1634 5346 Quemadmodum
1693 5289 1858 5354 aqua

605 5410 671 5464 Τ.
707 5410 788 5463 24.

1962 4380 2291 4444 tudinibus
2321 4381 2454 4443 suis
2480 4382 2668 4464 :quid
2703 4381 3164 4447 inaestimabilis
3194 4392 3461 4467 potesta-

1961 4480 2042 4543 tis
2089 4487 2155 4543 et
2202 4480 2703 4562 supernaturalis
2750 4480 3058 4546 efficaciae
3106 4484 3461 4548 credendus

1961 4588 2058 4643 est
2105 4597 2222 4642 suo
2269 4579 2696 4642 sacratissimo
2742 4588 2807 4641 et
2854 4579 3282 4646 illibatissimo
3324 4603 3459 4648 cor-

1961 4678 2101 4760 pori
2165 4677 2556 4740 contulisse?
2613 4677 2937 4752 Praeterea,
2995 4679 3050 4741 si
3107 4681 3281 4743 carni
3344 4702 3457 4746 seu

1962 4775 2336 4859 pinguedini
2400 4774 2803 4856 serpentinae,
2861 4775 2940 4838 de
2996 4796 3124 4858 qua
3180 4778 3459 4843 theriaca

1962 4875 2318 4950 conficitur,
2333 4874 2633 4937 virtutem
2664 4875 2978 4937 concessit
3005 4874 3327 4958 effugandi
3360 4898 3460 4943 ve·

1963 4993 2203 5037 nenum
2256 4973 2425 5056 quod
2473 4972 2753 5036 hominis
2801 4973 2996 5035 vitam
3044 4975 3391 5057 exstinguit
3440 4996 3454 5041 :

1963 5079 2201 5156 quanto
2230 5070 2457 5135 fortius
2487 5070 2929 5136 sacratissimae
2958 5073 3133 5135 carni
3172 5093 3303 5138 suae
3332 5078 3457 5141 vir-

1963 5179 2165 5233 tutem
2222 5169 2516 5252 praestitit
2571 5168 2872 5250 ejiciendi
2928 5172 3285 5236 animarum
3346 5194 3457 5239 no·

1967 5277 2242 5333 strarum
2291 5286 2559 5344 venena,
2609 5268 2675 5332 id
2722 5276 2819 5331 est
2866 5269 3019 5333 vitia
3064 5278 3129 5333 et
3172 5284 3453 5355 peccata,

3140 5406 3202 5458 22
