4267 6250
828 456 951 524 508

1436 478 1501 525 m
1540 477 1763 525 amam!
1802 478 1865 525 IV
1906 476 2392 525 emmunim.
2431 494 2513 508 --
2551 477 2706 525 msr.
2747 476 2942 540 xvm3
2985 476 3210 534 QUAES'I'.
3249 476 3320 523 III

828 647 996 710 sicut
1024 648 1087 712 in
1119 648 1458 734 Baptismo.
1490 650 1735 733 Nempe
1762 650 1945 731 juxta
1972 648 2322 733 praehabita
2349 644 2401 711 A
2431 647 2768 730 Quumque
2819 647 3070 710 macula
3117 646 3237 710 ista
3287 646 3371 710 sit
3417 645 3752 729 dispositio
3799 664 3930 728 qua

535 767 801 823 anama.
831 744 895 808 111
934 755 1201 811 tractatu
1243 749 1321 811 (16
1358 749 1701 831 Baptismo‚
1735 767 1925 811 verus
1957 747 2319 831 Baptismus

828 845 964 908 dari
1006 854 1215 928 potest
1253 848 1318 911 in
1359 848 1644 932 qualibet
1682 868 1832 912 vera
1872 868 2057 931 aqua,
2100 866 2320 930 quam·

826 944 923 1007 vis
954 962 1081 1008 non
1112 946 1531 1021 sanctificata,
1564 947 1757 1009 etiam
1788 947 1927 1011 sine
1957 954 2220 1030 peccato
2249 946 2317 1008 in

825 1044 1219 1107 necessitatis
1276 1045 1565 1109 articulo.
1619 1044 2054 1108 Sanctificatio
2100 1051 2316 1107 autem

822 1160 1003 1223 aquae
1042 1160 1167 1206 non
1207 1145 1286 1206 ad
1329 1144 1771 1207 necessitatem
1820 1143 1929 1206 sed
1981 1142 2319 1206 solennita-

822 1247 952 1302 tem
996 1241 1273 1323 pertinet
1316 1241 1695 1304 sacramenti
1741 1241 1932 1304 illius.
1967 1278 2047 1287 —
2080 1240 2316 1304 Secun-

824 1339 925 1413 d0,
958 1339 1127 1421 quod
1166 1339 1255 1403 ait
1293 1340 1359 1403 in
1398 1340 1711 1404 solutione
1751 1340 1921 1403 tertii
1958 1340 2316 1422 argumenti

821 1438 1189 1519 quaestionis
1218 1458 1343 1521 qua
1374 1439 1849 1522 quaerit,utrum
1880 1439 2172 1501 sacerdos
2202 1456 2317 1520 per

822 1544 1197 1619 potestatem
1241 1538 1518 1601 clavium
1558 1539 1763 1601 valeat
1805 1538 2129 1601 remittere
2172 1557 2317 1620 pec-

821 1642 1032 1697 catum
1064 1643 1373 1718 quantum
1404 1636 1483 1699 ad
1519 1654 1771 1719 poenam
1808 1656 1821 1700 :
1856 1636 1972 1700 Pro
2002 1636 2309 1719 quolibet,

820 1731 1050 1815 inquit,
1102 1742 1363 1817 peccato
1419 1742 1669 1817 oportet
1712 1732 1993 1817 aliquam
2053 1752 2310 1817 poenam

2429 746 2643 810 anima
2684 746 2816 829 pati
2860 754 3068 829 potest
3115 764 3334 829 poenas
3383 744 3640 818 inferni,
3685 744 3929 808 idcirco

2430 844 2722 909 sacerdos
2752 845 2987 908 virtute
3017 844 3296 908 clavium
3323 845 3403 908 ad
3440 851 3690 908 aeternae
3719 861 3930 926 poenae

2429 944 2875 1007 remissionem
2905 944 3226 1027 disponit:
3249 962 3440 1025 6116111
3471 960 3728 1025 poenam
3759 942 3930 1005 Deus

2429 1042 2728 1105 effective
2757 1043 3324 1126 principaliterque
3353 1041 3640 1115 remittit,
3665 1041 3835 1105 sicut
3862 1048 3930 1103 et

2430 1141 2744 1204 maculam
2788 1140 3010 1224 culpae.
3059 1141 3202 1205 Haec
3242 1140 3609 1204 Richardus.

2506 1239 2626 1313 Qui
2675 1239 2869 1302 etiam
2919 1239 3090 1302 circa
3137 1238 3398 1302 inducta
3443 1238 3808 1319 interrogat,
3843 1256 3928 1299 an

2429 1338 2745 1420 poenitens
2776 1345 2840 1401 et
2869 1338 3200 1401 confessus
3239 1344 3492 1401 tenetur
3519 1335 3779 1400 obedire
3807 1353 3930 1399 suo

2427 1434 2798 1509 confessori,
2831 1454 3305 1518 quamcumque
3346 1434 3787 1518 poenitentiam
3835 1433 3932 1496 in-

2422 1533 2710 1615 junxerit
2764 1533 2912 1608 sibi,
2975 1534 3320 1617 implendo.
3380 1533 3742 1616 Respondet
3791 1550 3807 1594 :
3861 1532 3928 1595 Si

2425 1632 2801 1714 poenitentia
2849 1632 3270 1696 satisfactoria
3311 1632 3396 1695 sit
3441 1630 3775 1696 manifeste
3819 1650 3930 1694 ex-

2426 1732 2679 1805 cedenS,
2730 1740 2840 1795 aut
2887 1732 3056 1794 vires
3115 1732 3390 1795 confessi
3443 1709 3928 1805 transcendens‘,

816 1830 1301 1895 satisfactoriam
1334 1851 1813 1915 remanere,per
1842 1852 2030 1915 quam
2061 1839 2311 1916 praestc-
2349 1827 2397 1891 B
2427 1846 2554 1892 non
2585 1836 2838 1893 tenetur
2868 1830 3170 1912 implere3
3203 1830 3311 1892 sed
3344 1828 3536 1892 debet
3573 1828 3930 1893 confessori

818 1936 923 1991 tur
966 1929 1285 1993 medicina
1325 1939 1544 1994 contra
1586 1930 2053 2013 peccatum-Et
2093 1950 2312 2013 quam·

816 2028 916 2090 vis
955 2028 1188 2092 virtute
1230 2029 1649 2093 absolutionis
1695 2029 2052 2092 dimittatur
2097 2029 2312 2112 aliqua

818 2144 1007 2208 poena
1035 2128 1303 2209 peccati,
1335 2127 1437 2191 vel
1471 2128 1687 2210 aliqua
1726 2146 1871 2209 pars
1906 2146 2109 2210 poenae
2139 2128 2313 2191 debi-

816 2230 896 2288 tae
930 2242 1042 2306 pro
1070 2224 1287 2307 aliquo
1328 2243 1557 2307 magno
1592 2232 1874 2308 peccato,
1906 2243 2035 2288 non
2064 2232 2312 2308 oportet

818 2323 985 2405 quod
1016 2330 1189 2385 tanta
1218 2324 1537 2405 quantitas
1575 2343 1781 2406 poenae
1820 2324 2178 2387 dimittatur
2216 2343 2310 2387 re-

816 2429 1039 2504 spectu
1102 2421 1449 2503 cujuslibet
1507 2422 1750 2505 peccati
1806 2442 1820 2487 :
1873 2422 2025 2506 quia
2080 2441 2308 2485 secun-

816 2520 970 2582 dum
1005 2519 1146 2595 1106,
1180 2520 1439 2603 aliquod
1469 2528 1801 2603 peccatum
1840 2529 2198 2584 remaneret
2232 2522 2312 2583 si·

816 2636 898 2680 ne
946 2636 1153 2700 poena.
1200 2618 1319 2681 Sed
1371 2618 1607 2682 virtute
1656 2618 1932 2681 clavium
1976 2619 2055 2683 (16
2102 2619 2312 2701 poenis

814 2717 1214 2797 singulorum
1246 2724 1651 2799 peccatorum
1685 2718 2313 2799 proportionabiliter

2424 1945 2540 1990 suo
2584 1945 2923 2009 suggerere
2965 1927 3452 2011 dispositionem
3493 1944 3674 1989 suam
3713 1934 3778 1989 et
3817 1945 3930 2009 pe·

2423 2032 2558 2089 tere
2588 2034 2659 2088 ut
2689 2026 2945 2089 relaxet.
2971 2026 3147 2100 Quod
3180 2026 3232 2088 si
3265 2025 3592 2088 confessor
3621 2024 3926 2098 noluerit,

2423 2123 2754 2187 confessus
2799 2124 2908 2188 ille
2950 2125 3026 2186 ad
3069 2122 3464 2206 superiorem
3509 2129 3813 2186 recurrat.

2502 2222 2742 2285 Rursus
2792 2222 3082 2304 inquirit,
3123 2242 3201 2285 an
3253 2221 3548 2285 sacerdos
3597 2221 3930 2303 parochia-

2425 2320 2501 2383 lis
2545 2328 2796 2383 tenetur
2837 2321 3060 2383 audire
3103 2320 3573 2383 confessionem
3611 2320 3714 2383 sui
3745 2338 3930 2403 paro-

2422 2419 2635 2482 chiani
2694 2419 3224 2502 quotiescumque
3274 2420 3548 2483 voluerit
3603 2418 3924 2483 confiteri.

2421 2517 2803 2599 Respondet,
2856 2517 3025 2600 quod
3085 2518 3162 2580 de
3211 2535 3492 2600 congruo
3543 2516 3734 2580 debet
3781 2516 3928 2581 illos

2421 2616 2665 2691 audire,
2697 2616 2819 2679 nisi
2866 2624 3084 2700 aperte
3125 2616 3622 2680 immoderanter
3659 2616 3781 2680 1106
3821 2636 3929 2699 pe-

2422 2721 2576 2777 tant.
2629 2714 2766 2778 Non
2827 2722 3041 2777 autem
3090 2714 3168 2777 de
3217 2714 3592 2779 necessitate
3643 2722 3922 2789 tenetur,

2423 2812 2548 2875 nisi
2587 2813 2842 2894 quando
2885 2812 2976 2874 illi
3025 2811 3318 2876 confiteri
3360 2820 3681 2887 tenentur,
3714 2819 3788 2874 ut
3829 2812 3924 2875 di·
3955 2840 4210 2897 εῃμτιεκ

2423 2918 2598 2973 6111111
2642 2918 2758 2973 651.

816 2815 1058 2898 aliquid
1089 2816 1453 2878 dimittitur.
1488 2816 1670 2891 Huic,
1705 2817 1989 2899 inquam,
2022 2818 2195 2881 dicto
2223 2817 2313 2880 vi-

563 2942 607 2981 ρ.
640 2931 785 2979 171111.
814 2914 1001 2975 (161111
1037 2930 1165 2977 non
1206 2931 1573 2989 consonare,
1606 2916 1773 2996 quod
1802 2914 1999 2995 (sicut
2032 2915 2165 2995 jam
2207 2934 2313 2998 pa-

518 2992 671 3037 ⁵⁰⁷⁴²
813 3011 965 3092 tuit)
992 3012 1081 3073 ait
1119 3011 1583 3075 confessionem
1626 3030 1811 3095 posse
1850 3013 2036 3075 toties
2071 3012 2306 3087 iterari,
2351 3008 2394 3073 C
2502 3010 2675 3075 Item.
2704 3008 2954 3092 quaerit,
2985 3029 3067 3072 an
3118 3009 3446 3073 confessor
3487 3018 3710 3093 peccet
3757 3028 3926 3073 mor-

813 3110 983 3192 quod
1012 3118 1143 3174 tota
1171 3130 1360 3193 poena
1386 3111 1762 3175 dimittatur.
1786 3111 2113 3187 —Tertio,
2136 3113 2306 3195 quod
2424 3108 2655 3183 taliter,
2687 3107 3076 3172 absolvendo
3122 3129 3157 3172 a
3200 3107 3376 3172 vitiis
3423 3129 3462 3172 a
3507 3108 3745 3193 quibus
3793 3129 3926 3173 non

812 3209 921 3283 ait,
980 3208 1162 3291 juxta
1216 3210 1358 3284 hoc,
1408 3219 1741 3292 peccatum
1799 3228 1985 3293 posse
2048 3230 2304 3275 manere
2423 3214 2648 3290 potest.
2701 3207 3062 3289 Respondet
3107 3207 3277 3289 quod
3328 3207 3459 3270 imo
3505 3226 3520 3270 ε
3566 3209 3924 3291 praesertim

553 4025 594 4066 p.
624 4015 700 4056 38³
720 4013 781 4064 B'.

516 4077 595 4118 ⁴6³
616 4075 663 4126 B,
717 4077 781 4129 A',

516 4141 595 4182 4⁶⁴
608 4138 670 4184 C'.

811 3306 1075 3370 omnino
1108 3306 1520 3389 impunitum.
1557 3307 1671 3370 Cui
1703 3307 1901 3370 verbo
1927 3307 2188 3370 obviare
2218 3308 2308 3370 vi-

812 3405 999 3467 detur
1055 3421 1397 3467 commune
1457 3405 1700 3468 dictum
1764 3407 1885 3469 hoc
1942 3406 2304 3487 Augustini,

811 3503 1070 3566 Nullum
1113 3502 1354 3565 malum
1395 3503 1803 3585 impunitum.
1841 3504 1961 3567 Sed
1993 3506 2113 3567 1106
2147 3505 2308 3566 acci-

812 3602 877 3683 pi
926 3608 1134 3683 potest
1180 3601 1259 3663 de
1307 3619 1495 3683 poena
1543 3601 1699 3666 foris
1743 3602 2008 3665 inflicta.
2055 3602 2305 3665 Etenim

811 3700 883 3763 in
922 3700 1043 3762 1106
1087 3718 1235 3762 casu
1284 3707 1617 3783 peccatum
1668 3719 1795 3764 non
1846 3709 2062 3764 manet
2103 3701 2310 3782 impu-

812 3797 1042 3872 nitum,
1076 3799 1429 3879 praesertim
1470 3818 1669 3880 quum
1700 3807 1763 3861 et
1794 3799 1931 3881 ipse
1960 3799 2141 3862 dolor
2180 3818 2310 3882 poe-

812 3895 1097 3959 nitentiae
1126 3895 1204 3958 de
1237 3904 1496 3978 peccato
1534 3897 1619 3960 sit
1652 3914 1843 3979 poena
1884 3898 2207 3980 praecipua
2243 3906 2308 3960 61

814 3993 1132 4056 maximus
1170 3994 1370 4070 dolor,
1404 3995 1569 4058 sicut
1598 3996 1960 4078 expositum
2000 4003 2117 4059 est.
2152 3997 2306 4059 Eru-

812 4090 1137 4154 bescentia
1183 4109 1437 4174 quoque
1484 4094 1563 4156 de
1604 4094 2003 4176 turpitudine
2050 4104 2116 4158 et
2159 4095 2307 4158 insi-

2423 3306 2678 3388 quando
2719 3307 2996 3370 scienter
3023 3306 3144 3369 hoc
3183 3305 3374 3387 facit3
3405 3314 3470 3369 et
3505 3307 3696 3370 etiam
3737 3306 3792 3370 si
3833 3307 3926 3370 fa-

2423 3405 2546 3467 ciat
2577 3422 2654 3466 ex
2689 3405 3042 3485 ignorantia
3069 3403 3388 3480 affectata,
3421 3412 3531 3468 aut
3567 3405 3926 3487 ignorantia

2419 3502 2607 3584 juriS,
2661 3503 2828 3584 quod
2888 3504 3054 3566 scire
3111 3511 3400 3583 tenetur3
3451 3503 3680 3567 deinde
3739 3505 3794 3566 si
3843 3525 3925 3568 ex

2423 3601 2779 3682 ignorantia
2827 3619 3058 3675 crassa,
3101 3602 3210 3664 sed
3253 3601 3467 3664 minus
3510 3620 3525 3665 ε
3567 3602 3928 3685 ignorantia

2419 3718 2571 3764 vero
2615 3700 3012 3764 invincibilis
3055 3709 3334 3764 excusat.
3369 3701 3660 3766 Graviter
3703 3709 3922 3766 autem

2419 3800 2758 3873 excedunt,
2792 3799 2903 3881 qui
2935 3819 3134 3882 quum
3167 3799 3371 3880 ignari
3401 3800 3552 3876 sint,
3584 3800 3662 3864 ad
3699 3801 3828 3864 tale
3857 3820 3926 3864 se

2418 3897 2714 3961 officium
2765 3896 3062 3978 ingerunt
3078 3915 3095 3977 ;
3127 3904 3190 3960 et
3243 3898 3395 3960 item
3439 3898 3552 3981 qui
3593 3917 3721 3962 non
3771 3917 3926 3962 cum

2417 3994 2632 4058 debita
2660 3994 2994 4076 diligentia
3036 3994 3554 4059 informationem
3585 3997 3928 4079 inquirunt

2419 4094 2484 4156 in
2531 4093 3002 4175 pertinentibus
3049 4094 3124 4156 ad
3175 4114 3365 4156 suum
3413 4094 3706 4158 officium
3743 4094 3928 4160 :imo

814 4190 1055 4272 pientia
1094 4191 1299 4272 culpae
1336 4199 1432 4254 est
1472 4210 1661 4273 poena
1700 4209 1827 4254 non
1868 4193 2178 4272 minima3
2212 4194 2304 4256 sic
2338 4191 2385 4253 D
2417 4192 2788 4273 diligentius
2840 4192 3239 4275 inquirerent
3277 4193 3796 4257 informationem
3835 4202 3927 4257 at-

808 4295 873 4352 et
912 4287 1260 4351 satisfactio
1300 4308 1441 4371 quae
1474 4309 1511 4351 a
1545 4290 1909 4353 confessore
1948 4290 2307 4372 injungitur

812 4385 1170 4468 poenitenti,
1206 4387 1453 4468 punitio
1496 4388 1785 4470 quaedam
1824 4396 1937 4451 est.

894 4483 1211 4547 Consonat
1276 4484 1495 4547 Petrus
1560 4486 1959 4569 responsioni
2024 4487 2302 4562 Thomae,

808 4589 1120 4664 quantum
1162 4582 1238 4644 ad
1282 4581 1680 4665 principalia.

903 4679 1252 4743 Richardus
1317 4699 1594 4764 quoque,
1656 4682 1767 4765 qui
1836 4690 2226 4746 contestatur
2288 4701 2302 4746 ε

807 4778 1109 4852 Quamvis
1170 4779 1464 4841 sacerdos
1532 4778 1919 4845 absolvendo
1979 4781 2306 4844 remittere

809 4884 1084 4957 nequeat
1144 4877 1389 4959 peccati
1456 4877 1771 4940 maculam
1831 4878 2153 4953 effective,
2211 4887 2306 4941 61-

810 4983 1025 5038 tamen
1076 4975 1579 5039 ministerialiter
1624 4995 1699 5039 66
1748 4977 2310 5041 instrumentaliter

810 5071 1081 5136 remittit
1126 5072 1399 5136 contrito
1448 5075 1768 5137 maculam
1812 5076 2053 5157 peccati
2098 5076 2309 5159 dispo-

812 5171 1021 5245 sitive,
1074 5172 1141 5235 in
1190 5181 1500 5254 quantum
1560 5174 1916 5238 ministerio
1971 5193 2088 5238 suo
2142 5175 2310 5238 adsi-

811 5269 923 5332 stit
959 5270 1177 5332 divina
1205 5270 1431 5345 virtus,
1464 5289 1605 5352 quae
1646 5279 1978 5353 peccatum
2020 5272 2304 5336 dimittit.

2416 4309 2542 4373 que
2573 4289 2996 4364 consilium,si
3025 4309 3262 4373 equum
3289 4299 3399 4354 aut
3425 4310 3680 4354 vaccam
3710 4311 3928 4358 emere

2417 4390 2672 4453 vellent.
2707 4425 2788 4435 —
2816 4389 2960 4452 Haec
3002 4388 3372 4452 Richardus.

2496 4488 2577 4549 At
2625 4505 2777 4552 vero
2833 4488 3273 4552 Bonaventura
3329 4488 3622 4571 sequitur
3677 4489 3926 4572 opinio-

2419 4603 2566 4647 nem
2610 4603 2804 4666 supra
2847 4585 2912 4646 in
2958 4584 3370 4666 responsione
3413 4586 3671 4651 Thomae
3715 4606 3926 4652 narra-
4005 4645 4016 4656 .

2419 4692 2547 4745 tam
2587 4690 2652 4744 61
2693 4682 3135 4764 improbatam.
3170 4683 3388 4766 ltaque
3427 4685 3872 4750 Bonaventura
3903 4704 3918 4750 :

2419 4780 2743 4854 Sacerdos,
2794 4780 2903 4854 ait,
2955 4799 3069 4862 per
3114 4789 3494 4863 potestatem
3544 4784 3742 4847 clavis
3791 4805 3922 4848 me·

2418 4879 2624 4942 diator
2658 4886 2756 4941 est
2795 4879 2906 4941 Dei
2946 4897 3018 4942 ac
3059 4879 3417 4956 hominum,
3454 4881 3541 4944 ita
3574 4884 3746 4965 quod
3777 4903 3922 4966 pec-

2419 4983 2592 5040 cator
2621 4994 2736 5057 per
2765 4977 2977 5058 ipsum
3007 4977 3295 5041 ascendit
3320 4979 3400 5042 ad
3431 4979 3631 5042 Deum
3658 4998 3674 5043 :
3700 4981 3923 5064 sicque

2418 5075 2711 5138 sacerdos
2741 5082 2838 5137 est
2867 5093 2936 5138 os
2968 5077 3336 5158 peccatoris,
3353 5077 3612 5160 loquens
3641 5097 3760 5161 pro
3789 5080 3806 5142 i
3813 5098 3925 5162 pso

2417 5173 2496 5236 ad
2529 5173 2752 5236 Deum.
2771 5172 2886 5235 Per
2915 5175 3306 5238 sacerdotem
3337 5193 3595 5258 quoque
3625 5177 3792 5240 Deus
3821 5179 3924 5241 de·

2421 5270 2670 5334 scendit
2717 5270 2794 5333 ad
2845 5271 3136 5335 homines
3180 5289 3197 5335 ε
3237 5273 3458 5355 5166116
3495 5275 3792 5338 sacerdos
3826 5284 3921 5340 est
