4267 6250
850 509 936 557 AN
975 509 1282 568 onmium·
1321 511 1578 560 sonmo
1617 511 2051 562 Auumowu
2091 511 2383 560 nummu·
2422 513 2864 563 conuumomm

3286 497 3407 562 213

313 681 450 745 aliis
508 683 930 746 commiscere
975 701 1136 766 quos
1195 684 1262 747 in
1309 683 1581 748 ecclesia
1636 703 1806 747 sum·
1833 683 1980 750 Ain
2029 691 2343 760 ventrem,
2394 694 2459 748 et
2505 686 2583 748 ad
2640 685 3077 750 nutritionem.
3128 685 3296 750 Hinc
3334 705 3411 752 ea

311 790 579 864 pserant„
620 783 716 844 Ad
759 782 1139 857 secundum,
1173 784 1341 865 quod
1385 781 1549 846 forte
1591 782 1806 845 Eccle-

311 880 400 942 sia
434 880 820 964 quandoque
863 880 1168 943 sustinuit
1207 882 1272 944 in
1316 881 1420 944 die
1455 881 1662 946 Coenae
1702 900 1806 944 su-

313 979 395 1040 mi
431 997 664 1062 corpus
693 979 1093 1043 dominicum
1137 987 1280 1063 post
1308 980 1466 1044 alios
1501 979 1702 1054 cibos,
1737 980 1804 1044 in

313 1078 979 1142 commemorationem
1009 1078 1346 1143 dominicae
1371 1079 1578 1143 Coenae
1599 1099 1612 1142 :
1633 1079 1804 1162 quod

311 1177 676 1260 abrogatum
714 1185 811 1240 est
841 1196 956 1259 per
985 1177 1366 1241 contrariam
1403 1178 1805 1241 consuetudi-

311 1294 486 1354 nem3
527 1276 629 1339 vel
679 1275 966 1358 loquitur
1005 1283 1316 1358 quantum
1365 1277 1442 1339 ad
1486 1277 1804 1340 adstantes

310 1375 412 1458 qui
455 1393 582 1438 non
625 1383 910 1438 sumunt.

381 1474 708 1548 Praeterea,
771 1474 924 1556 quia
979 1475 1061 1536 ad
1119 1473 1542 1537 reverentiam
1599 1492 1804 1536 sacra-

311 1573 498 1635 menti
542 1572 739 1654 hujus
779 1572 949 1636 istud
987 1581 1084 1635 cst
1111 1572 1498 1648 institutum,
1531 1572 1702 1656 quod
1731 1591 1803 1637 os

311 1671 662 1754 suscepturi
721 1670 881 1734 illud
928 1671 1114 1754 quasi
1170 1689 1408 1734 novum
1459 1673 1539 1734 ad
1589 1672 1801 1754 ipsum

309 1770 592 1848 accedat3
641 1770 788 1833 ideo
845 1768 1012 1832 sicut
1069 1768 1467 1852 quantalibet
1521 1769 1804 1852 sumptio

1914 803 2055 866 quae
2101 783 2268 845 intra
2325 791 2635 864 geruntur
2690 785 2830 848 sine
2886 783 3219 848 exterioris
3278 784 3409 848 cibi

1912 881 2301 964 sumptione,
2352 900 2478 946 non
2528 882 2829 947 videntur
2876 883 3124 948 solvere
3170 891 3411 948 naturai

1909 980 2255 1062 jejunium,
2297 999 2417 1044 nec
2462 981 2773 1063 impedire
2816 982 3228 1046 Eucharistiae
3269 1001 3411 1065 per-

1914 1079 2298 1162 ceptionem,
2340 1087 2411 1141 ut
2457 1079 2791 1160 deglutitio
2838 1080 3071 1144 salivae.
3114 1080 3192 1143 Et
3240 1081 3411 1145 idem

1913 1177 2169 1240 videtur
2195 1177 2275 1240 de
2304 1177 2405 1240 his
2434 1197 2577 1260 quae
2607 1186 2939 1242 remanent
2968 1179 3135 1242 inter
3162 1179 3407 1256 dentes,

1911 1285 1976 1339 et
2017 1276 2171 1339 item
2215 1277 2293 1339 de
2334 1276 2854 1340 eructationibus,

1991 1373 2305 1449 Quaeritur
2363 1393 2639 1458 quoque,
2692 1395 2773 1438 an
2830 1375 3043 1438 statim
3102 1375 3253 1439 licet
3308 1393 3410 1440 co-

1913 1473 2169 1536 medere
2214 1481 2359 1555 post
2395 1474 2773 1536 sacramenti
2820 1473 3273 1557 sumptionem.
3308 1475 3411 1538 Di-

1912 1573 2210 1646 cendum,
2261 1574 2431 1655 quod
2480 1573 2835 1636 secundum
2882 1573 3411 1638 consuetudinem

1911 1670 2233 1745 Ecclesiae,
2269 1680 2531 1754 propter
2560 1672 2981 1736 reverentiam
3016 1672 3177 1736 tanti
3208 1692 3411 1736 sacra-

1913 1770 2133 1842 menti,
2168 1776 2309 1851 post
2340 1770 2481 1851 ejus
2520 1770 2950 1852 sumptionem
2990 1771 3185 1834 homo
3220 1770 3414 1834 debet

313 1867 432 1929 cibi
487 1868 702 1931 aufert
747 1869 912 1930 hanc
969 1866 1340 1943 novitatem,
1389 1868 1482 1930 sic
1535 1868 1804 1951 impedit
1836 1866 1884 1928 B
1913 1867 1979 1930 in
2019 1868 2365 1948 gratiarum
2412 1869 2661 1932 actione
2700 1869 3087 1950 persistere:
3122 1869 3265 1933 ideo
3302 1870 3411 1932 de·

313 1966 716 2030 Eucharistiae
764 1966 1220 2049 sumptionem,
1272 1975 1538 2050 excepto
1585 1985 1798 2030 neces-

313 2065 504 2128 sitatis
563 2065 854 2128 articulo.
905 2065 1357 2128 Verumtamen
1413 2065 1649 2148 duplex
1707 2071 1806 2128 est

311 2162 644 2244 jejunium,
678 2170 834 2246 puta
864 2170 1106 2226 naturae
1139 2169 1329 2244 atque
1360 2162 1678 2226 Ecclesiae.
1710 2163 1804 2226 Je-

311 2263 558 2342 junium
598 2268 843 2325 naturae
879 2269 978 2324 est
1005 2278 1132 2343 quo
1169 2263 1314 2344 quis
1349 2261 1611 2342 jejunus
1651 2262 1804 2324 dici-

203 2409 214 2420 .
315 2368 414 2422 tur
437 2367 584 2424 ante
613 2360 834 2423 cibum
865 2367 1194 2442 sumptum
1229 2360 1341 2423 illo
1368 2359 1802 2442 die‚quamvis

317 2466 522 2541 postea
551 2459 780 2522 eodem
811 2457 914 2520 die
943 2457 1235 2520 comedat
1263 2475 1449 2540 saepe.
1476 2457 1800 2538 Jejunium

317 2557 604 2621 Ecclesiae
651 2563 750 2620 est
793 2574 920 2639 quo
967 2556 1112 2638 quis
1157 2555 1408 2638 Jejunat
1448 2556 1801 2618 secundum

317 2657 566 2720 modum
612 2656 692 2719 ab
731 2655 1020 2718 Ecclesia
1061 2654 1423 2718 institutum
1459 2671 1474 2716 ε
1507 2655 1674 2736 quod
1713 2654 1804 2735 je-

313 2755 560 2836 junium
619 2762 835 2818 manet
881 2762 1025 2837 post
1069 2773 1261 2818 unam
1321 2755 1800 2827 comestionem,

317 2873 426 2916 nec
467 2853 738 2918 solvitur
781 2853 906 2916 nisi
955 2871 1069 2936 per
1111 2853 1456 2916 secundam
1500 2853 1806 2935 sumptio-

315 2971 450 3016 nem
481 2970 704 3016 eorum
738 2971 882 3035 quae
911 2952 976 3014 in
1007 2951 1226 3014 cibum
1257 2959 1320 3015 et
1349 2958 1567 3034 potum
1597 2951 1804 3033 accipi

1911 1965 2020 2028 bet
2065 1983 2207 2028 csse
2253 1965 2511 2048 aliquod
2570 1966 2977 2030 intervallum
3029 1967 3195 2031 inter
3242 1985 3413 2030 com·

1913 2064 2285 2128 munionem
2344 2072 2410 2128 et
2463 2064 2735 2128 aliorum
2793 2064 3083 2128 ciborum
3140 2066 3411 2148 sumpti-

1909 2181 2121 2226 onem.
2172 2162 2309 2226 Non
2368 2172 2582 2226 tamen
2642 2182 2942 2244 magnum
3004 2163 3411 2228 intervallum

1911 2261 2293 2342 requiritur3
2327 2262 2620 2343 quamvis
2652 2262 2717 2324 in
2750 2261 3077 2344 primitiva
3104 2262 3408 2337 Ecclesia,

1911 2367 2173 2442 propter
2202 2359 2587 2442 paucitatem
2621 2361 3037 2440 sacerdotum,
3051 2361 3415 2425 diuturnior

1913 2475 2090 2520 mora
2119 2465 2264 2540 post
2293 2457 2811 2522 communionem
2840 2465 2986 2521 ante
3016 2459 3409 2542 corporalem

1914 2554 2330 2618 refectionem
2390 2556 2895 2639 protrahebatur,
2946 2557 3099 2639 quia
3145 2565 3209 2620 et
3254 2565 3411 2621 tunc

1911 2653 2245 2717 Missarum
2276 2653 2563 2718 solennia
2591 2654 2795 2718 rarius
2826 2655 3333 2731 celebrabantur,
3348 2665 3413 2720 et

1913 2753 2001 2815 ita
2031 2752 2096 2816 in
2128 2753 2394 2816 Decreto
2422 2753 2771 2835 loquuntur
2796 2753 2943 2834 jura
2970 2753 3250 2836 antiqua.
3266 2754 3411 2818 Haec

1912 2852 2182 2915 Thomas
2228 2851 2293 2914 in
2340 2851 2607 2934 Scripto.
2640 2886 2721 2896 —
2760 2851 3158 2915 Concordant
3196 2852 3414 2916 Alber-

1912 2957 2038 3024 tus,
2087 2950 2330 3024 Petrus,
2380 2948 2753 3024 RicharduS‚
2804 2956 2868 3012 et
2922 2949 3052 3012 alii.
3106 2950 3185 3014 Et
3237 2951 3413 3014 addit

313 3052 525 3114 solent.
561 3051 720 3114 Hinc
761 3069 836 3114 ea
873 3069 1016 3133 quae
1051 3050 1257 3134 accipi
1301 3050 1509 3113 solent
1545 3056 1805 3132 propter
1835 3048 1880 3114 C
1913 3049 2285 3123 Richardus,
2317 3047 2615 3110 similiter
2652 3055 2715 3111 ct
2752 3049 2972 3112 Petrus
3012 3049 3091 3112 de
3129 3049 3361 3114 Palude
3394 3068 3408 3114 :

313 3151 476 3214 cibos
503 3151 895 3232 digerendos
909 3157 979 3211 ut
999 3149 1357 3223 electuaria,
1368 3150 1468 3211 vel
1501 3148 1806 3212 deducen-

315 3251 418 3313 dos
457 3269 576 3333 per
615 3248 926 3323 membra,
959 3256 1030 3311 ut
1054 3254 1240 3331 potus
1277 3247 1410 3310 vini
1449 3254 1562 3309 aut
1597 3266 1800 3329 aquae,

315 3368 430 3413 non
459 3348 720 3413 solvunt
752 3348 873 3411 hoc
899 3346 1555 3429 jejunium,quamvis
1587 3346 1804 3429 aliquo

317 3450 494 3513 modo
551 3448 854 3511 nutriant.
908 3446 1234 3527 Jejunium
1291 3453 1504 3509 autem
1565 3453 1804 3509 naturae

315 3548 584 3629 exigitur
621 3546 702 3609 ad
746 3545 1027 3608 debitam
1072 3544 1484 3608 Eucharistiae
1535 3544 1802 3626 sumpti-

314 3664 514 3709 onem.
576 3646 913 3728 Propterea
977 3643 1330 3707 secundum
1391 3660 1802 3705 communem

315 3744 704 3819 sententiam,
727 3742 1070 3806 electuaria
1102 3748 1167 3804 et
1194 3742 1416 3804 vinum
1455 3748 1600 3804 ante
1637 3760 1804 3803 sum·

317 3852 434 3926 pta,
463 3844 550 3907 ab
581 3842 996 3905 Eucharistiae
1025 3841 1388 3923 sumptione
1419 3840 1796 3922 impediunt.

317 3944 427 4006 Sed
466 3944 548 4007 de
586 3961 752 4025 aqua
792 3940 1013 4024 opinio
1055 3948 1154 4003 est
1190 3940 1457 4002 diversa.
1492 3939 1646 4002 Nam
1692 3939 1802 4001 ali-

315 4043 418 4124 qui
447 4042 692 4116 dicunt,
714 4039 885 4123 quod
915 4057 1114 4120 quum
1144 4038 1506 4100 nullatenus
1541 4037 1797 4111 nutriat,

315 4158 433 4203 non
475 4139 669 4204 solvit
702 4138 1025 4221 jejunium
1067 4145 1306 4200 naturae
1346 4154 1556 4219 neque
1595 4136 1804 4199 Eccle-

1914 3148 1979 3212 Si
2010 3147 2335 3211 sacerdote
2363 3165 2435 3211 os
2466 3147 2729 3219 lavante,
2756 3148 3078 3211 modicum
3108 3167 3291 3230 aquae
3323 3150 3415 3213 in-

1914 3255 2134 3322 troeat,
2190 3264 2319 3310 non
2367 3246 2557 3310 credo
2603 3246 2686 3310 ob
2732 3247 2853 3309 hoc
2900 3265 2936 3308 a
2984 3246 3413 3312 celebratione

1913 3345 2387 3421 abstinendum,
2438 3344 2588 3426 quia
2636 3362 2763 3406 non
2814 3344 3086 3427 impedit
3129 3345 3409 3409 debitam

1912 3444 2439 3528 praeparationem
2489 3442 2866 3526 presbyteri,
2910 3462 3028 3507 nec
3072 3445 3415 3509 reverenti-

1912 3562 2012 3606 am
2079 3542 2480 3607 sacramenti.
2547 3542 2623 3604 Et
2679 3550 2753 3604 ut
2802 3542 2911 3605 alii
2974 3542 3219 3618 dicunt,
3280 3562 3409 3608 non

1910 3642 2187 3705 sumitur
2229 3660 2345 3723 per
2382 3641 2643 3703 modum
2687 3640 3004 3723 potabilis.

1992 3741 2306 3804 Consonat
2335 3747 2401 3802 et
2431 3739 2787 3815 DuranduS,
2820 3758 2894 3801 ac
2927 3739 3103 3802 addit
3134 3757 3150 3802 :
3183 3740 3409 3815 Quam-

1909 3840 2008 3903 vis
2039 3838 2431 3922 principium
2463 3838 2589 3900 diei
2619 3855 2656 3899 a
2679 3836 2949 3900 diversis
2980 3837 3406 3902 diversimode

1910 3938 2197 4021 capiatur
2225 3938 2401 4018 (nam
2446 3935 2705 4017 quidam
2747 3955 2784 3997 a
2824 3935 3113 4010 meridie,
3145 3936 3404 4017 quidam

1907 4036 1988 4099 ab
2029 4054 2279 4111 occasu,
2312 4035 2571 4118 quidam
2602 4033 2685 4096 ab
2713 4041 2855 4097 ortu
2894 4033 3047 4096 solis
3089 4034 3408 4116 incipiunt

1908 4135 2131 4215 diem),
2166 4133 2449 4196 Ecclesia
2487 4139 2699 4194 tamen
2738 4130 2964 4212 incipit
2996 4130 3165 4193 diem
3202 4150 3239 4193 a
3276 4150 3405 4195 me-

314 4238 432 4301 siae.
495 4239 732 4301 Verum
791 4235 1084 4319 quamvis
1144 4254 1310 4317 aqua
1369 4254 1485 4317 per
1547 4254 1615 4297 se
1673 4253 1799 4298 non
1831 4234 2014 4296 Ddia
2056 4238 2244 4295 nocte
2287 4250 2301 4294 ε
2346 4231 2489 4294 ideo
2534 4230 2585 4293 si
2636 4237 2782 4312 post
2826 4229 3101 4291 mediam
3153 4238 3405 4293 noctem

313 4339 566 4410 nutriat,
597 4345 814 4399 tamen
859 4334 1057 4397 mixta
1101 4334 1165 4395 in
1211 4334 1538 4397 stomacho
1575 4333 1798 4407 nutrit,

315 4436 454 4517 quia
480 4441 732 4517 oportet
761 4433 932 4516 quod
962 4431 1106 4494 aliis
1136 4430 1514 4495 humoribus
1549 4431 1806 4494 miscea-

313 4541 432 4609 tur,
463 4533 686 4616 sicque
715 4539 928 4616 potest
955 4531 1179 4594 cedere
1213 4528 1277 4592 in
1310 4529 1796 4592 nutrimentum.

317 4632 454 4695 Ideo
499 4632 610 4695 alii
669 4629 1070 4714 probabilius
1127 4636 1316 4711 atque
1375 4628 1664 4691 securius
1710 4628 1806 4690 di-

320 4740 484 4803 cunt,
546 4730 715 4813 quod
785 4736 931 4811 post
989 4746 1170 4810 aquai
1230 4734 1454 4810 potum
1523 4744 1648 4789 non
1709 4734 1805 4789 est

321 4828 706 4893 Eucharistia
761 4827 1090 4889 sumenda.
1142 4826 1426 4908 Denique
1483 4824 1804 4907 jejunium

323 4936 556 4991 naturae
583 4934 848 4990 vocatur
884 4943 999 5007 per
1039 4923 1460 5007 privationem
1499 4930 1677 4985 actus
1709 4940 1808 4985 co-

327 5026 668 5101 mestionis,
719 5024 1076 5087 secundum
1127 5022 1294 5104 quod
1344 5022 1651 5084 comestio
1703 5039 1809 5104 po·

326 5125 614 5188 tationem
651 5122 944 5185 includit.
980 5120 1296 5185 Comestio
1327 5128 1540 5183 autem
1573 5119 1808 5202 princi-

329 5224 544 5305 paliter
567 5222 807 5286 dicitur
833 5220 912 5283 ab
937 5219 1235 5283 exteriori
1265 5219 1392 5281 cibi
1426 5218 1809 5300 sumptione,

329 5322 608 5403 quamvis
649 5319 1036 5385 terminetur
1076 5318 1154 5381 ad
1197 5317 1638 5399 trajectionem
1681 5315 1809 5378 cibi

1907 4330 2142 4414 aliquis
2192 4329 2524 4411 quippiam
2583 4327 2935 4410 sumpserit
2982 4346 3097 4409 per
3146 4328 3405 4391 modum

1910 4427 2039 4491 cibi
2082 4434 2193 4489 aut
2230 4433 2441 4509 potus,
2475 4442 2602 4488 non
2643 4432 2853 4507 potest
2890 4426 3114 4489 eodem
3154 4424 3258 4489 die
3285 4427 3407 4490 hoc

1910 4544 2164 4590 sumere
2206 4530 2691 4588 sacramentum.
2726 4524 2871 4587 Haec
2913 4524 3265 4587 Durandus.

1990 4625 2313 4687 Postremo
2350 4622 2829 4702 Argentinensis
2870 4628 2934 4683 et
2972 4622 3216 4697 Scotus,
3250 4642 3409 4705 prae-

1911 4732 2008 4787 ter
2054 4722 2394 4785 articulum
2457 4720 2678 4783 mortis
2736 4719 3151 4803 probabiliter
3198 4720 3408 4784 immi-

1912 4822 2147 4893 nentis,
2182 4828 2427 4903 ponunt
2454 4818 2651 4881 alium
2692 4838 2908 4881 casum
2952 4818 3015 4880 in
3056 4836 3185 4901 quo
3222 4818 3411 4881 liceat

1914 4919 2223 4983 sacerdoti
2266 4936 2635 4981 consecrare
2669 4924 2733 4979 et
2762 4934 3014 4979 sumere
3052 4934 3410 4979 sacramen-

1915 5028 2050 5082 tum
2093 5018 2300 5081 soluto
2334 5024 2575 5079 naturae
2610 5012 2880 5096 jejunio,
2916 5020 2987 5074 ut
3022 5013 3073 5076 si
3116 5015 3411 5077 sacerdos

1915 5123 2174 5199 sumpto
2217 5132 2502 5197 corpore,
2545 5119 2609 5174 et
2651 5110 2985 5174 intendens
3032 5112 3405 5191 sanguinem

1917 5232 2193 5289 sumere,
2228 5212 2511 5276 inveniat
2539 5212 2605 5273 in
2636 5209 2833 5272 calice
2862 5226 2989 5271 non
3019 5208 3263 5282 vinum,
3299 5210 3411 5273 sed

1918 5332 2149 5397 aquam
2194 5312 2411 5376 fuisse.
2456 5310 2631 5373 Tunc
2676 5307 2847 5371 enim
2892 5312 3145 5369 tenetur
3184 5305 3409 5371 vinum
