4267 6250
1451 534 1533 581 mi
1570 532 1971 582 mmmm:
2010 532 2374 581 mmmm
3353 514 3472 581 173

444 704 629 768 Nunc
673 703 755 767 de
796 701 1285 766 definitionibus
1326 702 1707 766 characteris
1746 700 1871 765 dis·
1899 703 1951 766 A
1980 701 2327 777 confertur,
2361 704 2548 766 datur
2584 676 2838 784 signum
2879 702 3334 766 sacramentale
3364 721 3469 767 ex-

363 803 725 865 serendum.
746 802 963 884 Itaque
993 801 1215 865 divino
1237 801 1537 885 Dionysio
1564 801 1699 865 haec
1728 800 1871 864 cha-

362 900 628 963 racteris
687 900 983 963 definitio
1036 899 1409 963 attribuitur
1464 918 1477 961 :
1532 899 1870 964 character

364 1006 463 1061 est
490 999 747 1079 signum
776 1005 1071 1060 sanctum
1111 997 1585 1061 communionis
1619 997 1776 1060 fidei
1805 1005 1870 1060 et

362 1104 599 1159 sanctae
660 1095 1103 1171 ordinationiS,
1163 1096 1488 1159 accedenti
1556 1097 1773 1159 datum
1832 1114 1869 1158 a

360 1193 721 1257 hierarcha.
762 1194 1074 1268 Quocirca
1110 1194 1465 1268 sciendum,
1499 1194 1668 1276 quod
1712 1194 1869 1256 defi-

360 1292 525 1354 nitio
554 1292 676 1354 ista
705 1311 1028 1374 nusquam
1060 1292 1383 1355 invenitur
1411 1312 1446 1354 a
1475 1293 1542 1354 B.
1567 1292 1867 1375 Dionysio

358 1390 615 1463 tradita,
648 1390 760 1453 sed
800 1408 877 1453 ex
918 1390 1235 1472 praetactis
1274 1390 1415 1471 ejus
1454 1389 1669 1453 verbis
1706 1389 1868 1453 acci-

357 1488 539 1570 pitur
571 1505 587 1565 3
640 1488 775 1551 imo
832 1488 1317 1552 convenientius
1374 1488 1862 1570 exprimeretur,

355 1586 673 1649 dicendo:
698 1586 1037 1649 character
1065 1593 1161 1649 est
1188 1586 1446 1667 signum
1474 1587 1869 1650 communio-

356 1684 463 1745 nis
493 1682 829 1765 potestatis
856 1683 1223 1746 divinorum
1253 1690 1317 1745 et
1346 1700 1538 1747 sacrae
1567 1684 1867 1746 ordinati-

356 1780 503 1843 onis
530 1779 856 1855 fidelium,
886 1780 1107 1843 datum
1146 1800 1185 1843 a
1219 1780 1439 1843 divina
1472 1780 1865 1843 beatitudine

1975 799 2218 881 terius3
2267 809 2332 864 et
2387 820 2502 884 per
2559 801 3099 883 comparationem
3155 802 3235 864 ad
3286 801 3468 875 illud,

1978 898 2116 980 ipsa
2153 898 2504 981 spiritualis
2545 899 2828 982 potentia
2864 918 2978 963 seu
3018 899 3344 963 character
3379 899 3473 961 di-

1977 996 2144 1058 citur
2175 997 2452 1078 signum,
2488 996 2554 1059 in
2595 1004 2905 1079 quantum
2947 998 3140 1062 homo
3177 1016 3292 1081 per
3330 1015 3472 1060 eam

1976 1094 2416 1175 configuratur
2455 1104 2518 1162 et
2560 1095 3018 1159 determinatur
3064 1097 3143 1159 ad
3191 1096 3472 1159 actiones

1976 1192 2362 1273 spirituales

2053 1291 2360 1354 Praeterea
2403 1292 2783 1374 magistralis
2825 1290 3120 1355 definitio
3161 1292 3474 1355 characte-

1974 1386 2063 1448 ris
2111 1394 2210 1450 est
2255 1388 2390 1451 hoec
2445 1405 2458 1449 :
2513 1388 2850 1451 Character
2907 1397 3005 1453 est
3061 1390 3388 1453 distinctio
3433 1408 3472 1453 a

1974 1485 2338 1549 charactere
2380 1493 2616 1550 aeterno
2659 1487 2972 1570 impressa
3012 1489 3242 1552 animae
3283 1489 3471 1553 ratio-

1974 1583 2101 1645 nali
2143 1585 2496 1647 secundum
2543 1586 2910 1666 imaginem,
2943 1588 3324 1669 consignans
3361 1588 3472 1651 tri-

1974 1681 2238 1744 nitatem
2294 1690 2572 1745 ereatam
2621 1684 2911 1747 Trinitati
2971 1686 3209 1748 creanti
3261 1692 3326 1749 et
3373 1705 3470 1749 re-

1973 1780 2236 1854 creanti,
2277 1788 2342 1843 et
2376 1781 2776 1864 distinguens
2813 1802 2850 1844 a
2885 1800 3015 1846 non
3053 1783 3468 1865 configuratis

356 1878 709 1941 accedenti.
746 1878 819 1941 In
867 1897 995 1960 qua
1032 1886 1379 1959 tanguntur
1416 1886 1685 1960 quatuor
1723 1897 1866 1941 cau·
1896 1878 1943 1941 B
1973 1878 2326 1941 secundum
2359 1886 2594 1943 statum
2622 1879 2799 1943 fidei.
2835 1882 2904 1943 In
2934 1901 3060 1963 qua
3088 1882 3467 1946 definitione

356 1996 445 2039 saa
474 1976 897 2041 characteris.
948 1978 1159 2040 Primo
1203 1994 1405 2058 genus
1452 1976 1616 2057 ejus,
1662 1995 1863 2059 quum

356 2074 617 2148 dicitur,
650 2076 943 2156 Signum,
976 2076 1145 2157 quod
1176 2074 1453 2157 pertinet
1493 2075 1570 2137 ad
1605 2093 1861 2137 causam

354 2170 720 2235 formalem.
774 2173 1069 2237 Secundo
1117 2173 1401 2254 tangitur
1445 2171 1600 2235 finis
1646 2173 1861 2235 chara-

352 2271 573 2345 cteriS,
617 2272 729 2353 qui
770 2272 958 2334 datur
997 2272 1077 2333 ad
1116 2272 1243 2334 duo
1276 2289 1292 2333 ε
1326 2270 1555 2353 prim0‚
1590 2277 1661 2333 ut
1704 2270 1860 2333 reci-

356 2369 545 2450 piens
596 2369 847 2433 Christo
896 2369 1355 2450 configuretur,
1407 2377 1707 2452 tanquam
1754 2369 1861 2432 ad-

354 2468 637 2549 scriptus
685 2468 765 2531 ad
804 2468 1410 2532 communicandum
1448 2468 1861 2533 sacramentis

355 2566 597 2629 divinis
648 2574 717 2630 et
760 2566 1120 2631 actionibus
1167 2568 1385 2641 sacris,
1431 2574 1496 2630 et
1546 2575 1857 2650 quantum

352 2665 437 2727 ad
488 2664 611 2729 hoc
658 2665 917 2740 dicitur,
958 2666 1441 2729 communionis
1492 2666 1860 2729 divinorum

357 2765 729 2844 potestatis3
761 2765 1067 2839 secundo,
1099 2772 1171 2825 ut
1206 2764 1645 2845 configuretur
1684 2782 1859 2828 coor-

355 2861 675 2925 dinandus
713 2862 857 2925 aliis
885 2862 1123 2944 quibus
1157 2863 1379 2926 eadem
1409 2869 1687 2945 potestas
1715 2863 1859 2925 data

354 2966 475 3034 est,
516 2967 583 3022 et
618 2960 741 3024 hoc
784 2961 1067 3042 tangitur
1104 2961 1217 3036 ibi,
1260 2960 1336 3023 Et
1376 2958 1858 3026 sacrae'ordina-

1972 1982 2318 2057 tanguntur
2353 1977 2548 2041 etiam
2586 1986 2857 2061 quatuor
2900 1999 3106 2045 causae
3149 1981 3466 2045 characte-

1970 2074 2080 2148 riS,
2104 2082 2297 2157 puta:
2322 2095 2512 2139 eausa
2548 2076 2834 2141 formalis
2867 2098 2982 2141 seu
3007 2098 3231 2160 genus,
3263 2099 3465 2162 quum
3495 2136 3500 2143 .

1970 2172 2224 2249 dicitur,
2258 2174 2616 2249 Distinctio,
2650 2174 2713 2238 id
2743 2184 2842 2239 est
2873 2178 3128 2259 signum
3158 2178 3468 2243 distincti-

1968 2289 2165 2351 vum3
2211 2281 2276 2335 et
2315 2292 2505 2337 causa
2547 2273 2864 2350 efficiens,
2909 2295 3108 2358 quum
3153 2278 3464 2360 sequitur,

1968 2368 2021 2431 A
2048 2370 2408 2435 charactere
2446 2379 2704 2447 aeterno,
2740 2374 2802 2436 id
2835 2382 2931 2437 est
2958 2395 2996 2437 a
3023 2376 3204 2451 Filio,
3227 2376 3340 2459 qui
3370 2385 3468 2440 est

1969 2466 2179 2548 figura
2207 2469 2578 2535 substantiis
2605 2472 2828 2547 Patris,
2861 2480 2933 2535 ut
2959 2474 3194 2537 dicitur
3227 2475 3306 2537 ad
3347 2475 3463 2538 He·
3514 2491 3757 2545 aeonas.

1968 2565 2190 2629 braeos.
2208 2566 2407 2629 Causa
2435 2586 2690 2651 quoque
2720 2570 3080 2645 materialiS,
3099 2571 3465 2645 ibi,Animae

1968 2663 2262 2727 rationali
2320 2666 2631 2747 impressa
2686 2669 3040 2732 secundum
3093 2669 3459 2752 imaginem.

1969 2761 2171 2824 Causa
2207 2781 2360 2825 vero
2396 2762 2614 2827 finalis
2652 2766 2914 2849 ponitur
2950 2766 3209 2849 duplex,
3241 2769 3465 2832 videli-

1968 2867 2069 2921 cet
2087 2877 2101 2920 :
2122 2859 2562 2943 configuratio,
2578 2880 2780 2944 quum
2807 2862 3061 2938 dicitur,
3077 2852 3466 2947 consignans

1966 2958 2341 3033 trinitatem,
2384 2959 2448 3022 id
2494 2967 2593 3023 est
2639 2960 3047 3042 configurans
3072 2980 3090 3043 ;
3129 2971 3320 3046 atque
3371 2965 3464 3028 di-

354 3058 551 3121 tionis
589 3057 908 3121 fidelium.
942 3058 1091 3133 Quae
1120 3059 1247 3122 duo
1282 3058 1859 3123 excommunicatio
1887 3057 1931 3121 C
1968 3056 2248 3132 stinctio,
2271 3076 2472 3141 quum
2505 3059 2822 3136 subditur,
2841 3059 2918 3121 Et
2944 3060 3361 3144 distinguens.
3391 3064 3468 3126 Et

353 3158 693 3240 suspendit
734 3159 815 3222 ad
858 3167 1138 3242 tempuS,
1177 3159 1487 3242 privando
1528 3159 1856 3223 hominem

354 3256 847 3339 participatione
882 3257 1271 3334 divinorum,
1304 3267 1368 3322 et
1406 3259 1857 3323 communione

354 3354 673 3418 fidelium.
718 3356 931 3420 Tertio
978 3357 1241 3440 ponitur
1287 3357 1553 3421 materia
1591 3359 1657 3420 in
1705 3377 1851 3441 qua,

349 3454 599 3531 dicens,
630 3456 862 3519 Datum
890 3457 1237 3520 accedenti.
1262 3458 1513 3532 Quarto,
1547 3477 1737 3521 causa
1768 3457 1857 3520 ef-

346 3553 605 3629 ficiens,
652 3554 767 3630 ibi,
798 3555 849 3617 A
894 3554 1113 3618 divina
1159 3555 1571 3620 beatitudine.
1620 3556 1857 3620 Defini-

346 3653 441 3715 tio
478 3671 737 3736 quoque
774 3652 905 3716 alia
938 3660 1149 3737 potest
1186 3653 1439 3728 salvari,
1480 3662 1546 3717 et
1584 3655 1750 3718 redit
1787 3655 1853 3716 in

350 3750 548 3826 idem,
584 3759 655 3814 ut
693 3751 817 3815 hoc
853 3752 1026 3834 quod
1056 3751 1233 3826 dicit,
1257 3751 1739 3816 communionis
1778 3751 1854 3814 fi-

346 3849 477 3922 dei,
528 3848 845 3912 referatur
900 3849 979 3912 ad
1036 3849 1590 3932 participationem
1650 3869 1854 3913 sacra-

346 3954 717 4010 mentorum
777 3954 842 4009 et
898 3949 1223 4011 actionum
1275 3947 1613 4028 fidelium3
1664 3957 1855 4032 atque

349 4046 521 4128 quod
568 4046 767 4120 addit,
809 4045 888 4108 Et
932 4054 1167 4110 sanetae
1212 4047 1652 4124 ordinationiS,
1694 4048 1857 4112 desi·

349 4153 501 4227 gnet
529 4145 1075 4209 coordinationem
1104 4145 1247 4226 ejus
1272 4147 1351 4208 ad
1380 4147 1569 4228 alios;
1591 4155 1656 4210 et
1685 4148 1854 4230 quod

1967 3155 2134 3218 sicut
2169 3157 2275 3220 hic
2312 3157 2574 3240 ponitur
2610 3177 2810 3240 genus
2850 3161 3240 3242 proximum,
3274 3162 3362 3224 ita
3401 3170 3467 3226 et

1966 3255 2298 3336 proximus
2336 3255 2530 3336 finis;
2562 3258 2927 3339 proximum
2968 3277 3222 3341 quoque
3253 3259 3466 3342 subje-

1966 3359 2164 3428 ctum,
2196 3354 2367 3436 quod
2415 3362 2511 3418 est
2551 3356 2766 3420 anima
2813 3357 3177 3439 rationalis3
3223 3366 3288 3422 et
3323 3359 3465 3422 effi-

1966 3451 2141 3514 ciens
2183 3454 2687 3537 appropriatum,
2732 3456 2902 3538 quod
2945 3464 3044 3519 est
3091 3457 3463 3540 Unigenitus

1962 3549 2182 3613 Patris.
2216 3551 2447 3635 Sieque
2477 3553 2772 3617 definitio
2806 3554 2926 3618 ista
2956 3556 3207 3619 excedit
3235 3576 3468 3640 praece·

1963 3648 2244 3724 dentem,
2277 3651 2344 3714 in
2389 3650 2510 3715 hoc
2553 3653 2724 3734 quod
2762 3672 2878 3736 per
2915 3655 3237 3736 proximas
3277 3656 3464 3720 datur

1963 3765 2206 3810 causas.
2237 3784 2316 3795 -
2365 3749 2541 3823 Quod
2583 3751 2638 3814 si
2685 3759 3024 3834 quaeratur,
3067 3770 3184 3814 cur
3221 3761 3287 3815 et
3325 3772 3464 3836 pro·

1963 3853 2106 3928 pter
2153 3864 2312 3928 quos
2361 3847 2546 3910 datur
2593 3849 2848 3930 signum
2893 3850 3062 3912 istud
3106 3850 3457 3916 distinctio·

1961 3945 2101 4024 nis;
2132 3945 2499 4022 dicendum,
2533 3948 2700 4029 quod
2733 3948 2942 4029 primo
2971 3957 3233 4031 propter
3259 3951 3459 4015 homi-

1962 4062 2111 4106 nem
2153 4044 2265 4126 qui
2303 4044 2572 4126 suscipit
2609 4045 2791 4120 illud,
2824 4047 2936 4127 qui
2967 4047 3190 4110 eodem
3221 4048 3458 4132 accipit

1961 4141 2338 4205 distinctum
2382 4159 2568 4226 posse
2605 4142 2686 4205 ab
2722 4142 2906 4223 aliis3
2947 4152 3011 4206 et
3050 4153 3309 4227 propter
3347 4146 3458 4211 ho-

352 4243 671 4318 suhditur,
692 4243 1035 4306 Accedenti
1065 4244 1283 4306 datum
1312 4263 1349 4306 a
1376 4245 1729 4321 hierarcha,
1752 4246 1855 4309 de·
1883 4249 1934 4312 D
1964 4241 2171 4302 mines
2199 4240 2379 4315 alios,
2413 4241 2524 4323 qui
2563 4241 2776 4323 ipsum
2803 4242 2883 4304 ad
2913 4241 3280 4324 spirituales
3303 4246 3456 4309 acti-

352 4349 527 4404 notet
555 4360 815 4405 causam
846 4342 1243 4406 efficientem
1274 4344 1849 4420 instrumentalem,

354 4461 493 4524 quae
520 4441 1003 4523 consignatione
1032 4442 1326 4505 exteriori
1368 4441 1605 4524 figurat
1632 4443 1853 4507 interi-

352 4557 647 4604 orem.--
666 4539 1005 4604 character
1032 4540 1245 4623 itaque
1274 4540 1511 4623 accipit
1540 4542 1849 4606 rationem

352 4638 535 4719 signi,
588 4639 946 4701 secundum
995 4639 1167 4722 quod
1218 4657 1335 4722 per
1380 4649 1850 4704 sacramentum

352 4737 605 4800 visibile
654 4737 935 4800 exterius
980 4737 1269 4801 efficitur
1314 4744 1379 4800 et
1424 4738 1845 4820 significatur.

350 4833 507 4898 Cum
536 4834 826 4918 qualibet
853 4835 1093 4898 etenim
1125 4843 1435 4918 potestate
1465 4837 1652 4899 datur
1680 4846 1848 4901 exte-

350 4933 483 4994 rius
510 4933 769 5014 aliquod
798 4932 1056 4996 visibile
1086 4934 1341 5014 signum
1374 4934 1546 4997 illius
1578 4943 1849 5018 potesta·

350 5031 435 5092 tis
467 5049 482 5092 :
514 5032 684 5094 sicut
718 5032 851 5112 regi
892 5031 959 5094 in
998 5032 1253 5113 signum
1298 5033 1485 5114 regiae
1521 5035 1847 5116 potestatis

352 5128 584 5191 dantur
624 5145 855 5192 corona
896 5137 960 5191 et
998 5137 1365 5212 sceptrum3
1397 5131 1691 5212 pontifici
1731 5133 1849 5195 mi-

352 5232 476 5299 tra,
523 5227 795 5290 annulus
852 5235 919 5290 et
978 5226 1263 5291 baculus.
1317 5229 1646 5306 Similiter,
1698 5250 1847 5294 cum

354 5325 673 5408 spirituali
728 5334 1039 5410 potestate
1101 5346 1243 5409 quae
1303 5327 1370 5390 in
1436 5331 1851 5394 sacramentis

1962 4357 2115 4402 ones
2152 4340 2517 4414 admittunt,
2551 4359 2628 4402 ex
2668 4341 3146 4422 consignatione
3187 4345 3456 4408 exterio-

1958 4438 2013 4499 ri
2062 4438 2504 4502 sacramentali
2551 4437 2918 4502 interiorem
2962 4449 3344 4522 pensantes;
3393 4451 3456 4506 et

1960 4537 2168 4618 quoad
2199 4537 2421 4610 Deum,
2453 4537 2566 4619 qui
2594 4537 2954 4601 actionibus
2983 4539 3126 4620 ejus
3163 4541 3458 4623 spiritua-

1959 4634 2128 4696 libus
2167 4634 2526 4698 efficaciam
2569 4635 2827 4718 praebet.
2858 4671 2940 4682 —
2973 4637 3260 4721 Denique
3300 4640 3457 4704 defi·

1958 4733 2119 4795 nitio
2150 4732 2268 4796 ista
2297 4733 2500 4815 magis
2529 4735 2790 4816 respicit
2827 4735 3026 4800 fidem
3069 4756 3262 4818 quam
3301 4740 3458 4802 cari-

1955 4838 2150 4894 tatem
2205 4849 2219 4893 :
2271 4832 2574 4915 quoniam
2624 4832 2787 4897 fides
2835 4835 3114 4899 hominis
3163 4843 3311 4900 nota
3359 4845 3455 4901 est

1957 4932 2039 5005 ei,
2069 4931 2252 5012 juxta
2281 4931 2439 4994 illud
2470 4933 2806 5014 Augustini
2841 4951 2857 4994 ε
2887 4933 3060 4996 Nihil
3094 4935 3286 4998 alicui
3319 4954 3452 5000 cer-

1956 5029 2083 5092 tius
2130 5037 2229 5092 est
2283 5049 2398 5092 sua
2445 5030 2594 5094 fide.
2645 5030 2782 5095 Non
2827 5040 3044 5096 autem
3093 5041 3304 5097 certus
3354 5044 3452 5098 est

1954 5126 2149 5191 homo
2178 5148 2246 5192 se
2273 5148 2412 5192 esse
2450 5129 2516 5191 in
2555 5129 2830 5193 caritate.
2867 5130 2994 5194 Nec
3032 5139 3244 5195 tamen
3285 5132 3449 5196 fides

1956 5227 2357 5291 sufficienter
2385 5228 2719 5311 distinguit
2751 5228 3012 5292 fidelem
3049 5230 3132 5294 ab
3170 5231 3446 5295 infideli-

1957 5327 2099 5403 buS,
2132 5335 2442 5411 quantum
2485 5328 2564 5391 ad
2607 5336 2786 5391 actus
2829 5328 3194 5412 spirituales
3230 5330 3344 5415 qui
3371 5331 3450 5396 fi-
