4267 6250
494 2818 578 2860 nrt.
600 2819 641 2860 8.

434 4984 635 5042 0141327
647 4985 694 5030 Β.

737 447 860 513 328

1391 465 1456 513 m
1494 465 1718 512 unam!
1759 465 1820 512 tv
1861 463 2346 522 SENTENTIARUH.
2386 481 2467 512 -.·
2504 463 2669 511 msr..
2704 463 2835 526 xl13
2875 462 3101 520 QUAEST.
3142 463 3187 511 11

736 636 998 700 alterius
1028 636 1287 720 speciei,
1306 635 1544 698 faceret
1571 633 1763 697 aliam
1793 632 2060 716 liquoris
2091 651 2231 715 spe·
2262 631 2312 694 A
2344 651 2464 696 mae
2502 631 2628 696 illae
2670 631 3091 695 accidentales
3134 629 3416 694 finaliter
3456 637 3851 694 convertun-

736 736 903 798 ciem
961 737 1274 815 mediam;
1333 733 1386 796 si
1444 740 1658 795 autem
1716 739 1884 794 esset
1939 731 2231 812 ejusdem

735 834 996 916 speciei,
1028 834 1252 897 vinum
1283 832 1521 895 faceret
1551 831 1724 894 aliud
1758 830 1980 893 vinum
2006 848 2230 892 secun-

733 932 887 994 dum
918 951 1282 1006 numerum,
1317 931 1594 994 maxime
1622 936 1934 1012 quantum
1962 927 2039 990 ad
2071 928 2232 990 acci-

730 1030 962 1093 dentia.
998 1031 1187 1093 Porro
1217 1029 1272 1092 si
1303 1029 1513 1111 liquor
1549 1026 1800 1090 additus
1839 1034 2008 1089 esset
2036 1045 2233 1108 quan-

728 1128 927 1192 titatis
977 1128 1265 1203 minoriS,
1307 1144 1435 1190 non
1483 1133 1696 1209 posset
1745 1125 2103 1207 pertingere
2150 1124 2228 1186 ad

730 1245 955 1290 omnes
985 1226 1416 1290 dimensiones
1444 1225 1642 1287 totius
1673 1223 1829 1298 vini,
1863 1223 1972 1286 sed
2011 1223 2087 1285 ad
2117 1222 2229 1285 ali-

732 1345 913 1408 quas,
955 1332 1020 1388 01
1065 1324 1207 1388 illas
1256 1324 1624 1387 immutaret
1664 1321 1861 1385 altero
1910 1321 2225 1384 dictorum

735 1424 1094 1498 modorum,
1116 1429 1180 1486 et
1207 1422 1371 1486 forte
1403 1421 1847 1483 immutaretur
1873 1420 2228 1483 secundum

733 1522 1038 1604 speciem,
1071 1522 1124 1584 si
1167 1528 1336 1585 esset
1379 1520 1641 1582 alterius
1683 1519 1939 1602 speciei.
1975 1519 2231 1583 Constat

737 1621 913 1695 item,
947 1620 1115 1703 quod
1158 1620 1225 1682 in
1262 1619 1382 1683 1100
1421 1625 1817 1681 sacramento
1847 1635 1974 1680 non
2014 1624 2231 1680 manet

734 1737 966 1802 corpus
1018 1717 1249 1782 Christi
1294 1717 1418 1780 nisi
1464 1716 1771 1799 quamdiu
1813 1716 2061 1799 species
2104 1715 2229 1780 inae

2343 736 2448 792 tur
2506 731 2572 793 in
2630 731 2889 794 eosdem
2948 731 3249 794 humores
3307 729 3375 791 in
3430 747 3592 812 quos
3649 729 3855 792 fieret

2342 829 2735 904 substantiae,
2774 830 2827 892 si
2874 830 3143 904 adesset,
3184 827 3535 892 conversio.
3568 863 3650 873 —
3678 827 3849 891 Con-

2344 929 2561 991 cordat
2602 927 2970 992 Richardus.

2422 1025 2502 1089 At
2548 1044 2698 1090 vero
2744 1027 3187 1090 Bonaventura
3236 1043 3249 1088 :
3300 1025 3515 1108 Aliqui
3570 1025 3848 1108 (inquit)

2343 1125 2584 1200 dicunt,
2617 1126 2786 1208 quod
2825 1125 3179 1189 accidentia
3216 1124 3327 1187 illa
3364 1142 3491 1188 non
3534 1123 3849 1186 reficiunt

2343 1224 2703 1299 nutriendo,
2752 1243 2871 1288 nec
2916 1223 2982 1286 in
3032 1223 3407 1286 alimentum
3458 1230 3844 1286 convertun-

2340 1330 2466 1396 tur,
2501 1323 2653 1405 quia
2695 1342 2813 1386 nec
2852 1322 3207 1386 accidentia
3250 1329 3517 1405 possunt
3558 1322 3643 1384 ita
3684 1339 3841 1384 con-

2340 1421 2539 1500 verti3
2572 1427 2848 1484 attamen
2886 1428 3102 1502 agunt,
3134 1439 3347 1484 aerem
3385 1439 3459 1482 ac
3498 1419 3841 1482 cerebrum

2340 1519 2755 1583 immutando.
2790 1519 2966 1582 Unde
2998 1519 3181 1582 multi
3212 1518 3609 1582 inebriantur
3635 1537 3713 1580 ex
3746 1518 3841 1580 vi-

2340 1617 2406 1680 ni
2434 1619 2647 1681 odore.
2678 1653 2760 1663 —
2788 1617 2909 1681 Sed
2940 1618 3241 1700 quoniam
3282 1636 3361 1680 ex
3390 1616 3841 1681 combustione

2339 1716 2560 1780 hostiae
2603 1717 2849 1780 cineres
2893 1724 3298 1799 generantur,
3328 1723 3394 1779 01
3434 1735 3513 1780 ex
3557 1715 3843 1799 putrefa-

733 1825 996 1880 manent
1023 1817 1263 1881 eaedem
1293 1833 1581 1879 numero.
1615 1816 1761 1878 Ideo
1789 1815 1840 1877 si
1871 1823 2231 1897 apponatur
2262 1813 2309 1874 B
2340 1815 2549 1879 ctione
2594 1836 2863 1888 vermes,
2898 1815 3299 1879 communior
3342 1823 3543 1878 exstat
3588 1814 3837 1898 opini0,

732 1935 966 1999 parvus
1017 1915 1247 1998 liquor,
1281 1922 1649 1996 corrumpet
1697 1920 1942 1996 partem
1991 1913 2231 1994 specie·

727 2033 895 2088 rum,
927 2021 993 2076 01
1021 2012 1141 2076 sub
1183 2012 1290 2074 illa
1330 2020 1508 2095 parte
1546 2010 1796 2075 desinet
1827 2029 1966 2074 esse
1996 2029 2228 2093 corpus

726 2111 998 2176 Christi:
1033 2130 1160 2174 11011
1191 2111 1366 2174 0111111
1398 2108 1728 2193 probabile
1759 2117 1875 2183 est,
1900 2110 2070 2190 quod
2101 2128 2229 2172 una

723 2217 900 2292 gutta
928 2229 1108 2292 aquae
1148 2227 1263 2291 per
1300 2216 1504 2271 totum
1547 2207 1860 2290 scyphum
1904 2206 2227 2270 diffunda-

724 2314 843 2370 tur.
863 2309 927 2372 Si
958 2315 1169 2370 autem
1203 2307 1270 2369 in
1301 2325 1528 2388 magna
1557 2305 1909 2388 quantitate
1935 2305 2223 2380 addatur,

725 2413 1093 2488 corrumpet
1142 2405 1387 2488 species
1436 2404 1788 2467 secundum
1838 2409 2064 2478 totum,
2105 2404 2224 2466 sic-

725 2524 850 2590 que
889 2506 1166 2570 totaliter
1195 2505 1443 2568 desinet
1483 2503 1574 2567 ibi
1603 2522 1742 2567 esse
1783 2520 2014 2586 corpus
2048 2503 2223 2566 Chri-

725 2605 825 2668 sti.
859 2640 941 2650 —
970 2605 1114 2668 Haec
1155 2603 1425 2667 Thomas
1470 2602 1535 2666 in
1578 2602 1846 2685 Scripto.

807 2702 1042 2766 Eadem
1071 2701 1296 2766 scribit
1324 2701 1393 2764 in
1422 2701 1610 2764 tertia
1639 2709 1839 2783 parte,
1873 2700 2223 2784 quaestione

725 2801 1194 2884 septuagesima
1241 2800 1514 2882 septima
1559 2817 1573 2861 :
1623 2798 1734 2861 ubi
1783 2806 1846 2861 et
1893 2806 2068 2862 tenet
2107 2816 2224 2881 pro

725 2898 1140 2982 probabiliori
1191 2915 1518 2981 responso,
1568 2897 1737 2980 quod
1795 2897 1963 2959 sicut
2008 2897 2227 2959 divina

2338 1914 2506 1996 quod
2567 1915 2929 1998 percipiens
2988 1922 3457 1977 sacramentum
3511 1913 3702 1976 alitur
3758 1933 3841 1976 ac

2338 2013 2653 2075 nutritur:
2679 2015 2848 2096 quod
2878 2013 3031 2076 satis
3062 2020 3233 2095 patet
3261 2014 3338 2076 ad
3376 2032 3657 2087 sensum,
3681 2030 3845 2095 quo·

2336 2111 2510 2172 niam
2541 2110 2769 2174 bibens
2800 2112 3021 2175 vinum
3054 2119 3515 2186 consecratum,
3530 2111 3703 2173 sitim
3734 2131 3847 2174 ex-

2334 2208 2603 2290 stinguit
2632 2209 2699 2272 in
2729 2228 2820 2285 se,
2838 2211 2892 2272 si
2924 2210 3113 2273 sitiat.
3140 2210 3475 2292 Quumque
3504 2210 3836 2291 objicitur,

2334 2309 2503 2390 quod
2533 2308 2910 2371 alimentum
2941 2316 3039 2371 est
3063 2308 3437 2384 substantia,
3460 2309 3843 2372 diversimo-

2334 2407 2412 2470 de
2444 2408 2880 2490 respondetur.
2915 2407 3130 2491 Aliqui
3170 2409 3344 2472 enim
3383 2408 3627 2483 dicunt,
3659 2410 3838 2491 quod

2333 2504 2563 2569 virtute
2594 2507 3055 2588 supernaturali
3085 2507 3439 2570 accidentia
3467 2515 3843 2571 convertun-

2334 2609 2439 2664 tur
2484 2603 2550 2665 in
2600 2602 3040 2666 substantiam.
3088 2604 3331 2686 Nempe
3382 2604 3491 2687 qui
3540 2605 3839 2688 omnipo-

2332 2700 2493 2763 tenti
2524 2719 2639 2763 sua
2668 2701 2903 2764 virtute
2933 2709 3141 2784 potest
3168 2702 3525 2766 accidentia
3554 2703 3664 2765 illa
3693 2722 3837 2766 sus-

2332 2805 2576 2862 tentare
2636 2798 2775 2862 sine
2834 2798 3118 2874 materia,
3172 2808 3380 2882 potest
3434 2800 3655 2863 eadem
3716 2821 3839 2865 sua

2333 2897 2568 2960 virtute
2616 2899 2681 2960 in
2730 2897 3151 2962 substantiam
3200 2919 3276 2962 ca
3322 2909 3713 2976 convertere,
3764 2902 3837 2965 in

724 2997 962 3060 virtute
1005 2996 1330 3060 confertur
1373 2997 1709 3078 quantitati
1754 3014 1869 3078 per
1911 3014 1978 3057 30
2021 2994 2225 3058 subsi-
2257 2997 2301 3062 C
2334 3016 2525 3078 quam
2559 3004 3035 3060 converteretur
3065 2997 3246 3080 panis
3276 2998 3621 3062 substantia
3648 2999 3701 3063 si
3732 3001 3844 3062 ad-

725 3103 913 3171 stere‚
954 3103 1016 3159 et
1064 3093 1208 3158 aliis
1255 3093 1759 3158 accidentalibus
1801 3093 2028 3157 formis
2075 3093 2223 3157 sub-

727 3202 914 3269 stare,
949 3194 1036 3257 ita
1066 3202 1131 3256 et
1157 3193 1366 3256 vicem
1399 3192 1699 3276 supplere
1737 3192 2106 3257 substantiae
2134 3201 2224 3256 at-

724 3312 848 3376 que
876 3292 1153 3357 materiae
1184 3292 1248 3354 in
1278 3292 1394 3355 hoc
1424 3293 1593 3374 quod
1622 3292 1860 3375 aliquid
1888 3300 2225 3373 generetur

727 3410 804 3453 ex
834 3390 1256 3466 dimensione,
1290 3398 1354 3453 et
1383 3389 1700 3452 nutriatur
1729 3409 1806 3452 ex
1844 3408 1920 3452 ea
1952 3408 2067 3473 per
2095 3407 2227 3453 mo·

728 3491 881 3552 dum
915 3496 1306 3571 praetactum.
1340 3524 1422 3534 —
1448 3488 1622 3551 Idem
1653 3496 1826 3551 tenet
1866 3487 1931 3551 in
1962 3489 2227 3552 Summa

658 3633 671 3645 .
729 3596 950 3652 contra
975 3588 1268 3670 gentileS,
1303 3586 1466 3651 libro
1506 3594 1771 3669 quart03
1805 3594 1868 3650 et
1896 3607 2038 3670 quae
2071 3588 2226 3650 scri-

728 3687 823 3751 bit
865 3686 977 3762 ibi,
1008 3687 1139 3767 jam
1185 3686 1646 3750 sententialiter
1687 3694 1836 3748 sunt
1876 3686 2154 3748 inducta.

805 3784 1154 3869 Responsio
1196 3786 1458 3848 demum
1499 3782 1742 3846 Alberti
1784 3792 2090 3847 consonat
2135 3802 2228 3846 re-

727 3884 1056 3968 sponsioni
1113 3882 1368 3947 Thomae
1426 3883 1492 3945 in
1550 3882 1798 3965 Scripto
1851 3900 1865 3944 :
1917 3882 2047 3963 Ego
2101 3882 2226 3963 (in-

727 3984 895 4067 quit)
924 3982 1084 4045 nulli
1116 3981 1476 4065 praejudico.
1491 3980 1756 4055 Quidam
1786 3981 1958 4044 enim
1989 3981 2223 4055 dicunt,

728 4082 899 4166 quod
938 4080 1007 4144 in
1050 4081 1318 4143 transitu
1363 4080 1725 4163 specierum
1769 4080 1836 4143 in
1883 4079 2029 4156 alia,
2063 4079 2228 4143 redit

2334 3103 2519 3159 esset.
2556 3095 2633 3158 Et
2678 3097 2798 3161 hoc
2842 3096 3067 3160 dicunt
3106 3097 3316 3180 ipsum
3363 3107 3839 3163 sacramentum

2334 3195 2608 3277 exigere,
2642 3214 2721 3258 ne
2752 3196 3285 3278 deprehendatur,
3309 3206 3374 3260 et
3402 3216 3481 3260 ne
3510 3196 3672 3261 fides
3706 3218 3839 3261 me-

2336 3293 2459 3357 rito
2489 3311 2605 3356 suo
2646 3292 2949 3375 privetur.
2984 3293 3109 3357 Alii
3140 3296 3381 3371 dicunt,
3413 3297 3582 3378 quod
3613 3297 3839 3360 divina

2334 3392 2570 3455 virtute
2613 3392 2776 3455 redit
2814 3392 3167 3456 substantia
3196 3394 3400 3476 paniS,
3431 3396 3687 3478 quando
3723 3397 3837 3459 de-

2336 3490 2697 3553 sinentibus
2738 3498 2803 3553 01
2844 3492 3160 3574 corruptis
3202 3492 3564 3573 speciebuS‚
3595 3493 3840 3556 desinit

2338 3588 2427 3651 ibi
2466 3608 2604 3651 esse
2648 3597 3135 3652 sacramentum.
3172 3590 3246 3651 Et
3288 3591 3409 3653 hoc
3451 3590 3608 3654 dicit
3645 3593 3835 3656 Inno-

2337 3688 2584 3751 centius
2625 3687 2692 3750 in
2738 3688 2902 3751 libro
2939 3688 3017 3751 de
3064 3688 3523 3753 Ecclesiasticis
3565 3690 3831 3755 officiis.

2335 3787 2507 3849 Hanc
2548 3786 2929 3868 positionem
2968 3787 3157 3851 credo
3195 3788 3592 3871 probabilem
3634 3796 3699 3852 et
3736 3808 3840 3853 se-

2336 3904 2577 3959 curam,
2613 3885 2888 3948 maxime
2926 3885 3230 3968 quoniam
3268 3887 3425 3952 tanti
3456 3888 3579 3950 viri
3618 3897 3839 3953 aucto-

2338 3984 2521 4046 ritate
2563 3982 2843 4046 fulcitur.
2880 3984 3073 4047 Caute
3110 3992 3323 4047 tamen
3356 3987 3839 4067 procedendum

2335 4090 2433 4145 est
2470 4081 2597 4157 hic,
2639 4082 2790 4165 quia
2828 4082 2896 4144 in
2940 4083 3061 4146 hoc
3101 4092 3417 4147 secretum
3460 4084 3617 4148 fidei
3658 4086 3837 4161 latet,

727 4180 1084 4243 substantia
1126 4179 1334 4261 prima
1381 4176 1740 4261 specierum
1793 4178 2066 4241 illarum.
2099 4177 2224 4240 Alii
2256 4178 2308 4242 D
2336 4188 2399 4244 et
2441 4182 2652 4244 Sancti
2696 4198 2823 4244 non
2871 4182 3143 4244 multum
3193 4182 3540 4265 loquuntur
3580 4185 3659 4247 de
3707 4185 3833 4249 his.

728 4279 971 4352 dicunt,
1024 4278 1192 4359 quod
1242 4277 1411 4339 sicut
1457 4276 1704 4358 species
1753 4284 1902 4338 sunt
1951 4276 2040 4338 ibi
2085 4278 2224 4340 31110

728 4376 1082 4440 substantia
1112 4375 1294 4458 quasi
1330 4375 1397 4437 in
1434 4382 1578 4437 actu
1620 4374 2011 4449 substantiae,
2046 4376 2132 4438 ita
2163 4376 2230 4438 in

727 4474 1069 4537 nutriendo
1131 4473 1369 4536 habent
1425 4473 1794 4537 substantiae
1856 4481 2088 4537 actum.
2152 4475 2230 4537 Et

727 4580 1075 4655 utrumque
1121 4571 1272 4635 satis
1321 4590 1598 4654 congrue
1654 4572 1782 4636 dici
1831 4580 2057 4656 potest.
2107 4574 2225 4636 Ve-

725 4678 1074 4734 rumtamen
1104 4669 1398 4734 accidens
1428 4670 1533 4733 hic
1562 4671 1629 4733 in
1659 4671 2070 4734 substantiam
2099 4689 2223 4735 non

729 4776 1030 4832 mutatur.
1065 4805 1146 4817 —
1173 4769 1316 4833 Haec
1345 4769 1661 4833 Albertus.
1699 4769 1894 4851 Cujus
1925 4770 2046 4833 1100
2077 4770 2223 4832 ulti-

727 4888 906 4933 mum
937 4869 1205 4933 verbum
1237 4886 1364 4932 non
1393 4868 1646 4932 videtur
1671 4870 2046 4933 concordare
2073 4870 2223 4932 Tho-

727 4989 867 5042 mae‚
900 4968 1138 5031 dicenti
1176 4969 1349 5051 quod
1392 4969 1710 5051 quantitas
1753 4987 1866 5031 seu
1905 4968 2223 5033 dimensio

724 5069 802 5132 fit
841 5068 1059 5131 divina
1100 5067 1335 5130 virtute
1379 5067 1642 5130 materia
1682 5067 2163 5131 dimensionata.

802 5168 1020 5230 Petrus
1081 5166 1146 5227 in
1203 5165 1504 5229 omnibus
1561 5166 1662 5229 his
1719 5166 2011 5248 sequitur
2065 5167 2222 5230 Tho-

722 5285 916 5342 mam,
957 5272 1021 5329 et
1059 5263 1454 5347 probabilius
1493 5264 1836 5327 arbitratur
1881 5266 2053 5347 quod
2099 5264 2221 5329 for-

2336 4281 2413 4343 Et
2459 4281 2604 4362 quis
2647 4281 2789 4355 scit,
2821 4299 2904 4343 an
2946 4282 3111 4343 Deus
3160 4280 3351 4344 saciat
3396 4282 3489 4345 sic
3537 4292 3644 4345 aut
3692 4284 3838 4347 3102

2334 4380 2461 4443 Νο0
2521 4379 2773 4443 videtur
2829 4380 3093 4443 omnino
3154 4380 3598 4462 improbabile,
3658 4385 3835 4465 quod

2334 4479 2590 4561 aliquod
2620 4478 2915 4541 accidens
2946 4479 3013 4541 in
3052 4478 3471 4543 substantiam
3506 4488 3835 4545 converta-

2333 4585 2457 4651 tur,
2493 4597 2691 4660 quum
2731 4576 2949 4640 divina
2978 4577 3213 4640 virtute
3251 4597 3366 4661 per
3394 4598 3463 4642 se
3501 4580 3829 4643 subsistat.

2334 4676 2436 4739 Sic
2468 4696 2585 4739 nec
2628 4675 3051 4758 improbabile
3090 4684 3442 4759 reputatur,
3476 4678 3631 4760 quin
3661 4679 3835 4742 sicut

2332 4772 2687 4837 substantia
2716 4774 2899 4856 panis
2932 4774 2996 4835 in
3029 4791 3261 4855 corpus
3292 4774 3523 4838 Christi
3555 4776 3833 4839 miracu-

2334 4872 2464 4935 lose
2513 4872 2925 4947 convertitur,
2969 4872 3055 4935 ita
3102 4878 3167 4934 et
3215 4881 3583 4936 revertatur.
3619 4874 3831 4949 Quum

2332 4969 2504 5032 enim
2536 4970 2601 5032 in
2634 4970 3048 5034 conversione
3077 4970 3447 5035 substantiae
3478 4972 3659 5054 panis
3694 4990 3831 5036 cor-

2331 5086 2452 5149 pus
2510 5067 2741 5131 Christi
2808 5085 2933 5131 non
2992 5076 3332 5149 generetur
3386 5088 3504 5132 nec
3564 5070 3697 5143 fiat,
3760 5079 3831 5134 et

2330 5174 2539 5230 tamen
2600 5166 2720 5230 sub
2777 5167 3114 5249 speciebus
3175 5167 3304 5230 illis
3360 5186 3500 5232 esse
3560 5170 3831 5251 incipiat

2328 5284 2559 5349 corpus
2604 5266 2857 5340 Christi,
2891 5266 3035 5349 quis
3078 5266 3307 5329 audeat
3351 5268 3471 5331 hoc
3516 5276 3823 5351 tauquam
