<?xml version="1.0" encoding="UTF-8"?>
<!DOCTYPE html PUBLIC "-//W3C//DTD XHTML 1.0 Transitional//EN"
    "http://www.w3.org/TR/xhtml1/DTD/xhtml1-transitional.dtd">
<html xmlns="http://www.w3.org/1999/xhtml" xml:lang="en" lang="en">
 <head>
  <title>
</title>
<meta http-equiv="Content-Type" content="text/html;charset=utf-8" />
  <meta name='ocr-system' content='tesseract 3.04.00' />
  <meta name='ocr-capabilities' content='ocr_page ocr_carea ocr_par ocr_line ocrx_word'/>
</head>
<body>
  <div class='ocr_page' id='page_1' title='image "./doctorisecstati04unkngoog_0271.png"; bbox 0 0 4267 6250; ppageno 0'>
   <div class='ocr_carea' id='block_1_1' title="bbox 124 1168 262 1210">
    <p class='ocr_par' dir='ltr' id='par_1_1' title="bbox 124 1168 262 1210">
     <span class='ocr_line' id='line_1_1' title="bbox 124 1168 262 1210; baseline -0.007 -1"><span class='ocrx_word' id='word_1_1' title='bbox 124 1168 214 1210; x_wconf 69' lang='lat' dir='ltr'><strong>iser.</strong></span> <span class='ocrx_word' id='word_1_2' title='bbox 229 1180 262 1208; x_wconf 75' lang='grc' dir='ltr'><strong>ιι</strong></span> 
     </span>
    </p>
   </div>
   <div class='ocr_carea' id='block_1_2' title="bbox 531 471 3377 548">
    <p class='ocr_par' dir='ltr' id='par_1_2' title="bbox 531 471 3377 548">
     <span class='ocr_line' id='line_1_2' title="bbox 531 471 3377 548; baseline -0.001 -10"><span class='ocrx_word' id='word_1_3' title='bbox 531 491 734 538; x_wconf 74' lang='lat' dir='ltr'><strong>mm!</strong></span> <span class='ocrx_word' id='word_1_4' title='bbox 776 492 842 538; x_wconf 77' lang='lat' dir='ltr'><strong>m</strong></span> <span class='ocrx_word' id='word_1_5' title='bbox 881 491 1103 540; x_wconf 63' lang='lat' dir='ltr'><strong>aesna</strong></span> <span class='ocrx_word' id='word_1_6' title='bbox 1144 489 1369 538; x_wconf 77' lang='lat' dir='ltr'><strong>CORPUS</strong></span> <span class='ocrx_word' id='word_1_7' title='bbox 1411 489 1487 536; x_wconf 76' lang='lat' dir='ltr'><strong>m·</strong></span> <span class='ocrx_word' id='word_1_8' title='bbox 1527 489 1786 536; x_wconf 73' lang='lat' dir='ltr'><strong>SANGms</strong></span> <span class='ocrx_word' id='word_1_9' title='bbox 1827 488 2064 536; x_wconf 69' lang='lat' dir='ltr'><strong>misr!</strong></span> <span class='ocrx_word' id='word_1_10' title='bbox 2103 489 2405 537; x_wconf 65' lang='lat' dir='ltr'><strong>nummu</strong></span> <span class='ocrx_word' id='word_1_11' title='bbox 2446 488 2929 548; x_wconf 70' lang='lat' dir='ltr'><strong>coNTmnANTUR,</strong></span> <span class='ocrx_word' id='word_1_12' title='bbox 2970 488 3098 536; x_wconf 68' lang='lat' dir='ltr'><strong>uc.</strong></span> <span class='ocrx_word' id='word_1_13' title='bbox 3256 471 3377 535; x_wconf 70' lang='lat'><strong>255</strong></span> 
     </span>
    </p>
   </div>
   <div class='ocr_carea' id='block_1_3' title="bbox 299 657 3377 745">
    <p class='ocr_par' dir='ltr' id='par_1_3' title="bbox 299 657 3377 745">
     <span class='ocr_line' id='line_1_3' title="bbox 299 657 3377 745; baseline -0.001 -20"><span class='ocrx_word' id='word_1_14' title='bbox 299 671 453 725; x_wconf 86' lang='lat' dir='ltr'><strong>ctum</strong></span> <span class='ocrx_word' id='word_1_15' title='bbox 493 661 577 724; x_wconf 91' lang='lat' dir='ltr'><strong>sit</strong></span> <span class='ocrx_word' id='word_1_16' title='bbox 615 661 872 745; x_wconf 79' lang='lat' dir='ltr'><strong>proprie</strong></span> <span class='ocrx_word' id='word_1_17' title='bbox 910 681 992 724; x_wconf 89' lang='lat' dir='ltr'><strong>an</strong></span> <span class='ocrx_word' id='word_1_18' title='bbox 1033 660 1394 743; x_wconf 81' lang='lat' dir='ltr'><strong>figurative,</strong></span> <span class='ocrx_word' id='word_1_19' title='bbox 1429 678 1770 743; x_wconf 77' lang='lat' dir='ltr'>pensamus</span> <span class='ocrx_word' id='word_1_20' title='bbox 1797 657 1850 722; x_wconf 89' lang='lat' dir='ltr'>A</span> <span class='ocrx_word' id='word_1_21' title='bbox 1881 658 2062 721; x_wconf 89' lang='lat' dir='ltr'><strong>Nunc</strong></span> <span class='ocrx_word' id='word_1_22' title='bbox 2090 665 2304 722; x_wconf 91' lang='lat' dir='ltr'><strong>autem</strong></span> <span class='ocrx_word' id='word_1_23' title='bbox 2336 659 3045 743; x_wconf 90' lang='lat' dir='ltr'><strong>videndum,quomodo</strong></span> <span class='ocrx_word' id='word_1_24' title='bbox 3072 659 3377 744; x_wconf 91' lang='lat' dir='ltr'><strong>possibile</strong></span> 
     </span>
    </p>
   </div>
   <div class='ocr_carea' id='block_1_4' title="bbox 221 759 1773 843">
    <p class='ocr_par' dir='ltr' id='par_1_4' title="bbox 221 759 1773 843">
     <span class='ocr_line' id='line_1_4' title="bbox 221 759 1773 843; baseline 0.001 -25"><span class='ocrx_word' id='word_1_25' title='bbox 221 790 277 826; x_wconf 66' lang='lat' dir='ltr'><strong>u.</strong></span> <span class='ocrx_word' id='word_1_26' title='bbox 299 761 450 843; x_wconf 88' lang='lat' dir='ltr'><strong>quod</strong></span> <span class='ocrx_word' id='word_1_27' title='bbox 493 760 805 842; x_wconf 88' lang='lat' dir='ltr'><strong>sequitur,</strong></span> <span class='ocrx_word' id='word_1_28' title='bbox 855 760 932 823; x_wconf 89' lang='lat' dir='ltr'><strong>Et</strong></span> <span class='ocrx_word' id='word_1_29' title='bbox 978 777 1090 822; x_wconf 92' lang='lat' dir='ltr'><strong>vos</strong></span> <span class='ocrx_word' id='word_1_30' title='bbox 1139 759 1454 843; x_wconf 79' lang='lat' dir='ltr'><strong>palmites,</strong></span> <span class='ocrx_word' id='word_1_31' title='bbox 1507 759 1584 821; x_wconf 87' lang='lat' dir='ltr'><strong>Et</strong></span> <span class='ocrx_word' id='word_1_32' title='bbox 1628 775 1773 820; x_wconf 90' lang='lat' dir='ltr'><strong>con·</strong></span> 
     </span>
    </p>
   </div>
   <div class='ocr_carea' id='block_1_5' title="bbox 300 856 1772 1138">
    <p class='ocr_par' dir='ltr' id='par_1_5' title="bbox 300 856 1772 1138">
     <span class='ocr_line' id='line_1_5' title="bbox 300 856 1772 942; baseline -0.002 -21"><span class='ocrx_word' id='word_1_33' title='bbox 300 867 426 932; x_wconf 84' lang='lat' dir='ltr'><strong>stat,</strong></span> <span class='ocrx_word' id='word_1_34' title='bbox 455 859 624 942; x_wconf 88' lang='lat' dir='ltr'><strong>quod</strong></span> <span class='ocrx_word' id='word_1_35' title='bbox 651 859 939 941; x_wconf 83' lang='lat' dir='ltr'><strong>Apostoli</strong></span> <span class='ocrx_word' id='word_1_36' title='bbox 969 876 1098 922; x_wconf 87' lang='lat' dir='ltr'><strong>non</strong></span> <span class='ocrx_word' id='word_1_37' title='bbox 1127 865 1310 921; x_wconf 88' lang='lat' dir='ltr'><strong>erant</strong></span> <span class='ocrx_word' id='word_1_38' title='bbox 1346 857 1604 941; x_wconf 89' lang='lat' dir='ltr'><strong>proprie</strong></span> <span class='ocrx_word' id='word_1_39' title='bbox 1640 856 1772 940; x_wconf 88' lang='lat' dir='ltr'><strong>pal-</strong></span> 
     </span>
     <span class='ocr_line' id='line_1_6' title="bbox 301 954 1770 1040; baseline -0.001 -20"><span class='ocrx_word' id='word_1_40' title='bbox 301 958 466 1020; x_wconf 86' lang='lat' dir='ltr'><strong>mites</strong></span> <span class='ocrx_word' id='word_1_41' title='bbox 497 975 514 1020; x_wconf 74' lang='grc' dir='ltr'><strong><em>ε</em></strong></span> <span class='ocrx_word' id='word_1_42' title='bbox 544 976 700 1040; x_wconf 84' lang='lat' dir='ltr'><strong>ergo</strong></span> <span class='ocrx_word' id='word_1_43' title='bbox 727 975 845 1020; x_wconf 90' lang='lat' dir='ltr'><strong>nec</strong></span> <span class='ocrx_word' id='word_1_44' title='bbox 875 956 1162 1020; x_wconf 89' lang='lat' dir='ltr'><strong>Christus</strong></span> <span class='ocrx_word' id='word_1_45' title='bbox 1196 954 1320 1019; x_wconf 92' lang='lat' dir='ltr'><strong>fuit</strong></span> <span class='ocrx_word' id='word_1_46' title='bbox 1349 955 1626 1040; x_wconf 85' lang='lat' dir='ltr'><strong>proprie,</strong></span> <span class='ocrx_word' id='word_1_47' title='bbox 1659 955 1770 1018; x_wconf 91' lang='lat' dir='ltr'><strong>sed</strong></span> 
     </span>
     <span class='ocr_line' id='line_1_7' title="bbox 301 1054 1770 1138; baseline -0.001 -20"><span class='ocrx_word' id='word_1_48' title='bbox 301 1056 708 1138; x_wconf 74' lang='lat' dir='ltr'><strong>metaphorice</strong></span> <span class='ocrx_word' id='word_1_49' title='bbox 751 1055 918 1118; x_wconf 89' lang='lat' dir='ltr'><strong>vitis.</strong></span> <span class='ocrx_word' id='word_1_50' title='bbox 961 1055 1066 1118; x_wconf 91' lang='lat' dir='ltr'><strong>Sic</strong></span> <span class='ocrx_word' id='word_1_51' title='bbox 1115 1055 1178 1118; x_wconf 90' lang='lat' dir='ltr'><strong>in</strong></span> <span class='ocrx_word' id='word_1_52' title='bbox 1227 1055 1554 1138; x_wconf 90' lang='lat' dir='ltr'><strong>proposito</strong></span> <span class='ocrx_word' id='word_1_53' title='bbox 1595 1054 1770 1117; x_wconf 88' lang='lat' dir='ltr'><strong>Chri-</strong></span> 
     </span>
    </p>
   </div>
   <div class='ocr_carea' id='block_1_6' title="bbox 265 1153 1771 1237">
    <p class='ocr_par' dir='ltr' id='par_1_6' title="bbox 265 1153 1771 1237">
     <span class='ocr_line' id='line_1_8' title="bbox 265 1153 1771 1237; baseline -0.001 -21"><span class='ocrx_word' id='word_1_54' title='bbox 265 1163 418 1218; x_wconf 86' lang='lat' dir='ltr'><strong>.stus</strong></span> <span class='ocrx_word' id='word_1_55' title='bbox 451 1155 632 1228; x_wconf 83' lang='lat' dir='ltr'><strong>dixit,</strong></span> <span class='ocrx_word' id='word_1_56' title='bbox 663 1154 794 1218; x_wconf 83' lang='lat' dir='ltr'><strong>Hoc</strong></span> <span class='ocrx_word' id='word_1_57' title='bbox 830 1162 928 1216; x_wconf 92' lang='lat' dir='ltr'><strong>est</strong></span> <span class='ocrx_word' id='word_1_58' title='bbox 955 1171 1190 1237; x_wconf 90' lang='lat' dir='ltr'><strong>corpus</strong></span> <span class='ocrx_word' id='word_1_59' title='bbox 1229 1171 1484 1232; x_wconf 89' lang='lat' dir='ltr'><strong>meum;</strong></span> <span class='ocrx_word' id='word_1_60' title='bbox 1522 1161 1586 1215; x_wconf 89' lang='lat' dir='ltr'><strong>et</strong></span> <span class='ocrx_word' id='word_1_61' title='bbox 1623 1153 1771 1215; x_wconf 91' lang='lat' dir='ltr'><strong>sub-</strong></span> 
     </span>
    </p>
   </div>
   <div class='ocr_carea' id='block_1_7' title="bbox 296 1252 1774 1817">
    <p class='ocr_par' dir='ltr' id='par_1_7' title="bbox 296 1252 1774 1817">
     <span class='ocr_line' id='line_1_9' title="bbox 296 1252 1770 1336; baseline -0.001 -21"><span class='ocrx_word' id='word_1_62' title='bbox 296 1253 508 1334; x_wconf 85' lang='lat' dir='ltr'><strong>junxit,</strong></span> <span class='ocrx_word' id='word_1_63' title='bbox 533 1253 714 1327; x_wconf 85' lang='lat' dir='ltr'><strong>Quod</strong></span> <span class='ocrx_word' id='word_1_64' title='bbox 743 1271 860 1336; x_wconf 91' lang='lat' dir='ltr'><strong>pro</strong></span> <span class='ocrx_word' id='word_1_65' title='bbox 887 1252 1070 1316; x_wconf 91' lang='lat' dir='ltr'><strong>vobis</strong></span> <span class='ocrx_word' id='word_1_66' title='bbox 1101 1252 1400 1316; x_wconf 88' lang='lat' dir='ltr'><strong>tradetur.</strong></span> <span class='ocrx_word' id='word_1_67' title='bbox 1435 1253 1770 1334; x_wconf 89' lang='lat' dir='ltr'><strong>Quumque</strong></span> 
     </span>
     <span class='ocr_line' id='line_1_10' title="bbox 299 1348 1774 1432; baseline -0.001 -22"><span class='ocrx_word' id='word_1_68' title='bbox 299 1369 500 1412; x_wconf 78' lang='lat' dir='ltr'><strong>verum</strong></span> <span class='ocrx_word' id='word_1_69' title='bbox 535 1357 602 1412; x_wconf 90' lang='lat' dir='ltr'><strong>et</strong></span> <span class='ocrx_word' id='word_1_70' title='bbox 641 1350 810 1412; x_wconf 88' lang='lat' dir='ltr'><strong>reale</strong></span> <span class='ocrx_word' id='word_1_71' title='bbox 853 1367 1084 1431; x_wconf 88' lang='lat' dir='ltr'><strong>corpus</strong></span> <span class='ocrx_word' id='word_1_72' title='bbox 1123 1349 1264 1429; x_wconf 90' lang='lat' dir='ltr'><strong>ejus</strong></span> <span class='ocrx_word' id='word_1_73' title='bbox 1307 1366 1424 1432; x_wconf 90' lang='lat' dir='ltr'><strong>pro</strong></span> <span class='ocrx_word' id='word_1_74' title='bbox 1462 1349 1648 1411; x_wconf 90' lang='lat' dir='ltr'><strong>nobis</strong></span> <span class='ocrx_word' id='word_1_75' title='bbox 1689 1348 1774 1410; x_wconf 88' lang='lat' dir='ltr'><strong>sit</strong></span> 
     </span>
     <span class='ocr_line' id='line_1_11' title="bbox 297 1448 1773 1530; baseline 0 -22"><span class='ocrx_word' id='word_1_76' title='bbox 297 1449 600 1522; x_wconf 89' lang='lat' dir='ltr'><strong>traditum,</strong></span> <span class='ocrx_word' id='word_1_77' title='bbox 633 1455 880 1510; x_wconf 88' lang='lat' dir='ltr'><strong>certum</strong></span> <span class='ocrx_word' id='word_1_78' title='bbox 923 1455 1023 1510; x_wconf 92' lang='lat' dir='ltr'><strong>est</strong></span> <span class='ocrx_word' id='word_1_79' title='bbox 1058 1448 1228 1530; x_wconf 90' lang='lat' dir='ltr'><strong>quod</strong></span> <span class='ocrx_word' id='word_1_80' title='bbox 1267 1448 1348 1510; x_wconf 90' lang='lat' dir='ltr'><strong>de</strong></span> <span class='ocrx_word' id='word_1_81' title='bbox 1375 1464 1528 1510; x_wconf 89' lang='lat' dir='ltr'><strong>vero</strong></span> <span class='ocrx_word' id='word_1_82' title='bbox 1567 1455 1632 1510; x_wconf 89' lang='lat' dir='ltr'><strong>et</strong></span> <span class='ocrx_word' id='word_1_83' title='bbox 1667 1465 1773 1509; x_wconf 89' lang='lat' dir='ltr'><strong>na-</strong></span> 
     </span>
     <span class='ocr_line' id='line_1_12' title="bbox 299 1545 1772 1628; baseline 0 -22"><span class='ocrx_word' id='word_1_84' title='bbox 299 1546 462 1608; x_wconf 85' lang='lat' dir='ltr'><strong>turali</strong></span> <span class='ocrx_word' id='word_1_85' title='bbox 505 1565 621 1609; x_wconf 93' lang='lat' dir='ltr'><strong>suo</strong></span> <span class='ocrx_word' id='word_1_86' title='bbox 662 1563 928 1628; x_wconf 88' lang='lat' dir='ltr'><strong>corpore</strong></span> <span class='ocrx_word' id='word_1_87' title='bbox 965 1546 1144 1608; x_wconf 83' lang='lat' dir='ltr'><strong>dixit.</strong></span> <span class='ocrx_word' id='word_1_88' title='bbox 1177 1545 1306 1608; x_wconf 81' lang='lat' dir='ltr'><strong>Hoc</strong></span> <span class='ocrx_word' id='word_1_89' title='bbox 1350 1563 1500 1626; x_wconf 81' lang='lat' dir='ltr'><strong>ergo</strong></span> <span class='ocrx_word' id='word_1_90' title='bbox 1539 1563 1772 1628; x_wconf 91' lang='lat' dir='ltr'><strong>corpus</strong></span> 
     </span>
     <span class='ocr_line' id='line_1_13' title="bbox 299 1644 1774 1727; baseline 0.001 -21"><span class='ocrx_word' id='word_1_91' title='bbox 299 1664 427 1706; x_wconf 88' lang='lat' dir='ltr'><strong>cum</strong></span> <span class='ocrx_word' id='word_1_92' title='bbox 485 1663 598 1707; x_wconf 89' lang='lat' dir='ltr'><strong>sua</strong></span> <span class='ocrx_word' id='word_1_93' title='bbox 657 1645 1011 1727; x_wconf 88' lang='lat' dir='ltr'><strong>quantitate</strong></span> <span class='ocrx_word' id='word_1_94' title='bbox 1076 1644 1140 1706; x_wconf 88' lang='lat' dir='ltr'><strong>in</strong></span> <span class='ocrx_word' id='word_1_95' title='bbox 1195 1644 1316 1706; x_wconf 93' lang='lat' dir='ltr'><strong>hoc</strong></span> <span class='ocrx_word' id='word_1_96' title='bbox 1378 1651 1774 1707; x_wconf 88' lang='lat' dir='ltr'><strong>sacramento</strong></span> 
     </span>
     <span class='ocr_line' id='line_1_14' title="bbox 299 1741 1773 1817; baseline 0 -13"><span class='ocrx_word' id='word_1_97' title='bbox 299 1743 584 1804; x_wconf 83' lang='lat' dir='ltr'><strong>consistit.</strong></span> <span class='ocrx_word' id='word_1_98' title='bbox 618 1743 920 1817; x_wconf 88' lang='lat' dir='ltr'><strong>Quamvis</strong></span> <span class='ocrx_word' id='word_1_99' title='bbox 963 1742 1134 1804; x_wconf 89' lang='lat' dir='ltr'><strong>enim</strong></span> <span class='ocrx_word' id='word_1_100' title='bbox 1174 1743 1254 1804; x_wconf 92' lang='lat' dir='ltr'><strong>de</strong></span> <span class='ocrx_word' id='word_1_101' title='bbox 1293 1741 1636 1804; x_wconf 91' lang='lat' dir='ltr'><strong>intrinseca</strong></span> <span class='ocrx_word' id='word_1_102' title='bbox 1677 1760 1773 1804; x_wconf 89' lang='lat' dir='ltr'><strong>ra-</strong></span> 
     </span>
    </p>
   </div>
   <div class='ocr_carea' id='block_1_8' title="bbox 1879 757 3379 1235">
    <p class='ocr_par' dir='ltr' id='par_1_8' title="bbox 1879 757 3379 1235">
     <span class='ocr_line' id='line_1_15' title="bbox 1880 757 3376 841; baseline 0 -21"><span class='ocrx_word' id='word_1_103' title='bbox 1880 757 1964 820; x_wconf 86' lang='lat' dir='ltr'><strong>sit</strong></span> <span class='ocrx_word' id='word_1_104' title='bbox 2006 776 2239 841; x_wconf 90' lang='lat' dir='ltr'><strong>corpus</strong></span> <span class='ocrx_word' id='word_1_105' title='bbox 2280 758 2512 822; x_wconf 86' lang='lat' dir='ltr'><strong>Christi</strong></span> <span class='ocrx_word' id='word_1_106' title='bbox 2556 777 2697 822; x_wconf 91' lang='lat' dir='ltr'><strong>esse</strong></span> <span class='ocrx_word' id='word_1_107' title='bbox 2746 759 2812 822; x_wconf 92' lang='lat' dir='ltr'><strong>in</strong></span> <span class='ocrx_word' id='word_1_108' title='bbox 2858 759 3041 822; x_wconf 90' lang='lat' dir='ltr'><strong>altari</strong></span> <span class='ocrx_word' id='word_1_109' title='bbox 3090 758 3229 821; x_wconf 92' lang='lat' dir='ltr'><strong>sine</strong></span> <span class='ocrx_word' id='word_1_110' title='bbox 3276 758 3376 820; x_wconf 90' lang='lat' dir='ltr'><strong>sui</strong></span> 
     </span>
     <span class='ocr_line' id='line_1_16' title="bbox 1882 857 3377 940; baseline 0.001 -22"><span class='ocrx_word' id='word_1_111' title='bbox 1882 857 2231 920; x_wconf 85' lang='lat' dir='ltr'><strong>mutatione</strong></span> <span class='ocrx_word' id='word_1_112' title='bbox 2288 857 2493 921; x_wconf 88' lang='lat' dir='ltr'><strong>locali.</strong></span> <span class='ocrx_word' id='word_1_113' title='bbox 2550 858 2625 920; x_wconf 84' lang='lat' dir='ltr'><strong>Et</strong></span> <span class='ocrx_word' id='word_1_114' title='bbox 2670 857 2891 920; x_wconf 91' lang='lat' dir='ltr'><strong>dicunt</strong></span> <span class='ocrx_word' id='word_1_115' title='bbox 2948 857 3208 940; x_wconf 88' lang='lat' dir='ltr'><strong>quidam</strong></span> <span class='ocrx_word' id='word_1_116' title='bbox 3256 857 3377 920; x_wconf 93' lang='lat' dir='ltr'><strong>hoc</strong></span> 
     </span>
     <span class='ocr_line' id='line_1_17' title="bbox 1879 954 3379 1039; baseline 0 -22"><span class='ocrx_word' id='word_1_117' title='bbox 1879 973 2018 1018; x_wconf 91' lang='lat' dir='ltr'><strong>esse</strong></span> <span class='ocrx_word' id='word_1_118' title='bbox 2047 974 2163 1038; x_wconf 89' lang='lat' dir='ltr'><strong>per</strong></span> <span class='ocrx_word' id='word_1_119' title='bbox 2193 954 2675 1020; x_wconf 85' lang='lat' dir='ltr'><strong>conversionem</strong></span> <span class='ocrx_word' id='word_1_120' title='bbox 2712 956 2895 1038; x_wconf 89' lang='lat' dir='ltr'><strong>panis</strong></span> <span class='ocrx_word' id='word_1_121' title='bbox 2937 955 3003 1018; x_wconf 92' lang='lat' dir='ltr'><strong>in</strong></span> <span class='ocrx_word' id='word_1_122' title='bbox 3032 955 3265 1039; x_wconf 86' lang='lat' dir='ltr'><strong>ipsum.</strong></span> <span class='ocrx_word' id='word_1_123' title='bbox 3296 991 3379 1002; x_wconf 91' lang='lat'><strong>—</strong></span> 
     </span>
     <span class='ocr_line' id='line_1_18' title="bbox 1881 1053 3377 1136; baseline -0.001 -19"><span class='ocrx_word' id='word_1_124' title='bbox 1881 1054 2110 1117; x_wconf 83' lang='lat' dir='ltr'><strong>Contra</strong></span> <span class='ocrx_word' id='word_1_125' title='bbox 2139 1055 2311 1136; x_wconf 92' lang='lat' dir='ltr'><strong>quod</strong></span> <span class='ocrx_word' id='word_1_126' title='bbox 2338 1053 2565 1135; x_wconf 87' lang='lat' dir='ltr'><strong>objicit</strong></span> <span class='ocrx_word' id='word_1_127' title='bbox 2597 1054 2801 1117; x_wconf 91' lang='lat' dir='ltr'><strong>modis</strong></span> <span class='ocrx_word' id='word_1_128' title='bbox 2830 1054 3045 1128; x_wconf 82' lang='lat' dir='ltr'><strong>variiS,</strong></span> <span class='ocrx_word' id='word_1_129' title='bbox 3072 1060 3137 1118; x_wconf 91' lang='lat' dir='ltr'><strong>et</strong></span> <span class='ocrx_word' id='word_1_130' title='bbox 3163 1061 3377 1116; x_wconf 86' lang='lat' dir='ltr'><strong>tamen</strong></span> 
     </span>
     <span class='ocr_line' id='line_1_19' title="bbox 1881 1152 3375 1235; baseline 0 -21"><span class='ocrx_word' id='word_1_131' title='bbox 1881 1152 2064 1214; x_wconf 91' lang='lat' dir='ltr'><strong>illum</strong></span> <span class='ocrx_word' id='word_1_132' title='bbox 2095 1153 2354 1214; x_wconf 88' lang='lat' dir='ltr'><strong>modum</strong></span> <span class='ocrx_word' id='word_1_133' title='bbox 2382 1153 2704 1233; x_wconf 82' lang='lat' dir='ltr'><strong>assignant</strong></span> <span class='ocrx_word' id='word_1_134' title='bbox 2731 1153 3019 1215; x_wconf 90' lang='lat' dir='ltr'><strong>doctores</strong></span> <span class='ocrx_word' id='word_1_135' title='bbox 3048 1152 3375 1235; x_wconf 84' lang='lat' dir='ltr'><strong>praecipui.</strong></span> 
     </span>
    </p>
   </div>
   <div class='ocr_carea' id='block_1_9' title="bbox 1879 1249 3379 1333">
    <p class='ocr_par' dir='ltr' id='par_1_9' title="bbox 1879 1249 3379 1333">
     <span class='ocr_line' id='line_1_20' title="bbox 1879 1249 3379 1333; baseline 0 -21"><span class='ocrx_word' id='word_1_136' title='bbox 1879 1251 2008 1313; x_wconf 90' lang='lat' dir='ltr'><strong>Nec</strong></span> <span class='ocrx_word' id='word_1_137' title='bbox 2045 1251 2347 1313; x_wconf 91' lang='lat' dir='ltr'><strong>videntur</strong></span> <span class='ocrx_word' id='word_1_138' title='bbox 2384 1251 2683 1333; x_wconf 90' lang='lat' dir='ltr'><strong>ponderis</strong></span> <span class='ocrx_word' id='word_1_139' title='bbox 2719 1249 2993 1331; x_wconf 88' lang='lat' dir='ltr'><strong>alicujus</strong></span> <span class='ocrx_word' id='word_1_140' title='bbox 3035 1270 3179 1333; x_wconf 82' lang='lat' dir='ltr'><strong>quae</strong></span> <span class='ocrx_word' id='word_1_141' title='bbox 3217 1250 3379 1331; x_wconf 89' lang='lat' dir='ltr'><strong>obji-</strong></span> 
     </span>
    </p>
   </div>
   <div class='ocr_carea' id='block_1_10' title="bbox 1882 1347 3381 1530">
    <p class='ocr_par' dir='ltr' id='par_1_10' title="bbox 1882 1347 3381 1530">
     <span class='ocr_line' id='line_1_21' title="bbox 1882 1347 3381 1430; baseline 0 -20"><span class='ocrx_word' id='word_1_142' title='bbox 1882 1349 1970 1410; x_wconf 87' lang='lat' dir='ltr'><strong>cit</strong></span> <span class='ocrx_word' id='word_1_143' title='bbox 2001 1356 2221 1412; x_wconf 88' lang='lat' dir='ltr'><strong>contra</strong></span> <span class='ocrx_word' id='word_1_144' title='bbox 2248 1348 2391 1422; x_wconf 90' lang='lat' dir='ltr'><strong>hoc,</strong></span> <span class='ocrx_word' id='word_1_145' title='bbox 2414 1348 2581 1410; x_wconf 90' lang='lat' dir='ltr'><strong>sicut</strong></span> <span class='ocrx_word' id='word_1_146' title='bbox 2610 1349 2778 1430; x_wconf 90' lang='lat' dir='ltr'><strong>quod</strong></span> <span class='ocrx_word' id='word_1_147' title='bbox 2809 1347 3018 1429; x_wconf 83' lang='lat' dir='ltr'><strong>arguit</strong></span> <span class='ocrx_word' id='word_1_148' title='bbox 3050 1366 3065 1410; x_wconf 89' lang='lat'>:</span> <span class='ocrx_word' id='word_1_149' title='bbox 3100 1349 3213 1410; x_wconf 86' lang='lat' dir='ltr'><strong>Per</strong></span> <span class='ocrx_word' id='word_1_150' title='bbox 3244 1348 3381 1411; x_wconf 89' lang='lat' dir='ltr'><strong>nul-</strong></span> 
     </span>
     <span class='ocr_line' id='line_1_22' title="bbox 1883 1446 3379 1530; baseline 0.001 -22"><span class='ocrx_word' id='word_1_151' title='bbox 1883 1446 2008 1509; x_wconf 91' lang='lat' dir='ltr'><strong>lam</strong></span> <span class='ocrx_word' id='word_1_152' title='bbox 2041 1447 2457 1510; x_wconf 87' lang='lat' dir='ltr'><strong>mutationem</strong></span> <span class='ocrx_word' id='word_1_153' title='bbox 2486 1447 2755 1510; x_wconf 89' lang='lat' dir='ltr'><strong>habetur</strong></span> <span class='ocrx_word' id='word_1_154' title='bbox 2785 1467 2899 1530; x_wconf 92' lang='lat' dir='ltr'><strong>per</strong></span> <span class='ocrx_word' id='word_1_155' title='bbox 2926 1465 2995 1510; x_wconf 91' lang='lat' dir='ltr'><strong>se</strong></span> <span class='ocrx_word' id='word_1_156' title='bbox 3024 1446 3183 1510; x_wconf 91' lang='lat' dir='ltr'><strong>illud</strong></span> <span class='ocrx_word' id='word_1_157' title='bbox 3214 1447 3379 1530; x_wconf 91' lang='lat' dir='ltr'><strong>quod</strong></span> 
     </span>
    </p>
   </div>
   <div class='ocr_carea' id='block_1_11' title="bbox 1881 1546 3381 1630">
    <p class='ocr_par' dir='ltr' id='par_1_11' title="bbox 1881 1546 3381 1630">
     <span class='ocr_line' id='line_1_23' title="bbox 1881 1546 3381 1630; baseline 0.001 -22"><span class='ocrx_word' id='word_1_158' title='bbox 1881 1553 1980 1608; x_wconf 89' lang='lat' dir='ltr'><strong>est</strong></span> <span class='ocrx_word' id='word_1_159' title='bbox 2006 1546 2327 1628; x_wconf 82' lang='lat' dir='ltr'><strong>posterius</strong></span> <span class='ocrx_word' id='word_1_160' title='bbox 2355 1563 2473 1609; x_wconf 88' lang='lat' dir='ltr'><strong>suo</strong></span> <span class='ocrx_word' id='word_1_161' title='bbox 2500 1546 2775 1608; x_wconf 89' lang='lat' dir='ltr'><strong>termino</strong></span> <span class='ocrx_word' id='word_1_162' title='bbox 2804 1564 2919 1630; x_wconf 92' lang='lat' dir='ltr'><strong>per</strong></span> <span class='ocrx_word' id='word_1_163' title='bbox 2946 1564 3015 1609; x_wconf 90' lang='lat' dir='ltr'><strong>se</strong></span> <span class='ocrx_word' id='word_1_164' title='bbox 3030 1563 3047 1626; x_wconf 92' lang='lat'>;</span> <span class='ocrx_word' id='word_1_165' title='bbox 3080 1546 3189 1609; x_wconf 90' lang='lat' dir='ltr'><strong>sed</strong></span> <span class='ocrx_word' id='word_1_166' title='bbox 3226 1565 3381 1628; x_wconf 83' lang='lat' dir='ltr'><strong>prae-</strong></span> 
     </span>
    </p>
   </div>
   <div class='ocr_carea' id='block_1_12' title="bbox 1882 1642 3381 1825">
    <p class='ocr_par' dir='ltr' id='par_1_12' title="bbox 1882 1642 3381 1825">
     <span class='ocr_line' id='line_1_24' title="bbox 1882 1642 3376 1727; baseline 0.001 -23"><span class='ocrx_word' id='word_1_167' title='bbox 1882 1643 2086 1705; x_wconf 90' lang='lat' dir='ltr'><strong>sentia</strong></span> <span class='ocrx_word' id='word_1_168' title='bbox 2114 1642 2399 1727; x_wconf 88' lang='lat' dir='ltr'><strong>corporis</strong></span> <span class='ocrx_word' id='word_1_169' title='bbox 2432 1651 2529 1705; x_wconf 91' lang='lat' dir='ltr'><strong>est</strong></span> <span class='ocrx_word' id='word_1_170' title='bbox 2565 1643 2878 1726; x_wconf 85' lang='lat' dir='ltr'><strong>posterior</strong></span> <span class='ocrx_word' id='word_1_171' title='bbox 2915 1660 3179 1726; x_wconf 90' lang='lat' dir='ltr'><strong>corpore</strong></span> <span class='ocrx_word' id='word_1_172' title='bbox 3219 1644 3376 1726; x_wconf 91' lang='lat' dir='ltr'><strong>ipso.</strong></span> 
     </span>
     <span class='ocr_line' id='line_1_25' title="bbox 1883 1740 3381 1825; baseline -0.001 -21"><span class='ocrx_word' id='word_1_173' title='bbox 1883 1742 2060 1816; x_wconf 86' lang='lat' dir='ltr'><strong>Quod</strong></span> <span class='ocrx_word' id='word_1_174' title='bbox 2089 1740 2365 1804; x_wconf 86' lang='lat' dir='ltr'><strong>faciliter</strong></span> <span class='ocrx_word' id='word_1_175' title='bbox 2392 1741 2977 1823; x_wconf 89' lang='lat' dir='ltr'><strong>solveretur,quum</strong></span> <span class='ocrx_word' id='word_1_176' title='bbox 3008 1741 3137 1804; x_wconf 91' lang='lat' dir='ltr'><strong>sint</strong></span> <span class='ocrx_word' id='word_1_177' title='bbox 3166 1740 3381 1825; x_wconf 91' lang='lat' dir='ltr'><strong>plures</strong></span> 
     </span>
    </p>
   </div>
   <div class='ocr_carea' id='block_1_13' title="bbox 301 1839 3381 1924">
    <p class='ocr_par' dir='ltr' id='par_1_13' title="bbox 301 1839 3381 1924">
     <span class='ocr_line' id='line_1_26' title="bbox 301 1839 3381 1924; baseline 0 -23"><span class='ocrx_word' id='word_1_178' title='bbox 301 1841 452 1902; x_wconf 89' lang='lat' dir='ltr'><strong>tione</strong></span> <span class='ocrx_word' id='word_1_179' title='bbox 481 1841 560 1903; x_wconf 93' lang='lat' dir='ltr'><strong>sit</strong></span> <span class='ocrx_word' id='word_1_180' title='bbox 589 1840 986 1924; x_wconf 81' lang='lat' dir='ltr'><strong>quantitatiS,</strong></span> <span class='ocrx_word' id='word_1_181' title='bbox 1021 1839 1254 1903; x_wconf 88' lang='lat' dir='ltr'><strong>habere</strong></span> <span class='ocrx_word' id='word_1_182' title='bbox 1285 1840 1668 1922; x_wconf 88' lang='lat' dir='ltr'><strong>positionem</strong></span> <span class='ocrx_word' id='word_1_183' title='bbox 1707 1839 1771 1902; x_wconf 92' lang='lat' dir='ltr'><strong>in</strong></span> <span class='ocrx_word' id='word_1_184' title='bbox 1809 1842 1856 1904; x_wconf 92' lang='lat' dir='ltr'>B</span> <span class='ocrx_word' id='word_1_185' title='bbox 1889 1841 2058 1904; x_wconf 89' lang='lat' dir='ltr'><strong>modi</strong></span> <span class='ocrx_word' id='word_1_186' title='bbox 2097 1841 2354 1904; x_wconf 89' lang='lat' dir='ltr'><strong>dicendi</strong></span> <span class='ocrx_word' id='word_1_187' title='bbox 2376 1859 2501 1918; x_wconf 79' lang='lat' dir='ltr'><strong>per</strong></span> <span class='ocrx_word' id='word_1_188' title='bbox 2530 1861 2641 1910; x_wconf 79' lang='lat' dir='ltr'><strong>se,·</strong></span> <span class='ocrx_word' id='word_1_189' title='bbox 2669 1859 2789 1902; x_wconf 89' lang='lat' dir='ltr'><strong>nec</strong></span> <span class='ocrx_word' id='word_1_190' title='bbox 2826 1848 3075 1922; x_wconf 87' lang='lat' dir='ltr'><strong>oportet</strong></span> <span class='ocrx_word' id='word_1_191' title='bbox 3112 1840 3283 1922; x_wconf 91' lang='lat' dir='ltr'><strong>quod</strong></span> <span class='ocrx_word' id='word_1_192' title='bbox 3318 1839 3381 1902; x_wconf 91' lang='lat' dir='ltr'><strong>id</strong></span> 
     </span>
    </p>
   </div>
   <div class='ocr_carea' id='block_1_14' title="bbox 301 1938 1783 3000">
    <p class='ocr_par' dir='ltr' id='par_1_14' title="bbox 301 1938 1783 3000">
     <span class='ocr_line' id='line_1_27' title="bbox 301 1938 1774 2022; baseline 0 -22"><span class='ocrx_word' id='word_1_193' title='bbox 301 1946 434 2014; x_wconf 88' lang='lat' dir='ltr'><strong>toto,</strong></span> <span class='ocrx_word' id='word_1_194' title='bbox 459 1947 528 2002; x_wconf 91' lang='lat' dir='ltr'><strong>ut</strong></span> <span class='ocrx_word' id='word_1_195' title='bbox 555 1959 682 2002; x_wconf 91' lang='lat' dir='ltr'><strong>una</strong></span> <span class='ocrx_word' id='word_1_196' title='bbox 712 1958 860 2022; x_wconf 88' lang='lat' dir='ltr'><strong>pars</strong></span> <span class='ocrx_word' id='word_1_197' title='bbox 889 1939 972 2002; x_wconf 89' lang='lat' dir='ltr'><strong>sit</strong></span> <span class='ocrx_word' id='word_1_198' title='bbox 1001 1947 1176 2002; x_wconf 85' lang='lat' dir='ltr'><strong>extra</strong></span> <span class='ocrx_word' id='word_1_199' title='bbox 1203 1938 1421 2019; x_wconf 85' lang='lat' dir='ltr'><strong>aliam3</strong></span> <span class='ocrx_word' id='word_1_200' title='bbox 1452 1945 1666 2002; x_wconf 78' lang='lat' dir='ltr'><strong>tamen</strong></span> <span class='ocrx_word' id='word_1_201' title='bbox 1696 1940 1774 2001; x_wconf 91' lang='lat' dir='ltr'><strong>de</strong></span> 
     </span>
     <span class='ocr_line' id='line_1_28' title="bbox 301 2038 1778 2120; baseline 0.001 -21"><span class='ocrx_word' id='word_1_202' title='bbox 301 2038 520 2102; x_wconf 87' lang='lat' dir='ltr'><strong>ratione</strong></span> <span class='ocrx_word' id='word_1_203' title='bbox 554 2038 700 2120; x_wconf 84' lang='lat' dir='ltr'><strong>ejus</strong></span> <span class='ocrx_word' id='word_1_204' title='bbox 748 2056 878 2102; x_wconf 89' lang='lat' dir='ltr'><strong>non</strong></span> <span class='ocrx_word' id='word_1_205' title='bbox 916 2045 1016 2101; x_wconf 91' lang='lat' dir='ltr'><strong>est</strong></span> <span class='ocrx_word' id='word_1_206' title='bbox 1051 2038 1283 2120; x_wconf 90' lang='lat' dir='ltr'><strong>positio</strong></span> <span class='ocrx_word' id='word_1_207' title='bbox 1311 2057 1452 2120; x_wconf 81' lang='lat' dir='ltr'><strong>quae</strong></span> <span class='ocrx_word' id='word_1_208' title='bbox 1491 2045 1588 2100; x_wconf 92' lang='lat' dir='ltr'><strong>est</strong></span> <span class='ocrx_word' id='word_1_209' title='bbox 1623 2039 1778 2102; x_wconf 91' lang='lat' dir='ltr'><strong>ordo</strong></span> 
     </span>
     <span class='ocr_line' id='line_1_29' title="bbox 301 2137 1779 2218; baseline 0.001 -20"><span class='ocrx_word' id='word_1_210' title='bbox 301 2137 554 2217; x_wconf 85' lang='lat' dir='ltr'><strong>partium</strong></span> <span class='ocrx_word' id='word_1_211' title='bbox 586 2145 884 2218; x_wconf 88' lang='lat' dir='ltr'><strong>respectu</strong></span> <span class='ocrx_word' id='word_1_212' title='bbox 914 2137 1300 2200; x_wconf 88' lang='lat' dir='ltr'><strong>continentis</strong></span> <span class='ocrx_word' id='word_1_213' title='bbox 1331 2156 1444 2200; x_wconf 92' lang='lat' dir='ltr'><strong>seu</strong></span> <span class='ocrx_word' id='word_1_214' title='bbox 1475 2137 1779 2218; x_wconf 80' lang='lat' dir='ltr'><strong>loci,quae</strong></span> 
     </span>
     <span class='ocr_line' id='line_1_30' title="bbox 303 2235 1772 2317; baseline 0.001 -21"><span class='ocrx_word' id='word_1_215' title='bbox 303 2235 510 2316; x_wconf 85' lang='lat' dir='ltr'><strong>positio</strong></span> <span class='ocrx_word' id='word_1_216' title='bbox 537 2235 616 2298; x_wconf 87' lang='lat' dir='ltr'><strong>ad</strong></span> <span class='ocrx_word' id='word_1_217' title='bbox 651 2235 1220 2316; x_wconf 67' lang='lat' dir='ltr'><strong>praedicamentum</strong></span> <span class='ocrx_word' id='word_1_218' title='bbox 1256 2235 1535 2317; x_wconf 84' lang='lat' dir='ltr'><strong>pertinet</strong></span> <span class='ocrx_word' id='word_1_219' title='bbox 1563 2235 1723 2297; x_wconf 89' lang='lat' dir='ltr'><strong>situs</strong></span> <span class='ocrx_word' id='word_1_220' title='bbox 1759 2253 1772 2297; x_wconf 91' lang='lat'>:</span> 
     </span>
     <span class='ocr_line' id='line_1_31' title="bbox 302 2333 1779 2417; baseline 0.001 -23"><span class='ocrx_word' id='word_1_221' title='bbox 302 2333 582 2414; x_wconf 90' lang='lat' dir='ltr'><strong>quoniam</strong></span> <span class='ocrx_word' id='word_1_222' title='bbox 631 2333 774 2396; x_wconf 91' lang='lat' dir='ltr'><strong>sine</strong></span> <span class='ocrx_word' id='word_1_223' title='bbox 815 2333 927 2396; x_wconf 91' lang='lat' dir='ltr'><strong>tali</strong></span> <span class='ocrx_word' id='word_1_224' title='bbox 976 2333 1292 2416; x_wconf 88' lang='lat' dir='ltr'><strong>positione</strong></span> <span class='ocrx_word' id='word_1_225' title='bbox 1334 2341 1544 2417; x_wconf 91' lang='lat' dir='ltr'><strong>potest</strong></span> <span class='ocrx_word' id='word_1_226' title='bbox 1583 2353 1779 2416; x_wconf 89' lang='lat' dir='ltr'><strong>quan-</strong></span> 
     </span>
     <span class='ocr_line' id='line_1_32' title="bbox 306 2431 1779 2515; baseline 0.002 -24"><span class='ocrx_word' id='word_1_227' title='bbox 306 2431 428 2494; x_wconf 85' lang='lat' dir='ltr'><strong>titas</strong></span> <span class='ocrx_word' id='word_1_228' title='bbox 484 2431 780 2506; x_wconf 90' lang='lat' dir='ltr'><strong>inveniri,</strong></span> <span class='ocrx_word' id='word_1_229' title='bbox 839 2432 1008 2496; x_wconf 91' lang='lat' dir='ltr'><strong>sicut</strong></span> <span class='ocrx_word' id='word_1_230' title='bbox 1067 2432 1290 2495; x_wconf 90' lang='lat' dir='ltr'><strong>ultima</strong></span> <span class='ocrx_word' id='word_1_231' title='bbox 1347 2433 1596 2515; x_wconf 77' lang='lat' dir='ltr'><strong>sphaera</strong></span> <span class='ocrx_word' id='word_1_232' title='bbox 1651 2450 1779 2496; x_wconf 91' lang='lat' dir='ltr'><strong>non</strong></span> 
     </span>
     <span class='ocr_line' id='line_1_33' title="bbox 305 2529 1779 2614; baseline 0.003 -24"><span class='ocrx_word' id='word_1_233' title='bbox 305 2529 476 2592; x_wconf 86' lang='lat' dir='ltr'><strong>habet</strong></span> <span class='ocrx_word' id='word_1_234' title='bbox 510 2531 618 2594; x_wconf 90' lang='lat' dir='ltr'><strong>illo</strong></span> <span class='ocrx_word' id='word_1_235' title='bbox 663 2531 854 2594; x_wconf 90' lang='lat' dir='ltr'><strong>modo</strong></span> <span class='ocrx_word' id='word_1_236' title='bbox 899 2531 1176 2614; x_wconf 89' lang='lat' dir='ltr'><strong>partium</strong></span> <span class='ocrx_word' id='word_1_237' title='bbox 1221 2531 1626 2614; x_wconf 89' lang='lat' dir='ltr'><strong>positionem,</strong></span> <span class='ocrx_word' id='word_1_238' title='bbox 1660 2551 1779 2594; x_wconf 89' lang='lat' dir='ltr'><strong>nec</strong></span> 
     </span>
     <span class='ocr_line' id='line_1_34' title="bbox 307 2629 1783 2711; baseline 0.002 -23"><span class='ocrx_word' id='word_1_239' title='bbox 307 2645 516 2711; x_wconf 88' lang='lat' dir='ltr'><strong>corpus</strong></span> <span class='ocrx_word' id='word_1_240' title='bbox 556 2629 790 2693; x_wconf 88' lang='lat' dir='ltr'><strong>Christi</strong></span> <span class='ocrx_word' id='word_1_241' title='bbox 833 2629 902 2692; x_wconf 89' lang='lat' dir='ltr'><strong>in</strong></span> <span class='ocrx_word' id='word_1_242' title='bbox 943 2637 1375 2710; x_wconf 82' lang='lat' dir='ltr'><strong>sacrament03</strong></span> <span class='ocrx_word' id='word_1_243' title='bbox 1411 2631 1521 2693; x_wconf 90' lang='lat' dir='ltr'><strong>sed</strong></span> <span class='ocrx_word' id='word_1_244' title='bbox 1564 2629 1783 2693; x_wconf 88' lang='lat' dir='ltr'><strong>divina</strong></span> 
     </span>
     <span class='ocr_line' id='line_1_35' title="bbox 309 2727 1780 2811; baseline 0.001 -23"><span class='ocrx_word' id='word_1_245' title='bbox 309 2727 520 2790; x_wconf 84' lang='lat' dir='ltr'><strong>virtute</strong></span> <span class='ocrx_word' id='word_1_246' title='bbox 576 2746 810 2810; x_wconf 88' lang='lat' dir='ltr'><strong>corpus</strong></span> <span class='ocrx_word' id='word_1_247' title='bbox 861 2729 1094 2792; x_wconf 85' lang='lat' dir='ltr'><strong>Christi</strong></span> <span class='ocrx_word' id='word_1_248' title='bbox 1151 2737 1216 2791; x_wconf 90' lang='lat' dir='ltr'><strong>et</strong></span> <span class='ocrx_word' id='word_1_249' title='bbox 1263 2729 1584 2811; x_wconf 87' lang='lat' dir='ltr'><strong>quantitas</strong></span> <span class='ocrx_word' id='word_1_250' title='bbox 1640 2728 1780 2809; x_wconf 90' lang='lat' dir='ltr'><strong>ejus</strong></span> 
     </span>
     <span class='ocr_line' id='line_1_36' title="bbox 307 2825 1780 2907; baseline 0.001 -20"><span class='ocrx_word' id='word_1_251' title='bbox 307 2833 661 2907; x_wconf 85' lang='lat' dir='ltr'><strong>separantur</strong></span> <span class='ocrx_word' id='word_1_252' title='bbox 705 2826 786 2889; x_wconf 91' lang='lat' dir='ltr'><strong>ab</strong></span> <span class='ocrx_word' id='word_1_253' title='bbox 834 2825 1209 2890; x_wconf 87' lang='lat' dir='ltr'><strong>habitudine</strong></span> <span class='ocrx_word' id='word_1_254' title='bbox 1257 2827 1378 2889; x_wconf 91' lang='lat' dir='ltr'><strong>ista</strong></span> <span class='ocrx_word' id='word_1_255' title='bbox 1423 2827 1501 2889; x_wconf 90' lang='lat' dir='ltr'><strong>ad</strong></span> <span class='ocrx_word' id='word_1_256' title='bbox 1546 2826 1780 2900; x_wconf 91' lang='lat' dir='ltr'><strong>locum,</strong></span> 
     </span>
     <span class='ocr_line' id='line_1_37' title="bbox 308 2925 1780 3000; baseline 0.003 -16"><span class='ocrx_word' id='word_1_257' title='bbox 308 2941 420 2986; x_wconf 89' lang='lat' dir='ltr'><strong>non</strong></span> <span class='ocrx_word' id='word_1_258' title='bbox 455 2925 658 2988; x_wconf 85' lang='lat' dir='ltr'><strong>solum</strong></span> <span class='ocrx_word' id='word_1_259' title='bbox 698 2933 772 2988; x_wconf 89' lang='lat' dir='ltr'><strong>ut</strong></span> <span class='ocrx_word' id='word_1_260' title='bbox 801 2944 926 2988; x_wconf 92' lang='lat' dir='ltr'><strong>non</strong></span> <span class='ocrx_word' id='word_1_261' title='bbox 961 2926 1090 2989; x_wconf 88' lang='lat' dir='ltr'><strong>sint</strong></span> <span class='ocrx_word' id='word_1_262' title='bbox 1120 2926 1186 2989; x_wconf 92' lang='lat' dir='ltr'><strong>in</strong></span> <span class='ocrx_word' id='word_1_263' title='bbox 1223 2925 1364 2989; x_wconf 88' lang='lat' dir='ltr'><strong>loco</strong></span> <span class='ocrx_word' id='word_1_264' title='bbox 1393 2926 1780 3000; x_wconf 84' lang='lat' dir='ltr'><strong>continente,</strong></span> 
     </span>
    </p>
   </div>
   <div class='ocr_carea' id='block_1_15' title="bbox 1887 1937 3390 3011">
    <p class='ocr_par' dir='ltr' id='par_1_15' title="bbox 1887 1937 3390 3011">
     <span class='ocr_line' id='line_1_38' title="bbox 1887 1937 3383 2023; baseline -0.001 -21"><span class='ocrx_word' id='word_1_265' title='bbox 1887 1940 2057 2022; x_wconf 92' lang='lat' dir='ltr'><strong>quod</strong></span> <span class='ocrx_word' id='word_1_266' title='bbox 2102 1939 2372 2002; x_wconf 88' lang='lat' dir='ltr'><strong>habetur</strong></span> <span class='ocrx_word' id='word_1_267' title='bbox 2414 1959 2529 2023; x_wconf 90' lang='lat' dir='ltr'><strong>per</strong></span> <span class='ocrx_word' id='word_1_268' title='bbox 2565 1939 2763 2014; x_wconf 92' lang='lat' dir='ltr'><strong>aliud,</strong></span> <span class='ocrx_word' id='word_1_269' title='bbox 2804 1937 3111 2002; x_wconf 90' lang='lat' dir='ltr'><strong>habeatur</strong></span> <span class='ocrx_word' id='word_1_270' title='bbox 3153 1957 3267 2021; x_wconf 91' lang='lat' dir='ltr'><strong>per</strong></span> <span class='ocrx_word' id='word_1_271' title='bbox 3308 1937 3383 2000; x_wconf 92' lang='lat' dir='ltr'><strong>il-</strong></span> 
     </span>
     <span class='ocr_line' id='line_1_39' title="bbox 1889 2037 3383 2120; baseline -0.001 -20"><span class='ocrx_word' id='word_1_272' title='bbox 1889 2037 1999 2101; x_wconf 92' lang='lat' dir='ltr'><strong>lud</strong></span> <span class='ocrx_word' id='word_1_273' title='bbox 2055 2057 2172 2120; x_wconf 88' lang='lat' dir='ltr'><strong>per</strong></span> <span class='ocrx_word' id='word_1_274' title='bbox 2227 2057 2315 2102; x_wconf 91' lang='lat' dir='ltr'><strong>se.</strong></span> <span class='ocrx_word' id='word_1_275' title='bbox 2369 2039 2446 2101; x_wconf 88' lang='lat' dir='ltr'><strong>Et</strong></span> <span class='ocrx_word' id='word_1_276' title='bbox 2503 2037 2781 2102; x_wconf 89' lang='lat' dir='ltr'><strong>breviter</strong></span> <span class='ocrx_word' id='word_1_277' title='bbox 2832 2045 2925 2101; x_wconf 91' lang='lat' dir='ltr'><strong>tot</strong></span> <span class='ocrx_word' id='word_1_278' title='bbox 2981 2037 3383 2100; x_wconf 84' lang='lat' dir='ltr'><strong>difficultati-</strong></span> 
     </span>
     <span class='ocr_line' id='line_1_40' title="bbox 1889 2134 3386 2212; baseline 0 -14"><span class='ocrx_word' id='word_1_279' title='bbox 1889 2134 2009 2198; x_wconf 88' lang='lat' dir='ltr'><strong>bus</strong></span> <span class='ocrx_word' id='word_1_280' title='bbox 2059 2137 2391 2200; x_wconf 88' lang='lat' dir='ltr'><strong>materiam</strong></span> <span class='ocrx_word' id='word_1_281' title='bbox 2440 2138 2605 2200; x_wconf 88' lang='lat' dir='ltr'><strong>hanc</strong></span> <span class='ocrx_word' id='word_1_282' title='bbox 2652 2136 2939 2212; x_wconf 86' lang='lat' dir='ltr'><strong>involvit,</strong></span> <span class='ocrx_word' id='word_1_283' title='bbox 2978 2146 3049 2199; x_wconf 90' lang='lat' dir='ltr'><strong>ut</strong></span> <span class='ocrx_word' id='word_1_284' title='bbox 3095 2137 3386 2199; x_wconf 89' lang='lat' dir='ltr'><strong>videatur</strong></span> 
     </span>
     <span class='ocr_line' id='line_1_41' title="bbox 1888 2233 3015 2310; baseline 0.001 -13"><span class='ocrx_word' id='word_1_285' title='bbox 1888 2233 2271 2310; x_wconf 88' lang='lat' dir='ltr'><strong>obscuratio,</strong></span> <span class='ocrx_word' id='word_1_286' title='bbox 2306 2253 2433 2300; x_wconf 90' lang='lat' dir='ltr'><strong>non</strong></span> <span class='ocrx_word' id='word_1_287' title='bbox 2476 2235 2816 2299; x_wconf 90' lang='lat' dir='ltr'><strong>elucidatio</strong></span> <span class='ocrx_word' id='word_1_288' title='bbox 2857 2253 3015 2298; x_wconf 91' lang='lat' dir='ltr'><strong>esse.</strong></span> 
     </span>
     <span class='ocr_line' id='line_1_42' title="bbox 1977 2334 3386 2416; baseline 0.001 -20"><span class='ocrx_word' id='word_1_289' title='bbox 1977 2334 2320 2408; x_wconf 89' lang='lat' dir='ltr'><strong>Postremo,</strong></span> <span class='ocrx_word' id='word_1_290' title='bbox 2375 2334 2441 2397; x_wconf 91' lang='lat' dir='ltr'><strong>in</strong></span> <span class='ocrx_word' id='word_1_291' title='bbox 2489 2342 2758 2397; x_wconf 90' lang='lat' dir='ltr'><strong>tractatu</strong></span> <span class='ocrx_word' id='word_1_292' title='bbox 2818 2334 3094 2416; x_wconf 91' lang='lat' dir='ltr'><strong>quodam</strong></span> <span class='ocrx_word' id='word_1_293' title='bbox 3152 2334 3232 2397; x_wconf 91' lang='lat' dir='ltr'><strong>de</strong></span> <span class='ocrx_word' id='word_1_294' title='bbox 3280 2334 3386 2397; x_wconf 87' lang='lat' dir='ltr'><strong>Sa-</strong></span> 
     </span>
     <span class='ocr_line' id='line_1_43' title="bbox 1889 2434 3387 2517; baseline 0.001 -21"><span class='ocrx_word' id='word_1_295' title='bbox 1889 2443 2215 2498; x_wconf 90' lang='lat' dir='ltr'><strong>cramento</strong></span> <span class='ocrx_word' id='word_1_296' title='bbox 2271 2435 2485 2498; x_wconf 88' lang='lat' dir='ltr'><strong>altaris</strong></span> <span class='ocrx_word' id='word_1_297' title='bbox 2548 2434 2917 2516; x_wconf 85' lang='lat' dir='ltr'><strong>magistrali,</strong></span> <span class='ocrx_word' id='word_1_298' title='bbox 2977 2435 3089 2517; x_wconf 91' lang='lat' dir='ltr'><strong>qui</strong></span> <span class='ocrx_word' id='word_1_299' title='bbox 3142 2434 3387 2516; x_wconf 82' lang='lat' dir='ltr'><strong>AEgidio</strong></span> 
     </span>
     <span class='ocr_line' id='line_1_44' title="bbox 1889 2533 3387 2608; baseline 0 -12"><span class='ocrx_word' id='word_1_300' title='bbox 1889 2533 1968 2596; x_wconf 91' lang='lat' dir='ltr'><strong>de</strong></span> <span class='ocrx_word' id='word_1_301' title='bbox 1998 2535 2187 2597; x_wconf 84' lang='lat' dir='ltr'><strong>Roma</strong></span> <span class='ocrx_word' id='word_1_302' title='bbox 2214 2533 2614 2608; x_wconf 85' lang='lat' dir='ltr'><strong>adscribitur,</strong></span> <span class='ocrx_word' id='word_1_303' title='bbox 2649 2535 3009 2598; x_wconf 87' lang='lat' dir='ltr'><strong>continente</strong></span> <span class='ocrx_word' id='word_1_304' title='bbox 3036 2534 3387 2596; x_wconf 89' lang='lat' dir='ltr'><strong>theorema·</strong></span> 
     </span>
     <span class='ocr_line' id='line_1_45' title="bbox 1891 2631 3386 2716; baseline 0 -22"><span class='ocrx_word' id='word_1_305' title='bbox 1891 2639 1954 2694; x_wconf 87' lang='lat' dir='ltr'><strong>ta</strong></span> <span class='ocrx_word' id='word_1_306' title='bbox 1985 2632 2455 2715; x_wconf 82' lang='lat' dir='ltr'><strong>quinquaginta,</strong></span> <span class='ocrx_word' id='word_1_307' title='bbox 2490 2633 2788 2697; x_wconf 88' lang='lat' dir='ltr'><strong>asseritur</strong></span> <span class='ocrx_word' id='word_1_308' title='bbox 2820 2651 2835 2696; x_wconf 91' lang='lat'>:</span> <span class='ocrx_word' id='word_1_309' title='bbox 2868 2632 3123 2716; x_wconf 92' lang='lat' dir='ltr'><strong>Corpori</strong></span> <span class='ocrx_word' id='word_1_310' title='bbox 3154 2631 3386 2696; x_wconf 90' lang='lat' dir='ltr'><strong>Christi</strong></span> 
     </span>
     <span class='ocr_line' id='line_1_46' title="bbox 1887 2731 3388 2816; baseline 0 -22"><span class='ocrx_word' id='word_1_311' title='bbox 1887 2731 2217 2794; x_wconf 82' lang='lat' dir='ltr'><strong>exsistenti</strong></span> <span class='ocrx_word' id='word_1_312' title='bbox 2257 2731 2379 2792; x_wconf 90' lang='lat' dir='ltr'><strong>sub</strong></span> <span class='ocrx_word' id='word_1_313' title='bbox 2408 2731 2614 2794; x_wconf 90' lang='lat' dir='ltr'><strong>hostia</strong></span> <span class='ocrx_word' id='word_1_314' title='bbox 2650 2733 2957 2816; x_wconf 90' lang='lat' dir='ltr'><strong>competit</strong></span> <span class='ocrx_word' id='word_1_315' title='bbox 2986 2731 3217 2814; x_wconf 90' lang='lat' dir='ltr'><strong>positio</strong></span> <span class='ocrx_word' id='word_1_316' title='bbox 3244 2733 3388 2812; x_wconf 92' lang='lat' dir='ltr'><strong>(seu</strong></span> 
     </span>
     <span class='ocr_line' id='line_1_47' title="bbox 1889 2829 3387 2913; baseline 0 -21"><span class='ocrx_word' id='word_1_317' title='bbox 1889 2830 2082 2910; x_wconf 90' lang='lat' dir='ltr'><strong>situs)</strong></span> <span class='ocrx_word' id='word_1_318' title='bbox 2117 2849 2262 2912; x_wconf 82' lang='lat' dir='ltr'><strong>quae</strong></span> <span class='ocrx_word' id='word_1_319' title='bbox 2296 2836 2392 2892; x_wconf 93' lang='lat' dir='ltr'><strong>est</strong></span> <span class='ocrx_word' id='word_1_320' title='bbox 2428 2829 2793 2893; x_wconf 73' lang='lat' dir='ltr'><strong>differentia</strong></span> <span class='ocrx_word' id='word_1_321' title='bbox 2830 2830 3223 2913; x_wconf 82' lang='lat' dir='ltr'><strong>quantitatiS,</strong></span> <span class='ocrx_word' id='word_1_322' title='bbox 3260 2849 3387 2894; x_wconf 86' lang='lat' dir='ltr'><strong>non</strong></span> 
     </span>
     <span class='ocr_line' id='line_1_48' title="bbox 1893 2929 3390 3011; baseline 0 -21"><span class='ocrx_word' id='word_1_323' title='bbox 1893 2937 2108 2992; x_wconf 90' lang='lat' dir='ltr'><strong>autem</strong></span> <span class='ocrx_word' id='word_1_324' title='bbox 2168 2948 2311 3011; x_wconf 77' lang='lat' dir='ltr'><strong>quae</strong></span> <span class='ocrx_word' id='word_1_325' title='bbox 2358 2935 2455 2991; x_wconf 91' lang='lat' dir='ltr'><strong>est</strong></span> <span class='ocrx_word' id='word_1_326' title='bbox 2508 2929 3091 3011; x_wconf 79' lang='lat' dir='ltr'><strong>praedicamentum.</strong></span> <span class='ocrx_word' id='word_1_327' title='bbox 3147 2929 3390 3011; x_wconf 90' lang='lat' dir='ltr'><strong>Corpus</strong></span> 
     </span>
    </p>
   </div>
   <div class='ocr_carea' id='block_1_16' title="bbox 307 3022 3394 3110">
    <p class='ocr_par' dir='ltr' id='par_1_16' title="bbox 307 3022 3394 3110">
     <span class='ocr_line' id='line_1_49' title="bbox 307 3022 3394 3110; baseline 0.002 -28"><span class='ocrx_word' id='word_1_328' title='bbox 307 3022 457 3086; x_wconf 86' lang='lat' dir='ltr'><strong>sicut</strong></span> <span class='ocrx_word' id='word_1_329' title='bbox 483 3041 600 3085; x_wconf 91' lang='lat' dir='ltr'><strong>nec</strong></span> <span class='ocrx_word' id='word_1_330' title='bbox 633 3022 860 3086; x_wconf 88' lang='lat' dir='ltr'><strong>ultima</strong></span> <span class='ocrx_word' id='word_1_331' title='bbox 889 3024 1156 3107; x_wconf 79' lang='lat' dir='ltr'><strong>sphaera,</strong></span> <span class='ocrx_word' id='word_1_332' title='bbox 1171 3025 1282 3088; x_wconf 89' lang='lat' dir='ltr'><strong>sed</strong></span> <span class='ocrx_word' id='word_1_333' title='bbox 1312 3025 1505 3086; x_wconf 90' lang='lat' dir='ltr'><strong>etiam</strong></span> <span class='ocrx_word' id='word_1_334' title='bbox 1537 3032 1606 3086; x_wconf 89' lang='lat' dir='ltr'><strong>ut</strong></span> <span class='ocrx_word' id='word_1_335' title='bbox 1635 3042 1786 3107; x_wconf 82' lang='lat' dir='ltr'><strong>prae-</strong></span> <span class='ocrx_word' id='word_1_336' title='bbox 1815 3032 1859 3095; x_wconf 90' lang='lat' dir='ltr'><strong>C</strong></span> <span class='ocrx_word' id='word_1_337' title='bbox 1894 3029 2134 3091; x_wconf 90' lang='lat' dir='ltr'><strong>etenim</strong></span> <span class='ocrx_word' id='word_1_338' title='bbox 2183 3027 2415 3091; x_wconf 89' lang='lat' dir='ltr'><strong>Christi</strong></span> <span class='ocrx_word' id='word_1_339' title='bbox 2465 3035 2655 3110; x_wconf 89' lang='lat' dir='ltr'><strong>prout</strong></span> <span class='ocrx_word' id='word_1_340' title='bbox 2709 3027 3252 3091; x_wconf 88' lang='lat' dir='ltr'><strong>sacramentaliter</strong></span> <span class='ocrx_word' id='word_1_341' title='bbox 3296 3034 3394 3089; x_wconf 89' lang='lat' dir='ltr'><strong>est</strong></span> 
     </span>
    </p>
   </div>
   <div class='ocr_carea' id='block_1_17' title="bbox 305 3121 1788 3999">
    <p class='ocr_par' dir='ltr' id='par_1_17' title="bbox 305 3121 1788 3999">
     <span class='ocr_line' id='line_1_50' title="bbox 309 3121 1787 3197; baseline 0.002 -15"><span class='ocrx_word' id='word_1_342' title='bbox 309 3130 499 3185; x_wconf 81' lang='lat' dir='ltr'><strong>sentes</strong></span> <span class='ocrx_word' id='word_1_343' title='bbox 543 3122 683 3186; x_wconf 90' lang='lat' dir='ltr'><strong>loco</strong></span> <span class='ocrx_word' id='word_1_344' title='bbox 724 3140 852 3185; x_wconf 90' lang='lat' dir='ltr'><strong>non</strong></span> <span class='ocrx_word' id='word_1_345' title='bbox 899 3121 959 3185; x_wconf 89' lang='lat' dir='ltr'><strong>ei</strong></span> <span class='ocrx_word' id='word_1_346' title='bbox 1004 3132 1622 3197; x_wconf 88' lang='lat' dir='ltr'><strong>commensurentur,</strong></span> <span class='ocrx_word' id='word_1_347' title='bbox 1657 3123 1787 3185; x_wconf 90' lang='lat' dir='ltr'><strong>imo</strong></span> 
     </span>
     <span class='ocr_line' id='line_1_51' title="bbox 307 3219 1784 3285; baseline 0.001 -4"><span class='ocrx_word' id='word_1_348' title='bbox 307 3219 734 3285; x_wconf 85' lang='lat' dir='ltr'><strong>indifferenter</strong></span> <span class='ocrx_word' id='word_1_349' title='bbox 775 3240 846 3284; x_wconf 91' lang='lat' dir='ltr'><strong>se</strong></span> <span class='ocrx_word' id='word_1_350' title='bbox 893 3221 1168 3284; x_wconf 88' lang='lat' dir='ltr'><strong>habeant</strong></span> <span class='ocrx_word' id='word_1_351' title='bbox 1215 3222 1294 3285; x_wconf 92' lang='lat' dir='ltr'><strong>ad</strong></span> <span class='ocrx_word' id='word_1_352' title='bbox 1341 3230 1548 3285; x_wconf 88' lang='lat' dir='ltr'><strong>totum</strong></span> <span class='ocrx_word' id='word_1_353' title='bbox 1595 3230 1660 3283; x_wconf 90' lang='lat' dir='ltr'><strong>et</strong></span> <span class='ocrx_word' id='word_1_354' title='bbox 1705 3221 1784 3283; x_wconf 91' lang='lat' dir='ltr'><strong>ad</strong></span> 
     </span>
     <span class='ocr_line' id='line_1_52' title="bbox 307 3319 1786 3403; baseline -0.001 -19"><span class='ocrx_word' id='word_1_355' title='bbox 307 3328 552 3400; x_wconf 87' lang='lat' dir='ltr'><strong>partem.</strong></span> <span class='ocrx_word' id='word_1_356' title='bbox 598 3319 1032 3384; x_wconf 88' lang='lat' dir='ltr'><strong>Confirmatur</strong></span> <span class='ocrx_word' id='word_1_357' title='bbox 1080 3320 1198 3384; x_wconf 90' lang='lat' dir='ltr'><strong>hoc</strong></span> <span class='ocrx_word' id='word_1_358' title='bbox 1247 3321 1442 3396; x_wconf 90' lang='lat' dir='ltr'><strong>idem,</strong></span> <span class='ocrx_word' id='word_1_359' title='bbox 1483 3321 1786 3403; x_wconf 91' lang='lat' dir='ltr'><strong>quoniam</strong></span> 
     </span>
     <span class='ocr_line' id='line_1_53' title="bbox 305 3419 1786 3493; baseline 0.001 -14"><span class='ocrx_word' id='word_1_360' title='bbox 305 3426 468 3481; x_wconf 86' lang='lat' dir='ltr'><strong>actus</strong></span> <span class='ocrx_word' id='word_1_361' title='bbox 501 3419 690 3483; x_wconf 87' lang='lat' dir='ltr'><strong>calidi</strong></span> <span class='ocrx_word' id='word_1_362' title='bbox 727 3419 794 3482; x_wconf 88' lang='lat' dir='ltr'><strong>in</strong></span> <span class='ocrx_word' id='word_1_363' title='bbox 834 3419 1208 3483; x_wconf 86' lang='lat' dir='ltr'><strong>habitudine</strong></span> <span class='ocrx_word' id='word_1_364' title='bbox 1245 3420 1324 3483; x_wconf 92' lang='lat' dir='ltr'><strong>ad</strong></span> <span class='ocrx_word' id='word_1_365' title='bbox 1363 3420 1658 3493; x_wconf 90' lang='lat' dir='ltr'><strong>alterum,</strong></span> <span class='ocrx_word' id='word_1_366' title='bbox 1691 3427 1786 3481; x_wconf 92' lang='lat' dir='ltr'><strong>est</strong></span> 
     </span>
     <span class='ocr_line' id='line_1_54' title="bbox 307 3517 1786 3602; baseline 0.001 -24"><span class='ocrx_word' id='word_1_367' title='bbox 307 3517 634 3581; x_wconf 83' lang='lat' dir='ltr'><strong>calefacere</strong></span> <span class='ocrx_word' id='word_1_368' title='bbox 684 3518 844 3582; x_wconf 90' lang='lat' dir='ltr'><strong>illud</strong></span> <span class='ocrx_word' id='word_1_369' title='bbox 889 3538 904 3583; x_wconf 90' lang='lat'><strong>:</strong></span> <span class='ocrx_word' id='word_1_370' title='bbox 947 3518 1038 3581; x_wconf 91' lang='lat' dir='ltr'><strong>sic</strong></span> <span class='ocrx_word' id='word_1_371' title='bbox 1079 3526 1260 3581; x_wconf 89' lang='lat' dir='ltr'><strong>actus</strong></span> <span class='ocrx_word' id='word_1_372' title='bbox 1303 3518 1674 3602; x_wconf 86' lang='lat' dir='ltr'><strong>quantitatis</strong></span> <span class='ocrx_word' id='word_1_373' title='bbox 1719 3517 1786 3579; x_wconf 90' lang='lat' dir='ltr'><strong>in</strong></span> 
     </span>
     <span class='ocr_line' id='line_1_55' title="bbox 306 3616 1786 3693; baseline -0.001 -14"><span class='ocrx_word' id='word_1_374' title='bbox 306 3618 512 3681; x_wconf 87' lang='lat' dir='ltr'><strong>ordine</strong></span> <span class='ocrx_word' id='word_1_375' title='bbox 539 3620 616 3682; x_wconf 89' lang='lat' dir='ltr'><strong>ad</strong></span> <span class='ocrx_word' id='word_1_376' title='bbox 645 3620 934 3693; x_wconf 88' lang='lat' dir='ltr'><strong>alteram,</strong></span> <span class='ocrx_word' id='word_1_377' title='bbox 967 3626 1064 3680; x_wconf 90' lang='lat' dir='ltr'><strong>est</strong></span> <span class='ocrx_word' id='word_1_378' title='bbox 1093 3618 1420 3682; x_wconf 88' lang='lat' dir='ltr'><strong>continere</strong></span> <span class='ocrx_word' id='word_1_379' title='bbox 1449 3618 1650 3693; x_wconf 90' lang='lat' dir='ltr'><strong>illam,</strong></span> <span class='ocrx_word' id='word_1_380' title='bbox 1682 3616 1786 3680; x_wconf 90' lang='lat' dir='ltr'><strong>vel</strong></span> 
     </span>
     <span class='ocr_line' id='line_1_56' title="bbox 308 3716 1782 3791; baseline -0.001 -11"><span class='ocrx_word' id='word_1_381' title='bbox 308 3718 602 3782; x_wconf 82' lang='lat' dir='ltr'><strong>contineri</strong></span> <span class='ocrx_word' id='word_1_382' title='bbox 659 3718 742 3780; x_wconf 89' lang='lat' dir='ltr'><strong>ab</strong></span> <span class='ocrx_word' id='word_1_383' title='bbox 801 3717 932 3791; x_wconf 88' lang='lat' dir='ltr'><strong>illa,</strong></span> <span class='ocrx_word' id='word_1_384' title='bbox 985 3716 1088 3779; x_wconf 89' lang='lat' dir='ltr'><strong>vel</strong></span> <span class='ocrx_word' id='word_1_385' title='bbox 1144 3717 1204 3779; x_wconf 92' lang='lat' dir='ltr'><strong>ei</strong></span> <span class='ocrx_word' id='word_1_386' title='bbox 1257 3716 1782 3781; x_wconf 90' lang='lat' dir='ltr'><strong>commensurari.</strong></span> 
     </span>
     <span class='ocr_line' id='line_1_57' title="bbox 307 3816 1786 3899; baseline 0.001 -21"><span class='ocrx_word' id='word_1_387' title='bbox 307 3816 834 3889; x_wconf 83' lang='lat' dir='ltr'><strong>Quemadmodum</strong></span> <span class='ocrx_word' id='word_1_388' title='bbox 885 3834 1036 3899; x_wconf 81' lang='lat' dir='ltr'><strong>ergo</strong></span> <span class='ocrx_word' id='word_1_389' title='bbox 1082 3817 1319 3880; x_wconf 89' lang='lat' dir='ltr'><strong>virtute</strong></span> <span class='ocrx_word' id='word_1_390' title='bbox 1375 3817 1594 3881; x_wconf 88' lang='lat' dir='ltr'><strong>divina</strong></span> <span class='ocrx_word' id='word_1_391' title='bbox 1641 3816 1786 3881; x_wconf 91' lang='lat' dir='ltr'><strong>fieri</strong></span> 
     </span>
     <span class='ocr_line' id='line_1_58' title="bbox 311 3916 1788 3999; baseline 0.001 -22"><span class='ocrx_word' id='word_1_392' title='bbox 311 3924 520 3995; x_wconf 87' lang='lat' dir='ltr'><strong>potest,</strong></span> <span class='ocrx_word' id='word_1_393' title='bbox 551 3926 614 3979; x_wconf 93' lang='lat' dir='ltr'><strong>et</strong></span> <span class='ocrx_word' id='word_1_394' title='bbox 648 3916 892 3980; x_wconf 89' lang='lat' dir='ltr'><strong>factum</strong></span> <span class='ocrx_word' id='word_1_395' title='bbox 935 3924 1033 3979; x_wconf 90' lang='lat' dir='ltr'><strong>est</strong></span> <span class='ocrx_word' id='word_1_396' title='bbox 1075 3934 1264 3999; x_wconf 67' lang='lat' dir='ltr'><strong>saepe,</strong></span> <span class='ocrx_word' id='word_1_397' title='bbox 1296 3918 1467 3999; x_wconf 90' lang='lat' dir='ltr'><strong>quod</strong></span> <span class='ocrx_word' id='word_1_398' title='bbox 1509 3916 1788 3980; x_wconf 91' lang='lat' dir='ltr'><strong>calidum</strong></span> 
     </span>
    </p>
   </div>
   <div class='ocr_carea' id='block_1_18' title="bbox 171 4014 1834 4196">
    <p class='ocr_par' dir='ltr' id='par_1_18' title="bbox 171 4014 1834 4196">
     <span class='ocr_line' id='line_1_59' title="bbox 309 4014 1834 4096; baseline 0.002 -22"><span class='ocrx_word' id='word_1_399' title='bbox 309 4014 682 4096; x_wconf 83' lang='lat' dir='ltr'><strong>applicatum</strong></span> <span class='ocrx_word' id='word_1_400' title='bbox 726 4014 1160 4090; x_wconf 86' lang='lat' dir='ltr'><strong>calefactibili,</strong></span> <span class='ocrx_word' id='word_1_401' title='bbox 1193 4015 1352 4078; x_wconf 88' lang='lat' dir='ltr'><strong>illud</strong></span> <span class='ocrx_word' id='word_1_402' title='bbox 1394 4032 1522 4078; x_wconf 91' lang='lat' dir='ltr'><strong>non</strong></span> <span class='ocrx_word' id='word_1_403' title='bbox 1565 4014 1792 4077; x_wconf 90' lang='lat' dir='ltr'><strong>calefe-</strong></span> <span class='ocrx_word' id='word_1_404' title='bbox 1831 4028 1834 4033; x_wconf 88' lang='grc'><em>·</em></span> 
     </span>
     <span class='ocr_line' id='line_1_60' title="bbox 171 4112 1790 4196; baseline 0.002 -25"><span class='ocrx_word' id='word_1_405' title='bbox 171 4130 254 4175; x_wconf 65' lang='lat' dir='ltr'><strong>=sn:</strong></span> <span class='ocrx_word' id='word_1_406' title='bbox 280 4160 289 4171; x_wconf 91' lang='lat'><strong>.</strong></span> <span class='ocrx_word' id='word_1_407' title='bbox 313 4112 408 4187; x_wconf 85' lang='lat' dir='ltr'><strong>eit,</strong></span> <span class='ocrx_word' id='word_1_408' title='bbox 447 4120 518 4175; x_wconf 89' lang='lat' dir='ltr'><strong>ut</strong></span> <span class='ocrx_word' id='word_1_409' title='bbox 558 4120 732 4196; x_wconf 88' lang='lat' dir='ltr'><strong>patet</strong></span> <span class='ocrx_word' id='word_1_410' title='bbox 778 4115 856 4176; x_wconf 92' lang='lat' dir='ltr'><strong>de</strong></span> <span class='ocrx_word' id='word_1_411' title='bbox 904 4112 1112 4177; x_wconf 89' lang='lat' dir='ltr'><strong>tribus</strong></span> <span class='ocrx_word' id='word_1_412' title='bbox 1163 4114 1378 4196; x_wconf 90' lang='lat' dir='ltr'><strong>pueris</strong></span> <span class='ocrx_word' id='word_1_413' title='bbox 1424 4114 1488 4175; x_wconf 92' lang='lat' dir='ltr'><strong>in</strong></span> <span class='ocrx_word' id='word_1_414' title='bbox 1531 4112 1790 4177; x_wconf 90' lang='lat' dir='ltr'><strong>fornace</strong></span> 
     </span>
    </p>
   </div>
   <div class='ocr_carea' id='block_1_19' title="bbox 1898 3126 3397 4195">
    <p class='ocr_par' dir='ltr' id='par_1_19' title="bbox 1898 3126 3397 4195">
     <span class='ocr_line' id='line_1_61' title="bbox 1898 3126 3389 3210; baseline 0 -21"><span class='ocrx_word' id='word_1_415' title='bbox 1898 3129 1964 3190; x_wconf 90' lang='lat' dir='ltr'><strong>in</strong></span> <span class='ocrx_word' id='word_1_416' title='bbox 2011 3127 2216 3202; x_wconf 85' lang='lat' dir='ltr'><strong>altari,</strong></span> <span class='ocrx_word' id='word_1_417' title='bbox 2268 3126 2408 3191; x_wconf 92' lang='lat' dir='ltr'><strong>loco</strong></span> <span class='ocrx_word' id='word_1_418' title='bbox 2454 3128 2899 3190; x_wconf 89' lang='lat' dir='ltr'><strong>circumscribi</strong></span> <span class='ocrx_word' id='word_1_419' title='bbox 2945 3145 3073 3191; x_wconf 88' lang='lat' dir='ltr'><strong>non</strong></span> <span class='ocrx_word' id='word_1_420' title='bbox 3123 3135 3331 3210; x_wconf 91' lang='lat' dir='ltr'><strong>potest</strong></span> <span class='ocrx_word' id='word_1_421' title='bbox 3374 3144 3389 3189; x_wconf 72' lang='grc' dir='ltr'><strong><em>ε</em></strong></span> 
     </span>
     <span class='ocr_line' id='line_1_62' title="bbox 1900 3225 3397 3308; baseline -0.001 -20"><span class='ocrx_word' id='word_1_422' title='bbox 1900 3227 2138 3289; x_wconf 88' lang='lat' dir='ltr'><strong>idcirco</strong></span> <span class='ocrx_word' id='word_1_423' title='bbox 2186 3244 2313 3290; x_wconf 89' lang='lat' dir='ltr'><strong>non</strong></span> <span class='ocrx_word' id='word_1_424' title='bbox 2363 3226 2668 3308; x_wconf 92' lang='lat' dir='ltr'><strong>competit</strong></span> <span class='ocrx_word' id='word_1_425' title='bbox 2716 3226 2775 3288; x_wconf 92' lang='lat' dir='ltr'><strong>ei</strong></span> <span class='ocrx_word' id='word_1_426' title='bbox 2815 3225 2905 3289; x_wconf 90' lang='lat' dir='ltr'><strong>ibi</strong></span> <span class='ocrx_word' id='word_1_427' title='bbox 2946 3227 3105 3289; x_wconf 89' lang='lat' dir='ltr'><strong>situs</strong></span> <span class='ocrx_word' id='word_1_428' title='bbox 3148 3225 3256 3308; x_wconf 92' lang='lat' dir='ltr'><strong>qui</strong></span> <span class='ocrx_word' id='word_1_429' title='bbox 3299 3232 3397 3287; x_wconf 91' lang='lat' dir='ltr'><strong>est</strong></span> 
     </span>
     <span class='ocr_line' id='line_1_63' title="bbox 1899 3324 3396 3407; baseline 0 -21"><span class='ocrx_word' id='word_1_430' title='bbox 1899 3325 2485 3407; x_wconf 69' lang='lat' dir='ltr'><strong>praedicamentum.</strong></span> <span class='ocrx_word' id='word_1_431' title='bbox 2518 3324 2780 3407; x_wconf 90' lang='lat' dir='ltr'><strong>Nempe,</strong></span> <span class='ocrx_word' id='word_1_432' title='bbox 2816 3331 2887 3386; x_wconf 91' lang='lat' dir='ltr'><strong>ut</strong></span> <span class='ocrx_word' id='word_1_433' title='bbox 2924 3324 3396 3388; x_wconf 78' lang='lat' dir='ltr'><strong>commentator</strong></span> 
     </span>
     <span class='ocr_line' id='line_1_64' title="bbox 1899 3423 3394 3507; baseline 0 -22"><span class='ocrx_word' id='word_1_434' title='bbox 1899 3423 2125 3505; x_wconf 90' lang='lat' dir='ltr'><strong>quinto</strong></span> <span class='ocrx_word' id='word_1_435' title='bbox 2162 3423 2607 3507; x_wconf 80' lang='lat' dir='ltr'><strong>Metaphysicae</strong></span> <span class='ocrx_word' id='word_1_436' title='bbox 2643 3423 2753 3497; x_wconf 91' lang='lat' dir='ltr'><strong>ait,</strong></span> <span class='ocrx_word' id='word_1_437' title='bbox 2796 3423 3027 3506; x_wconf 90' lang='lat' dir='ltr'><strong>positio</strong></span> <span class='ocrx_word' id='word_1_438' title='bbox 3074 3442 3187 3487; x_wconf 91' lang='lat' dir='ltr'><strong>seu</strong></span> <span class='ocrx_word' id='word_1_439' title='bbox 3234 3424 3394 3486; x_wconf 90' lang='lat' dir='ltr'><strong>situs</strong></span> 
     </span>
     <span class='ocr_line' id='line_1_65' title="bbox 1899 3521 3395 3605; baseline 0.001 -22"><span class='ocrx_word' id='word_1_440' title='bbox 1899 3522 2242 3604; x_wconf 88' lang='lat' dir='ltr'><strong>quemdam</strong></span> <span class='ocrx_word' id='word_1_441' title='bbox 2290 3522 2569 3605; x_wconf 89' lang='lat' dir='ltr'><strong>partium</strong></span> <span class='ocrx_word' id='word_1_442' title='bbox 2618 3521 2909 3585; x_wconf 89' lang='lat' dir='ltr'><strong>ordinem</strong></span> <span class='ocrx_word' id='word_1_443' title='bbox 2962 3521 3280 3604; x_wconf 86' lang='lat' dir='ltr'><strong>importat,</strong></span> <span class='ocrx_word' id='word_1_444' title='bbox 3326 3529 3395 3584; x_wconf 91' lang='lat' dir='ltr'><strong>ut</strong></span> 
     </span>
     <span class='ocr_line' id='line_1_66' title="bbox 1899 3619 3395 3703; baseline 0 -20"><span class='ocrx_word' id='word_1_445' title='bbox 1899 3621 2090 3683; x_wconf 89' lang='lat' dir='ltr'><strong>etiam</strong></span> <span class='ocrx_word' id='word_1_446' title='bbox 2152 3620 2393 3683; x_wconf 90' lang='lat' dir='ltr'><strong>ibidem</strong></span> <span class='ocrx_word' id='word_1_447' title='bbox 2450 3620 2539 3682; x_wconf 88' lang='lat' dir='ltr'><strong>ait</strong></span> <span class='ocrx_word' id='word_1_448' title='bbox 2584 3619 3024 3703; x_wconf 66' lang='lat' dir='ltr'><strong>Philosophus</strong></span> <span class='ocrx_word' id='word_1_449' title='bbox 3078 3620 3243 3683; x_wconf 87' lang='lat' dir='ltr'><strong>Ordo</strong></span> <span class='ocrx_word' id='word_1_450' title='bbox 3288 3640 3395 3683; x_wconf 88' lang='lat' dir='ltr'><strong>au-</strong></span> 
     </span>
     <span class='ocr_line' id='line_1_67' title="bbox 1898 3717 3395 3801; baseline -0.001 -20"><span class='ocrx_word' id='word_1_451' title='bbox 1898 3727 2029 3782; x_wconf 92' lang='lat' dir='ltr'><strong>tem</strong></span> <span class='ocrx_word' id='word_1_452' title='bbox 2069 3717 2346 3801; x_wconf 89' lang='lat' dir='ltr'><strong>partium</strong></span> <span class='ocrx_word' id='word_1_453' title='bbox 2381 3718 2617 3800; x_wconf 86' lang='lat' dir='ltr'><strong>duplex</strong></span> <span class='ocrx_word' id='word_1_454' title='bbox 2646 3725 2763 3792; x_wconf 93' lang='lat' dir='ltr'><strong>est,</strong></span> <span class='ocrx_word' id='word_1_455' title='bbox 2798 3724 3038 3800; x_wconf 91' lang='lat' dir='ltr'><strong>utpote,</strong></span> <span class='ocrx_word' id='word_1_456' title='bbox 3070 3718 3227 3782; x_wconf 89' lang='lat' dir='ltr'><strong>ordo</strong></span> <span class='ocrx_word' id='word_1_457' title='bbox 3256 3738 3395 3801; x_wconf 88' lang='lat' dir='ltr'><strong>par-</strong></span> 
     </span>
     <span class='ocr_line' id='line_1_68' title="bbox 1899 3815 3396 3890; baseline 0 -11"><span class='ocrx_word' id='word_1_458' title='bbox 1899 3818 2062 3879; x_wconf 90' lang='lat' dir='ltr'><strong>tium</strong></span> <span class='ocrx_word' id='word_1_459' title='bbox 2115 3816 2181 3878; x_wconf 91' lang='lat' dir='ltr'><strong>in</strong></span> <span class='ocrx_word' id='word_1_460' title='bbox 2229 3823 2381 3890; x_wconf 91' lang='lat' dir='ltr'><strong>toto,</strong></span> <span class='ocrx_word' id='word_1_461' title='bbox 2415 3822 2479 3877; x_wconf 91' lang='lat' dir='ltr'><strong>et</strong></span> <span class='ocrx_word' id='word_1_462' title='bbox 2518 3817 2675 3879; x_wconf 91' lang='lat' dir='ltr'><strong>ordo</strong></span> <span class='ocrx_word' id='word_1_463' title='bbox 2720 3833 2942 3878; x_wconf 89' lang='lat' dir='ltr'><strong>earum</strong></span> <span class='ocrx_word' id='word_1_464' title='bbox 2996 3816 3061 3879; x_wconf 90' lang='lat' dir='ltr'><strong>in</strong></span> <span class='ocrx_word' id='word_1_465' title='bbox 3112 3815 3250 3878; x_wconf 92' lang='lat' dir='ltr'><strong>loco</strong></span> <span class='ocrx_word' id='word_1_466' title='bbox 3284 3834 3299 3879; x_wconf 92' lang='lat'><strong>:</strong></span> <span class='ocrx_word' id='word_1_467' title='bbox 3332 3824 3396 3879; x_wconf 93' lang='lat' dir='ltr'><strong>et</strong></span> 
     </span>
     <span class='ocr_line' id='line_1_69' title="bbox 1901 3914 3397 4000; baseline 0 -23"><span class='ocrx_word' id='word_1_468' title='bbox 1901 3923 2091 4000; x_wconf 90' lang='lat' dir='ltr'><strong>prout</strong></span> <span class='ocrx_word' id='word_1_469' title='bbox 2138 3922 2348 3999; x_wconf 89' lang='lat' dir='ltr'><strong>partes</strong></span> <span class='ocrx_word' id='word_1_470' title='bbox 2399 3915 2776 3977; x_wconf 88' lang='lat' dir='ltr'><strong>ordinantur</strong></span> <span class='ocrx_word' id='word_1_471' title='bbox 2822 3914 2889 3976; x_wconf 94' lang='lat' dir='ltr'><strong>in</strong></span> <span class='ocrx_word' id='word_1_472' title='bbox 2937 3922 3090 3989; x_wconf 92' lang='lat' dir='ltr'><strong>toto,</strong></span> <span class='ocrx_word' id='word_1_473' title='bbox 3140 3932 3397 3978; x_wconf 88' lang='lat' dir='ltr'><strong>consur-</strong></span> 
     </span>
     <span class='ocr_line' id='line_1_70' title="bbox 1898 4012 3397 4096; baseline -0.001 -21"><span class='ocrx_word' id='word_1_474' title='bbox 1898 4014 1992 4095; x_wconf 82' lang='lat' dir='ltr'><strong>git</strong></span> <span class='ocrx_word' id='word_1_475' title='bbox 2027 4014 2174 4077; x_wconf 91' lang='lat' dir='ltr'><strong>inde</strong></span> <span class='ocrx_word' id='word_1_476' title='bbox 2213 4013 2449 4096; x_wconf 90' lang='lat' dir='ltr'><strong>positio</strong></span> <span class='ocrx_word' id='word_1_477' title='bbox 2482 4032 2625 4096; x_wconf 83' lang='lat' dir='ltr'><strong>quae</strong></span> <span class='ocrx_word' id='word_1_478' title='bbox 2661 4021 2758 4076; x_wconf 92' lang='lat' dir='ltr'><strong>est</strong></span> <span class='ocrx_word' id='word_1_479' title='bbox 2794 4012 3160 4076; x_wconf 86' lang='lat' dir='ltr'><strong>differentia</strong></span> <span class='ocrx_word' id='word_1_480' title='bbox 3200 4032 3397 4095; x_wconf 91' lang='lat' dir='ltr'><strong>quan-</strong></span> 
     </span>
     <span class='ocr_line' id='line_1_71' title="bbox 1901 4111 3394 4195; baseline -0.001 -20"><span class='ocrx_word' id='word_1_481' title='bbox 1901 4113 2140 4192; x_wconf 83' lang='lat' dir='ltr'><strong>titatis3</strong></span> <span class='ocrx_word' id='word_1_482' title='bbox 2186 4114 2293 4175; x_wconf 90' lang='lat' dir='ltr'><strong>sed</strong></span> <span class='ocrx_word' id='word_1_483' title='bbox 2343 4120 2531 4195; x_wconf 88' lang='lat' dir='ltr'><strong>prout</strong></span> <span class='ocrx_word' id='word_1_484' title='bbox 2570 4111 2947 4175; x_wconf 88' lang='lat' dir='ltr'><strong>ordinantur</strong></span> <span class='ocrx_word' id='word_1_485' title='bbox 2990 4112 3057 4173; x_wconf 91' lang='lat' dir='ltr'><strong>in</strong></span> <span class='ocrx_word' id='word_1_486' title='bbox 3101 4112 3261 4186; x_wconf 93' lang='lat' dir='ltr'><strong>loco,</strong></span> <span class='ocrx_word' id='word_1_487' title='bbox 3292 4130 3394 4174; x_wconf 91' lang='lat' dir='ltr'><strong>ac-</strong></span> 
     </span>
    </p>
   </div>
   <div class='ocr_carea' id='block_1_20' title="bbox 312 4209 3397 4295">
    <p class='ocr_par' dir='ltr' id='par_1_20' title="bbox 312 4209 3397 4295">
     <span class='ocr_line' id='line_1_72' title="bbox 312 4209 3397 4295; baseline 0 -22"><span class='ocrx_word' id='word_1_488' title='bbox 312 4212 583 4274; x_wconf 61' lang='lat' dir='ltr'><strong>ae-stuan‘ti</strong></span> <span class='ocrx_word' id='word_1_489' title='bbox 646 4212 862 4275; x_wconf 81' lang='lat' dir='ltr'><strong>illaesis</strong></span> <span class='ocrx_word' id='word_1_490' title='bbox 895 4230 912 4292; x_wconf 92' lang='lat'>;</span> <span class='ocrx_word' id='word_1_491' title='bbox 971 4213 1064 4275; x_wconf 88' lang='lat' dir='ltr'><strong>sic</strong></span> <span class='ocrx_word' id='word_1_492' title='bbox 1131 4211 1277 4275; x_wconf 91' lang='lat' dir='ltr'><strong>fieri</strong></span> <span class='ocrx_word' id='word_1_493' title='bbox 1346 4220 1554 4295; x_wconf 91' lang='lat' dir='ltr'><strong>potest</strong></span> <span class='ocrx_word' id='word_1_494' title='bbox 1619 4212 1790 4293; x_wconf 91' lang='lat' dir='ltr'><strong>quod</strong></span> <span class='ocrx_word' id='word_1_495' title='bbox 1821 4218 1870 4279; x_wconf 90' lang='lat' dir='ltr'>D</span> <span class='ocrx_word' id='word_1_496' title='bbox 1901 4212 2140 4294; x_wconf 91' lang='lat' dir='ltr'><strong>cipitur</strong></span> <span class='ocrx_word' id='word_1_497' title='bbox 2178 4212 2327 4274; x_wconf 92' lang='lat' dir='ltr'><strong>inde</strong></span> <span class='ocrx_word' id='word_1_498' title='bbox 2368 4210 2600 4294; x_wconf 91' lang='lat' dir='ltr'><strong>positio</strong></span> <span class='ocrx_word' id='word_1_499' title='bbox 2636 4230 2780 4292; x_wconf 77' lang='lat' dir='ltr'><strong>quae</strong></span> <span class='ocrx_word' id='word_1_500' title='bbox 2818 4216 2917 4273; x_wconf 91' lang='lat' dir='ltr'><strong>est</strong></span> <span class='ocrx_word' id='word_1_501' title='bbox 2950 4209 3397 4292; x_wconf 80' lang='lat' dir='ltr'><strong>praedicamen-</strong></span> 
     </span>
    </p>
   </div>
   <div class='ocr_carea' id='block_1_21' title="bbox 311 4310 1794 5383">
    <p class='ocr_par' dir='ltr' id='par_1_21' title="bbox 311 4310 1794 5383">
     <span class='ocr_line' id='line_1_73' title="bbox 311 4310 1790 4394; baseline 0 -23"><span class='ocrx_word' id='word_1_502' title='bbox 311 4312 612 4391; x_wconf 86' lang='lat' dir='ltr'><strong>quantitas</strong></span> <span class='ocrx_word' id='word_1_503' title='bbox 670 4328 948 4393; x_wconf 78' lang='lat' dir='ltr'><strong>praesens</strong></span> <span class='ocrx_word' id='word_1_504' title='bbox 1002 4312 1185 4374; x_wconf 88' lang='lat' dir='ltr'><strong>alteri</strong></span> <span class='ocrx_word' id='word_1_505' title='bbox 1241 4310 1603 4394; x_wconf 78' lang='lat' dir='ltr'><strong>quantitati,</strong></span> <span class='ocrx_word' id='word_1_506' title='bbox 1664 4328 1790 4373; x_wconf 90' lang='lat' dir='ltr'><strong>non</strong></span> 
     </span>
     <span class='ocr_line' id='line_1_74' title="bbox 313 4409 1791 4484; baseline 0 -13"><span class='ocrx_word' id='word_1_507' title='bbox 313 4410 616 4473; x_wconf 85' lang='lat' dir='ltr'><strong>contineat</strong></span> <span class='ocrx_word' id='word_1_508' title='bbox 643 4429 810 4484; x_wconf 89' lang='lat' dir='ltr'><strong>eam,</strong></span> <span class='ocrx_word' id='word_1_509' title='bbox 841 4428 960 4472; x_wconf 92' lang='lat' dir='ltr'><strong>nec</strong></span> <span class='ocrx_word' id='word_1_510' title='bbox 989 4410 1392 4473; x_wconf 87' lang='lat' dir='ltr'><strong>contineatur</strong></span> <span class='ocrx_word' id='word_1_511' title='bbox 1428 4409 1507 4472; x_wconf 89' lang='lat' dir='ltr'><strong>ab</strong></span> <span class='ocrx_word' id='word_1_512' title='bbox 1542 4428 1638 4484; x_wconf 89' lang='lat' dir='ltr'><strong>ea,</strong></span> <span class='ocrx_word' id='word_1_513' title='bbox 1673 4428 1791 4473; x_wconf 92' lang='lat' dir='ltr'><strong>nec</strong></span> 
     </span>
     <span class='ocr_line' id='line_1_75' title="bbox 313 4506 1540 4571; baseline 0.002 -4"><span class='ocrx_word' id='word_1_514' title='bbox 313 4506 364 4567; x_wconf 91' lang='lat' dir='ltr'><strong>ei</strong></span> <span class='ocrx_word' id='word_1_515' title='bbox 401 4515 970 4571; x_wconf 89' lang='lat' dir='ltr'><strong>commensuretur.</strong></span> <span class='ocrx_word' id='word_1_516' title='bbox 1003 4506 1146 4570; x_wconf 77' lang='lat' dir='ltr'><strong>Haec</strong></span> <span class='ocrx_word' id='word_1_517' title='bbox 1186 4507 1540 4570; x_wconf 88' lang='lat' dir='ltr'><strong>Durandus.</strong></span> 
     </span>
     <span class='ocr_line' id='line_1_76' title="bbox 383 4606 1792 4687; baseline 0 -18"><span class='ocrx_word' id='word_1_518' title='bbox 383 4606 692 4670; x_wconf 89' lang='lat' dir='ltr'><strong>Consonat</strong></span> <span class='ocrx_word' id='word_1_519' title='bbox 726 4606 972 4680; x_wconf 77' lang='lat' dir='ltr'><strong>ScotuS,</strong></span> <span class='ocrx_word' id='word_1_520' title='bbox 1003 4613 1068 4669; x_wconf 88' lang='lat' dir='ltr'><strong>et</strong></span> <span class='ocrx_word' id='word_1_521' title='bbox 1105 4606 1282 4669; x_wconf 89' lang='lat' dir='ltr'><strong>addit</strong></span> <span class='ocrx_word' id='word_1_522' title='bbox 1320 4625 1614 4687; x_wconf 80' lang='lat' dir='ltr'><strong>magnam</strong></span> <span class='ocrx_word' id='word_1_523' title='bbox 1653 4624 1792 4669; x_wconf 91' lang='lat' dir='ltr'><strong>esse</strong></span> 
     </span>
     <span class='ocr_line' id='line_1_77' title="bbox 314 4703 1791 4787; baseline 0.001 -22"><span class='ocrx_word' id='word_1_524' title='bbox 314 4704 770 4779; x_wconf 86' lang='lat' dir='ltr'><strong>difficultatem,</strong></span> <span class='ocrx_word' id='word_1_525' title='bbox 792 4703 1064 4787; x_wconf 88' lang='lat' dir='ltr'><strong>qualiter</strong></span> <span class='ocrx_word' id='word_1_526' title='bbox 1105 4713 1420 4787; x_wconf 91' lang='lat' dir='ltr'><strong>quantum</strong></span> <span class='ocrx_word' id='word_1_527' title='bbox 1469 4705 1669 4787; x_wconf 91' lang='lat' dir='ltr'><strong>possit</strong></span> <span class='ocrx_word' id='word_1_528' title='bbox 1709 4704 1791 4767; x_wconf 93' lang='lat' dir='ltr'><strong>si-</strong></span> 
     </span>
     <span class='ocr_line' id='line_1_78' title="bbox 315 4802 1792 4887; baseline -0.001 -21"><span class='ocrx_word' id='word_1_529' title='bbox 315 4804 436 4867; x_wconf 87' lang='lat' dir='ltr'><strong>mul</strong></span> <span class='ocrx_word' id='word_1_530' title='bbox 464 4823 604 4868; x_wconf 56' lang='grc' dir='ltr'><strong>περ</strong></span> <span class='ocrx_word' id='word_1_531' title='bbox 632 4823 780 4867; x_wconf 90' lang='lat' dir='ltr'><strong>cum</strong></span> <span class='ocrx_word' id='word_1_532' title='bbox 811 4812 1065 4885; x_wconf 90' lang='lat' dir='ltr'><strong>quanto,</strong></span> <span class='ocrx_word' id='word_1_533' title='bbox 1081 4802 1400 4887; x_wconf 90' lang='lat' dir='ltr'><strong>loquendo</strong></span> <span class='ocrx_word' id='word_1_534' title='bbox 1428 4803 1506 4865; x_wconf 91' lang='lat' dir='ltr'><strong>de</strong></span> <span class='ocrx_word' id='word_1_535' title='bbox 1536 4804 1792 4885; x_wconf 87' lang='lat' dir='ltr'><strong>quantis</strong></span> 
     </span>
     <span class='ocr_line' id='line_1_79' title="bbox 315 4902 1792 4984; baseline 0.002 -21"><span class='ocrx_word' id='word_1_536' title='bbox 315 4902 682 4967; x_wconf 86' lang='lat' dir='ltr'><strong>habentibus</strong></span> <span class='ocrx_word' id='word_1_537' title='bbox 730 4902 993 4966; x_wconf 90' lang='lat' dir='ltr'><strong>modum</strong></span> <span class='ocrx_word' id='word_1_538' title='bbox 1043 4902 1538 4984; x_wconf 86' lang='lat' dir='ltr'><strong>quantitativum</strong></span> <span class='ocrx_word' id='word_1_539' title='bbox 1589 4921 1602 4965; x_wconf 94' lang='lat'>:</span> <span class='ocrx_word' id='word_1_540' title='bbox 1651 4922 1792 4984; x_wconf 80' lang='lat' dir='ltr'><strong>quae</strong></span> 
     </span>
     <span class='ocr_line' id='line_1_80' title="bbox 316 5000 1792 5077; baseline 0.001 -15"><span class='ocrx_word' id='word_1_541' title='bbox 316 5001 646 5066; x_wconf 82' lang='lat' dir='ltr'><strong>difficultas</strong></span> <span class='ocrx_word' id='word_1_542' title='bbox 677 5009 776 5065; x_wconf 88' lang='lat' dir='ltr'><strong>est</strong></span> <span class='ocrx_word' id='word_1_543' title='bbox 804 5000 1034 5077; x_wconf 90' lang='lat' dir='ltr'><strong>minor,</strong></span> <span class='ocrx_word' id='word_1_544' title='bbox 1057 5002 1212 5064; x_wconf 90' lang='lat' dir='ltr'><strong>dum</strong></span> <span class='ocrx_word' id='word_1_545' title='bbox 1241 5020 1369 5065; x_wconf 92' lang='lat' dir='ltr'><strong>non</strong></span> <span class='ocrx_word' id='word_1_546' title='bbox 1399 5001 1657 5076; x_wconf 90' lang='lat' dir='ltr'><strong>habent,</strong></span> <span class='ocrx_word' id='word_1_547' title='bbox 1690 5000 1792 5063; x_wconf 91' lang='lat' dir='ltr'><strong>vel</strong></span> 
     </span>
     <span class='ocr_line' id='line_1_81' title="bbox 319 5100 1793 5184; baseline 0 -21"><span class='ocrx_word' id='word_1_548' title='bbox 319 5120 500 5166; x_wconf 88' lang='lat' dir='ltr'><strong>unum</strong></span> <span class='ocrx_word' id='word_1_549' title='bbox 528 5121 753 5167; x_wconf 89' lang='lat' dir='ltr'><strong>eorum</strong></span> <span class='ocrx_word' id='word_1_550' title='bbox 782 5119 910 5165; x_wconf 90' lang='lat' dir='ltr'><strong>non</strong></span> <span class='ocrx_word' id='word_1_551' title='bbox 941 5100 1152 5175; x_wconf 89' lang='lat' dir='ltr'><strong>habet,</strong></span> <span class='ocrx_word' id='word_1_552' title='bbox 1187 5102 1448 5165; x_wconf 89' lang='lat' dir='ltr'><strong>modum</strong></span> <span class='ocrx_word' id='word_1_553' title='bbox 1479 5100 1793 5184; x_wconf 89' lang='lat' dir='ltr'><strong>quantita-</strong></span> 
     </span>
     <span class='ocr_line' id='line_1_82' title="bbox 318 5199 1794 5285; baseline 0 -23"><span class='ocrx_word' id='word_1_554' title='bbox 318 5201 526 5277; x_wconf 86' lang='lat' dir='ltr'><strong>tivum,</strong></span> <span class='ocrx_word' id='word_1_555' title='bbox 558 5211 630 5266; x_wconf 85' lang='lat' dir='ltr'><strong>ut</strong></span> <span class='ocrx_word' id='word_1_556' title='bbox 657 5202 726 5266; x_wconf 93' lang='lat' dir='ltr'><strong>in</strong></span> <span class='ocrx_word' id='word_1_557' title='bbox 757 5200 1100 5285; x_wconf 89' lang='lat' dir='ltr'><strong>proposito.</strong></span> <span class='ocrx_word' id='word_1_558' title='bbox 1135 5202 1211 5264; x_wconf 90' lang='lat' dir='ltr'><strong>Et</strong></span> <span class='ocrx_word' id='word_1_559' title='bbox 1238 5202 1316 5264; x_wconf 92' lang='lat' dir='ltr'><strong>de</strong></span> <span class='ocrx_word' id='word_1_560' title='bbox 1346 5201 1469 5265; x_wconf 93' lang='lat' dir='ltr'><strong>hoc</strong></span> <span class='ocrx_word' id='word_1_561' title='bbox 1505 5199 1674 5263; x_wconf 89' lang='lat' dir='ltr'><strong>infra</strong></span> <span class='ocrx_word' id='word_1_562' title='bbox 1701 5200 1794 5263; x_wconf 89' lang='lat' dir='ltr'><strong>di-</strong></span> 
     </span>
     <span class='ocr_line' id='line_1_83' title="bbox 319 5298 1788 5383; baseline -0.003 -18"><span class='ocrx_word' id='word_1_563' title='bbox 319 5308 482 5367; x_wconf 84' lang='lat' dir='ltr'><strong>cetur</strong></span> <span class='ocrx_word' id='word_1_564' title='bbox 519 5304 584 5367; x_wconf 91' lang='lat' dir='ltr'><strong>in</strong></span> <span class='ocrx_word' id='word_1_565' title='bbox 630 5301 898 5366; x_wconf 82' lang='lat' dir='ltr'><strong>materia</strong></span> <span class='ocrx_word' id='word_1_566' title='bbox 938 5300 1016 5364; x_wconf 90' lang='lat' dir='ltr'><strong>de</strong></span> <span class='ocrx_word' id='word_1_567' title='bbox 1059 5299 1434 5383; x_wconf 89' lang='lat' dir='ltr'><strong>corporibus</strong></span> <span class='ocrx_word' id='word_1_568' title='bbox 1475 5298 1788 5382; x_wconf 81' lang='lat' dir='ltr'><strong>gloriosis.</strong></span> 
     </span>
    </p>
   </div>
   <div class='ocr_carea' id='block_1_22' title="bbox 1897 4308 3399 5379">
    <p class='ocr_par' dir='ltr' id='par_1_22' title="bbox 1897 4308 3399 5379">
     <span class='ocr_line' id='line_1_84' title="bbox 1899 4308 3397 4392; baseline 0.002 -22"><span class='ocrx_word' id='word_1_569' title='bbox 1899 4317 2058 4371; x_wconf 88' lang='lat' dir='ltr'><strong>tum.</strong></span> <span class='ocrx_word' id='word_1_570' title='bbox 2094 4310 2369 4392; x_wconf 90' lang='lat' dir='ltr'><strong>Uterque</strong></span> <span class='ocrx_word' id='word_1_571' title='bbox 2407 4317 2619 4372; x_wconf 88' lang='lat' dir='ltr'><strong>autem</strong></span> <span class='ocrx_word' id='word_1_572' title='bbox 2659 4308 2763 4370; x_wconf 93' lang='lat' dir='ltr'><strong>hic</strong></span> <span class='ocrx_word' id='word_1_573' title='bbox 2802 4309 2959 4372; x_wconf 90' lang='lat' dir='ltr'><strong>ordo</strong></span> <span class='ocrx_word' id='word_1_574' title='bbox 2996 4310 3288 4391; x_wconf 89' lang='lat' dir='ltr'><strong>provenit</strong></span> <span class='ocrx_word' id='word_1_575' title='bbox 3317 4329 3397 4373; x_wconf 85' lang='lat' dir='ltr'><strong>ex</strong></span> 
     </span>
     <span class='ocr_line' id='line_1_85' title="bbox 1901 4406 3397 4491; baseline -0.001 -20"><span class='ocrx_word' id='word_1_576' title='bbox 1901 4408 2252 4491; x_wconf 90' lang='lat' dir='ltr'><strong>quantitate</strong></span> <span class='ocrx_word' id='word_1_577' title='bbox 2294 4408 2480 4470; x_wconf 88' lang='lat' dir='ltr'><strong>aliter</strong></span> <span class='ocrx_word' id='word_1_578' title='bbox 2522 4416 2587 4471; x_wconf 89' lang='lat' dir='ltr'><strong>et</strong></span> <span class='ocrx_word' id='word_1_579' title='bbox 2626 4406 2812 4469; x_wconf 89' lang='lat' dir='ltr'><strong>aliter</strong></span> <span class='ocrx_word' id='word_1_580' title='bbox 2859 4414 3135 4491; x_wconf 91' lang='lat' dir='ltr'><strong>sumpta.</strong></span> <span class='ocrx_word' id='word_1_581' title='bbox 3167 4407 3397 4481; x_wconf 85' lang='lat' dir='ltr'><strong>Quem-</strong></span> 
     </span>
     <span class='ocr_line' id='line_1_86' title="bbox 1900 4506 3397 4589; baseline -0.001 -18"><span class='ocrx_word' id='word_1_582' title='bbox 1900 4506 2247 4571; x_wconf 89' lang='lat' dir='ltr'><strong>admodum</strong></span> <span class='ocrx_word' id='word_1_583' title='bbox 2322 4506 2499 4569; x_wconf 89' lang='lat' dir='ltr'><strong>enim</strong></span> <span class='ocrx_word' id='word_1_584' title='bbox 2569 4506 2905 4589; x_wconf 89' lang='lat' dir='ltr'><strong>qualitates</strong></span> <span class='ocrx_word' id='word_1_585' title='bbox 2982 4507 3397 4589; x_wconf 89' lang='lat' dir='ltr'><strong>comparatio-</strong></span> 
     </span>
     <span class='ocr_line' id='line_1_87' title="bbox 1901 4603 3399 4687; baseline -0.001 -18"><span class='ocrx_word' id='word_1_586' title='bbox 1901 4625 2050 4669; x_wconf 90' lang='lat' dir='ltr'><strong>nem</strong></span> <span class='ocrx_word' id='word_1_587' title='bbox 2092 4604 2418 4687; x_wconf 91' lang='lat' dir='ltr'><strong>duplicem</strong></span> <span class='ocrx_word' id='word_1_588' title='bbox 2461 4603 2718 4678; x_wconf 88' lang='lat' dir='ltr'><strong>habent,</strong></span> <span class='ocrx_word' id='word_1_589' title='bbox 2753 4623 2947 4667; x_wconf 91' lang='lat' dir='ltr'><strong>unam</strong></span> <span class='ocrx_word' id='word_1_590' title='bbox 2984 4604 3063 4667; x_wconf 92' lang='lat' dir='ltr'><strong>ad</strong></span> <span class='ocrx_word' id='word_1_591' title='bbox 3102 4624 3216 4668; x_wconf 91' lang='lat' dir='ltr'><strong>sua</strong></span> <span class='ocrx_word' id='word_1_592' title='bbox 3252 4606 3399 4668; x_wconf 90' lang='lat' dir='ltr'><strong>sub-</strong></span> 
     </span>
     <span class='ocr_line' id='line_1_88' title="bbox 1897 4702 3396 4785; baseline -0.001 -18"><span class='ocrx_word' id='word_1_593' title='bbox 1897 4705 2087 4785; x_wconf 90' lang='lat' dir='ltr'><strong>jecta,</strong></span> <span class='ocrx_word' id='word_1_594' title='bbox 2124 4702 2479 4765; x_wconf 91' lang='lat' dir='ltr'><strong>secundum</strong></span> <span class='ocrx_word' id='word_1_595' title='bbox 2516 4720 2708 4785; x_wconf 89' lang='lat' dir='ltr'><strong>quam</strong></span> <span class='ocrx_word' id='word_1_596' title='bbox 2758 4703 3059 4765; x_wconf 90' lang='lat' dir='ltr'><strong>convenit</strong></span> <span class='ocrx_word' id='word_1_597' title='bbox 3106 4704 3201 4765; x_wconf 91' lang='lat' dir='ltr'><strong>eis</strong></span> <span class='ocrx_word' id='word_1_598' title='bbox 3248 4704 3396 4767; x_wconf 90' lang='lat' dir='ltr'><strong>dare</strong></span> 
     </span>
     <span class='ocr_line' id='line_1_89' title="bbox 1901 4799 3398 4880; baseline -0.001 -14"><span class='ocrx_word' id='word_1_599' title='bbox 1901 4822 2040 4866; x_wconf 91' lang='lat' dir='ltr'><strong>esse</strong></span> <span class='ocrx_word' id='word_1_600' title='bbox 2087 4800 2478 4864; x_wconf 90' lang='lat' dir='ltr'><strong>accidentale</strong></span> <span class='ocrx_word' id='word_1_601' title='bbox 2526 4800 2876 4880; x_wconf 83' lang='lat' dir='ltr'><strong>subjectis3</strong></span> <span class='ocrx_word' id='word_1_602' title='bbox 2926 4799 3119 4863; x_wconf 88' lang='lat' dir='ltr'><strong>aliam</strong></span> <span class='ocrx_word' id='word_1_603' title='bbox 3164 4801 3245 4864; x_wconf 92' lang='lat' dir='ltr'><strong>ad</strong></span> <span class='ocrx_word' id='word_1_604' title='bbox 3290 4802 3398 4865; x_wconf 87' lang='lat' dir='ltr'><strong>ob-</strong></span> 
     </span>
     <span class='ocr_line' id='line_1_90' title="bbox 1897 4898 3395 4982; baseline -0.001 -18"><span class='ocrx_word' id='word_1_605' title='bbox 1897 4902 2067 4982; x_wconf 90' lang='lat' dir='ltr'><strong>jecta</strong></span> <span class='ocrx_word' id='word_1_606' title='bbox 2113 4901 2249 4963; x_wconf 92' lang='lat' dir='ltr'><strong>sive</strong></span> <span class='ocrx_word' id='word_1_607' title='bbox 2296 4901 2373 4963; x_wconf 89' lang='lat' dir='ltr'><strong>ad</strong></span> <span class='ocrx_word' id='word_1_608' title='bbox 2422 4898 2751 4971; x_wconf 87' lang='lat' dir='ltr'><strong>exteriora,</strong></span> <span class='ocrx_word' id='word_1_609' title='bbox 2802 4898 3155 4962; x_wconf 89' lang='lat' dir='ltr'><strong>secundum</strong></span> <span class='ocrx_word' id='word_1_610' title='bbox 3204 4919 3395 4982; x_wconf 89' lang='lat' dir='ltr'><strong>quam</strong></span> 
     </span>
     <span class='ocr_line' id='line_1_91' title="bbox 1902 4996 3397 5082; baseline -0.001 -19"><span class='ocrx_word' id='word_1_611' title='bbox 1902 5008 2050 5063; x_wconf 89' lang='lat' dir='ltr'><strong>sunt</strong></span> <span class='ocrx_word' id='word_1_612' title='bbox 2094 4998 2411 5082; x_wconf 90' lang='lat' dir='ltr'><strong>principia</strong></span> <span class='ocrx_word' id='word_1_613' title='bbox 2451 4996 2795 5070; x_wconf 90' lang='lat' dir='ltr'><strong>actionum,</strong></span> <span class='ocrx_word' id='word_1_614' title='bbox 2830 5005 2893 5059; x_wconf 89' lang='lat' dir='ltr'><strong>et</strong></span> <span class='ocrx_word' id='word_1_615' title='bbox 2930 5016 3121 5060; x_wconf 89' lang='lat' dir='ltr'><strong>causa</strong></span> <span class='ocrx_word' id='word_1_616' title='bbox 3158 4999 3397 5062; x_wconf 88' lang='lat' dir='ltr'><strong>ratiove</strong></span> 
     </span>
     <span class='ocr_line' id='line_1_92' title="bbox 1899 5096 3395 5181; baseline -0.001 -19"><span class='ocrx_word' id='word_1_617' title='bbox 1899 5099 2127 5181; x_wconf 84' lang='lat' dir='ltr'><strong>agendi</strong></span> <span class='ocrx_word' id='word_1_618' title='bbox 2155 5098 2350 5179; x_wconf 90' lang='lat' dir='ltr'><strong>(sicut</strong></span> <span class='ocrx_word' id='word_1_619' title='bbox 2386 5096 2558 5159; x_wconf 90' lang='lat' dir='ltr'><strong>calor</strong></span> <span class='ocrx_word' id='word_1_620' title='bbox 2597 5114 2711 5177; x_wconf 90' lang='lat' dir='ltr'><strong>per</strong></span> <span class='ocrx_word' id='word_1_621' title='bbox 2748 5096 3286 5178; x_wconf 88' lang='lat' dir='ltr'><strong>comparationem</strong></span> <span class='ocrx_word' id='word_1_622' title='bbox 3316 5098 3395 5160; x_wconf 88' lang='lat' dir='ltr'><strong>ad</strong></span> 
     </span>
     <span class='ocr_line' id='line_1_93' title="bbox 1901 5193 3397 5278; baseline -0.001 -18"><span class='ocrx_word' id='word_1_623' title='bbox 1901 5198 2263 5278; x_wconf 88' lang='lat' dir='ltr'><strong>subjectum</strong></span> <span class='ocrx_word' id='word_1_624' title='bbox 2322 5196 2428 5258; x_wconf 89' lang='lat' dir='ltr'><strong>dat</strong></span> <span class='ocrx_word' id='word_1_625' title='bbox 2484 5212 2624 5258; x_wconf 90' lang='lat' dir='ltr'><strong>esse</strong></span> <span class='ocrx_word' id='word_1_626' title='bbox 2682 5193 2983 5269; x_wconf 90' lang='lat' dir='ltr'><strong>calidum,</strong></span> <span class='ocrx_word' id='word_1_627' title='bbox 3039 5194 3149 5258; x_wconf 90' lang='lat' dir='ltr'><strong>sed</strong></span> <span class='ocrx_word' id='word_1_628' title='bbox 3207 5204 3397 5277; x_wconf 89' lang='lat' dir='ltr'><strong>prout</strong></span> 
     </span>
     <span class='ocr_line' id='line_1_94' title="bbox 1903 5291 3397 5379; baseline -0.002 -18"><span class='ocrx_word' id='word_1_629' title='bbox 1903 5302 2305 5379; x_wconf 88' lang='lat' dir='ltr'><strong>comparatur</strong></span> <span class='ocrx_word' id='word_1_630' title='bbox 2333 5293 2410 5356; x_wconf 89' lang='lat' dir='ltr'><strong>ad</strong></span> <span class='ocrx_word' id='word_1_631' title='bbox 2440 5291 2881 5368; x_wconf 84' lang='lat' dir='ltr'><strong>calefactibile,</strong></span> <span class='ocrx_word' id='word_1_632' title='bbox 2899 5298 2997 5357; x_wconf 90' lang='lat' dir='ltr'><strong>est</strong></span> <span class='ocrx_word' id='word_1_633' title='bbox 3024 5292 3397 5359; x_wconf 89' lang='lat' dir='ltr'><strong>calefacien-</strong></span> 
     </span>
    </p>
   </div>
   <div class='ocr_carea' id='block_1_23' title="bbox 3440 2653 3643 2696">
    <p class='ocr_par' dir='ltr' id='par_1_23' title="bbox 3440 2653 3643 2696">
     <span class='ocr_line' id='line_1_95' title="bbox 3440 2653 3643 2696; baseline 0.005 -1"><span class='ocrx_word' id='word_1_634' title='bbox 3440 2653 3577 2696; x_wconf 83' lang='lat' dir='ltr'><strong>theor.</strong></span> <span class='ocrx_word' id='word_1_635' title='bbox 3601 2655 3643 2696; x_wconf 77' lang='lat'><strong>6.</strong></span> 
     </span>
    </p>
   </div>
  </div>
 </body>
</html>
