4267 6250
1158 488 1244 536 AN
1281 488 1570 539 mummi
1609 490 1764 539 rAns
1806 491 2297 543 sAnsrAc'rlole
2336 496 2628 545 nxsrsrn
3325 479 3441 545 421

329 655 536 719 etiam
583 664 730 739 post
775 657 1220 724 tribulationes
1262 660 1410 725 vitae
1454 664 1784 744 praesentis
1827 680 1842 724 ε
1874 661 1925 724 A
1954 664 2051 727 vis
2081 683 2209 730 non
2241 668 2687 749 punctualiter.
2719 704 2800 715 -—
2830 669 3091 745 RursuS‚
3124 688 3325 753 quum
3352 669 3445 752 je-

329 755 498 836 quia
540 755 605 817 in
647 764 856 821 morte
904 759 982 821 ad
1027 759 1298 823 limbum
1350 760 1840 835 descendebant,
1949 763 2132 845 junia
2174 766 2465 829 instituta
2504 768 2633 830 sint
2668 787 2784 851 pro
2822 769 3031 831 carnis
3068 767 3442 843 afflictione,

328 853 453 935 qui
499 853 674 917 locus
716 856 963 920 exstitit
1002 858 1398 923 tenebrosus.
1951 880 2068 944 pro
2117 864 2637 947 concupiscentia
2681 867 3053 942 edomanda,
3096 875 3161 930 et
3206 867 3448 930 satisfa-

418 952 610 1016 Porro
639 954 719 1016 de
754 954 1119 1020 electuariis
1158 958 1356 1041 aliqui
1395 957 1638 1033 dicunt,
1673 960 1843 1041 quod
1951 962 2151 1023 ctoria
2191 962 2342 1037 sint,
2385 964 2450 1025 in
2492 972 2801 1046 quantum
2851 966 3152 1047 poenalia3
3192 965 3447 1029 videtur

329 1052 390 1114 si
431 1053 514 1115 ad
553 1049 1052 1118 delectationem
1083 1064 1437 1131 sumantur,
1471 1056 1720 1120 solvant
1753 1057 1844 1139 je·
1951 1059 2214 1123 omnino
2241 1050 2630 1125 contrarium
2666 1062 3002 1127 intentioni
3034 1062 3353 1139 Ecclesiae,
3377 1063 3443 1126 in

327 1150 635 1232 junium3
685 1171 817 1217 non
875 1161 1089 1217 autem
1147 1154 1200 1217 si
1261 1173 1453 1218 causa
1506 1156 1844 1219 medicinae
1953 1157 2179 1222 diebus
2214 1158 2448 1241 Jejunii
2488 1160 2832 1224 electuaria
2872 1181 3125 1225 sumere
3164 1170 3229 1225 et
3268 1162 3447 1225 lauti-

331 1259 696 1314 sumantur.
742 1252 920 1327 Quod
969 1270 1096 1316 non
1141 1253 1416 1328 videtur,
1455 1254 1604 1337 quia
1650 1261 1844 1317 statu·
1952 1255 2070 1319 tias
2127 1257 2499 1339 hujusmodi
2550 1278 2856 1342 quaerere,
2908 1260 3031 1323 nisi
3090 1260 3175 1323 sit
3221 1260 3447 1342 ingens

333 1356 482 1411 tum
527 1350 686 1432 legis
730 1350 1022 1433 positivae
1064 1368 1190 1414 non
1233 1353 1504 1415 attendit
1546 1352 1842 1415 intentio·
1951 1356 2315 1418 necessitas.
2348 1356 2683 1421 Potissime
2710 1376 2863 1422 vero
2896 1358 2996 1421 his
3025 1358 3280 1422 videtur
3307 1377 3447 1422 esse

336 1466 492 1510 nem
522 1447 946 1524 observantie,
971 1450 1080 1513 sed
1109 1456 1326 1513 actum
1360 1468 1374 1512 :
1409 1468 1485 1514 eo
1513 1451 1684 1534 quod
1715 1468 1845 1513 mo-
1953 1452 2074 1515 hoc
2113 1452 2413 1516 illicitum
2455 1455 2567 1537 qui
2606 1454 3005 1519 abundanter
3044 1463 3110 1519 et
3148 1455 3316 1518 laute
3356 1474 3449 1519 re·

333 1545 462 1608 dus
503 1545 762 1609 virtutis
803 1564 934 1610 non
977 1548 1158 1610 cadat
1195 1548 1316 1610 sub
1359 1556 1700 1632 praecepto,
1731 1549 1842 1612 sed
1950 1550 2265 1614 ficiuntur
2312 1553 2378 1615 in
2426 1553 2653 1617 diebus
2702 1554 3093 1637 hujusmodi.
3136 1554 3213 1617 Et
3261 1553 3445 1616 multi

335 1649 439 1706 ωε
483 1643 639 1707 finis
687 1646 1014 1728 praecepti.
1068 1646 1158 1709 Ex
1218 1646 1571 1710 intentione
1625 1654 1838 1710 autem
1951 1649 2232 1732 pessima
2260 1652 2720 1715 consuetudine
2748 1653 3086 1716 trahuntur
3112 1660 3303 1736 atque
3331 1651 3445 1715 fal-

335 1750 552 1825 potest
595 1743 744 1825 quis
804 1744 1036 1807 mereri
1091 1764 1166 1809 ac
1213 1746 1547 1809 demereri.
1597 1746 1842 1809 Idcirco
1955 1748 2176 1811 luntur
2216 1748 2282 1811 in
2324 1750 2463 1813 hoc.

333 1842 706 1916 dicendum,
731 1843 902 1925 quod
932 1843 1275 1907 electuaria
1303 1845 1596 1927 quamvis
1625 1844 1842 1928 aliquo
1877 1846 1925 1908 B

341 1940 536 2004 modo
581 1941 892 2017 nutriant,
935 1960 1063 2006 non
1105 1950 1318 2005 tamen
1371 1944 1490 2007 iste
1531 1952 1629 2007 est
1670 1944 1842 2026 prin-

339 2039 572 2121 cipalis
617 2058 772 2103 usus
815 2058 1036 2103 eorum
1071 2059 1086 2103 ε
1122 2042 1290 2105 unde
1332 2060 1452 2105 nec
1491 2041 1629 2105 loeo
1671 2062 1845 2104 man-

2031 1946 2215 2008 Nunc
2246 1944 2415 2009 circa
2450 1946 2639 2009 istam
2671 1947 3146 2012 distinctionem
3175 1955 3445 2011 tractan-
3506 1974 3566 2019 n„
3590 1975 3726 2020 ma-

1953 2043 2107 2105 dum
2139 2051 2307 2107 esset
2330 2044 2408 2107 de
2437 2046 2737 2122 oratione,
2753 2046 2832 2109 de
2861 2065 2987 2128 qua
3015 2066 3213 2129 quum
3248 2047 3449 2130 speci·
3474 2049 3573 2082 ⁰¹¹⁶·

339 2138 706 2201 ducationis
735 2138 938 2221 accipi
969 2138 1188 2203 solent
1206 2141 1366 2203 Hinc
1395 2140 1541 2204 talis
1568 2141 1846 2224 sumptio

341 2253 476 2298 non
505 2235 698 2299 solvit
723 2236 1047 2319 jejunium
1078 2238 1710 2322 Ecclesiae,quamvis
1739 2240 1847 2305 ho-

341 2351 455 2396 mo
501 2334 706 2416 possit
751 2334 1031 2399 totaliter
1084 2343 1194 2399 aut
1251 2337 1316 2399 in
1374 2346 1552 2420 parte
1609 2357 1686 2401 ex
1733 2338 1844 2401 tali

341 2432 716 2514 sumptione
749 2434 1054 2497 meritum
1088 2434 1322 2516 iejunii
1360 2436 1652 2519 perdere,
1685 2455 1850 2501 mor-

338 2531 686 2615 taliterque
726 2550 1012 2615 peccare,
1044 2534 1099 2597 si
1139 2534 1224 2598 sit
1253 2534 1670 2599 immoderata
1710 2536 1849 2600 libi-

341 2630 446 2693 do.
500 2628 638 2694 Non
696 2637 912 2695 tamen
969 2651 1046 2695 ex
1105 2633 1224 2697 hoc
1271 2641 1368 2697 est
1424 2641 1850 2716 transgressor

341 2729 652 2811 praecepti
683 2729 1006 2805 Ecclesiae‚
1030 2730 1155 2794 nisi
1188 2732 1254 2794 in
1284 2731 1576 2795 fraudem
1604 2734 1850 2816 accipe-

339 2835 464 2900 ret,
495 2836 606 2891 aut
634 2828 688 2890 si
721 2828 814 2891 eis
843 2830 1026 2911 quasi
1061 2829 1206 2893 aliis
1245 2830 1409 2893 cibis
1448 2838 1733 2895 uteretur
1769 2833 1848 2898 ad

340 2926 585 2989 famem
620 2926 1166 3007 exstinguendam.
1191 2964 1272 2975 —
1306 2929 1449 2992 Haec
1480 2930 1750 2994 Thomas
1782 2931 1848 2993 in

1953 2141 2118 2205 alem
2149 2150 2485 2206 tractatum
2514 2144 2840 2220 ediderim,
2856 2146 3042 2210 modo
3068 2153 3449 2229 pertranseo,

1955 2259 2080 2305 non
2119 2242 2244 2305 nisi
2284 2260 2489 2325 pauca
2526 2242 2903 2306 brevissime
2944 2244 3447 2326 perstringendo.

1956 2339 2221 2422 Nempe,
2265 2348 2336 2403 ut
2384 2341 2607 2404 scribit
2652 2342 3025 2417 Richardus,
3072 2343 3273 2407 oratio
3302 2328 3455 2407 ‘uno

1959 2439 2147 2502 modo
2193 2446 2457 2502 vocatur
2503 2439 2893 2503 desiderium
2951 2440 3195 2524 aliquid
3253 2440 3456 2525 impe-

1957 2537 2188 2611 trandi,
2238 2544 2303 2599 et
2360 2536 2447 2600 ita
2504 2545 2599 2600 est
2652 2546 2832 2602 actus
2889 2539 3271 2620 voluntatis;
3330 2540 3457 2604 alio

1961 2635 2149 2699 modo
2179 2643 2443 2699 vocatur
2471 2636 2797 2718 expressio
2828 2638 3127 2701 desiderii
3158 2637 3375 2721 hujus,
3394 2646 3457 2702 et

1961 2734 2047 2797 ita
2075 2742 2175 2797 est
2211 2735 2497 2817 quaedam
2529 2735 2752 2817 petitio
2780 2743 2845 2799 et
2870 2736 3036 2801 actio
3070 2736 3452 2801 intellectuS.

1957 2831 2165 2915 Atque
2198 2839 2269 2895 ut
2294 2833 2522 2897 asserit
2550 2834 2749 2916 Engo,
2772 2841 2871 2897 est
2899 2853 3045 2917 pars
3076 2836 3460 2919 contempla-

1958 2931 2153 2994 tionis
2189 2949 2203 2994 :
2238 2932 2389 3014 quia
2428 2939 2500 2994 ut
2529 2932 2810 3015 loquitur
2838 2933 3289 3009 Damascenus,
3320 2953 3455 2998 ora-

339 3023 614 3105 Scripto.
637 3024 986 3088 Concordat
1015 3024 1632 3101 Richardus,Petru8,
1647 3036 1711 3090 et
1739 3028 1848 3091 alii
1886 3026 1928 3090 C
1959 3029 2048 3092 tio
2079 3037 2176 3093 est
2203 3048 2505 3093 ascensus
2536 3032 2769 3093 mentis
2801 3032 2867 3094 in
2897 3032 3119 3095 Deum.
3140 3033 3251 3095 Est
3278 3041 3457 3097 actus

340 3121 626 3206 quidam.
645 3122 819 3186 Idem
843 3141 1104 3207 ,quoque
1134 3125 1202 3188 in
1233 3127 1507 3189 secunda
1535 3127 1842 3192 secundae.

424 3222 494 3284 In
535 3221 772 3305 quibus
804 3229 1018 3285 tamen
1057 3222 1329 3286 obscura
1370 3226 1659 3307 quaedam
1701 3243 1848 3288 con-

342 3319 538 3383 tineri
577 3319 900 3384 videntur.
934 3321 1144 3385 Primo
1184 3323 1354 3404 quod
1397 3323 1507 3397 ait,
1539 3331 1846 3387 statutum

343 3419 640 3501 positivae
680 3419 840 3500 legis
884 3437 1012 3482 non
1060 3421 1384 3483 attendere
1427 3420 1847 3486 intentionem

342 3516 765 3581 observantis.
800 3517 928 3581 Lex
970 3517 1208 3581 etenim
1257 3519 1531 3600 positiva
1577 3520 1848 3584 intendit

343 3615 642 3678 homines
695 3615 910 3679 facere
967 3616 1306 3690 virtuosoS,
1355 3624 1418 3680 et
1472 3636 1511 3680 a
1569 3619 1848 3699 peccatis

344 3715 668 3778 retrahere
713 3731 728 3776 :
769 3713 847 3776 ad
892 3715 1060 3797 quod
1103 3715 1456 3798 praesertim
1501 3716 1850 3799 requiritur

343 3813 728 3876 rectificatio
770 3813 1162 3888 intentioniS,
1197 3834 1340 3897 quae
1380 3822 1540 3878 teste
1583 3815 1847 3879 Ambro-

343 3911 463 3984 sio,
494 3911 813 3993 imprimit
849 3911 1132 3994 speciem
1173 3913 1429 3975 actioni.
1463 3913 1727 3988 Rursus,
1761 3915 1846 3978 le-

341 4011 602 4093 gislator
632 4009 910 4072 intendit
931 4029 1006 4072 ac
1031 4010 1229 4074 tendit
1256 4012 1334 4074 ad
1360 4011 1499 4087 hoc,
1515 4020 1585 4074 ut
1608 4012 1843 4075 subditi

340 4109 647 4172 obediant
675 4128 806 4173 suae
832 4109 1130 4190 jussioni,
1166 4127 1289 4173 non
1321 4110 1527 4173 solum
1561 4112 1849 4174 materia-

1958 3129 2214 3190 virtutis
2273 3129 2531 3192 moralis
2589 3149 2729 3212 quae
2789 3130 2969 3193 latria
3026 3140 3453 3214 nuncupatur,

1959 3247 2100 3311 quae
2159 3227 2289 3290 Deo
2354 3227 2599 3290 cultum
2656 3247 2730 3291 ac
2791 3229 3213 3293 reverentiam
3275 3230 3455 3294 exhi·

1957 3325 2085 3389 bet.
2121 3326 2331 3390 Oratio
2366 3344 2621 3409 quoque
2660 3334 2756 3389 est
2785 3327 3041 3409 duplex.
3077 3329 3209 3392 Una
3244 3329 3457 3412 publi-

1957 3443 2051 3498 ca,
2099 3443 2241 3506 quae
2279 3443 2315 3486 a
2356 3423 2664 3487 ministris
2707 3413 3005 3488 Ecclesiae
3054 3443 3171 3508 pro
3215 3427 3456 3509 populo

1959 3521 2293 3584 manifeste
2341 3540 2416 3584 ac
2464 3521 2807 3585 solenniter
2853 3521 3144 3585 funditur
3194 3543 3208 3588 :
3260 3543 3453 3606 quam

1957 3627 2207 3702 oportet
2262 3638 2388 3684 non
2453 3619 2660 3683 solum
2718 3639 2858 3683 esse
2914 3619 3281 3696 mentalem,
3340 3623 3453 3686 sed

1957 3719 2112 3782 item
2144 3719 2604 3782 vocalem.Alia
2632 3727 2729 3782 est
2756 3718 3002 3801 privata
3030 3719 3453 3802 orati0,quam
3536 3781 3540 3784 ,
3570 3793 3575 3800 ‚

1957 3819 2230 3901 quisque
2279 3836 2393 3900 pro
2444 3837 2511 3881 se
2568 3825 2679 3880 aut
2725 3817 2869 3880 aliis
2922 3835 3209 3881 seorsum
3260 3819 3453 3883 offert

1953 3916 2314 3995 Altissimo;
2346 3924 2409 3978 et
2447 3915 2554 3978 illa
2597 3923 2804 3999 potest
2844 3934 2983 3979 esse
3022 3917 3229 3980 solum
3274 3936 3451 3980 men-

1953 4016 2118 4078 talis,
2153 4016 2361 4079 Potest
2399 4015 2590 4077 etiam
2639 4033 2779 4077 esse
2820 4014 3056 4078 vocalis
3104 4017 3342 4098 pariter
3388 4025 3453 4080 et

1957 4114 2265 4177 mentalis.
2278 4113 2373 4177 Ad
2402 4112 2760 4176 efficaciam
2790 4131 2941 4176 vero
2971 4114 3270 4180 orationis
3300 4134 3453 4197 prae-

343 4208 492 4270 liter
529 4207 740 4290 quoad
788 4215 1077 4270 tenorem
1126 4207 1668 4292 superficiemque
1711 4229 1846 4272 ver·
1875 4210 1926 4271 D
1957 4211 2146 4294 cipue
2176 4211 2423 4274 confert
2452 4211 2717 4275 attentio
2746 4230 2995 4287 sensuS,
3027 4220 3091 4274 et
3120 4211 3334 4276 fervor
3361 4213 3451 4276 af-

341 4307 599 4380 borum,
633 4306 746 4369 sed
790 4306 991 4388 magis
1041 4306 1392 4371 formaliter
1433 4307 1616 4388 juxta
1662 4328 1842 4370 suam

343 4404 790 4468 intentionem.
822 4439 904 4449 —
940 4404 1181 4468 Deinde
1225 4406 1393 4487 quod
1436 4405 1545 4481 ait,
1580 4407 1842 4469 modum

341 4503 602 4565 virtutis
651 4520 780 4566 non
828 4503 1053 4565 cadere
1096 4503 1219 4565 sub
1259 4511 1592 4586 praecepto.
1627 4505 1844 4568 Modus

343 4602 592 4685 quippe
639 4601 896 4664 virtutis
943 4601 1219 4677 videtur,
1261 4609 1331 4664 ut
1379 4611 1599 4683 agatur
1637 4604 1846 4667 taliter

343 4701 516 4764 sicut
560 4707 833 4783 oportet,
879 4708 944 4763 et
987 4699 1260 4763 discrete
1308 4719 1380 4764 ac
1429 4701 1737 4776 ordinate,
1783 4711 1846 4765 et

342 4818 496 4862 cum
534 4797 1034 4861 circumstantiis
1073 4797 1305 4861 debitis
1338 4818 1352 4863 ε
1386 4799 1556 4882 quod
1595 4799 1848 4863 videtur

345 4897 574 4960 cadere
621 4895 744 4959 sub
803 4904 1143 4979 praecepte,
1195 4897 1420 4960 saltem
1475 4898 1540 4959 in
1599 4899 1842 4974 multiS,

343 5012 549 5076 quum
589 5000 656 5056 et
694 4994 827 5076 ipse
871 5001 1127 5057 sanctus
1167 4995 1395 5059 Doctor
1430 4994 1714 5058 affirmet
1752 5014 1847 5059 or-

347 5093 566 5155 dinem
607 5092 886 5154 caritatis
929 5093 1152 5155 cadere
1191 5093 1310 5154 sub
1349 5101 1705 5176 praecept03
1741 5094 1847 5158 ob-

349 5189 735 5253 servantiam
771 5208 1028 5273 quoque
1069 5192 1374 5274 temporis
1419 5198 1732 5274 quantum
1769 5193 1846 5255 ad

349 5288 569 5352 boram
604 5288 972 5353 refectionis
1001 5289 1065 5352 in
1098 5290 1324 5353 diebus
1349 5289 1604 5372 jejunii,
1630 5310 1848 5373 quam-

1957 4309 2251 4373 fectionis
2299 4309 2629 4372 obtinendi
2686 4309 2857 4393 quod
2915 4311 3195 4392 petitur3
3246 4313 3450 4376 consi-

1955 4409 2198 4473 deratio
2237 4427 2490 4492 quoque
2530 4409 2803 4492 propriae
2842 4409 3340 4475 defectuositatis
3377 4431 3451 4476 ac

1953 4506 2247 4586 vilitatis;
2280 4507 2526 4569 etitem
2567 4508 3019 4590 contemplatio
3058 4510 3450 4575 excellentiae

1956 4605 2281 4680 bonitatiS,
2323 4605 2575 4688 pietatis
2624 4625 2697 4668 ac
2740 4606 3005 4686 justitiae
3052 4608 3187 4683 Dei,
3240 4615 3311 4671 ut
3356 4609 3449 4672 sic

1955 4723 2103 4766 cum
2156 4703 2471 4786 profunda
2517 4703 2880 4767 humilitate
2921 4712 2983 4767 et
3026 4706 3305 4768 caritatis
3352 4725 3449 4769 ar-

1956 4803 2128 4876 dore,
2182 4820 2329 4864 cum
2378 4802 2735 4865 reverentia
2780 4809 2845 4865 et
2890 4803 3114 4884 grandi
3162 4805 3481 4883 custodia,

1954 4900 2164 4963 cordis
2207 4899 2577 4963 invocemus
2615 4899 3153 4982 Omnipotentem,
3186 4919 3331 4964 cum
3371 4903 3449 4964 ti-

1957 5016 2131 5061 more
2164 5005 2227 5059 et
2256 4996 2529 5079 puritate
2560 5005 3082 5078 repraesentantes
3114 5017 3229 5063 nos
3259 5001 3340 5062 ei.
3374 5001 3453 5064 Et

1955 5096 2168 5158 taliter
2215 5096 2415 5158 Deum
2466 5112 2666 5169 orare,
2709 5113 2835 5159 non
2882 5103 3054 5159 caret
3102 5096 3337 5174 labore,
3385 5099 3451 5162 in

1955 5200 2205 5256 tantum
2234 5193 2403 5276 quod
2444 5192 2639 5255 abbas
2666 5193 2950 5275 Agathou
2982 5193 3163 5269 dixit,
3196 5213 3323 5259 non
3354 5215 3451 5260 es—

1956 5312 2024 5355 se
2067 5291 2347 5354 laborem
2390 5291 2556 5354 sicut
2590 5308 2770 5354 orare
2811 5293 3032 5354 Deum.
