4267 6250
541 2442 655 2499 Cs-p.
670 2444 803 2497 1270,

540 2508 617 2549 ¹⁴3
628 2506 681 2551 D.

826 459 949 526 506

1441 479 1508 528 m
1546 479 1771 527 mmm!
1810 479 1871 525 lv
1912 477 2396 527 smumlAnun.
2436 496 2517 509 -
2557 480 2712 527 msT.
2753 481 2946 545 1V1113
2986 481 3211 539 QUAEST.
3253 482 3324 529 111

830 672 1041 716 smum
1099 654 1285 717 datur
1339 654 1539 737 gratia
1586 660 1778 735 atque
1832 652 2121 715 remissio
2179 670 2325 734 pec·
2353 648 2404 715 A
2435 652 2816 717 remittentis
2874 656 3210 719 ostendant
3263 663 3568 738 tanquam
3627 654 3930 719 ministri.

828 759 1113 815 catorum
1160 753 1377 835 pueris
1420 752 1558 815 sine
1601 769 1822 815 eorum
1866 750 2325 833 praeparatione

826 851 1041 933 aliqua
1079 851 1350 934 praevia3
1383 869 1509 915 non
1548 858 1762 914 autem
1802 849 2059 924 adultiS‚
2092 850 2158 911 in
2190 850 2327 931 qui-

827 950 948 1012 bus
1006 950 1283 1031 exigitur
1338 949 1733 1033 praeparatio.
1793 949 1940 1023 Quae
2002 948 2322 1010 interdum

826 1048 1131 1131 praecedit
1174 1056 1349 1111 tanta
1400 1056 1546 1110 ante
1592 1047 2064 1130 susceptionem
2114 1047 2324 1129 Bapti-

828 1146 973 1222 smi,
1024 1148 1193 1229 quod
1252 1146 1615 1209 infunditur
1666 1146 1867 1227 gratia
1923 1152 2068 1209 ante
2114 1145 2324 1227 Bapti-

828 1264 1063 1320 smum,
1106 1264 1232 1309 non
1274 1253 1489 1308 tamen
1536 1254 1682 1308 ante
1726 1252 1945 1308 votum
1992 1243 2318 1327 Baptismi.

826 1344 1152 1406 Interdum
1190 1352 1403 1407 autem
1442 1344 1587 1406 talis
1623 1343 1998 1426 praeparatio
2035 1351 2323 1426 tempore

828 1460 957 1505 non
996 1442 1315 1523 praecedit,
1350 1442 1457 1505 sed
1489 1449 1586 1504 est
1615 1441 1806 1505 simul
1839 1461 1987 1504 cum
2016 1440 2322 1523 Baptismi

828 1539 1234 1624 susceptione
1268 1558 1282 1603 z
1316 1548 1381 1604 et
1412 1548 1566 1603 tunc
1608 1559 1725 1623 per
1764 1539 2069 1622 Baptismi
2110 1558 2322 1602 susce-

826 1638 1111 1721 ptionem
1156 1638 1357 1720 gratia
1399 1636 1793 1701 remissionis
1832 1638 2037 1719 culpae
2077 1637 2321 1701 confer-

826 1746 941 1800 tur.
959 1737 1078 1800 Sed
1111 1755 1225 1819 per
1254 1737 1645 1800 Poenitentiae
1674 1743 2140 1799 sacramentum
2172 1755 2325 1799 nun·

2435 750 2554 813 Sed
2595 751 2714 815 hoc
2747 752 2953 816 tribus
2993 754 3200 817 modis
3229 753 3560 835 contingit.
3593 754 3828 829 Primo,
3863 761 3936 821 ut

2433 850 2768 913 ostendant
2806 871 2946 915 eam
2990 871 3117 917 non
3163 860 3232 916 ut
3273 862 3672 937 praesentem,
3705 854 3816 916 sed
3860 860 3936 915 ut

2434 950 2807 1031 promittant
2836 949 3133 1025 futuram,
3167 952 3306 1015 sine
3334 953 3456 1016 hoc
3486 952 3655 1036 quod
3684 951 3934 1033 aliquid

2433 1054 2777 1128 operentur
2807 1050 2884 1111 ad
2915 1068 3057 1112 eam
3090 1069 3106 1114 :
3139 1050 3362 1134 sicque
3400 1057 3796 1115 sacramenta
3823 1068 3934 1112 ve-

2433 1145 2588 1208 teris
2623 1146 2779 1228 legis
2821 1149 3254 1231 operationem
3295 1150 3410 1213 Dei
3450 1148 3930 1228 monstrabant3

2434 1246 2728 1309 sacerdos
2771 1265 3026 1329 quoque
3067 1248 3302 1311 veteris
3350 1249 3508 1330 legis
3557 1247 3933 1313 ostendebat

2433 1352 2704 1419 tantum,
2737 1353 2801 1408 et
2833 1345 2924 1408 nil
2965 1346 3344 1429 operabatur
3379 1347 3461 1410 ad
3497 1347 3784 1429 gratiam.
3821 1346 3930 1409 Se·
3961 1368 4224 1426 cfipasa.

2435 1443 2665 1517 eundo,
2717 1452 2789 1505 ut
2843 1452 3222 1526 praesentem
3279 1445 3668 1529 significent,
3715 1451 3782 1509 et
3833 1445 3932 1507 nil

2433 1548 2779 1622 operentur
2805 1542 2882 1605 ad
2914 1562 3055 1606 eam
3090 1561 3104 1607 ε
3137 1551 3201 1607 et
3231 1544 3318 1606 ita
3355 1544 3706 1607 secundum
3739 1561 3931 1626 quos-

2433 1639 2602 1714 dam,
2661 1649 3056 1704 sacramenta
3111 1660 3291 1707 novae
3345 1642 3504 1725 legis
3561 1641 3933 1724 significant

2431 1738 2650 1819 gratiae
2711 1739 3136 1815 collationem,
3197 1748 3261 1804 et
3317 1749 3594 1823 potestas
3651 1740 3932 1803 clavium

828 1856 1021 1920 quam
1066 1837 1253 1899 datur
1296 1836 1519 1917 gratia,
1562 1836 1688 1899 nisi
1738 1835 2113 1918 praeparatio
2159 1835 2324 1898 adsit
2357 1836 2404 1899 B
2434 1845 2681 1899 tantum
2723 1838 3012 1919 designat
3049 1840 3266 1920 gratia}
3316 1839 3746 1913 collationem,
3787 1858 3934 1921 quae

828 1936 929 1999 vel
965 1935 1142 2018 prius
1173 1935 1199 1997 l'
1204 1934 1405 1998 uerit:
1438 1935 1605 1998 unde
1636 1934 1839 1997 virtus
1872 1934 2148 1997 clavium
2179 1952 2324 2017 ope-

830 2040 1006 2096 ratur
1043 2034 1119 2096 ad
1164 2034 1369 2115 culpae
1410 2032 1875 2107 remissionem,
1916 2033 2017 2095 vel
2066 2032 2132 2095 in
2177 2040 2324 2095 voto

832 2132 1166 2207 exsistens,
1207 2132 1310 2195 vel
1358 2132 1424 2194 in
1472 2140 1618 2195 actu
1670 2151 1739 2195 se
1786 2150 2109 2206 exercens,
2158 2132 2324 2193 sieut

830 2239 895 2295 et
934 2250 1099 2314 aqua
1139 2231 1464 2314 Baptismi.

899 2329 1333 2404 Verum,sicut
1359 2329 1715 2412 Baptismus
1743 2346 1871 2392 non
1900 2328 2031 2412 agit
2058 2336 2129 2391 ut
2159 2328 2327 2410 prin·

834 2429 1039 2511 cipale
1088 2446 1301 2510 agenS,
1347 2428 1457 2491 sed
1508 2436 1579 2489 ut
1626 2428 2144 2502 instrumentum,
2197 2446 2322 2490 non

834 2528 1093 2611 quidem
1143 2526 1511 2611 pertingens
1552 2528 1629 2590 ad
1674 2526 2065 2590 causandum
2105 2525 2324 2607 gratiae

832 2626 1327 2709 susceptionem,
1361 2627 1471 2689 sed
1511 2624 2082 2689 instrumentaliter
2116 2625 2325 2707 dispo-

830 2744 990 2788 nens
1034 2726 1111 2787 ad
1157 2725 1447 2806 gratiam,
1480 2743 1596 2807 per
1633 2742 1824 2806 quam
1866 2723 1943 2785 sit
1980 2723 2186 2806 culpae
2229 2742 2324 2785 re-

830 2824 1082 2903 missio;
1116 2824 1202 2886 ita
1238 2832 1336 2887 est
1361 2824 1441 2885 de
1470 2823 1747 2885 clavium
1788 2830 2112 2905 potestate.
2149 2823 2326 2885 Unde

828 2924 997 2985 Deus
1032 2922 1205 2985 solus
1250 2940 1364 3003 per
1404 2940 1471 2984 se
1510 2920 1766 3003 eulpam
1804 2920 2111 2999 remittit3
2153 2929 2219 2983 et
2261 2921 2323 2982 in

2433 1935 2618 1998 datur
2661 1936 2722 1998 in
2764 1936 3162 2001 confessione
3195 1946 3260 2000 et
3287 1937 3708 2012 absolutione,
3742 1946 3932 2020 prout

2433 2033 2514 2097 de
2553 2033 2672 2096 ista
2709 2035 3010 2117 opinione
3043 2035 3287 2099 dictum
3325 2044 3424 2099 est
3451 2055 3666 2118 supra,
3699 2035 3766 2097 in
3807 2036 3936 2118 pri·
3963 2056 4221 2114 cs.p.5rs.

2436 2152 2539 2195 ma
2582 2132 3008 2197 distinctione.
3049 2135 3281 2209 Terti0,
3317 2142 3388 2196 ut
3429 2133 3800 2216 significent
3841 2134 3936 2197 di-

2433 2231 2650 2295 vinam
2697 2232 3130 2314 operationem
3181 2234 3248 2297 in
3301 2232 3678 2297 remissione
3725 2232 3934 2314 culpae

2435 2339 2836 2413 praesentem,
2869 2340 3060 2414 atque
3089 2333 3165 2394 ad
3209 2332 3413 2415 ipsam
3453 2331 3828 2413 dispositive
3857 2350 3934 2394 ac

2436 2428 3006 2492 instrumentaliter
3046 2438 3438 2512 operentur:
3473 2437 3538 2492 et
3577 2430 3665 2491 ita
3705 2447 3933 2493 seeun-

2432 2528 2586 2590 dum
2637 2528 2828 2589 aliam
2885 2527 3277 2610 opinionem,
3327 2548 3471 2611 quae
3523 2527 3932 2591 communius

2433 2626 2804 2700 sustinetur,
2837 2634 3232 2690 sacramenta
3275 2644 3458 2689 novae
3504 2625 3661 2707 legis
3703 2644 3932 2689 emun-

2433 2724 2755 2788 dationem
2795 2725 3137 2788 ostendunt
3165 2724 3475 2787 divinitus
3513 2723 3767 2787 factam.
3803 2724 3938 2787 Sic-

2435 2842 2560 2905 que
2626 2823 2920 2886 sacerdos
2985 2823 3135 2887 novi
3203 2822 3586 2886 Testamenti
3655 2822 3940 2887 ostendit

2435 2922 2756 2985 absolutos
2803 2941 2840 2984 a
2887 2922 3098 3004 culpa,
3139 2922 3444 3005 quoniam
3495 2921 3938 3005 proportiona-

830 3021 971 3103 ejus
1024 3020 1257 3083 virtute
1314 3018 1885 3081 instrumentaliter
1940 3018 2070 3100 agit
2116 3019 2324 3101 Bapti·
2362 3019 2405 3083 C
2435 3020 2654 3083 biliter
2693 3021 2866 3103 loqui
2906 3028 3156 3103 oportet
3185 3020 3263 3083 de
3297 3020 3608 3083 ministris
3642 3027 3706 3082 et
3735 3038 3941 3082 sacra·

829 3140 1007 3185 smus
1038 3128 1335 3202 tanquam
1368 3118 1861 3182 instrumentum
1888 3117 2322 3194 inanimatum,

826 3220 1120 3283 sacerdos
1150 3235 1301 3281 vero
1332 3225 1403 3280 ut
1431 3216 1924 3280 instrumentum
1952 3217 2325 3292 animatum,

829 3319 1000 3402 quod
1048 3317 1285 3381 dicitur
1340 3335 1584 3391 servus,
1636 3315 1989 3378 seeundum
2046 3315 2323 3379 Philoso-

827 3418 1025 3500 phum
1056 3416 1423 3479 Ethicorum
1451 3423 1691 3478 octavo.
1704 3415 1851 3477 ldeo
1878 3415 2167 3477 sacerdos
2195 3415 2326 3497 agit

829 3525 901 3579 ut
948 3515 1257 3578 minister.
1304 3513 1537 3595 Sicque
1585 3520 1777 3596 patet,
1825 3513 1993 3594 quod
2044 3520 2322 3595 potestas

828 3615 1106 3678 clavium
1149 3613 1477 3676 ordinatur
1516 3611 1732 3694 aliquo
1773 3611 1961 3674 modo
1998 3612 2075 3673 ad
2118 3611 2323 3693 culpae

828 3713 1295 3786 remissionem,
1328 3729 1455 3775 non
1496 3719 1568 3772 ut
1596 3729 1811 3792 agenS,
1846 3710 1955 3772 sed
1995 3710 2164 3772 sicut
2201 3710 2326 3773 dis-

828 3831 1089 3896 ponens.
1126 3811 1301 3874 Unde
1330 3809 1382 3873 si
1414 3817 1559 3872 ante
1588 3808 2057 3872 absolutionem
2088 3808 2320 3890 aliquis

826 3929 953 3974 non
987 3908 1211 3972 fuisset
1242 3908 1520 3991 perfecte
1550 3907 1899 3989 dispositus
1935 3907 2013 3968 ad
2051 3907 2317 3988 gratiam

824 4007 1287 4090 accipiendam,
1321 4006 1386 4068 in
1429 4007 1567 4088 ipsa
1604 4004 2004 4068 confessione
2044 4012 2108 4067 et
2140 4005 2318 4068 abso—

826 4107 1067 4170 lutione
1111 4104 1548 4168 sacramentali
1594 4104 1861 4184 gratiam
1907 4121 2322 4185 consequere-

2437 3119 2692 3195 mentiS,
2725 3128 2789 3182 et
2819 3120 2897 3182 de
2927 3127 3239 3202 potestate
3267 3137 3510 3182 eorum.
3543 3116 3673 3182 Nec
3701 3116 3934 3192 obstat,

2435 3219 2488 3281 si
2520 3218 2711 3300 culpa
2740 3217 2822 3281 sit
2846 3218 2979 3299 jam
3018 3235 3132 3299 per
3163 3216 3610 3280 contritionem
3641 3215 3936 3290 dimissa,

2435 3317 2602 3379 sieut
2639 3335 2758 3379 nee
2795 3317 2966 3398 quod
3004 3315 3366 3398 Baptismus
3405 3314 3700 3396 disponat
3738 3332 3939 3396 quan-

2437 3423 2571 3477 tum
2631 3414 2697 3476 in
2761 3432 2828 3477 se
2887 3422 3003 3488 est,
3065 3415 3132 3476 in
3193 3431 3269 3477 eo
3325 3413 3438 3496 qui
3498 3411 3938 3476 sanctificatus

2431 3513 2566 3594 jam
2607 3519 2722 3576 est.

2513 3611 2702 3674 Porro
2750 3611 2903 3673 dum
2957 3609 3286 3693 quaeritur,
3337 3627 3420 3672 an
3479 3615 3760 3692 potestas
3809 3608 3937 3671 cla-

2433 3709 2611 3772 vium
2651 3728 2766 3772 seu
2810 3709 3102 3772 sacerdos
3134 3726 3248 3790 per
3277 3727 3442 3781 eam,
3476 3706 3678 3789 possit
3715 3707 3937 3770 remit·

2433 3815 2565 3870 tere
2617 3815 2950 3889 peccatum
2999 3815 3310 3888 quantum
3365 3805 3445 3868 ad
3496 3821 3800 3888 poenam3
3847 3804 3939 3867 di-

2432 3906 2898 3987 cendum,quod
2929 3904 3100 3968 idem
3125 3903 3436 3986 judicium
3467 3910 3563 3966 est
3591 3902 3670 3966 de
3697 3901 3938 3966 effectu

2432 4023 2623 4087 quem
2665 4012 2943 4087 potestas
2976 4003 3252 4067 clavium
3291 4001 3626 4065 actualiter
3655 4001 3937 4064 exercita

2432 4102 2712 4185 complet
2761 4102 2825 4164 in
2876 4119 2951 4165 eo
3002 4101 3066 4164 in
3119 4119 3248 4184 quo
3296 4099 3594 4165 contritio
3639 4107 3934 4182 tempore

826 4213 952 4277 tur,
994 4205 1119 4268 nisi
1166 4203 1416 4268 obicem
1468 4210 1750 4284 poneret.
1795 4201 1858 4265 Si
1898 4202 2073 4263 enim
2121 4202 2319 4265 clavis
2354 4205 2401 4267 D
2434 4201 2776 4284 praeeessit,
2809 4209 2873 4264 et
2914 4200 2992 4264 de
3035 4199 3272 4263 effectu
3317 4198 3624 4281 Baptismi
3667 4197 3780 4280 qui
3825 4197 3933 4260 ha·

826 4304 1006 4368 nullo
1056 4303 1243 4366 modo
1289 4303 1369 4366 ad
1417 4301 1623 4383 culpae
1671 4299 2112 4363 remissionem
2158 4301 2321 4363 ordi-

826 4409 1107 4476 naretur,
1166 4398 1276 4461 sed
1332 4405 1580 4461 tantum
1638 4399 1715 4460 ad
1774 4415 1978 4481 poenae
2039 4397 2320 4461 dimissi-

827 4519 1039 4575 onem,
1094 4506 1165 4561 ut
1219 4497 1419 4580 aliqui
1476 4497 1719 4570 dicunt,
1777 4515 1904 4560 non
1962 4497 2323 4579 exigeretur

826 4607 1045 4663 votum
1096 4595 1381 4679 potiendi
1430 4594 1669 4657 effectu
1719 4593 1995 4657 clavium
2040 4612 2053 4657 :
2100 4615 2324 4678 quem-

825 4697 1169 4761 admodum
1214 4713 1342 4758 non
1386 4694 1662 4775 exigitur
1702 4700 1921 4756 votum
1963 4694 2319 4777 accipiendi

822 4796 950 4859 alia
986 4801 1381 4858 sacramenta
1422 4813 1565 4876 quae
1602 4811 1729 4856 non
1763 4792 2140 4856 ordinantur
2180 4812 2325 4856 eon-

826 4903 924 4958 tra
965 4895 1245 4978 culpam,
1279 4893 1389 4956 sed
1432 4910 1708 4974 poenam.

907 4995 1147 5077 ltaque,
1189 4992 1355 5054 sicut
1402 4990 1491 5053 ait
1536 4989 1849 5070 Magister,
1891 4990 2325 5053 sacerdotibus

828 5093 1170 5158 commissa
1202 5099 1296 5153 est
1328 5097 1603 5172 potestas
1641 5089 2003 5151 dimittendi
2043 5097 2323 5171 peccata,

828 5209 951 5254 non
989 5197 1059 5251 ut
1088 5187 1347 5271 propria
1376 5187 1613 5249 virtute
1643 5185 1989 5259 dimittant,
2024 5185 2175 5267 quia
2209 5187 2328 5250 hoc

2433 4300 2607 4363 benti
2645 4300 2910 4382 gratiam
2943 4299 3148 4374 datur,
3182 4299 3248 4360 in
3280 4316 3408 4381 quo
3434 4297 3636 4379 gratia
3671 4315 3788 4380 per
3815 4297 3929 4360 Ba·
3955 4320 4205 4378 emmo:

2431 4401 2740 4482 ptismum
2769 4405 3058 4479 augetur,
3091 4404 3157 4460 et
3183 4404 3312 4460 tota
3341 4415 3532 4478 poena
3558 4395 3926 4458 dimittitur.

2433 4497 2761 4571 Similiter,
2804 4497 2898 4559 illi
2943 4495 3055 4578 qui
3102 4503 3248 4559 ante
3295 4494 3766 4558 confessionem
3817 4513 3932 4557 seu

2431 4596 2898 4660 absolutionem
2937 4594 3215 4659 obtinuit
3249 4593 3516 4677 gratiam
3560 4611 3675 4676 per
3711 4612 3931 4656 veram

2433 4693 2903 4769 contritionem,
2936 4700 3000 4756 et
3029 4711 3145 4775 per
3175 4709 3573 4774 consequens
3609 4691 3820 4774 culpae
3848 4699 3934 4753 at-

2432 4813 2558 4876 que
2586 4801 2836 4857 aeternae
2865 4810 3070 4875 poenae
3100 4790 3570 4864 remissionem,
3593 4789 3796 4872 gratia
3823 4808 3933 4851 au-

2431 4900 2616 4974 getur
2651 4891 2717 4954 vi
2761 4889 3038 4954 clavium
3080 4889 3146 4953 in
3185 4888 3607 4962 confessione,
3639 4896 3706 4951 et
3744 4905 3935 4972 poena

2433 4990 2801 5073 temporalis
2841 4989 3186 5052 dimittitur
3220 5004 3234 5049 ε
3271 5005 3396 5050 non
3431 4996 3644 5050 tamen
3677 4993 3830 5058 tota,
3865 4994 3934 5049 ut

2435 5091 2498 5152 in
2543 5089 2888 5172 Baptismo,
2922 5088 3032 5170 qui
3077 5093 3176 5149 est
3212 5085 3564 5168 spiritualis
3606 5103 3933 5167 regenera-

2434 5189 2560 5267 tio;
2599 5186 2979 5250 Poenitentia
3023 5193 3238 5248 autem
3287 5191 3384 5246 est
3425 5183 3780 5266 spiritualis
3823 5203 3930 5247 cu-

836 5290 966 5353 Deo
995 5294 1091 5351 est
1122 5285 1475 5368 proprium,
1509 5284 1619 5346 sed
1651 5290 1721 5345 ut
1750 5284 2183 5366 operationem
2216 5285 2327 5349 Dei
2437 5286 2620 5361 ratio,
2681 5291 2943 5367 propter
2999 5283 3168 5365 quod
3227 5290 3423 5345 totam
3489 5299 3746 5364 poenam
3805 5299 3928 5344 non
