4267 6250
503 4137 548 4180 p.
565 4126 642 4168 4³7
653 4123 714 4167 (Γ.

785 480 908 546 438
1420 498 1486 545 m
1525 496 1748 543 mmmm
1789 496 1852 542 1v
1893 492 2378 541 smmum.
2415 508 2497 521 -·
2538 491 2693 538 msr.
2732 490 2875 553 xvt;
2919 490 3147 547 QUAEST.
3187 489 3257 537 111

789 688 1034 733 sacram
1077 671 1156 733 de
1199 668 1486 733 ecclesia.
1518 670 1738 751 ltaque
1779 667 1858 730 de
1897 664 2124 753 primis
2169 664 2285 727 cir·
2310 662 2363 727 A
2392 682 2531 726 esse
2562 662 2779 737 moriS,
2805 661 2925 725 hoc
2954 668 3071 737 est,
3089 669 3399 745 quantum
3428 660 3506 723 ad
3536 660 3893 723 bonitatem

790 768 1190 831 cumstantiis
1237 786 1364 831 non
1407 773 1657 850 oportet
1699 764 2031 843 confiteri3
2065 764 2146 826 de
2192 780 2287 825 se·
2394 762 2785 824 malitiamve
2835 761 3163 823 moralem.
3208 797 3289 807 —
3332 761 3401 823 In
3451 760 3552 823 his
3597 760 3897 823 doctores

789 866 1014 929 cundis
1054 883 1206 930 vero
1249 865 1543 929 confiteri
1586 871 1683 927 est
1719 863 1902 925 valde
1944 864 2179 925 decens
2221 868 2288 922 et
2392 859 2819 923 communiter
2860 867 3011 922 sunt
3052 859 3415 923 concordes,

788 982 1164 1046 congruum,
1207 981 1335 1028 non
1384 971 1598 1027 tamen
1645 960 2026 1045 simpliciter
2072 977 2287 1022 neces-

785 1063 1047 1137 sarium,
1092 1071 1161 1125 ut
1209 1062 1636 1125 communiter
1678 1061 1900 1123 dicunt
1936 1059 2224 1121 doctores
2267 1073 2281 1117 :

785 1161 938 1235 imo,
974 1168 1044 1223 ut
1091 1160 1336 1234 dicunt,
1367 1159 1617 1223 sufficit
1662 1158 1832 1241 quod
1881 1163 2177 1239 peccator
2218 1156 2283 1217 in

787 1248 1188 1323 confessione
1217 1258 1533 1342 exprimat
1560 1257 1840 1340 speciem
1873 1254 2139 1338 peccati.
2172 1254 2285 1315 Ve-

787 1364 1148 1420 rumtamen
1187 1356 1448 1439 quidam
1490 1362 1710 1418 tenent
1749 1352 2163 1425 contrarium,
2195 1351 2286 1413 di-

787 1464 1026 1531 centes,
1085 1456 1256 1538 quod
1313 1461 1600 1537 oporteat
1655 1452 1948 1516 confiteri
2011 1451 2282 1513 circum·
2532 1452 2581 1513 Ε
2622 1451 3099 1534 impedimentis
3136 1472 3290 1519 vero
3330 1452 3718 1536 poenitentiae
3755 1470 3899 1515 mo-

786 1554 1046 1617 stantias
1088 1554 1455 1617 notabiliter
1481 1560 1928 1633 aggravantes:
1956 1557 2026 1612 ut
2053 1550 2105 1611 si
2139 1549 2283 1631 quis
2560 1551 2642 1614 do
2682 1552 3096 1632 quaerendum
3146 1561 3261 1625 est,
3304 1554 3597 1619 Utrum
3644 1553 3899 1635 hypo-

783 1652 1030 1715 furatus
1079 1660 1250 1715 esset
1304 1659 1560 1714 centum
1619 1658 1731 1713 aut
1777 1649 1954 1712 mille
2015 1666 2278 1721 marcas,
2390 1650 2647 1731 crisis,
2694 1650 2955 1732 ludus,
3000 1654 3407 1734 meroatm,
3454 1652 3753 1718 militia
3806 1654 3901 1717 et

781 1769 908 1814 non
939 1750 1269 1814 sufficeret
1296 1750 1524 1824 dicere,
1541 1750 1800 1812 Furatus
1829 1768 1970 1811 sum
2005 1766 2139 1809 rem
2172 1766 2281 1809 seu
2390 1748 2842 1817 consimilia
2897 1752 3279 1831 quoedam‚
3329 1748 3897 1833 poenitentiam

2812 1176 3287 1251 QUAESTIO
3352 1177 3477 1240 III

781 1849 1121 1932 pecuniam
1167 1848 1440 1931 proximi
1487 1847 1632 1911 mei.
1665 1848 1808 1911 Haec
1849 1846 2070 1929 opinio
2107 1846 2279 1909 vide·
2311 1839 2358 1902 B
2391 1860 2665 1914 veram
2706 1848 3173 1927 impediant.

777 1957 886 2011 tur
927 1949 1234 2023 securior,
1273 1956 1338 2011 et
1379 1948 1567 2011 dictis
1609 1944 1946 2027 Augustini
1991 1944 2054 2007 in
2100 1951 2277 2006 textu

777 2048 1196 2127 conformior3
1215 2066 1334 2110 nec
1362 2046 1632 2110 dubium
1663 2044 1822 2128 quin
1852 2044 2021 2106 istud
2047 2042 2277 2105 melius

776 2145 1225 2228 salubriusque
1255 2145 1575 2208 consistat.
1594 2143 1834 2206 Tertias
1863 2142 2279 2203 circumstan-

774 2244 898 2307 tias
941 2242 1235 2307 confiteri
1283 2248 1532 2325 oportet
1572 2248 1883 2324 quantum
1931 2245 2279 2302 occurrunt

779 2342 1125 2417 memoriae,
1147 2341 1316 2404 sicut
1343 2348 1407 2404 et
1435 2348 1644 2404 cetera
1671 2346 1931 2423 peccata
1961 2337 2271 2411 mortalia,

777 2460 920 2523 quae
963 2448 1028 2503 et
1069 2458 1185 2523 pro
1229 2456 1415 2522 posse
1453 2446 1603 2501 sunt
1639 2438 1718 2501 ad
1759 2436 2134 2499 memoriam
2178 2454 2274 2498 re-

773 2539 1074 2604 vocanda.
1123 2539 1266 2601 Haec
1304 2536 1806 2619 Argentinensis.

853 2637 1158 2700 Praeterea
1213 2636 1547 2698 Durandus
1599 2652 1614 2697 :
1667 2634 1910 2697 Nomen
1956 2632 2100 2714 (ait)
2152 2630 2273 2693 cir-

774 2734 1173 2799 cumstantiae
1230 2741 1502 2796 tractum
1552 2733 1805 2796 videtur
1851 2751 1927 2795 ex
1981 2732 2082 2794 his
2130 2749 2273 2813 quae

773 2833 1194 2898 inveniuntur
1233 2831 1296 2894 in
1341 2832 1480 2895 loco
1517 2828 2109 2914 quantitatibusque
2138 2846 2273 2891 cor-

773 2932 1008 3015 poreis,
1028 2930 1105 2993 ad
1135 2937 1313 2993 actus
1345 2929 1632 2992 morales
1660 2928 1772 2991 Illa
1800 2928 1971 2991 enim
2003 2928 2273 2990 circum-

2468 1943 2733 2007 Videtur
2780 1947 2951 2027 quod
3010 1964 3156 2011 non.
3208 1948 3416 2021 Quum
3462 1946 3635 2009 enim
3686 1945 3899 2009 multa

2388 2040 2519 2103 sint
2546 2051 2807 2124 peccata
2837 2044 3157 2127 hypocrisi
3188 2046 3500 2127 graviora,
3532 2063 3659 2108 non
3696 2064 3899 2127 appa-

2389 2146 2484 2202 ret
2530 2159 2646 2203 cur
2691 2142 3045 2224 hypocrisis
3096 2144 3297 2226 magis
3342 2162 3533 2226 quam
3586 2142 3711 2205 alia
3752 2143 3895 2206 dici

2386 2238 2614 2302 debeat
2663 2240 3053 2322 poenitentiae
3102 2242 3653 2324 impedimentum.
3703 2241 3899 2305 Circa

2387 2336 2610 2399 ludum
2642 2357 2896 2420 quoque
2924 2347 3022 2402 est
3050 2340 3348 2422 specialis
3376 2340 3575 2404 virtus
3604 2342 3891 2415 moralis,

2386 2443 2451 2497 et
2480 2435 2566 2497 ita
2598 2454 2725 2500 non
2763 2437 2973 2500 solum
3014 2437 3209 2515 licite,
3242 2438 3354 2502 sed
3394 2447 3458 2501 et
3490 2438 3768 2502 virtuose
3807 2458 3895 2503 ac

2386 2534 2711 2597 meritorie
2762 2534 2903 2598 fieri
2954 2544 3179 2619 potest.
3230 2537 3527 2601 Mercatio
3577 2537 3769 2600 etiam
3820 2546 3897 2601 et

2385 2632 2661 2697 militare
2690 2635 3066 2697 exercitium
3094 2654 3211 2718 pro
3240 2635 3642 2699 convenienti
3672 2637 3899 2719 dispo-

2383 2730 2613 2793 sitione
2662 2732 2753 2795 rei
2793 2732 3068 2815 publicae
3110 2742 3257 2797 sunt
3296 2735 3575 2797 inducta.
3610 2734 3687 2797 Et
3732 2734 3893 2799 bea-

2382 2827 2670 2891 tissimus
2708 2829 2980 2892 Ioannes
3018 2830 3300 2913 Baptista
3338 2831 3654 2895 militibus
3691 2832 3889 2907 dixit,

2384 2926 2675 2989 Contenti
2722 2935 2921 2991 estote
2964 2929 3299 3011 stipendiis
3337 2930 3567 2993 vestris
3580 2948 3598 3009 3
3629 2949 3745 2994 nec
3786 2950 3896 2994 re-

773 3036 942 3092 stant
971 3047 1124 3102 rem,
1138 3047 1282 3111 quae
1311 3033 1460 3090 sunt
1489 3026 1547 3089 ei
1579 3027 1934 3089 extrinseca
1962 3033 2024 3088 et
2056 3033 2270 3088 tamen
2306 3024 2350 3089 C
2384 3023 2677 3106 probavit
2704 3042 2922 3088 eorum
2954 3026 3051 3089 off
3053 3027 3248 3091 icium
3280 3048 3488 3111 neque
3518 3037 3773 3102 statum,
3810 3038 3897 3093 ut

773 3128 990 3211 aliquo
1037 3127 1222 3190 modo
1266 3125 1470 3208 ipsam
1513 3114 1978 3207 attingunt.‘1ta
2016 3126 2083 3187 in
2124 3125 2275 3188 acti-

774 3227 896 3290 bus
945 3226 1053 3289 illa
1111 3225 1414 3288 dicuntur
1460 3223 1892 3298 circumstare,
1946 3244 2088 3307 quae
2146 3241 2273 3288 non

771 3332 922 3388 sunt
964 3324 1042 3387 de
1087 3322 1442 3388 substantia
1481 3329 1684 3396 actus,
1717 3322 1826 3385 sed
1869 3323 2173 3385 accidunt
2214 3322 2272 3385 ei

771 3423 874 3486 vel
907 3422 1288 3505 subJective‚
1323 3428 1395 3482 ut
1435 3421 1660 3483 modus
1700 3421 1965 3502 agendi3
1998 3421 2134 3484 sive
2169 3441 2273 3484 ex-

773 3521 1068 3595 trinsece,
1101 3529 1174 3582 ut
1204 3520 1380 3582 locus
1419 3526 1482 3581 et
1511 3525 1784 3601 tempus.
1819 3519 2134 3601 Quidquid
2177 3539 2276 3582 er-

771 3638 853 3702 go
883 3637 1010 3681 non
1041 3618 1318 3700 pertinet
1355 3618 1433 3679 ad
1473 3617 1816 3681 essentiam
1853 3625 2034 3681 actus
2073 3627 2145 3680 ut
2178 3625 2275 3682 est

775 3717 842 3780 in
891 3716 1105 3798 specie
1153 3723 1415 3790 naturae,
1449 3723 1514 3778 et
1558 3723 1773 3778 tamen
1821 3717 2038 3798 aliquo
2087 3718 2273 3780 modo

770 3815 1027 3895 attingit
1058 3815 1291 3896 ipsum,
1315 3820 1576 3876 vocatur
1605 3813 2273 3878 circumstantia.11aec

777 3913 1130 3976 Durandus.

853 4011 970 4086 Qui
1010 3993 1472 4092 consequenter
1511 4009 1692 4092 ponit
1729 4009 1962 4093 triplex
2001 4011 2272 4074 circum-

772 4109 1020 4172 stantiae
1057 4127 1282 4190 genus,
1314 4107 1480 4170 sicut
1522 4108 1708 4170 modo
1747 4126 2119 4189 expressum
2151 4117 2267 4183 est,

2382 3122 2448 3186 in
2496 3123 2837 3208 Evangelio
2882 3126 3203 3190 recitatur.

2463 3321 2642 3384 Circa
2684 3320 2819 3385 haec
2869 3322 3150 3405 loquitur
3190 3324 3460 3388 Thomas
3492 3343 3507 3387 ε
3542 3326 3895 3409 Hypocrita

2381 3419 2641 3502 proprie
2680 3419 2915 3483 dicitur
2951 3421 3061 3502 qui
3101 3439 3441 3505 personam
3478 3424 3739 3487 alterius
3778 3444 3893 3489 re-

2384 3520 2930 3602 praesentat,quasi
2960 3519 3315 3584 submissus
3346 3521 3481 3585 sive
3508 3525 3893 3604 suppositus

2384 3616 2521 3679 loco
2550 3617 2832 3680 alterius.
2856 3619 3032 3681 Unde
3064 3619 3127 3681 in
3159 3619 3443 3694 theatris,
3463 3622 3575 3704 qui
3604 3622 3891 3686 aliorum

2383 3733 2719 3798 personam
2749 3716 3074 3797 gerebant,
3102 3718 3449 3801 hypocritae
3478 3720 3885 3786 dicebantur.

2382 3815 2611 3897 Sicque
2642 3817 2840 3879 sumit
2864 3816 3284 3900 Philosophus
3314 3818 3671 3902 hypocritas
3698 3823 3897 3886 tertio

2382 3911 2945 3976 Ethicorum.Hine
2976 3914 3070 3976 illi
3100 3915 3211 3997 qui
3243 3934 3369 3979 non
3400 3927 3550 3980 sunt
3578 3937 3725 3982 vere
3752 3921 3893 3982 vir-

2382 4010 2569 4085 tuosi,
2604 4018 2670 4073 et
2711 4018 2925 4074 tamen
2964 4013 3280 4077 virtuosos
3320 4033 3387 4078 se
3428 4016 3753 4090 simulant,
3788 4038 3893 4082 re-

2381 4116 2481 4171 cte
2530 4109 2877 4192 hypocrita
2923 4111 3346 4192 appellantur.
3400 4114 3735 4198 Quumque
3782 4136 3891 4181 os-

772 4206 1068 4289 quamvis
1097 4206 1219 4269 sub
1257 4205 1400 4268 aliis
1434 4204 1666 4267 verbis.
1701 4205 1778 4267 Et
1815 4205 1991 4267 addit
2024 4225 2038 4268 :
2071 4207 2272 4280 Quan-
2301 4206 2352 4268 D
2381 4215 2624 4269 tentare
2665 4208 2743 4270 de
2785 4227 2853 4270 se
2894 4227 2971 4271 ex
3017 4211 3343 4291 proposito
3382 4212 3644 4275 meliora
3680 4234 3883 4296 quam

772 4306 1134 4386 documque
1175 4305 1239 4367 in
1283 4320 1410 4367 uno
1447 4311 1592 4366 actu
1633 4311 1782 4366 sunt
1813 4304 2028 4386 plures
2065 4306 2271 4369 defor-

769 4405 1322 4485 mitateS,quarum
1353 4421 1480 4465 una
1509 4419 1634 4464 non
1663 4409 1759 4463 est
1788 4402 2272 4468 determinativa

767 4500 1053 4574 alterius,
1089 4500 1178 4562 ibi
1209 4506 1360 4562 sunt
1388 4498 1572 4581 plura
1602 4507 1860 4581 peccata
1889 4500 2263 4577 formaliter,

767 4597 1308 4683 quemadmodum
1358 4596 1424 4658 in
1474 4595 1709 4660 furtiva
1762 4596 2120 4662 sublatione
2174 4599 2263 4663 rei

763 4699 986 4762 alienae
1029 4696 1107 4760 de
1152 4696 1290 4758 loco
1331 4712 1529 4758 sacro.
1562 4731 1643 4741 —
1673 4695 1751 4758 Et
1796 4695 1848 4758 si
1897 4695 2259 4777 objiciatur,

765 4798 934 4880 quod
965 4795 1210 4879 species
1242 4793 1332 4857 rei
1367 4811 1492 4858 non
1525 4801 1733 4876 potest
1765 4814 1878 4877 per
1907 4796 2263 4860 extrinseca

763 4893 1016 4969 variari,
1049 4893 1528 4958 circumstantia
1564 4899 1778 4955 autem
1820 4893 1912 4956 rei
1954 4895 2263 4958 extrinse-

762 5013 836 5058 ca
867 5001 992 5073 est3
1023 4992 1578 5074 dicendum,quod
1609 4991 2102 5056 circumstantias
2132 5011 2259 5056 non

762 5100 915 5158 sunt
951 5091 1311 5154 intrinsecas
1352 5090 1523 5153 actui
1565 5090 1772 5172 quoad
1812 5089 1953 5171 ejus
1995 5093 2261 5154 essenti-

762 5210 890 5265 am,
921 5198 1033 5253 aut
1069 5190 1273 5272 quoad
1314 5207 1454 5252 esse
1492 5196 1755 5262 naturae,
1787 5207 1904 5251 nec
1942 5191 2149 5271 quoad
2186 5191 2259 5252 il-

763 5290 871 5352 lud
905 5307 1044 5351 esse
1085 5294 1331 5350 mutant
1367 5287 1648 5370 speeiem
1687 5287 1863 5368 ejus3
1897 5288 2008 5350 sed
2048 5290 2255 5370 quoad

2380 4305 2529 4380 sint,
2558 4305 2877 4386 jactantias
2924 4307 3155 4370 vitium
3202 4317 3425 4382 exstet,
3458 4311 3595 4374 sive
3641 4311 3759 4375 fiat
3810 4313 3885 4378 in

2378 4404 2614 4478 verbiS,
2649 4404 2784 4467 sive
2829 4405 2891 4466 in
2939 4405 3159 4484 factis3
3192 4415 3440 4470 constat
3472 4410 3644 4490 quod
3680 4411 3887 4494 hypo·

2378 4504 2561 4566 crisis
2608 4522 2865 4585 semper
2900 4505 2983 4567 sit
3023 4505 3275 4580 vitium,
3312 4506 3481 4589 quod
3520 4506 3737 4572 Lati'ne
3792 4512 3883 4574 si-

2380 4601 2644 4664 mulatio
2684 4602 2936 4665 dicitur.
2970 4603 3083 4665 Est
3120 4622 3375 4686 quoque
3414 4607 3688 4688 speciale
3726 4627 3884 4690 pec-

2377 4707 2609 4762 catum.
2655 4700 3043 4764 Privationes
3091 4720 3367 4785 namque
3416 4705 3887 4784 specificantur

2374 4817 2489 4880 per
2536 4796 2789 4860 habitus
2837 4799 3162 4880 oppositos
3200 4817 3215 4862 ε
3254 4800 3397 4864 ideo
3444 4801 3600 4865 illud
3653 4822 3885 4886 pecca-

2371 4904 2509 4958 tum
2540 4903 2633 4958 est
2660 4897 2972 4977 generale,
2987 4899 3155 4978 quod
3188 4899 3394 4981 privat
3418 4900 3696 4982 aliquam
3722 4921 3883 4967 con-

2370 4995 2678 5057 ditionem
2722 5013 2863 5076 quae
2904 4995 2969 5056 in
3010 4995 3297 5077 qualibet
3333 4997 3564 5061 virtute
3602 5002 3879 5082 requiri·

2370 5102 2474 5156 tur
2506 5111 2521 5155 ε
2554 5092 2719 5155 sicut
2750 5092 3201 5169 inobedientia,
3227 5103 3419 5177 prout
3445 5105 3541 5159 est
3566 5101 3873 5178 generale

2368 5199 2723 5273 peccatum.
2774 5191 3136 5273 Hypocrisis
3184 5200 3396 5256 autem
3454 5196 3665 5277 privat
3716 5217 3875 5262 con—

2367 5289 2753 5352 formitatem
2794 5289 2958 5371 signi
2998 5291 3389 5354 ostendentis
3428 5294 3867 5362 conditionem

4062 2990 4073 2999 .
4090 2972 4165 3009 ιιι..
4190 2964 4263 3003 Η.
