4267 6250
474 1249 476 1252 >
557 1228 754 1271 tentione

845 480 967 546 312
1775 497 1953 545 unm
1991 496 2053 543 tv
2095 493 2579 544 smmum
2620 511 2701 524 —
2740 495 2896 542 msr.
2936 495 3027 541 ιιι

852 674 1112 757 quoties
1139 673 1394 739 Pascha
1429 672 1811 739 celebratur.
1837 671 2183 753 Numquid
2220 671 2419 735 toties
2453 670 2756 736 Christus
2792 670 3115 736 occiditur
3131 669 3162 733 ’ἒ
3190 671 3321 737 Sed
3355 672 3615 735 tantum
3652 668 3967 734 anniver-

852 791 1026 856 saria
1059 791 1422 856 recordatio
1459 791 1883 872 repraesentat
1913 789 2092 870 quod
2129 787 2290 851 olim
2331 788 2579 852 factum
2618 790 2740 868 est,
2772 788 2961 852 etsie
2998 805 3121 852 nos
3158 787 3315 852 facit
3350 787 3603 851 moveri
3638 788 3965 868 tanquam

559 927 826 974 aeeon-oa.
854 907 1199 972 videamus
1233 907 1597 970 Dominum
1634 906 1702 968 in
1737 923 1950 970 cruce.
1985 906 2152 968 Item
2184 923 2199 964 :
2232 904 2451 968 Semel
2488 904 2873 968 immolatus
2910 906 3009 968 est
3036 904 3338 968 Christus
3372 903 3443 967 in
3478 903 3861 985 semetipso,
3894 903 3967 965 et

559 991 824 1042 ‘¹⁵⁸‘'¹¹'⁰'⁵²'
853 1025 1075 1088 tamen
1111 1022 1406 1104 quotidie
1443 1022 1826 1086 immolatur
1861 1023 1931 1084 in
1967 1021 2401 1086 sacramenta
2433 1020 2628 1095 Quod
2664 1021 2761 1084 sic
2796 1020 3295 1102 intelligendum
3335 1021 3435 1084 est
3466 1040 3481 1082 :
3516 1019 3673 1101 quia
3708 1020 3777 1082 iu
3812 1036 3967 1082 ma-

579 1164 829 1209 naa-aun·-
853 1141 1273 1204 nifestatione
1311 1139 1603 1220 corporis
1641 1139 1707 1201 et
1740 1131 2204 1201 distinctione*
2232 1135 2681 1200 membrorum
2722 1136 2927 1200 semel
2969 1137 3223 1199 tantum
3274 1136 3343 1200 in
3390 1153 3579 1200 cruce
3620 1136 3963 1217 pependit,

855 1257 1135 1322 offerens
1164 1273 1236 1320 se
1262 1257 1402 1320 Deo
1431 1255 1612 1318 Patri
1651 1254 1938 1317 hostiam
1975 1252 2451 1334 redemptionis
2488 1251 2837 1334 efficacem,
2872 1269 3103 1317 eorum
3142 1251 3393 1317 seilicet
3420 1268 3587 1334 quos
3621 1252 3968 1334 praedesti-

565 1397 671 1442 ιιιεα.
696 1411 737 1443 0.
757 1401 825 1444 σε.
853 1374 1058 1439 navit.
1092 1373 1262 1438 Item
1291 1371 1686 1436 Ambrosius
1719 1391 1734 1432 ε
1768 1371 1846 1435 In
1883 1369 2145 1434 Christo
2184 1369 2389 1434 semel
2428 1368 2647 1433 oblata
2684 1371 2785 1434 est
2817 1369 3037 1434 hostia
3072 1369 3156 1432 ad
3192 1369 3473 1434 salutem
3502 1371 3755 1451 potens.
3782 1368 3968 1442 Quid

855 1509 1010 1572 ergo
1063 1489 1236 1554 nos?
1283 1490 1516 1553 Nonne
1563 1507 1681 1570 per
1729 1486 2029 1569 singulos
2083 1487 2226 1551 dies
2277 1485 2619 1552 offerimus
2638 1485 2669 1548 ⁴?
2720 1485 3099 1567 OfferimuS,
3149 1486 3265 1550 sed
3310 1487 3394 1550 ad
3437 1487 3967 1551 recordationem

855 1607 1090 1671 mortis
1144 1606 1326 1687 eJus3
1375 1606 1440 1668 et
1486 1621 1618 1668 una
1665 1606 1766 1668 est
1811 1603 2052 1684 hostia,
2103 1621 2239 1667 non
2284 1603 2534 1667 multae.
2584 1602 2933 1676 Quomodo
2984 1620 3117 1666 una
3164 1605 3231 1667 et
3274 1620 3409 1667 non
3457 1603 3685 1666 multae
3708 1602 3739 1664 *ἲ
3786 1602 3969 1676 Quia

853 1721 1058 1786 semel
1094 1719 1478 1784 immolatus
1506 1720 1606 1783 est
1632 1719 1954 1783 Christus.
1987 1719 2133 1783 Hoc
2162 1721 2384 1782 autem
2414 1713 2808 1782 sacrificium
2839 1719 3218 1800 exemplum
3248 1720 3347 1782 est
3382 1718 3598 1798 illius;
3639 1718 3708 1781 id
3734 1719 3967 1800 ipsum

850 1840 916 1904 et
943 1855 1204 1920 semper
1229 1836 1298 1898 id
1328 1836 1550 1917 ipsum
1588 1835 1860 1900 offertur
1890 1854 1905 1896 :
1941 1835 2217 1916 proinde
2255 1836 2381 1898 hoc
2418 1835 2595 1898 idem
2632 1835 2733 1899 est
2768 1834 3186 1898 sacrificium.
3219 1834 3513 1916 Alioqui,
3546 1835 3863 1916 quoniam
3894 1835 3967 1896 in

849 1954 1080 2018 multis
1117 1953 1282 2016 locis
1309 1952 1604 2033 offertur,
1637 1952 1830 2016 multi
1871 1953 2026 2016 sunt
2055 1951 2301 2015 Christi
2320 1949 2352 2012 ⁶?
2381 1951 2841 2032 Nequaquam,
2872 1949 2987 2014 sed
3018 1967 3193 2014 unus
3230 1951 3475 2032 ubique
3504 1952 3603 2015 est
3632 1950 3965 2028 ChristuS,

851 2073 918 2136 et
952 2071 1062 2135 hic
1101 2070 1338 2151 plenus
1385 2069 1712 2133 exsistens
1751 2070 1816 2132 et
1853 2068 1991 2131 illic
2037 2068 2275 2149 plenus
2313 2087 2328 2128 ε
2372 2067 2545 2132 sicut
2585 2067 2763 2148 quod
2811 2067 3057 2148 ubique
3105 2067 3398 2148 offertur,
3438 2085 3645 2132 unum
3684 2069 3787 2131 est
3822 2085 3968 2131 cor-

850 2205 1013 2270 pus3
1062 2186 1156 2248 ita
1201 2186 1268 2248 et
1304 2201 1512 2248 unum
1562 2179 1979 2248 sacrificium.
2021 2183 2323 2247 Christus
2370 2183 2659 2246 hostiam
2704 2182 2966 2264 obtulit,
3008 2183 3222 2264 ipsam
3268 2183 3609 2248 offerimus
3645 2186 3711 2246 et
3745 2201 3966 2266 nunc;

851 2304 969 2368 sed
1003 2301 1183 2383 quod
1218 2317 1341 2364 nos
1379 2301 1662 2381 agimUS,
1703 2299 2065 2364 recordatio
2095 2301 2196 2364 est
2234 2295 2560 2363 sacrificii.
2592 2299 2731 2363 Nec
2768 2315 2965 2363 causa
3003 2317 3141 2363 suae
3179 2299 3582 2363 infirmitatis
3615 2299 3962 2380 repetitur,

850 2395 1007 2501 quia
1056 2417 1310 2499 perficit
1356 2417 1720 2497 hominem,
1771 2417 1885 2480 sed
1931 2418 2196 2496 nostrae,
2237 2416 2395 2497 quia
2435 2415 2731 2497 quotidie
2779 2431 3150 2497 peccamus.
3197 2450 3286 2462 —
3321 2416 3425 2479 Ex
3461 2415 3567 2478 his
3605 2415 3967 2497 colligitur,

851 2553 994 2600 esse
1025 2533 1418 2598 sacrificium
1451 2534 1517 2596 et
1544 2532 1674 2596 dici
1704 2533 1882 2614 quod
1919 2532 2136 2614 agitur
2171 2533 2242 2595 in
2278 2531 2490 2610 altari,
2526 2533 2592 2596 et
2620 2530 2956 2594 Christum
2994 2531 3199 2596 semel
3238 2529 3531 2595 oblatum
3570 2532 3635 2594 et
3667 2531 3973 2612 quotidie

851 2651 1114 2733 offerri3
1161 2650 1278 2714 sed
1327 2649 1517 2714 aliter
1562 2651 1743 2730 tunc,
1802 2648 1992 2713 aliter
2045 2666 2241 2712 nunc.
2302 2649 2387 2711 Et
2444 2647 2645 2712 etiam
2700 2663 2849 2728 quae
2906 2647 2994 2710 sit
3054 2648 3265 2711 virtus
3319 2647 3521 2730 hujus
3570 2649 3971 2712 sacramenti

855 2767 1243 2846 ostenditur,
1287 2765 1590 2830 remissio
1631 2764 1882 2829 scilicet
1925 2753 2342 2846 peccatorum
2385 2763 2744 2828 venialium
2794 2765 2860 2828 et
2905 2764 3220 2845 perfectio
3269 2763 3555 2828 virtutis.

1867 3051 1954 3114 H.
1998 3055 2098 3115 De
2150 3068 2379 3118 causa
2428 3052 2939 3118 institutionis.

995 3322 1380 3388 Institutum
1425 3323 1526 3386 est
1568 3321 1746 3386 enim
1784 3320 1909 3384 hoc
1947 3321 2431 3385 sacramentum
2469 3320 2727 3385 duabus
2763 3320 2845 3385 de
2887 3321 3105 3385 causis
3138 3342 3153 3383 ε
3188 3322 3257 3385 in
3292 3324 3721 3403 augmentum
3758 3323 3976 3387 virtu-

616 3464 762 3511 Amhr.
783 3464 840 3509 ιι.
863 3442 974 3523 tis,
1013 3438 1265 3503 scilicet
1300 3438 1613 3518 caritatis,
1648 3439 1714 3501 et
1749 3437 1816 3499 in
1856 3437 2253 3501 medicinam
2293 3437 2693 3517 quotidianae
2732 3437 3156 3501 infirmitatis.
3198 3438 3388 3503 Unde
3424 3438 3818 3504 Ambrosius
3850 3460 3865 3501 :
3904 3442 3977 3505 Si

563 3527 831 3645 mn».
864 3556 1410 3639 quotiescumque
1456 3554 1815 3618 effunditur
1859 3552 2130 3633 sanguis
2177 3552 2446 3634 Christi,
2499 3552 2571 3616 in
2616 3554 3072 3618 remissionem
3122 3557 3538 3635 peccatorum
3588 3556 3977 3637 effunditur,

863 3674 1068 3739 debeo
1111 3688 1371 3753 semper
1408 3672 1740 3752 accipere3
1781 3670 1897 3752 qui
1935 3687 2195 3751 semper
2231 3686 2453 3751 peccO,
2492 3669 2697 3733 debeo
2735 3688 2996 3751 semper
3040 3671 3279 3736 habere
3329 3672 3745 3737 medicinam.
3802 3674 3979 3739 Item

569 3814 839 3860 necem.
864 3789 1276 3871 Augustinus
1319 3808 1334 3850 :
1377 3788 1658 3852 Iteratur
1702 3787 2000 3868 quotidie
2043 3786 2186 3850 haec
2236 3785 2505 3865 oblati0,
2553 3786 2705 3850 licet
2755 3786 3057 3851 Christus
3102 3789 3308 3852 semel
3362 3789 3452 3852 sit
3503 3806 3761 3871 passuS,
3816 3793 3981 3872 quia

569 3880 833 3931 ‘¹¹⁸²'¹¹'⁰'⁷²‘
864 3904 1159 3987 quotidie
1205 3919 1554 3985 peccamus
1590 3902 1876 3983 peccatis
1921 3901 2063 3964 sine
2113 3900 2356 3981 quibus
2403 3900 2703 3965 mortalis
2756 3897 3103 3967 infirmitas
3140 3903 3363 3967 vivere
3408 3920 3543 3968 non
3594 3905 3833 3986 potest.
3888 3907 3981 3971 Et

580 4039 833 4085 insama
864 4022 1020 4103 quia
1056 4019 1350 4101 quotidie
1388 4018 1694 4097 labimur,
1727 4017 2023 4099 quotidie
2063 4016 2367 4081 Christus
2414 3994 3119 4098 mystice.immolatur
3151 4036 3269 4101 pro
3308 4018 3522 4084 nobis.
3558 4021 3757 4085 Dedit
3791 4024 3977 4087 enim

862 4136 1054 4201 nobis
1099 4137 1224 4200 hoc
1269 4135 1756 4200 sacramentum
1803 4133 2060 4214 salutiS,
2102 4134 2177 4195 ut
2223 4134 2381 4214 quia
2424 4150 2547 4197 nos
2595 4134 2890 4213 quotidie
2932 4152 3302 4217 peccamus,
3346 4138 3410 4200 et
3453 4137 3565 4201 ille
3605 4137 3743 4218 Jam
3798 4142 3976 4203 mori

861 4271 996 4318 non
1036 4254 1274 4335 potest,
1323 4270 1440 4333 per
1489 4252 1614 4314 hoc
1660 4250 2145 4314 sacramentum
2192 4250 2651 4314 remissionem
2703 4267 3203 4333 consequamur.
3248 4254 3559 4327 Quotidie
3602 4256 3977 4321 comeditur

627 4387 807 4431 meam.
863 4370 1006 4451 ipse
1049 4370 1116 4433 et
1148 4368 1397 4432 bibitur
1436 4368 1506 4430 in
1553 4368 1851 4446 veritate,
1901 4368 2018 4430 sed
2069 4367 2321 4448 integer
2368 4368 2433 4431 et
2477 4368 2671 4431 vivus
2708 4370 2951 4432 manet.
2987 4369 3152 4433 Item
3190 4390 3205 4431 z
3236 4370 3628 4452 Mysterium
3671 4368 3822 4437 fidei
3869 4375 3975 4437 di-

865 4487 1056 4565 citur,
1097 4486 1256 4566 quia
1291 4485 1550 4548 credere
1595 4483 1794 4547 debes
1839 4483 2019 4564 quod
2063 4483 2157 4546 ibi
2204 4483 2384 4547 salus
2430 4485 2655 4547 nostra
2702 4486 3037 4549 consistat.
3088 4520 3176 4532 ——-
3222 4487 3294 4551 Si
3340 4490 3557 4551 autem
3609 4493 3969 4570 quaeratur,

569 4618 679 4664 md.
704 4632 744 4666 c.
771 4624 837 4666 ιε.
864 4605 1090 4667 utrum
1139 4601 1434 4682 quotidie
1481 4600 2102 4664 communicandum
2150 4601 2260 4679 sit,
2312 4600 2466 4663 audi
2506 4600 2668 4682 quid
2710 4600 2865 4665 inde
2902 4602 3101 4666 tradit
3135 4603 3551 4684 Augustinus
3592 4626 3605 4667 :
3659 4605 3973 4679 Quotidie

863 4717 1134 4803 (inquit)
1171 4718 1652 4782 Eucharistiam
1690 4717 1982 4799 accipere
2027 4734 2148 4781 nec
2201 4717 2395 4781 laudo
2440 4735 2559 4781 nec
2608 4718 2945 4801 vitupero;
2996 4718 3305 4783 omnibus
3350 4721 3565 4785 tamen
3615 4723 3973 4788 dominicis

859 4835 1094 4900 diebus
1146 4834 1771 4898 communicandum
1828 4832 2076 4897 hortor.
2133 4833 2204 4897 Si
2247 4834 2468 4896 tamen
2519 4851 2707 4897 mens
2758 4834 2827 4895 in
2884 4836 3121 4899 affectu
3172 4837 3483 4917 peccandi
3535 4840 3657 4917 est,
3706 4843 3969 4921 gravari

859 4953 1072 5034 magis
1125 4952 1272 5016 dico
1311 4950 1742 5015 Eucharistiae
1790 4950 2231 5031 perceptione,
2282 4966 2483 5030 quam
2542 4952 2896 5031 purificari.
2948 4952 3035 5015 Et
3074 4952 3227 5016 licet
3274 4954 3426 5034 quis
3477 4958 3741 5035 peccato
3788 4974 3968 5021 mor-

856 5069 1110 5149 deatur,
1151 5069 1209 5132 si
1246 5067 1557 5149 peccandi
1594 5069 1817 5131 tamen
1854 5068 1935 5130 de
1972 5067 2187 5130 cetero
2226 5084 2360 5131 non
2405 5067 2641 5132 habeat
2686 5070 3118 5150 voluntatem,
3164 5071 3231 5133 et
3274 5071 3637 5135 satisfaciat
3674 5072 3965 5139 lacrimis

857 5187 923 5251 et
976 5185 1407 5265 orationibuS,
1466 5184 1730 5249 accedat
1793 5200 2114 5265 securus;
2175 5184 2291 5248 sed
2354 5184 2481 5248 hoc
2540 5185 2623 5249 de
2678 5185 2793 5248 illo
2858 5186 3006 5249 dico
3068 5204 3267 5267 quem
3324 5188 3630 5252 mortalia
3694 5194 3961 5271 peccata

858 5321 992 5369 non
1039 5303 1335 5386 gravant.
