4267 6250
558 814 751 871 CfipABo
762 812 819 856 B'.

569 1195 737 1241 loann-
758 1208 825 1245 xx,

558 1260 631 1303 23.

560 2768 827 2825 cmisioa'.

562 3359 759 3417 (τιμε-ιι
774 3361 825 3404 Α.

846 500 969 567 526

1420 520 1485 566 ΙΝ
1526 519 1750 567 Limum
1792 519 1853 564 lv
1896 515 2382 565 SENTENTIARUK.
2423 532 2504 544 -
2545 515 2699 562 ΒῙΒΤ.
2737 515 2886 578 xlx3
2928 515 3154 572 QUAEST.
3199 513 3383 562 uch

848 697 947 754 tro
977 690 1151 753 dedit
1181 689 1544 773 specialiter
1576 696 1951 773 potestatem
1982 653 2346 751 dimittendi
2376 684 2429 749 A
2457 685 2837 750 solutionem
2870 684 3576 767 praecedere.Quamdiu
3605 682 3780 746 enim
3813 680 3963 764 quis

850 796 1127 871 peccata,
1163 795 1233 851 ut
1272 789 1664 870 intelligatur
1696 788 1868 870 quod
1909 788 2045 869 ipse
2084 791 2352 868 potesta·

849 895 978 950 tem
1011 906 1140 970 prae
1168 887 1312 950 aliis
1346 887 1538 950 habet
1570 886 2348 968 jurisdictionis.Potestas

850 994 1063 1050 autem
1094 987 1360 1060 ordiniS,
1393 994 1704 1068 quantum
1745 993 1844 1047 est
1869 985 1949 1047 de
1979 1002 2069 1057 se,
2102 984 2179 1045 ad
2214 982 2350 1045 uni-

850 1103 1067 1148 versos
1096 1085 1516 1149 absolvendos
1547 1083 1911 1147 extenditur
1942 1100 1957 1145 t
1994 1083 2135 1145 ideo
2175 1082 2348 1143 inde-

852 1184 1190 1245 terminate
1220 1183 1527 1246 Dominus
1558 1182 1741 1255 dixit,
1774 1181 2054 1255 Quorum
2088 1180 2349 1243 remise-

853 1282 992 1344 ritis
1022 1287 1315 1363 peccata3
1349 1280 1710 1361 intelligens
1740 1278 2163 1360 tamen,quod
2197 1296 2350 1340 usus

854 1379 1181 1461 potestatis
1212 1378 1385 1440 illius
1415 1396 1555 1441 esse
1584 1376 1864 1451 deberet,
1890 1376 2353 1459 praesupposita

854 1484 1163 1559 potestate
1200 1477 1476 1557 glorioso
1504 1477 1687 1539 Petro
1726 1475 1953 1539 collata
1995 1474 2350 1537 secundum

854 1575 1317 1638 ordinationem
1360 1574 1579 1656 ipsius.
1618 1574 1694 1636 Et
1723 1573 1875 1655 quia
1904 1573 1971 1634 in
2002 1571 2350 1635 lsraelitico

853 1672 1095 1755 populo
1123 1690 1251 1735 non
1289 1672 1555 1735 fuerunt
1582 1679 1975 1753 congregatae
2008 1677 2230 1751 gentes
2259 1669 2351 1731 di-

852 1790 1073 1845 versae,
1126 1790 1245 1833 nec
1295 1771 1481 1852 plura
1527 1769 1789 1852 templa,
1842 1786 1970 1834 non
2019 1766 2354 1851 oportebat

2459 785 3048 847 excommunicatus
3077 792 3194 861 est,
3227 784 3480 846 nullum
3519 788 3728 865 potest
3755 797 3962 844 sacra-

2459 889 2752 946 mentum
2795 882 3104 965 accipere.

2538 981 2633 1043 Ad
2681 980 2940 1043 tertium
2992 980 3332 1062 respondet
3379 998 3394 1044 :
3440 978 3616 1053 Quod
3664 976 3965 1040 sacerdos

2460 1096 2588 1141 non
2632 1079 2832 1162 possit
2861 1085 3170 1161 potestate
3199 1097 3314 1140 sua
3355 1077 3420 1139 in
3455 1075 3811 1159 quemlibet
3841 1075 3960 1149 uti,

2460 1176 2756 1240 venit-ex
2800 1176 2921 1239 hoc
2968 1176 3138 1257 quod
3186 1194 3317 1239 suae
3360 1174 3689 1258 potestatis
3729 1192 3889 1235 usus
3927 1190 3966 1233 a

2461 1274 2789 1357 superiore
2827 1275 3157 1337 restrictus
3196 1280 3312 1336 est.
3349 1274 3422 1335 Et
3462 1272 3631 1335 sicut
3667 1270 3968 1353 superior

2463 1373 2785 1446 limitavit,
2818 1373 2911 1435 sic
2955 1379 3166 1455 potest
3205 1391 3426 1433 rursus
3475 1372 3686 1433 laxare
3726 1376 3794 1432 et
3833 1388 3968 1432 am-

2465 1472 2683 1555 pliare.
2719 1472 2949 1553 Sicque
2980 1477 3189 1552 potest
3217 1470 3510 1551 superior
3542 1468 3833 1532 inferiori
3869 1488 3967 1531 sa-

2463 1570 2701 1634 cerdoti
2750 1569 2901 1632 dare
2950 1576 3325 1651 potestatem
3377 1568 3446 1630 in
3497 1567 3965 1649 semetipsum3

2463 1668 2758 1750 quamvis
2798 1668 2935 1750 ipse
2975 1666 3042 1729 in
3080 1667 3498 1749 semetipsum
3539 1665 3828 1728 clavibus
3871 1666 3969 1726 uti

2463 1785 2590 1829 non
2630 1766 2856 1840 valeat,
2899 1766 3052 1847 quia
3095 1772 3372 1847 potestas
3421 1764 3700 1827 clavium
3751 1763 3968 1845 requi-

852 1871 1252 1933 sacerdotum
1282 1869 1761 1951 jurisdictiones
1794 1868 1883 1930 ibi
1916 1866 2246 1947 distingui,
2280 1873 2351 1928 ut
2386 1866 2434 1928 B
2465 1865 2548 1927 rit
2585 1882 2702 1947 pro
2743 1864 3005 1927 materia
3043 1864 3322 1946 aliquem
3363 1862 3717 1937 subditum,
3751 1868 3814 1923 et
3850 1878 3969 1944 per

854 1968 1043 2031 modo
1086 1969 1151 2030 in
1196 1968 1479 2031 Ecclesia
1522 1967 1774 2031 Christi.

930 2067 1024 2129 Ad
1070 2069 1423 2131 secundum
1464 2068 1829 2141 dicendum,
1862 2066 2029 2149 quod
2076 2071 2354 2148 potestas

853 2166 1116 2240 ordinis,
1149 2173 1461 2249 quantum
1492 2172 1589 2229 est
1617 2166 1696 2228 de
1731 2184 1820 2239 se,
1854 2164 2138 2227 extendit
2177 2182 2244 2226 se
2272 2162 2353 2225 ad

852 2264 1069 2327 omnia
1100 2270 1359 2346 peccata
1390 2263 1808 2342 remittenda3
1846 2271 2061 2325 tamen
2093 2262 2246 2343 quia
2273 2260 2352 2323 ad

854 2381 1043 2425 usum
1084 2363 1225 2444 ejus
1264 2363 1539 2445 exigitur
1575 2362 1961 2444 jurisdictio,
1995 2380 2138 2443 quae
2174 2380 2210 2423 a
2250 2380 2352 2423 su-

857 2461 1218 2544 perioribus
1274 2461 1352 2523 ad
1412 2460 1746 2523 inferiores
1804 2459 2154 2533 descendit,
2211 2459 2354 2521 ideo

855 2566 1061 2641 potest
1110 2558 1402 2642 superior
1456 2558 1670 2641 aliqua
1726 2558 1853 2620 sibi
1911 2575 2234 2621 reservare
2286 2556 2351 2618 in

853 2657 1089 2741 quibus
1116 2657 1432 2739 judicium
1468 2656 1879 2719 inferioribus
1911 2673 2035 2719 non
2069 2654 2354 2717 commit-

854 2757 933 2818 tit
964 2775 978 2820 :
1012 2756 1167 2819 alias
1207 2756 1285 2818 de
1325 2755 1614 2838 quolibet
1646 2762 1909 2837 peccato
1947 2762 2162 2837 posset
2201 2753 2352 2816 sim-

856 2854 1001 2938 plex
1052 2855 1345 2917 sacerdos
1398 2853 1901 2935 jurisdictionem
1956 2852 2197 2915 habens
2244 2851 2353 2914 ab·

855 2953 1120 3016 solvere.
1168 2952 1453 3034 Denique
1504 2952 1789 3033 quinque
1837 2958 1987 3012 sunt
2035 2969 2242 3025 casuS‚
2285 2950 2352 3013 in

2463 1980 2861 2045 consequens
2899 1962 3120 2036 alium,
3153 1980 3354 2043 quum
3396 1978 3586 2023 nemo
3615 1960 3716 2022 sui
3757 1958 3968 2041 ipsius

2463 2061 2790 2142 subjectus
2821 2060 2920 2122 sit.
2937 2059 3236 2133 Quamvis
3267 2076 3417 2140 ergo
3446 2058 3790 2140 episcopus
3819 2058 3970 2120 sim·

2465 2159 2719 2242 pliciter
2757 2159 3051 2241 superior
3087 2158 3170 2221 sit
3209 2157 3493 2240 simplici
3521 2176 3560 2220 a
3589 2175 3718 2239 quo
3755 2156 3968 2220 absol-

2465 2258 2636 2321 vitur
2673 2258 3020 2330 sacerdote,
3053 2264 3152 2319 est
3179 2262 3392 2319 tamen
3437 2254 3706 2318 inferior
3747 2255 3860 2320 illo
3899 2256 3968 2318 in

2463 2365 2772 2439 quantum
2815 2362 3110 2439 peccator
3137 2363 3201 2418 et
3231 2374 3376 2417 reus
3406 2373 3480 2416 ac
3511 2362 3738 2435 sponte
3769 2372 3838 2416 se
3871 2353 3966 2415 illi

2463 2455 2834 2536 subjiciens.
2889 2455 3223 2537 Quumque
3271 2452 3648 2517 infirmitate
3695 2452 3971 2515 circum-

2463 2553 2646 2616 datus
2687 2553 2770 2615 sit
2802 2560 2866 2615 et
2896 2559 3137 2635 peccet,
3171 2551 3361 2614 debet
3401 2551 3759 2614 remedium
3798 2570 3970 2632 quae-

2467 2671 2625 2725 rere,
2668 2652 2837 2734 quod
2886 2659 2984 2713 est
3025 2650 3302 2713 clavium
3353 2669 3506 2712 usus
3553 2657 3618 2712 et
3659 2656 3962 2731 potestas,

2463 2752 2798 2831 Quumque
2843 2750 2908 2812 in
2957 2768 3024 2812 36
3070 2749 3280 2832 ipsum
3333 2754 3638 2831 potestate
3681 2747 3966 2809 clavium

2463 2849 2556 2911 uti
2587 2867 2714 2911 non
2752 2848 2974 2930 possit,
3008 2848 3159 2929 quia
3191 2864 3319 2911 non
3361 2853 3570 2929 potest
3596 2846 3791 2908 simul
3822 2864 3968 2909 esse

2459 2947 2656 3028 judex
2694 2965 2766 3010 ac
2802 2964 2970 3020 reus,
3003 2945 3193 3009 debet
3223 2944 3512 3008 inferiori
3553 2943 3875 3018 confiteri,
3909 2944 3968 3006 si

855 3050 1090 3133 quibus
1119 3056 1368 3133 oportet
1395 3050 1566 3132 quod
1596 3049 1870 3131 simplex
1900 3049 2192 3111 sacerdos
2224 3065 2354 3131 poe-
2387 3046 2432 3108 C
2463 3045 2711 3129 copiam
2769 3063 2895 3108 non
2952 3044 3183 3107 habeat
3231 3043 3599 3127 superioris,
3651 3078 3732 3089 —
3785 3042 3862 3103 Et
3909 3041 3966 3104 si

856 3149 1169 3212 nitentem
1212 3149 1288 3210 ad
1329 3148 1727 3230 superiorem
1770 3147 2067 3209 remittat.
2104 3147 2352 3209 Primus

856 3255 972 3321 est,
1005 3247 1261 3329 quando
1290 3246 1570 3310 solennis
1611 3245 1985 3329 poenitentia
2014 3253 2113 3308 est
2145 3245 2355 3326 injun-

855 3345 1059 3427 genda
1111 3362 1125 3407 ε
1178 3345 1328 3427 quia
1379 3344 1553 3406 illius
1612 3344 2005 3427 poenitentiae
2053 3343 2354 3425 proprius

856 3443 1149 3507 minister
1207 3450 1410 3505 exstat
1465 3442 1825 3524 episcopus,
1879 3442 2210 3505 Secundus
2258 3448 2356 3504 est

855 3542 933 3605 de
984 3541 1575 3616 excommunicatis,
1626 3559 1785 3622 quos
1834 3540 2101 3603 inferior
2149 3557 2353 3602 sacer-

854 3640 967 3702 dos
998 3640 1221 3722 nequit
1248 3639 1596 3702 absolvere.
1626 3637 1897 3711 TertiuS,
1921 3638 2073 3700 dum
2108 3637 2356 3700 invenit

856 3738 1381 3819 irregularitatem
1414 3744 1824 3811 contractam,
1858 3753 1974 3818 pro
2007 3735 2194 3816 cujus
2227 3735 2353 3798 dis-

855 3836 1224 3919 pensatione
1254 3835 1444 3899 debet
1472 3835 1546 3898 ad
1580 3835 1974 3917 superiorem
2004 3833 2348 3897 remittere.

854 3936 1123 4009 Quartus
1170 3935 1249 3996 de
1294 3933 1721 3996 incendiariis
1768 3933 2059 4007 Quintus,
2098 3932 2354 4015 quando

852 4041 949 4096 est
977 4032 1371 4096 consuetudo
1401 4033 1467 4094 in
1504 4032 1721 4114 aliquo
1750 4031 2145 4114 episcopatu,
2180 4031 2354 4113 quod

853 4139 1111 4216 peccata
1152 4131 1440 4196 enormia
1484 4131 1785 4213 episcopo
1828 4137 2234 4194 reservantur
2274 4130 2352 4192 ad

2461 3145 2822 3226 objiciatur,
2855 3146 3028 3227 quod
3067 3144 3132 3206 in
3173 3144 3312 3207 foro
3349 3145 3647 3208 exteriori
3695 3145 3968 3211 inferior
3995 3163 4232 3221 emano:

2462 3261 2581 3306 nec
2629 3242 3186 3306 excommunicare
3242 3250 3453 3325 potest
3497 3260 3707 3325 neque
3756 3243 3970 3311 absol-

2462 3360 2610 3404 vere
2665 3342 3103 3424 superiorem3
3145 3358 3296 3422 ergo
3347 3359 3466 3404 nec
3509 3341 3574 3404 in
3623 3341 3763 3405 foro
3808 3343 3972 3408 inte-

2462 3440 2614 3502 riori
2646 3439 3124 3510 conscientioso‚
3143 3440 3312 3522 quod
3341 3447 3587 3522 oportet
3608 3441 3969 3506 ordinatius

2463 3557 2602 3602 esse
2640 3538 2778 3602 foro
2808 3538 3104 3602 exteriori
3141 3555 3156 3600 ε
3190 3538 3556 3613 dicendum,
3590 3540 3760 3621 quod
3797 3541 3970 3623 judi-

2463 3637 2636 3700 cium
2677 3637 2958 3699 exterius
2996 3645 3092 3700 est
3122 3637 3477 3700 secundum
3516 3638 3834 3714 homines,
3865 3640 3967 3721 ju-

2464 3735 2706 3798 dicium
2765 3752 2917 3798 vero
2979 3734 3400 3798 confessionis
3462 3736 3668 3818 quoad
3731 3737 3965 3814 Deum,

2463 3834 2632 3916 apud
2670 3851 2864 3916 quem
2901 3833 2976 3896 fit
3007 3834 3199 3897 homo
3235 3833 3445 3896 minor
3473 3834 3792 3917 viliorque
3821 3817 3972 3919 pec-

2465 3932 2686 4008 cando,
2730 3950 2858 3995 non
2906 3939 3119 3994 autem
3170 3931 3264 3994 sic
3305 3932 3474 4013 apud
3523 3931 3968 4014 praelationem

2463 4031 2829 4093 humanam.
2863 4030 3024 4093 Hinc
3067 4030 3235 4093 sicut
3272 4029 3338 4092 in
3379 4031 3677 4093 exteriori
3717 4029 3970 4112 judicio

2463 4129 2680 4192 nullus
2722 4135 2932 4212 potest
2973 4129 3038 4190 in
3083 4147 3151 4190 se
3195 4129 3409 4211 ipsum
3451 4130 3970 4194 excommunica-

852 4231 1123 4294 aliorum
1170 4239 1477 4295 terrorem
1532 4247 1546 4292 :
1598 4230 1748 4312 quia
1808 4230 1871 4291 in
1921 4229 2158 4292 talibus
2204 4247 2352 4292 con·
2383 4230 2432 4292 D
2461 4227 2652 4292 tionis
2702 4225 2987 4310 proferre
3035 4227 3440 4301 sententiam,
3487 4227 3572 4289 ita
3618 4245 3738 4290 nec
3780 4227 3968 4292 alteri

855 4331 1124 4393 suetudo
1165 4329 1411 4393 confert
1450 4347 1563 4391 seu
1603 4327 1811 4390 aufert
1841 4335 2238 4410 potestatem.
2273 4363 2354 4374 —-

856 4428 1143 4510 Denique
1172 4427 1563 4491 Poenitentiae
1601 4433 2071 4489 sacramentum
2111 4425 2192 4488 ab
2222 4444 2356 4489 om-

854 4526 1047 4589 nibus
1078 4526 1281 4608 culpae
1312 4525 1667 4588 defectibus
1698 4525 1946 4598 liberat,
1980 4543 2107 4588 non
2138 4532 2352 4588 autem

853 4625 935 4689 ab
972 4624 1273 4688 omnibus
1312 4622 1669 4686 defectibus
1710 4641 1913 4705 poenae
1957 4640 1971 4685 :
2015 4642 2164 4686 nam
2210 4631 2356 4706 post

855 4732 1175 4808 peractam
1216 4723 1295 4786 de
1331 4721 1679 4786 homicidio
1722 4721 2188 4803 poenitentiam,
2225 4741 2352 4785 ma-

853 4830 964 4886 net
1012 4822 1077 4885 in
1126 4821 1445 4885 homicida
1501 4819 1987 4902 irregularitatis
2041 4819 2348 4883 defectus.

854 4922 1031 4985 Unde
1070 4921 1363 4984 sacerdos
1402 4925 1609 5002 potest
1646 4919 1726 4981 de
1764 4918 2033 4980 crimine
2072 4916 2356 4982 absolve-

856 5038 944 5094 re,
989 5021 1100 5083 sed
1148 5036 1263 5101 pro
1312 5037 1502 5101 poena
1550 5016 1917 5099 hujusmodi
1970 5017 2356 5080 removenda

854 5117 1045 5180 debet
1084 5118 1163 5180 ad
1208 5116 1603 5200 superiorem
1649 5115 1991 5178 remittere.
2024 5114 2226 5177 Aliter
2263 5121 2354 5177 ta-

856 5235 1003 5279 men
1054 5222 1151 5279 est
1198 5215 1264 5278 in
1312 5213 1993 5288 excommunicatione,
2046 5213 2198 5295 quia
2243 5212 2353 5275 ab·

854 5314 1236 5380 solutionem
1281 5315 1360 5377 de
1400 5331 1474 5376 ea
1512 5318 1761 5395 oportet
1798 5320 2207 5394 peccatorum
2247 5311 2354 5375 ab-

2463 4326 2890 4405 committere3
2911 4325 2978 4387 in
3011 4324 3150 4389 foro
3174 4333 3390 4387 autem
3421 4327 3830 4391 conscientiae
3861 4345 3972 4410 po-

2462 4432 2585 4487 test
2614 4424 2753 4486 hoc.
2790 4423 2996 4486 Etiam
3034 4423 3162 4485 dici
3202 4429 3412 4504 potest
3438 4424 3609 4505 quod
3646 4423 3968 4490 absolutio

2464 4523 2529 4586 in
2561 4523 2698 4585 foro
2737 4521 3142 4586 conscientiae
3183 4528 3278 4584 est
3308 4521 3751 4604 principaliter
3789 4533 3969 4607 pote-

2463 4623 2640 4686 statis
2699 4621 2998 4696 clavium‚
3051 4628 3115 4683 et
3167 4620 3634 4701 jurisdictionis
3687 4639 3768 4683 ex
3821 4640 3968 4685 con-

2463 4721 2790 4803 sequenti;
2839 4717 3418 4782 excommunicatio
3473 4735 3627 4782 vero
3683 4720 3970 4784 totaliter

2463 4827 2704 4902 spectat
2741 4818 2819 4881 ad
2857 4817 3391 4899 jurisdictionem.
3427 4817 3505 4879 Et
3536 4824 3854 4899 quantum
3887 4819 3968 4882 ad

2462 4918 2704 4981 ordinis
2733 4922 3132 4999 potestatem,
3165 4933 3388 4978 omnes
3425 4916 3786 4980 sacerdotes
3815 4925 3970 4980 sunt

2463 5035 2668 5099 pareS,
2703 5033 2830 5079 non
2860 5021 3075 5076 autem
3107 5013 3172 5076 in
3201 5013 3670 5095 jurisdictione.
3705 5015 3846 5079 Non
3877 5035 3970 5078 er·

2461 5133 2542 5195 go
2578 5121 2676 5177 est
2713 5113 2944 5176 simile.
2977 5149 3058 5158 —
3084 5112 3228 5176 Haec
3267 5112 3538 5176 Thomas
3578 5113 3646 5175 in
3689 5113 3962 5197 Scripto.

2545 5211 2896 5276 Concordat
2941 5212 3184 5286 PetruS,
3228 5218 3292 5274 et
3337 5209 3513 5274 addit
3559 5211 3638 5274 de
3688 5211 3832 5287 hoc,
3884 5233 3965 5276 an

2463 5311 2755 5375 sacerdos
2787 5310 3008 5391 legalis
3036 5309 3261 5372 habuit
3289 5309 3498 5372 claves
3531 5327 3546 5372 :
3579 5310 3742 5374 Usus
3772 5318 3964 5397 atque
