4267 6250
92 1380 145 1433 C(-
158 1364 261 1422 did:
282 1393 315 1431 Ι,

98 1872 153 1925 ss.
166 1873 269 1915 dist.
284 1885 315 1923 1,

98 3953 227 3996 Hm.
240 3970 271 4005 ι,
284 3959 324 4000 2.

126 4747 205 4786 ut.
226 4747 265 4786 Ι.

124 5239 199 5278 τί.
222 5239 261 5277 2.

1433 506 1515 555 DE
1552 504 1951 553 eumcum!
1990 504 2356 555 BAPT1S11AL1

332 674 701 751 dicendum,
717 677 886 759 quod
920 675 1043 739 fuit
1072 676 1137 739 in
1168 675 1416 740 Christo
1445 694 1561 758 per
1588 676 1839 739 modum
1866 675 1919 738 A
1946 674 2087 738 aliis

333 774 805 838 sublimiorem.
838 776 997 839 Nam
1038 782 1103 837 et
1135 776 1377 857 aliquid
1416 783 1513 839 est
1542 774 1840 857 perfecti-

334 872 479 935 onis
512 873 579 935 in
618 872 807 937 nobis
842 874 1015 956 quod
1054 892 1181 937 non
1221 881 1389 937 esset
1428 873 1837 956 perfectionis

336 971 405 1032 in
436 970 709 1045 Christo,
740 979 815 1034 ut
851 972 1052 1053 gratia
1090 971 1447 1055 adoptionis
1478 990 1494 1051 ;
1534 978 1597 1034 et
1636 972 1724 1034 ita
1760 972 1839 1033 de

334 1069 703 1132 charactere
747 1078 844 1133 est
884 1070 1249 1133 dicendum.

418 1168 597 1241 Quod
626 1177 843 1232 autem
884 1169 951 1232 in
991 1170 1479 1233 circumcisione
1510 1177 1573 1232 et
1612 1169 1839 1232 ceteris

336 1267 749 1330 sacramentis
772 1268 1009 1331 veteris
1040 1268 1211 1351 legis,
1226 1270 1549 1332 character
1576 1285 1699 1332 non
1732 1268 1843 1329 im·

341 1365 764 1446 primebatur,
797 1366 1043 1429 dictum
1082 1374 1179 1429 est
1215 1385 1425 1449 supra.
1462 1366 1589 1429 Nec
1626 1373 1841 1429 tamen

342 1463 409 1525 in
460 1464 763 1527 omnibus
810 1466 1223 1528 sacramentis
1264 1482 1443 1528 novae
1493 1464 1649 1545 legis
1698 1464 1841 1527 cha-

340 1570 551 1625 racter
582 1564 997 1647 imprimitur,
1014 1565 1125 1627 sed
1156 1565 1221 1627 in
1252 1564 1457 1627 tribus
1497 1565 1838 1636 dumtaxat,

339 1680 487 1742 quae
516 1682 637 1725 nec
669 1663 1003 1737 iterantur,
1024 1671 1091 1725 et
1118 1672 1265 1726 sunt
1292 1663 1671 1745 BaptismuS,
1694 1661 1847 1724 Con·

342 1758 650 1834 firmatio,
702 1760 887 1824 Ordo.
938 1761 1113 1835 Quod
1171 1762 1252 1824 de
1296 1761 1621 1844 Baptismo
1671 1779 1843 1822 nunc

3323 488 3442 553 175

2151 692 2166 738 ε
2224 676 2302 739 ad
2362 694 2635 759 quorum
2693 679 3038 758 utrumque
3095 674 3444 757 requiritur

1946 775 2236 857 quaedam
2269 775 2571 856 potentia,
2605 774 2908 858 quoniam
2946 774 3025 836 ad
3061 774 3442 836 tradendum

1944 874 2190 957 aliquid
2217 875 2384 949 aliis,
2403 874 2678 956 exigitur
2707 873 2913 938 activa
2945 873 3248 956 potentia,
3273 880 3336 935 et
3362 873 3439 935 ad

1946 974 2412 1056 recipiendum,
2444 973 2712 1055 passiva.
2751 973 2912 1035 Hinc
2958 972 3284 1035 character
3325 971 3442 1034 im-

1946 1079 2158 1154 portat
2206 1072 2550 1154 quamdam
2606 1071 3006 1153 spiritualem
3065 1070 3438 1153 potentiam,

1947 1170 2302 1233 ordinatam
2344 1170 2421 1232 ad
2471 1188 2546 1232 ea
2587 1189 2730 1252 quae
2772 1176 2920 1231 sunt
2961 1169 3170 1231 cultus
3212 1167 3438 1241 divini,

1948 1288 2091 1351 quae
2120 1276 2216 1330 est
2246 1267 2527 1351 potentia
2557 1266 3081 1340 instrumentaliS,
3101 1274 3171 1329 ut
3196 1265 3442 1328 dictum

1949 1373 2047 1429 est
2076 1385 2269 1449 supra
2307 1368 2384 1429 de
2424 1366 2706 1449 potentia
2743 1386 2884 1448 quae
2922 1363 3213 1428 consistit
3250 1364 3316 1425 in
3346 1383 3442 1427 sa·
3473 1382 3736 1440 cfimnx.

1950 1465 2312 1527 oramentis.
2355 1463 2600 1527 Habere
2647 1464 2822 1527 enim
2868 1462 3248 1526 sacramenti
3299 1462 3444 1524 cha-

1950 1571 2283 1637 racterem,
2328 1563 2636 1644 competit
2679 1562 2788 1624 Dei
2836 1562 3168 1636 ministris,
3216 1560 3325 1643 qui
3377 1580 3444 1623 se

1951 1661 2188 1724 habent
2217 1680 2330 1743 per
2361 1662 2619 1723 modum
2651 1660 3058 1723 instrumenti
3091 1678 3206 1743 per
3234 1678 3446 1741 respe-

1952 1769 2126 1822 ctum
2165 1760 2244 1822 ad
2284 1761 2504 1823 Deum.
2541 1760 2686 1822 Ideo
2725 1760 2892 1823 sicut
2928 1760 3132 1824 virtus
3170 1781 3312 1845 quae
3349 1771 3448 1826 est

338 1858 589 1939 patuit3
621 1858 703 1921 de
731 1858 875 1921 aliis
904 1858 1153 1921 duobus
1182 1858 1349 1921 infra
1377 1858 1638 1941 patebit.
1664 1858 1843 1940 Saepe
1869 1854 1917 1916 B
1951 1859 2017 1920 in
2053 1858 2487 1933 sacramentiS,
2520 1876 2646 1921 non
2688 1866 2786 1921 est
2824 1859 2889 1922 in
2928 1878 3160 1940 genere
3199 1880 3316 1944 per
3351 1881 3441 1937 se,

341 1959 517 2021 enim
554 1957 801 2020 dictum
850 1964 947 2019 est
987 1958 1157 2038 quod
1194 1958 1411 2020 omnia
1449 1963 1843 2019 sacramenta

339 2064 497 2119 sunt
561 2056 853 2138 quaedam
922 2055 1479 2119 sanctificationes,
1542 2054 1839 2118 Sanctifi-

340 2154 510 2218 catio
561 2162 779 2217 autem
828 2154 1173 2237 dupliciter
1218 2154 1496 2217 sumitur
1542 2170 1557 2216 ε
1604 2155 1837 2235 primo,

342 2271 465 2336 pro
498 2252 993 2332 emundationc3
1026 2253 1327 2327 secundo,
1366 2270 1483 2336 pro
1521 2253 1841 2334 mancipa-

340 2353 519 2414 tione
550 2370 665 2414 seu
706 2352 1117 2434 deputatione
1156 2352 1235 2413 ad
1272 2351 1533 2433 aliquod
1562 2370 1837 2425 sacrum,

341 2450 891 2532 quemadmodum
922 2450 1139 2525 vestiS,
1158 2450 1448 2523 ecclesia,
1469 2450 1687 2524 altare,
1704 2470 1843 2513 san-

342 2548 733 2611 ctificantur.
766 2548 993 2611 Omnia
1022 2549 1235 2630 itaque
1273 2557 1667 2613 sacramenta
1696 2556 1845 2611 sunt

344 2646 887 2710 sanctificationes
916 2647 1126 2730 primo
1156 2648 1671 2729 mod0,quoniam
1704 2666 1848 2729 pur-

340 2754 499 2827 gant
534 2765 573 2807 a
606 2745 839 2828 culpiS,
870 2751 1143 2827 suntque
1182 2746 1465 2808 remedia
1504 2753 1719 2809 contra
1756 2746 1846 2807 vi—

342 2846 583 2907 tiorum
614 2844 921 2907 defectuS.
946 2844 1241 2919 Quaedam
1273 2862 1425 2907 vero
1452 2852 1846 2907 sacramenta

344 2952 499 3006 sunt
548 2942 1091 3006 sanctificationes
1139 2943 1334 3006 etiam
1387 2944 1573 3007 modo
1626 2961 1848 3006 secun-

1950 1959 2063 2021 sed
2107 1957 2455 2031 reductive,
2498 1977 2696 2040 quum
2741 1958 2826 2020 sit
2866 1959 3186 2041 quoddam
3232 1958 3445 2023 fluens

1948 2064 2012 2119 et
2052 2056 2545 2139 incompletum3
2570 2056 2654 2119 ita
2684 2074 2803 2119 nec
2833 2057 3179 2133 character,
3212 2059 3322 2121 sed
3356 2077 3448 2121 re-

1948 2155 2205 2217 ducitur
2251 2155 2330 2217 ad
2379 2155 2725 2217 secundam
2768 2156 3050 2238 speciem
3099 2156 3440 2240 qualitatis,

1948 2254 2061 2317 Hic
2119 2255 2448 2317 character
2505 2254 2764 2337 proprie
2821 2254 3179 2337 appellatur
3235 2256 3448 2320 chara·
3525 2276 3666 2317 arta.

1950 2360 2085 2415 cter
2133 2352 2390 2427 Christi,
2431 2352 2583 2434 quia
2624 2371 2739 2435 per
2775 2371 2925 2415 eum
2975 2352 3268 2417 homines
3301 2355 3450 2417 insi-

1949 2452 2258 2533 gniuntur
2287 2459 2351 2513 et
2381 2452 2830 2533 consignantur
2856 2470 2930 2514 ac
2961 2452 3340 2535 deputantur
3367 2454 3446 2517 ad

1952 2550 2184 2613 Christi
2230 2551 2634 2632 obsequium.
2688 2551 2804 2625 Qui
2854 2552 3026 2614 enim
3075 2552 3154 2614 ad
3202 2551 3448 2635 aliquid
3529 2572 3674 2613 arm.

1954 2656 2198 2711 certum
2259 2650 2665 2732 deputantur,
2726 2649 2933 2713 solent
2990 2650 3207 2733 aliquo
3267 2651 3450 2732 signo

1953 2746 2239 2809 denotari
2284 2763 2298 2807 ε
2341 2747 2881 2830 quemadmodum
2934 2747 3167 2811 milites
3214 2748 3325 2830 qui
3371 2749 3449 2811 ad

1956 2844 2251 2907 militiam
2291 2845 2678 2927 deputantur
2720 2863 2795 2907 ac
2841 2845 3313 2921 adscribuntur,
3357 2863 3453 2910 so-

1956 2942 2173 3005 lebant
2200 2943 2355 3005 olim
2387 2942 2768 3024 quibusdam
2805 2942 3278 3007 characteribus
3316 2962 3452 3008 cor-

345 3043 454 3115 de,
484 3042 636 3126 quia
684 3060 801 3125 per
841 3060 917 3104 ea
956 3041 1359 3125 mancipatur
1399 3043 1593 3104 homo
1636 3041 1715 3104 ad
1753 3060 1845 3103 sa·
1878 3038 1925 3103 G
1957 3040 2283 3123 poralibus
2321 3040 2636 3122 insigniri.
2681 3042 3084 3105 Sacramenta
3123 3061 3274 3105 vero
3309 3042 3454 3106 cha-

342 3160 477 3216 cra,
528 3142 697 3204 sicut
748 3160 863 3224 per
909 3141 1211 3204 Ordinem
1266 3139 1721 3204 sacerdotalem
1768 3139 1847 3202 ad

347 3239 847 3302 sacrificandum
890 3247 954 3302 et
991 3238 1414 3314 offerendum,
1448 3247 1513 3302 et
1550 3257 1665 3322 per
1693 3239 1849 3302 Con·

346 3339 783 3402 firmationem
838 3339 917 3401 ad
966 3337 1365 3421 spiritualem
1412 3339 1693 3402 hostium
1742 3357 1847 3400 ex-

346 3438 831 3521 pugnationem,
858 3456 933 3499 ac
970 3455 1087 3519 per
1113 3436 1511 3518 Baptismum
1553 3436 1632 3498 ad
1670 3443 1849 3498 actus

348 3536 705 3619 spiritualis
748 3535 1269 3617 regenerationis,
1312 3535 1479 3598 sicut
1518 3534 1584 3596 in
1623 3534 1853 3597 defini-

352 3637 527 3698 tione
566 3634 955 3698 characteris
993 3634 1355 3716 expositum
1396 3632 1540 3695 fuit.
1572 3667 1654 3678 —
1692 3633 1853 3695 Dici-

349 3741 460 3796 tur
487 3751 743 3816 quoque
776 3734 1101 3796 character
1138 3751 1175 3794 a
1205 3733 1319 3795 Dei
1350 3731 1508 3795 Filio
1539 3731 1850 3814 imprimi,

348 3851 471 3916 per
496 3833 845 3915 quamdam
884 3831 1469 3915 appropriationem
1498 3831 1575 3892 ad
1608 3830 1854 3913 propri-

352 3950 466 3993 um
502 3931 667 4006 Filii,
703 3930 817 4013 qui
856 3938 953 3994 est
994 3929 1200 4011 imago
1241 3929 1461 4003 PatriS,
1495 3928 1705 4011 figura
1740 3947 1855 3991 seu

352 4031 677 4092 character
708 4028 1081 4092 substantiae
1110 4028 1291 4109 ejus:
1316 4028 1408 4091 sic
1438 4028 1611 4090 enim
1643 4027 1857 4090 chara-

350 4137 487 4190 cter
528 4128 647 4190 iste
694 4133 967 4200 creatuS,
1000 4133 1098 4189 est
1138 4125 1515 4189 assimilatio
1555 4133 1620 4189 et
1658 4124 1856 4189 confi·

1958 3149 2267 3203 racterem
2309 3140 2714 3222 imprimunt,
2753 3140 2821 3202 in
2867 3148 3178 3224 quantum
3225 3161 3340 3224 per
3383 3160 3458 3204 ea

1957 3239 2341 3321 deputamur
2387 3239 2464 3301 ad
2513 3238 2758 3301 cultum
2805 3238 2919 3300 Dei
2969 3241 3324 3303 secundum
3377 3240 3458 3302 ri·

1958 3345 2095 3400 tum
2134 3336 2496 3400 christianae
2535 3337 2881 3418 religionis.
2908 3338 3151 3402 —Haec
3181 3338 3248 3401 in
3279 3339 3461 3402 Sum-

1962 3456 2085 3510 ma,
2130 3436 2197 3498 in
2236 3454 2363 3517 qua
2401 3434 2773 3498 scribuntur
2816 3434 3020 3498 multa
3058 3436 3136 3499 de
3176 3437 3295 3499 ista
3336 3455 3465 3500 ma·-

1960 3535 2140 3608 teria,
2174 3553 2314 3616 quae
2340 3533 2474 3614 jam
2505 3533 2967 3596 sententialiter
2999 3542 3150 3597 sunt
3181 3535 3458 3597 inducta.

2033 3633 2386 3696 Concordat
2407 3632 2635 3704 PetruS,
2651 3631 2762 3713 qui
2786 3639 2995 3694 tamen
3021 3632 3466 3696 indifferenter

1961 3749 2027 3793 se
2078 3729 2288 3804 habet,
2329 3749 2411 3792 an
2455 3729 2780 3792 character
2826 3737 3099 3811 ponatur
3142 3730 3208 3792 in
3255 3730 3464 3812 prima

1962 3829 2177 3911 specie
2208 3827 2553 3910 qualitatiS,
2586 3847 2666 3890 an
2697 3827 2762 3888 in
2792 3827 3088 3890 secunda.
3125 3827 3203 3889 Et
3229 3827 3405 3890 addit
3440 3845 3455 3890 :

1964 3927 2301 3990 Character
2338 3934 2435 3988 est
2475 3926 2729 4007 signum
2769 3924 3122 4008 spirituale,
3158 3925 3463 3988 indelebi-

1965 4025 2045 4098 le,
2086 4025 2482 4106 distinguens
2531 4023 2842 4107 populum
2892 4021 3154 4086 fidelem
3192 4023 3273 4086 ab
3314 4023 3464 4086 infi-

1964 4123 2110 4186 deli.
2153 4124 2414 4206 Propter
2462 4123 2765 4204 primum,
2811 4121 3111 4185 videlicet
3159 4123 3462 4204 quoniam

354 4227 599 4307 guratio
626 4226 859 4288 animae
897 4225 975 4287 ad
1016 4225 1446 4287 characterem
1477 4222 1848 4286 increatum.
1885 4224 1934 4286 D
1966 4223 2222 4304 signum
2263 4229 2380 4296 est,
2423 4229 2671 4304 oportet
2714 4220 2779 4283 in
2823 4221 3038 4303 aliquo
3083 4221 3267 4302 signo
3311 4223 3463 4285 visi-

353 4324 563 4386 Nihilo
614 4324 833 4386 minus
889 4322 1145 4385 realiter
1201 4321 1596 4404 imprimitur
1644 4341 1681 4383 a
1727 4329 1857 4384 tota

355 4421 915 4505 supet-beatissima
970 4421 1295 4494 Trinitate,
1347 4420 1533 4501 cujus
1582 4419 1858 4482 indivisa

356 4529 502 4582 sunt
534 4538 749 4603 opera.
789 4555 871 4565 —
914 4519 1057 4583 Haec
1100 4519 1167 4580 in
1210 4518 1480 4601 Scripto.

432 4620 737 4683 Praeterea
766 4618 834 4681 in
862 4619 1051 4681 tertia
1077 4625 1277 4700 parte,
1302 4617 1649 4699 quaestione
1680 4635 1855 4679 sexa-

354 4719 596 4799 gesima
624 4719 852 4782 tertia:
885 4718 1291 4781 Sacramenta
1317 4717 1462 4798 (ait)
1491 4733 1669 4778 novae
1698 4714 1854 4795 legis

357 4817 733 4880 ordinantur
760 4818 838 4880 ad
877 4817 1025 4891 duo,
1058 4816 1360 4879 videlicet
1387 4815 1465 4878 ad
1496 4815 1851 4877 remedium

358 4925 575 4980 contra
614 4924 970 5000 peccatum,
1002 4923 1069 4977 et
1109 4915 1188 4976 ad
1228 4913 1685 4996 perficiendam
1724 4911 1856 4974 ani-

358 5035 531 5078 mam
568 5017 635 5078 in
678 5016 780 5079 his
822 5034 963 5097 quae
1004 5020 1296 5096 spectant
1336 5013 1413 5074 ad
1457 5011 1703 5075 cultum
1741 5011 1851 5073 Dei

356 5115 709 5178 secundnm
759 5115 955 5177 ritum
1014 5112 1377 5175 christianae
1434 5112 1855 5174 conversatio-

354 5213 481 5276 nis.
522 5215 739 5277 Cultus
778 5221 995 5276 autem
1032 5211 1289 5275 divinus
1328 5209 1619 5274 consistit
1656 5209 1722 5271 in
1763 5229 1855 5272 re-

352 5311 653 5395 cipiendo
678 5313 888 5396 aliqua
914 5311 1151 5386 divina,
1162 5311 1265 5374 vel
1296 5309 1363 5372 in
1392 5307 1692 5372 tradendo
1718 5308 1853 5373 haec

1966 4321 2081 4383 bili
2120 4320 2433 4394 exhiberi,
2467 4340 2504 4382 a
2542 4337 2669 4403 quo
2709 4320 3018 4383 rationem
3054 4321 3464 4402 significandi

1966 4419 2227 4482 sortitur
2262 4436 2277 4480 ε
2311 4418 2454 4480 ideo
2482 4436 2608 4480 non
2641 4417 2966 4481 confertur
2995 4419 3062 4481 in
3092 4419 3461 4495 virtutibUS‚

1966 4517 2026 4579 id
2068 4525 2167 4580 est
2204 4534 2331 4579 non
2372 4535 2625 4598 semper
2664 4516 2857 4578 simul
2901 4535 3049 4579 cum
3090 4517 3460 4594 virtutibuS,

1964 4615 2115 4699 quia
2163 4624 2225 4679 et
2273 4615 2424 4678 ficte
2470 4614 2865 4690 accedenteS,
2907 4633 3033 4678 non
3078 4615 3461 4699 recipientes

1961 4716 2228 4796 gratiam
2260 4724 2323 4777 et
2351 4715 2640 4789 virtuteS‚
2659 4715 2978 4796 recipiunt
3006 4715 3454 4779 characterem.

1961 4815 2224 4895 Propter
2253 4813 2628 4886 secundum,
2649 4813 2799 4894 quia
2828 4813 3158 4894 spirituale
3189 4821 3305 4888 est,
3330 4831 3458 4876 non

1964 4911 2411 4976 conferebatur
2478 4911 2544 4973 in
2612 4911 3024 4973 sacramentis
3091 4912 3455 4975 carnalibus

1963 5012 2196 5075 veteris
2235 5010 2639 5073 Testamenti.
2682 5010 2940 5091 Propter
2981 5009 3264 5086 tertium,
3299 5029 3453 5093 quo-

1962 5111 2135 5172 niam
2186 5107 2550 5183 indelebile,
2593 5126 2719 5170 non
2768 5106 3092 5171 confertur
3140 5108 3206 5171 in
3249 5128 3453 5172 sacra-

1964 5207 2196 5271 mentis
2245 5227 2386 5289 quae
2444 5207 2768 5269 iterantur.
2821 5206 3082 5289 Propter
3130 5215 3449 5290 quartum,

1961 5309 2113 5390 quia
2157 5304 2494 5386 distinguit
2540 5304 2894 5368 secundum
2942 5304 3163 5380 fidem,
3215 5306 3453 5372 idcirco
