4267 6250
797 509 1002 556 mun
1041 507 1446 556 nummaria
1485 509 1580 554 sn·
1619 505 2070 556 samon
2107 509 2317 556 mul
2354 509 2435 556 AG
2476 509 2666 568 UNUB,
2706 507 2835 558 1¹:1¹0.

291 684 410 739 tera
435 685 844 741 sacramenta.
881 679 1361 742 Sacramentum
1399 679 1642 761 quippe
1671 696 1768 740 se·
1797 678 1848 742 Α
1875 684 2037 752 tum,
2068 679 2373 762 quoniam
2404 680 2598 743 habet
2622 698 2845 744 omnes
2884 687 3093 763 partes
3121 680 3202 743 ad
3229 679 3371 761 ejus

291 775 547 838 cundum
577 777 680 839 sui
711 777 994 840 nominis
1031 777 1506 861 proprietatem,
1538 777 1769 840 sancti-

290 881 460 936 tatem
486 874 694 939 active
723 875 1032 958 importat.
1047 876 1224 939 Unde
1252 875 1598 939 secundum
1629 876 1766 950 hoc,

291 971 508 1054 aliquid
543 973 740 1036 habet
775 974 1088 1036 rationem
1125 973 1504 1037 sacramenti
1543 992 1769 1037 secun-

292 1071 426 1133 dum
461 1072 626 1155 quod
666 1072 864 1136 habet
892 1074 1202 1136 rationem
1241 1071 1768 1136 sanctificationis

293 1187 402 1250 qua
425 1170 666 1252 aliquid
695 1171 774 1234 fit
803 1179 1114 1234 sanctum.
1149 1172 1249 1234 Fit
1283 1178 1496 1234 autem
1525 1170 1769 1254 aliquid

294 1275 558 1331 sanctum
602 1269 952 1351 dupliciter
984 1287 999 1333 :
1032 1271 1242 1352 primo
1289 1270 1670 1353 simpliciter
1705 1276 1773 1332 et

295 1383 393 1447 per
417 1385 500 1441 se,
533 1375 608 1430 nt
637 1368 701 1430 id
732 1369 902 1450 quod
942 1368 1306 1450 subjectum
1344 1374 1441 1431 est
1477 1367 1770 1430 sanctita-

295 1463 384 1536 tis,
413 1471 479 1525 ut
505 1465 730 1545 homo;
763 1467 1047 1530 secundo
1074 1467 1424 1550 improprie
1455 1473 1519 1528 et
1547 1484 1770 1528 secun-

297 1563 428 1624 dum
454 1564 630 1646 quid,
663 1565 834 1628 sicut
860 1567 1030 1649 quod
1067 1566 1396 1629 ordinatur
1421 1567 1500 1628 ad
1539 1565 1771 1628 sancti·

297 1668 466 1724 tatem
493 1661 974 1744 praefatam,aut
1001 1663 1167 1728 sicut
1193 1664 1436 1727 habens
1464 1663 1768 1727 virtutem

299 1760 734 1836 sanctificandi,
770 1769 842 1824 ut
885 1762 1184 1838 chrisma,
1215 1763 1318 1827 vel
1360 1781 1770 1846 quocumque

1878 777 2305 860 integritatem
2337 787 2695 861 spectantes
2731 797 2746 842 ε
2778 798 2921 862 quae
2958 780 3169 842 unitas
3200 779 3374 842 inve-

1877 875 2052 938 nitur
2079 875 2147 939 in
2175 877 2477 941 omnibus
2514 878 2594 940 ad
2632 887 2906 960 quorum
2947 877 3375 960 integritatem

1876 975 2063 1058 pl'ura
2090 975 2525 1058 requiruntur,
2559 984 2630 1038 ut
2672 995 2837 1039 unus
2866 976 3081 1050 homo,
3112 994 3241 1038 una
3269 976 3379 1039 do-

1877 1094 2040 1137 mus.
2075 1075 2414 1157 Quumque
2450 1076 2532 1138 ad
2570 1093 2709 1138 esse
2751 1074 3130 1138 sacramenti
3174 1075 3379 1138 multa

1876 1181 2283 1248 concurrant,
2316 1173 2485 1236 sicut
2514 1175 2799 1248 materia,
2821 1174 3049 1248 forma,
3082 1174 3374 1250 intentio,

1877 1281 2037 1351 etc.;
2071 1272 2310 1335 idcirco
2348 1273 2429 1335 ab
2470 1273 2590 1335 hac
2626 1274 2867 1336 unitate
2905 1281 3376 1336 sacramentum

1875 1370 2112 1433 dicitur
2140 1389 2361 1433 unum.
2388 1370 2498 1433 Illa
2530 1389 2807 1452 namque
2836 1379 2985 1434 sunt
3012 1371 3091 1434 de
3122 1370 3378 1453 integri·

1877 1474 2002 1530 tate
2035 1469 2436 1543 sacramenti,
2470 1487 2613 1551 quae
2650 1468 3065 1551 requiruntur
3106 1471 3184 1532 ad
3229 1486 3376 1552 ope-

1877 1566 2189 1629 rationem
2247 1566 2423 1628 illam
2468 1567 2550 1629 ad
2599 1585 2789 1648 quam
2846 1568 3192 1630 ordinatur.
3244 1567 3375 1630 Hoc

1875 1682 2028 1729 vero
2057 1673 2526 1728 sacramentum
2554 1665 2919 1728 ordinatum
2948 1672 3045 1728 est
3072 1685 3111 1728 a
3137 1666 3267 1729 Deo
3295 1665 3374 1729 ad

1877 1762 2279 1845 spiritualem
2318 1762 2727 1838 cibationem,
2760 1783 2903 1846 quae
2940 1782 3057 1846 per
3084 1781 3375 1846 corpora-

299 1857 406 1920 alio
435 1859 620 1922 modo
655 1861 1001 1944 deputetur
1037 1861 1117 1925 ad
1154 1861 1410 1944 aliquod
1451 1868 1764 1934 sanctum,
1803 1862 1851 1924 B
1881 1861 2006 1924 lem
2038 1861 2451 1924 refectionem
2492 1861 2795 1942 signatur.
2832 1861 2909 1923 Et
2943 1861 3096 1944 quia
3130 1861 3209 1924 ad
3244 1878 3378 1924 cor-

302 1956 442 2018 sicut
485 1958 696 2022 altare.
749 1959 912 2022 Hinc
971 1978 1046 2022 ea
1095 1960 1333 2042 quibus
1390 1958 1634 2041 aliquid
1692 1957 1772 2021 fit

299 2063 560 2119 sanctum
591 2057 801 2140 primo
841 2059 1052 2132 modo,
1085 2058 1387 2120 dicuntur
1414 2075 1770 2120 sacramen·

303 2159 354 2214 ta
385 2153 774 2238 simpliciter.
807 2157 896 2220 Ea
935 2175 1089 2220 vero
1131 2156 1368 2240 quibus
1408 2154 1649 2238 aliquid
1692 2153 1773 2217 fit

302 2260 564 2316 sanctum
594 2256 876 2320 secundo
905 2257 1116 2332 modo,
1149 2254 1630 2319 sacramentalia
1659 2270 1771 2315 no-

303 2351 620 2428 minantur,
671 2372 802 2418 non
848 2364 1260 2419 sacramenta.
1312 2355 1384 2418 In
1432 2354 1576 2416 aliis
1620 2369 1772 2434 ergo

303 2453 684 2517 sacramentis
711 2453 794 2516 fit
817 2454 1060 2536 aliquid
1088 2461 1376 2518 sanctum
1406 2453 1616 2536 primo
1645 2467 1774 2514 mo-

303 2547 390 2621 do,
411 2558 475 2612 ut
499 2551 689 2614 homo
715 2551 1074 2634 suscipiens
1104 2558 1608 2629 sacramentum3
1641 2566 1768 2612 non

302 2654 490 2709 autem
534 2649 927 2712 elementum
980 2650 1306 2732 corporale
1358 2647 1768 2712 sanctificans

301 2742 622 2822 hominem,
667 2748 973 2829 quoniam
1022 2748 1142 2810 hoc
1189 2754 1287 2810 est
1332 2753 1624 2810 sanctum
1673 2763 1768 2808 se-

303 2844 488 2907 cundo
525 2845 730 2909 modo.
763 2846 1122 2930 Pr0pterea,
1157 2846 1329 2928 quod
1373 2844 1651 2928 pertinet
1689 2843 1768 2906 ad

303 2943 847 3008 sanctificationem
887 2945 1170 3008 materiae
1209 2945 1272 3008 in
1305 2944 1534 3007 ceteris
1565 2961 1769 3006 sacra-

1879 1960 2163 2041 poralem
2209 1959 2595 2023 cibationem
2636 1961 2763 2023 duo
2806 1960 3169 2041 exiguntur,
3202 1961 3377 2023 vide-

1879 2057 2030 2122 licet
2057 2057 2240 2120 cibus
2269 2076 2344 2122 ac
2376 2065 2585 2141 potus,
2604 2059 2843 2122 idcirco
2872 2078 2950 2122 ex
2980 2059 3379 2123 institutione

1877 2156 2096 2218 divina
2141 2154 2221 2218 ad
2271 2156 2699 2238 integritatem
2758 2158 3140 2221 sacramenti
3192 2157 3379 2220 istius

1878 2254 2157 2336 pertinet
2212 2254 2458 2336 aliquid
2514 2263 2819 2338 tanquam
2876 2254 3083 2330 cibus,
3135 2255 3382 2319 scilicet

1879 2369 2110 2435 corpus
2150 2352 2405 2427 Christi,
2440 2361 2503 2416 et
2540 2353 2786 2436 aliquid
2822 2373 2937 2437 per
2974 2355 3239 2418 modum
3274 2373 3381 2438 po·

1877 2459 2003 2525 tuS,
2043 2458 2263 2533 utpote
2310 2451 2569 2532 sanguis
2617 2452 2779 2533 ejus.
2825 2452 2934 2514 Est
2977 2470 3127 2534 ergo
3176 2472 3378 2516 unum

1877 2556 2371 2624 sacramentum,
2404 2552 2516 2613 sed
2550 2551 2881 2633 pluraliter
2910 2551 3145 2613 dicitur
3174 2570 3378 2614 sacra-
3442 2559 3447 2562 '

1879 2656 2114 2722 menta,
2176 2657 2438 2732 propter
2492 2648 2885 2712 materialem
2945 2648 3377 2712 diversitatem

1877 2747 2227 2829 signorum.
2272 2747 2349 2809 Et
2395 2747 2689 2829 quamvis
2737 2753 3207 2810 sacramentum
3256 2747 3377 2811 hoc

1879 2864 2026 2908 cum
2081 2845 2385 2908 omnibus
2442 2846 2522 2908 ad
2578 2864 2647 2908 se
2702 2845 3051 2927 requisitis,
3110 2864 3238 2909 non
3296 2846 3381 2909 sit

1880 2962 2082 3006 unum
2135 2944 2201 3006 in
2252 2962 2486 3025 genere
2542 2950 2653 3007 aut
2701 2943 2917 3027 specie
2972 2951 3233 3020 naturas,
3288 2951 3381 3007 at-

305 3042 532 3118 mentiS,
561 3061 691 3106 non
740 3051 838 3106 est
881 3050 1374 3118 sacramentum,
1415 3043 1527 3106 sed
1569 3060 1772 3105 sacra·
1800 3043 1845 3107 C
1879 3049 2093 3105 tamen
2152 3060 2351 3104 unum
2403 3049 2501 3104 est
2550 3059 2665 3125 per
2713 3042 3253 3125 comparationem
3301 3042 3380 3106 ad

305 3141 553 3206 mentale
583 3159 599 3205 :
635 3143 767 3205 imo
803 3142 924 3205 hoc
952 3142 1123 3224 quod
1162 3140 1439 3224 pertinet
1469 3141 1551 3203 ad
1581 3159 1770 3203 usum

307 3242 554 3304 materiae
583 3260 710 3323 qua
738 3241 932 3304 homo
960 3240 1419 3315 sanctificatur,
1442 3247 1541 3302 est
1567 3257 1770 3302 sacra·-

305 3346 582 3402 mentum.
643 3339 880 3401 Verum
941 3339 1008 3401 in
1071 3339 1193 3402 hoc
1251 3344 1648 3401 sacramento
1704 3338 1770 3400 id

305 3437 449 3515 quod
501 3436 860 3501 sanctificat
913 3437 1264 3512 hominem,
1325 3444 1614 3500 sanctum
1676 3443 1773 3499 est

306 3535 486 3615 primo
514 3538 724 3611 modo,
755 3536 1054 3600 videlicet
1079 3535 1368 3599 Christus
1401 3552 1417 3597 :
1452 3534 1594 3598 ideo
1629 3553 1770 3597 san-

307 3632 580 3698 ctificatio
609 3636 894 3698 materiae
921 3642 1020 3697 est
1045 3633 1152 3697 hic
1179 3640 1674 3707 sacramentum,
1707 3639 1772 3696 et

305 3734 698 3797 sanctificatio
725 3734 1006 3797 hominis
1031 3741 1132 3795 est
1156 3731 1538 3796 sacramenti
1577 3731 1772 3812 hujus

307 3830 566 3897 effectus.
583 3834 760 3897 Unde
787 3832 909 3896 hoc
938 3839 1406 3895 sacramentum
1436 3831 1502 3893 in
1532 3849 1602 3893 se
1630 3847 1774 3893 con·

305 3928 642 4007 sideratum,
693 3938 792 3994 est
847 3930 1102 4011 dignius
1158 3930 1387 3992 ceteris
1445 3928 1768 4002 omnibus,

305 4047 478 4108 quum
511 4031 870 4094 absolutam
907 4028 1140 4091 habeat
1177 4029 1607 4108 sanctitatem3
1647 4027 1772 4089 alia

304 4134 488 4191 autem
517 4145 644 4192 non
683 4128 922 4191 habent
959 4126 1360 4190 sanctitatem
1400 4126 1526 4189 nisi
1567 4126 1634 4188 in
1671 4142 1770 4188 or·

1879 3160 2073 3204 unam
2131 3141 2570 3223 operationem
2627 3140 3035 3224 completam,
3088 3160 3229 3224 quae
3286 3149 3385 3205 est

1879 3238 2231 3322 spiritualis
2272 3238 2537 3303 refectio
2570 3257 2585 3302 :
2618 3258 2697 3302 ex
2736 3259 2863 3323 qua
2904 3238 3383 3303 unitate-sumi-

1879 3346 1985 3400 tur
2025 3338 2236 3399 unitas
2278 3338 2680 3401 sacramenti.

1958 3435 2052 3498 Ad
2091 3436 2353 3499 tertium
2392 3437 2834 3518 respondetur,
2867 3438 3037 3519 quod
3079 3437 3146 3500 in
3178 3438 3383 3521 quoli-

1879 3533 1989 3597 bet
2025 3541 2424 3597 sacramento
2460 3534 2585 3597 tria
2624 3534 3130 3611 considerantur,
3162 3537 3385 3601 videli-

1880 3638 1981 3694 cet
2032 3649 2047 3694 :
2095 3632 2295 3712 origo,
2343 3631 2653 3713 perfectio
2702 3640 2769 3695 et
2820 3633 2993 3696 finis.
3046 3633 3237 3717 Origo
3290 3653 3382 3697 sa-

1880 3736 2351 3793 cramentorum
2393 3738 2493 3792 est
2531 3730 2742 3813 passio
2782 3730 3038 3806 Christi,
3068 3732 3149 3794 de
3192 3733 3380 3813 cujus

1882 3828 2074 3892 latere
2120 3834 2516 3890 sacramenta
2555 3828 2899 3890 fluxerunt.
2934 3828 3243 3893 Perfectio
3282 3849 3377 3893 sa-

1879 3927 2187 3991 cramenti
2216 3933 2333 4001 est,
2367 3926 2535 4007 quod
2564 3926 2831 4007 gratiam
2870 3927 3171 3989 continet.
3205 3927 3379 3991 Finis

1879 4043 2032 4089 vero
2069 4023 2449 4087 sacramenti
2480 4031 2578 4086 est
2617 4023 2875 4105 duplex,
2910 4032 3130 4107 utpote
3168 4026 3379 4108 proxi-

1881 4142 2047 4197 muS,
2091 4124 2205 4205 qui
2255 4130 2353 4186 est
2396 4121 2821 4186 sanctificatio
2868 4123 3272 4205 recipientis3
3316 4131 3383 4188 et

305 4223 426 4288 dine
465 4228 541 4290 ad
581 4227 776 4289 aliud.
809 4226 968 4289 Hinc
1010 4232 1479 4288 sacramentum
1520 4225 1640 4287 hoc
1673 4230 1772 4287 est
1799 4224 1849 4287 D
1881 4222 2169 4296 ultimuS,
2203 4222 2315 4304 qui
2344 4229 2443 4285 est
2470 4222 2601 4284 vita
2626 4228 2879 4286 aeterna.
2903 4222 3051 4297 Quae
3078 4222 3202 4286 tria
3230 4230 3381 4286 sunt

307 4324 581 4403 perfectio
627 4325 902 4388 aliorum
949 4330 1497 4387 sacramentorum
1551 4340 1567 4385 ε
1619 4341 1769 4385 nam

307 4438 468 4486 omne
500 4425 670 4506 quod
708 4431 808 4486 est
845 4441 960 4505 per
997 4422 1194 4497 aliud,
1227 4421 1554 4485 reducitur
1583 4422 1664 4484 ad
1704 4421 1768 4484 id

309 4522 450 4601 quod
487 4531 582 4586 est
625 4541 742 4605 per
782 4539 870 4585 se.

369 4622 453 4683 Ad
499 4622 852 4685 secundum
900 4619 1270 4695 dicendum,
1321 4618 1491 4701 quod
1540 4637 1656 4701 per
1701 4638 1770 4681 se

309 4736 480 4782 unum
519 4720 920 4803 simpliciter,
951 4725 1018 4783 et
1058 4718 1229 4801 quod
1274 4724 1372 4780 est
1412 4736 1615 4780 unum
1659 4736 1772 4780 nu-

309 4834 474 4893 mero,
505 4819 842 4902 tripliciter
868 4818 1123 4880 dicitur.
1157 4816 1386 4889 Primo,
1414 4815 1582 4877 sicut
1612 4815 1771 4878 indi-

307 4915 526 4981 visibile
559 4918 662 4999 (ut
707 4924 986 5000 punctus
1023 4922 1090 4978 et
1125 4914 1384 4995 unitas),
1430 4914 1602 4996 quod
1650 4932 1768 4977 nec

307 5022 426 5077 actu
469 5034 672 5100 neque
721 5014 1006 5099 potentia
1053 5022 1154 5077 est
1197 5014 1416 5076 multa.
1453 5013 1764 5089 Secundo,

309 5116 450 5193 quod
484 5124 578 5179 est
617 5134 820 5179 unum
865 5113 1304 5187 continuitate,
1336 5111 1504 5194 quod
1553 5119 1768 5175 tamen

309 5220 390 5273 est
435 5213 856 5295 potentialiter
901 5212 1124 5286 multa,
1175 5219 1248 5274 ut
1291 5210 1480 5273 linea.
1534 5209 1764 5285 Tertio,

313 5311 453 5389 quod
477 5320 569 5376 est
595 5331 797 5377 unum
829 5310 1244 5395 perfectione,
1276 5316 1348 5372 ut
1379 5308 1769 5373 calceamen-

1880 4320 1946 4383 in
1997 4319 2395 4382 Eucharistia
2453 4319 2861 4395 excellenter,
2911 4320 3063 4403 quia
3118 4321 3239 4385 hoc
3286 4340 3381 4385 sa-

1879 4424 2279 4482 cramentum
2332 4424 2430 4479 est
2481 4417 2845 4500 specialiter
2893 4417 3257 4483 institutum
3310 4420 3378 4482 in

1879 4516 2255 4579 memoriam
2302 4516 2639 4579 dominicae
2691 4514 3028 4599 passionis,
3072 4517 3255 4599 juxta
3306 4518 3379 4580 il-

1878 4616 1988 4679 lud
2024 4633 2038 4678 :
2069 4614 2216 4679 Haec
2246 4614 2779 4697 quotiescumque
2809 4614 3115 4691 feceritis,
3149 4617 3215 4679 in
3247 4617 3373 4681 mei
3400 4634 3586 4743 “1230-
3608 4648 3665 4690 ιι,

1879 4714 2254 4777 memoriam
2284 4712 2553 4776 facietis,
2573 4712 2719 4776 Ideo
2746 4721 3056 4795 quantum
3086 4716 3163 4777 ad
3192 4717 3377 4798 origi·

1878 4833 2050 4887 nem,
2082 4820 2347 4876 vocatur
2373 4811 2767 4876 sacrificium
2804 4819 2869 4876 et
2904 4813 3128 4877 hostia.
3164 4814 3375 4878 Conti-

1877 4922 1988 4977 net
2031 4930 2287 4995 quoque
2329 4912 2617 4994 gratiam,
2650 4929 2777 4974 non
2821 4930 2937 4994 per
2978 4914 3238 4977 modum
3276 4914 3373 4978 in-

1877 5011 2314 5085 tentionalem,
2376 5018 2447 5073 ut
2510 5018 2721 5073 cetera
2785 5018 3199 5087 sacramenta,
3260 5014 3373 5076 sed

1879 5110 2345 5196 plenitudinem
2375 5110 2593 5190 gratiae
2621 5110 2687 5172 in
2718 5127 2833 5172 suo
2861 5108 3036 5173 fonte
3056 5127 3069 5172 :
3088 5110 3240 5175 hinc
3266 5132 3375 5175 an·

1876 5208 2293 5272 tonomastice
2322 5208 2717 5272 Eucharistia
2743 5207 3119 5290 appellatur.
3139 5209 3374 5282 Quum-

1874 5326 2003 5391 que
2068 5307 2155 5369 sit
2212 5307 2677 5371 consummatio
2734 5306 3025 5370 omnium
3090 5307 3374 5372 sanctifi-
