4267 6250
853 473 976 540 250
1596 493 1662 541 m
1701 493 1924 541 unnim
1965 495 2028 541 lv
2069 493 2554 542 stammam.
2597 509 2678 522 —
2717 493 2871 540 ms‘r.
2912 493 2955 540 x
2996 491 3206 540 suun

610 697 753 742 amur.
769 695 825 738 «ι
853 670 954 734 est
981 687 1220 752 corpus
1247 687 1493 734 meum.
1534 670 1700 735 Item
1734 669 2174 735 Ambrosius.
2206 669 2278 736 Si
2316 669 2571 733 tantum
2612 667 2822 732 valuit
2856 685 3075 733 sermo
3102 667 3292 750 Elisa,
3322 668 3445 732 ut
3426 685 3645 752 ignem
3678 669 3762 735 de
3790 671 3959 736 coelo

559 759 722 866 {iffi
779 770 1238 869 ¹¹';deponeret
1263 805 1396 850 non
1427 786 1671 851 valebit
1705 789 1958 851 tantum
1991 803 2208 852 sermo
2239 785 2506 865 Christi,
2532 787 2609 848 ut
2634 785 3037 850 substantias
3066 785 3329 851 mutet?
3363 787 3462 851 De
3490 787 3697 851 totius
3725 789 3963 853 mundi

557 919 710 1025 faex
713 933 807 961 ινιι
811 903 1163 986 operibus
1200 903 1459 985 legitur,
1495 903 1664 978 Quia
1701 905 1844 986 ipse
1881 904 2075 985 dixit,
2109 905 2175 967 et
2204 903 2375 966 facta
2402 903 2581 983 sunt,
2613 903 2735 967 etc.
2771 903 3002 966 Sermo
3044 901 3246 983 igitur
3280 902 3549 982 Christi,
3584 905 3699 986 qui
3743 905 3967 987 potuit

584 1014 596 1027 '
855 1038 936 1085 ex
986 1021 1196 1084 nihilo
1247 1021 1456 1085 facere
1494 1021 1674 1103 quod
1721 1039 1853 1085 non
1899 1023 2059 1100 erat,
2104 1037 2239 1085 non
2287 1021 2505 1102 potest
2551 1037 2630 1084 ea
2665 1037 2814 1101 quae
2860 1020 3037 1100 sunt,
3079 1019 3149 1082 in
3196 1019 3265 1082 id
3311 1022 3565 1084 mutare
3601 1021 3783 1103 quod
3827 1039 3966 1086 non

616 1165 789 1208 mh
854 1137 1086 1202 erant?
1126 1138 1274 1202 Non
1313 1138 1492 1202 enim
1531 1139 1754 1201 minus
1791 1139 1890 1203 est
1927 1155 2169 1218 creare,
2210 1153 2411 1219 quam
2447 1138 2702 1200 mutare
2738 1152 2945 1200 novas
2981 1137 3248 1200 naturas
3284 1132 3555 1201 rerum*
3561 1137 3849 1202 .:Item
3893 1140 3967 1203 Si

557 1229 729 1334 ΓΜ·
711 1295 778 1334 53
751 1241 823 1281 ⁰⁹
854 1257 1149 1320 ordinem
1200 1258 1452 1320 naturae
1500 1255 1902 1338 quaerimus,
1929 1255 2074 1319 viro
2119 1255 2331 1318 mixta
2377 1254 2625 1319 femina
2666 1271 2974 1335 generare
3020 1255 3469 1319 consueverat.
3516 1255 3760 1337 Liquet
3805 1273 3967 1338 ergo

853 1372 1029 1455 quod
1069 1375 1308 1454 praeter
1351 1351 1600 1437 naturae
1642 1373 1939 1437 ordinem
1981 1372 2186 1454 Virgo
2236 1371 2605 1454 generavit;
2650 1371 2717 1435 et
2758 1371 2882 1435 hoc
2921 1371 3100 1452 quod
3147 1371 3533 1436 conficimus
3568 1389 3832 1454 corpuS,
3880 1391 3965 1438 ex

849 1489 1123 1571 Virgine
1159 1489 1280 1552 est.
1313 1488 1488 1562 Quid
1525 1506 1678 1570 ergo
1718 1489 1825 1552 hic
1863 1490 2106 1570 quaeris
2143 1489 2395 1552 naturae
2426 1487 2723 1551 ordinem
2756 1487 2825 1549 in
2864 1486 3109 1551 Christi
3147 1503 3441 1569 corpore,
3472 1505 3679 1569 quum
3718 1491 3965 1571 praeter

557 1630 666 1675 ihm.
686 1643 730 1673 n.
753 1633 820 1674 ει.
849 1606 1152 1669 naturam
1189 1605 1278 1669 sit
1314 1606 1454 1686 ipse
1497 1607 1723 1687 partus
1758 1624 1842 1670 ex
1879 1605 2151 1687 Virgine
2174 1604 2205 1667 ?
2242 1605 2409 1668 Item
2453 1623 2469 1666 ε
2512 1604 2683 1668 Ante
2722 1603 3244 1668 benedictionem
3280 1605 3410 1668 alia
3456 1605 3709 1687 species
3742 1609 3967 1671 nomi-

849 1723 1065 1802 natur,
1097 1723 1250 1804 post
1285 1722 1841 1786 consecrationem
1891 1739 2128 1804 corpus
2168 1721 2596 1804 significatur.
2641 1721 2813 1784 Ante
2859 1721 3414 1785 consecrationem
3462 1721 3641 1786 aliud
3686 1722 3961 1803 dicitur,

850 1839 1001 1920 post
1037 1839 1592 1903 consecrationem
1633 1840 1904 1921 sanguis
1939 1841 2376 1921 nuncupatur.
2411 1838 2513 1902 Tu
2548 1837 2737 1918 diciS,
2772 1836 3009 1918 Amen,
3050 1837 3119 1900 id
3156 1838 3279 1918 est,
3311 1855 3541 1903 verum
3581 1840 3682 1903 est
3721 1858 3736 1900 ε
3780 1839 3969 1921 quod

556 1979 823 2024 nocam.
852 1973 1069 2021 sermo
1099 1959 1312 2037 sonat,
1345 1957 1617 2021 affectus
1659 1957 1919 2021 sentiat.
1957 1957 2127 2020 Item
2166 1953 2580 2038 Augustinus
2612 1975 2627 2016 :
2662 1954 2738 2017 In
2782 1955 2999 2036 specie
3037 1955 3227 2037 panis
3262 1956 3329 2018 et
3364 1955 3503 2018 vini
3540 1973 3743 2037 quam
3782 1957 3971 2021 vide-

551 2043 825 2095 ⁶⁵⁸‘'¹''⁶‘⁴¹'
853 2089 1027 2151 muS,
1063 2090 1168 2136 res
1206 2072 1596 2153 invisibileS‚
1623 2073 1689 2135 id
1729 2074 1830 2138 est
1861 2090 2123 2137 carnem
2154 2072 2220 2136 et
2248 2072 2661 2153 sanguinem,
2695 2071 3132 2152 honoramus;
3170 2089 3290 2136 nec
3326 2071 3632 2135 similiter
3660 2089 3971 2156 compre-

853 2188 1206 2252 hendimus
1251 2188 1371 2252 has
1415 2189 1580 2253 duas
1625 2190 1878 2271 species
1929 2190 2102 2253 sicut
2148 2190 2297 2252 ante
2346 2188 2904 2252 consecrationem
2956 2187 3697 2270 comprehendebamus,
3750 2207 3963 2271 quum

852 2300 1131 2369 fideliter
1159 2304 1502 2384 fateamur,
1533 2306 1683 2369 ante
1711 2306 2271 2371 consecrationem
2301 2321 2537 2387 panem
2570 2322 2713 2368 esse
2742 2306 2808 2369 et
2843 2304 3099 2385 vinum,
3132 2305 3310 2386 quod
3346 2306 3581 2368 natura
3609 2304 3966 2390 formavit3

849 2422 1000 2504 post
1035 2421 1592 2486 consecrationem
1628 2439 1809 2503 vero,
1842 2439 2102 2486 carnem
2146 2421 2391 2486 Christi
2430 2423 2496 2485 et
2532 2421 2946 2502 sanguinem,
2981 2421 3158 2502 quod
3202 2420 3569 2485 benedictio
3616 2439 3970 2488 consecra-

589 2559 736 2605 Ambr.
766 2562 821 2604 aa
849 2538 966 2602 vit.
1013 2539 1183 2602 Item
1223 2535 1616 2603 Ambrosius
1660 2559 1674 2599 ε
1719 2539 1919 2603 Panis
1959 2541 2061 2604 est
2105 2539 2175 2602 in
2224 2538 2415 2602 altari
2460 2538 2747 2602 usitatus
2794 2539 2945 2602 ante
2991 2537 3191 2603 verba
3240 2555 3461 2620 sacra3
3509 2537 3623 2602 ubi
3681 2541 3968 2605 accessit

549 2623 816 2738 ζῗᾟῖζῆῠ·
848 2655 1274 2736 consecrati0,
1315 2655 1395 2718 de
1437 2671 1604 2736 pane
1649 2655 1726 2719 fit
1761 2654 2004 2719 Christi
2052 2673 2226 2718 caro.
2270 2653 2618 2727 Quomodo
2656 2654 2876 2716 autem
2926 2655 3143 2736 potest
3183 2654 3363 2736 quod
3412 2653 3601 2735 panis
3644 2656 3767 2735 est,
3808 2673 3963 2720 esse

547 2794 656 2838 ibid.
679 2807 724 2838 ιι.
753 2798 817 2838 ¹5.
847 2789 1087 2854 corpus
1124 2770 1423 2835 Christi?
1466 2771 1990 2853 Consecratione,
2032 2789 2182 2853 quae
2228 2766 2303 2834 fit
2338 2787 2640 2835 sermone
2685 2769 2951 2834 Christi.
2994 2771 3163 2834 Item
3199 2791 3213 2833 ε
3250 2771 3321 2836 Si
3366 2773 3546 2834 tanta
3586 2770 3690 2834 vis
3737 2773 3839 2836 est
3888 2775 3961 2836 in

847 2903 1148 2952 sermone
1179 2887 1474 2966 Domini,
1507 2888 1580 2950 ut
1612 2887 1928 2969 incipiant
1959 2905 2101 2952 esse
2135 2905 2283 2970 quae
2320 2904 2453 2951 non
2493 2888 2711 2969 erant3
2750 2888 2997 2969 quanto
3034 2888 3247 2968 magis
3284 2887 3691 2970 operatorius
3728 2891 3853 2970 est,
3884 2893 3964 2954 ut

846 3004 979 3069 sint
1016 3021 1164 3085 quae
1209 3004 1415 3082 erant,
1447 3003 1513 3066 et
1549 3004 1616 3068 in
1659 3002 1840 3066 aliud
1885 3003 2424 3068 commutentur?
2462 3005 2548 3066 Et
2584 3003 2679 3067 sic
2712 3003 2890 3084 quod
2928 3005 3065 3067 erat
3100 3005 3291 3086 panis
3328 3007 3479 3068 ante
3520 3006 3965 3070 consecratio-

844 3137 1020 3201 nem,
1066 3119 1207 3201 Jam
1255 3137 1494 3201 corpus
1543 3119 1786 3185 Christi
1839 3121 1939 3185 est
1987 3122 2141 3202 post
2196 3120 2778 3201 consecrationem,
2829 3121 2987 3202 quia
3036 3138 3253 3185 sermo
3300 3119 3545 3185 Christi
3587 3122 3963 3187 creaturam

847 3238 1082 3320 mutat,
1115 3240 1180 3301 et
1216 3238 1312 3302 sic
1350 3256 1428 3302 ex
1469 3255 1636 3320 pane
1671 3238 1746 3302 fit
1784 3255 2021 3321 corpus
2058 3238 2326 3319 Christi,
2360 3239 2426 3302 et
2461 3238 2694 3301 vinum
2730 3255 2883 3301 cum
2920 3256 3093 3320 aqua
3128 3239 3197 3301 in
3234 3238 3502 3303 calicem
3542 3240 3849 3321 missum,
3888 3237 3964 3305 fit

552 3378 818 3424 noco-am.
848 3354 1118 3435 sanguis
1146 3354 1631 3419 consecratione
1661 3354 1841 3418 verbi
1879 3354 2183 3419 coelestis.
2220 3355 2388 3419 Item
2425 3354 2840 3436 Augustinus
2869 3375 2884 3417 ι
2917 3355 3102 3420 Sicut
3137 3373 3254 3437 per
3281 3355 3602 3437 Spiritum
3634 3356 3961 3421 Sanctum

547 3440 819 3495 ‘¹⁵⁸⁸'¹'’⁶'⁷²'
850 3488 1004 3535 vera
1045 3470 1290 3534 Christi
1329 3488 1479 3534 caro
1527 3473 1668 3535 sine
1715 3472 1894 3535 coitu
1946 3473 2223 3553 creatur,
2266 3472 2357 3535 ita
2403 3489 2521 3553 per
2562 3472 2869 3535 eumdem
2922 3488 3005 3535 ex
3052 3472 3418 3536 substantia
3464 3472 3655 3555 panis
3700 3474 3766 3536 et
3814 3474 3959 3537 vini

846 3587 1024 3652 idem
1061 3604 1298 3669 corpus
1329 3587 1571 3651 Christi
1611 3589 1677 3652 et
1711 3588 1980 3670 sanguis
2018 3589 2454 3652 consecratur.
2498 3586 2751 3670 Corpus
2788 3588 3031 3653 Christi
3074 3590 3139 3652 et
3174 3589 3415 3652 veritas
3452 3588 3552 3653 est
3588 3589 3655 3653 et
3692 3585 3907 3671 figura
3940 3612 3955 3654 ε

844 3704 1110 3785 veritaS,
1159 3704 1315 3767 dum
1377 3722 1614 3786 corpus
1669 3704 1914 3768 Christi
1962 3706 2028 3769 et
2073 3704 2345 3786 sanguis
2396 3704 2640 3769 virtute
2692 3705 2977 3786 Spiritus
3027 3705 3249 3770 Sancti
3297 3722 3378 3769 ex
3433 3706 3625 3788 panis
3681 3706 3960 3789 vinique

845 3820 1213 3885 substantia
1254 3820 1561 3903 efficitur3
1601 3816 1810 3903 figura
1845 3838 1999 3885 vero
2048 3823 2148 3886 est
2193 3820 2260 3884 id
2301 3820 2480 3903 quod
2524 3821 2815 3885 exterius
2853 3822 3153 3886 sentitur.
3189 3822 3358 3885 Item
3396 3821 3726 3887 Eusebius
3766 3823 3961 3887 Emi-

549 3962 656 4007 ιιιω.
686 3976 726 4006 c.
747 3965 815 4005 ³⁵.
843 3955 1044 4002 senus
1083 3957 1098 3999 ε
1140 3937 1503 4001 Invisibilis
1539 3938 1844 4003 sacerdos
1880 3937 2177 4002 visibiles
2216 3938 2545 4003 creaturas
2583 3938 2650 4002 in
2690 3938 3127 4004 substantiam
3174 3940 3467 4021 corporis
3505 3940 3569 4004 et
3609 3941 3961 4022 sanguinis

843 4054 948 4117 sui
996 4054 1196 4118 verbo
1246 4071 1369 4117 suo
1417 4057 1666 4119 secreta
1716 4056 2040 4136 potestate
2097 4056 2484 4119 commutat.
2536 4091 2625 4102 —
2673 4057 2776 4119 Ex
2830 4056 2937 4120 his
2988 4055 3267 4138 aliisque
3317 4055 3621 4138 pluribus
3669 4058 3955 4139 constat,

819 4188 1075 4242 ,verum
1123 4187 1360 4253 corpus
1397 4170 1642 4234 Christi
1686 4171 1750 4234 et
1790 4171 2181 4251 sanguinem
2223 4172 2291 4234 in
2331 4172 2522 4235 altari
2561 4189 2729 4253 esse,
2768 4172 2905 4236 imo
2944 4172 3273 4254 integrum
3318 4171 3657 4237 Christum
3694 4172 3787 4236 ibi
3832 4174 3962 4238 sub

843 4289 1120 4369 utraque
1157 4288 1398 4370 specie,
1435 4288 1499 4351 et
1535 4286 1972 4351 substantiam
2018 4288 2209 4369 panis
2252 4288 2321 4352 in
2361 4306 2621 4371 corpus,
2663 4288 2933 4370 vinique
2980 4288 3413 4353 substantiam
3452 4290 3522 4353 in
3558 4290 3959 4373 sanguinem

844 4403 1158 4467 converti.

2368 4616 2422 4681 Α
2450 4616 2733 4679 centium
2792 4616 2859 4680 in
2916 4614 3489 4699 superdignissimo
3542 4616 3957 4683 Sacramento

1422 4690 1761 4756 SUMMA
2448 4714 2665 4778 altaris
2709 4732 2837 4778 non
2882 4713 3193 4779 contineri
3234 4733 3384 4778 vere
3425 4714 3681 4779 realiter
3718 4732 3955 4799 corpus

1105 4853 1709 4913 DlSTlNCTlONIS
1761 4856 2082 4913 DEOEMAE
2448 4832 2523 4877 ac
2562 4812 2937 4894 sanguinem
2978 4812 3343 4888 Salvatoris‚
3375 4814 3487 4877 sed
3522 4813 3955 4896 significative

2450 4915 2797 4987 dumtaxat,
2831 4930 2944 4975 seu
2976 4910 3158 4994 quasi
3192 4910 3255 4974 in
3286 4911 3486 4993 signo.
3522 4912 3600 4975 Et
3628 4912 3801 4976 circa
3830 4914 3953 4978 hoc

2450 5010 2632 5094 ponit
2672 5010 2865 5073 verba
2904 5009 3222 5084 VeritatiS,
3254 5029 3332 5073 ex
3370 5028 3645 5092 quorum
3686 5029 3954 5076 erronea

921 5108 972 5171 N
1011 5109 1307 5191 praesenti
1348 5108 1757 5172 distinctione
1787 5108 1989 5191 tangit
2019 5127 2092 5170 ac
2127 5126 2340 5191 repro·
2451 5108 2846 5191 expositione
2875 5126 2947 5170 ac
2979 5126 3175 5191 pravo
3205 5107 3708 5183 intellectu,imo
3736 5110 3952 5193 potius

951 5206 1059 5269 bat
1085 5206 1377 5288 Magister
1405 5207 1747 5289 quemdam
1784 5206 2144 5288 aliquorum
2177 5225 2344 5271 erro·
2452 5206 2618 5279 rudi,
2662 5204 2822 5268 falsa
2864 5212 3054 5288 atque
3098 5204 3397 5269 baeretica
3440 5205 3817 5288 ignorantia,
3848 5226 3953 5271 oc·

850 5322 986 5368 rem
1035 5304 1205 5368 circa
1253 5304 1664 5369 Eucharistiae
1713 5312 2205 5380 sacramentum,
2254 5306 2346 5368 di·
2452 5304 2774 5368 casionem
2824 5322 2955 5368 suae
3004 5310 3418 5386 sumpserunt
3466 5304 3747 5370 insaniae.
3788 5305 3950 5381 Quo-
