4267 6250
832 490 953 555 546

1490 508 1555 555 IN
1593 506 1817 554 Limum
1856 506 1918 551 lv
1958 501 2444 553 SENTENTIARUH.
2487 520 2569 531 —
2607 501 2762 549 msr.
2804 502 2929 565 113
2973 500 3198 557 QUAEST.
3241 500 3286 545 11

832 696 950 741 mae
980 676 1043 740 in
1073 678 1431 760 purgatorio
1457 696 1577 743 non
1608 685 1953 761 purgantur
1982 673 2337 739 ministerio
2363 670 2413 735 A
2518 671 2598 734 At
2645 689 2796 736 vero
2848 672 2926 735 de
2985 668 3423 752 magnitudine
3475 673 3540 731 et
3593 664 3943 729 acerbitate

834 777 1220 851 daemonum,
1253 779 1403 859 quia
1448 777 1729 860 perfecte
1772 775 2337 857 triumphaverunt

834 874 913 937 de
943 874 1056 937 eis,
1090 875 1265 948 Quod
1308 875 1361 938 si
1400 894 1626 938 verum
1664 881 1853 949 esset,
1888 873 2080 937 etiam
2122 872 2216 935 sic
2247 879 2336 934 te-

832 990 1087 1050 nerem3
1120 973 1228 1035 sed
1259 974 1411 1055 quia
1448 972 1819 1055 frequenter
1856 971 2338 1035 succubuerunt

832 1069 1251 1143 daemonibuS,
1280 1090 1399 1133 nec
1431 1089 1548 1153 pro
1576 1072 1697 1134 hoc
1726 1070 2174 1133 satisfecerunt
2203 1067 2335 1130 suf-

772 1201 774 1204 ·
832 1167 1130 1231 sicienter
1180 1169 1243 1230 in
1294 1170 1426 1232 vita
1474 1170 1614 1243 hac,
1667 1169 1877 1251 potius
1934 1175 2121 1230 teneo
2169 1166 2338 1228 sicut

574 4130 657 4175 Pu.
692 4141 806 4182 xxiv,

545 4197 611 4239 10.

829 1266 960 1346 jam
994 1264 1465 1346 tetigi—Dicit
1493 1284 1749 1348 quoque
1778 1265 2144 1337 RicharduS,
2163 1264 2334 1346 quod

832 1363 1095 1443 angelus
1138 1364 1345 1427 bonus
1388 1364 1704 1446 percussit
1752 1382 2017 1426 nervum
2071 1360 2334 1425 femoris

831 1461 1038 1534 Jacob,
1054 1462 1131 1524 ad
1163 1463 1649 1543 praecavendum
1682 1463 1745 1523 in
1779 1479 1855 1525 eo
1886 1461 2339 1543 concupiscen-

834 1558 937 1622 tiae
981 1567 1209 1622 motus.

912 1656 1209 1720 Albertus
1258 1675 1513 1740 quoque
1562 1657 1883 1721 declarare
1930 1657 2035 1719 hic
2083 1656 2330 1729 nititur,

833 1754 1107 1835 qualiter
1151 1754 1315 1836 ignis
1362 1755 1596 1817 inferni
1639 1774 1751 1817 seu
1798 1754 2147 1838 purgatorii
2192 1760 2336 1834 agat

2438 770 2818 853 purgatoriae
2872 788 3078 852 poenae
3127 786 3240 831 nos
3290 773 3542 850 oportet
3589 764 3945 828 concedere

2441 887 2589 931 cum
2625 868 2920 950 Magistro
2963 876 3028 930 et
3069 867 3337 940 Sanctis,
3371 865 3625 927 etiamsi
3669 880 3798 925 non
3834 880 3948 943 ap·

2440 974 2659 1050 pareat
2689 967 2857 1041 inde,
2889 967 3059 1049 quod
3091 964 3439 1048 purgatorii
3470 980 3661 1046 poena
3688 961 3948 1044 gravior

2441 1074 2536 1129 est
2582 1066 2758 1129 omni
2807 1064 3142 1147 temporali
3191 1082 3383 1146 poena
3429 1080 3622 1144 quam
3671 1060 3948 1124 sustinet

2438 1164 2652 1227 anima
2683 1164 2931 1245 corpori
2964 1182 3135 1225 nunc
3165 1161 3522 1243 conjuncta
3537 1160 3608 1221 In
3637 1158 3737 1221 his
3764 1158 3950 1241 quip-

2440 1280 2522 1345 pe
2551 1263 2748 1343 magis
2780 1261 3214 1324 inhaerendum
3243 1267 3339 1322 est
3366 1256 3723 1321 auctoritati
3753 1274 3948 1338 quam

2442 1360 2694 1433 rationi,
2726 1378 2926 1441 quum
2957 1359 3086 1421 sint
3115 1377 3309 1440 supra
3337 1365 3632 1419 naturam
3661 1361 3727 1417 et
3753 1354 3943 1416 ratio-

2440 1478 2610 1521 nem.
2647 1459 2808 1521 Sane
2848 1464 3060 1521 tamen
3100 1455 3585 1538 intelligendum
3619 1461 3716 1515 est
3745 1453 3942 1526 istud,

2443 1564 2513 1619 ut
2565 1556 2946 1639 generaliter
2993 1574 3182 1637 poena
3241 1555 3349 1617 illa
3405 1553 3610 1635 major
3657 1552 3741 1614 sit
3795 1550 3943 1625 ista,

2437 1655 2620 1737 juxta
2667 1655 2843 1717 illam
2889 1652 3251 1735 Philosophi
3296 1652 3580 1734 regulam
3616 1650 3728 1713 :Si
3778 1650 3946 1732 opti·

2444 1753 2720 1815 mum-in
2754 1771 2882 1816 uno
2920 1770 3152 1833 genere
3195 1750 3425 1813 melius
3463 1757 3559 1811 est
3587 1748 3832 1830 optimo
3859 1747 3950 1809 al-

834 1852 900 1914 in
943 1852 1265 1934 spiritum,
1300 1853 1519 1916 dicens
1553 1871 1567 1915 :
1602 1852 1859 1935 Species
1891 1852 2055 1934 ignis
2085 1852 2332 1933 agentis
2368 1852 2415 1916 B
2444 1851 2642 1913 terius
2691 1852 2965 1931 generiS,
2999 1857 3064 1912 et
3105 1850 3225 1912 hoc
3270 1846 3654 1930 simpliciter
3697 1846 3806 1909 illo
3847 1852 3949 1907 est

834 1956 931 2011 est
974 1950 1232 2031 duplex,
1267 1951 1805 2032 quemadmodum
1850 1951 2043 2013 etiam
2089 1950 2336 2032 species

834 2047 1063 2110 caloris
1095 2048 1419 2111 naturalis
1452 2049 1609 2112 Nam
1648 2049 2003 2112 secundum
2035 2048 2205 2130 quod
2239 2053 2338 2110 est

835 2144 1007 2207 calor
1056 2145 1243 2227 ignis,
1278 2146 1543 2226 igneitas
1592 2154 1690 2209 est
1737 2147 1984 2229 species
2034 2147 2196 2227 ejuS.
2235 2146 2338 2209 Se-

836 2243 1119 2305 cundum
1161 2262 1313 2307 vero
1351 2246 1521 2326 quod
1562 2253 1773 2308 motus
1810 2252 1907 2307 est
1944 2245 2336 2307 descendens

834 2339 914 2402 ab
960 2341 1195 2415 anima,
1238 2359 1387 2405 caro
1427 2349 1524 2405 est
1562 2343 1809 2426 species
1847 2342 2011 2424 ejuS,
2053 2350 2117 2405 et
2155 2342 2335 2405 nervi

834 2445 897 2502 et
941 2437 1148 2501 forma
1190 2446 1257 2502 et
1297 2440 1688 2522 hujusmodi.
1735 2441 1825 2503 lta
1872 2440 2015 2504 dico
2064 2441 2142 2503 de
2191 2441 2336 2521 igne

835 2536 1093 2610 inferni,
1113 2538 1283 2619 quod
1313 2538 1666 2601 secundum
1698 2558 1879 2601 suam
1911 2545 2204 2601 naturam
2235 2537 2339 2599 ha·

832 2634 942 2697 bet
980 2635 1263 2717 speciem
1298 2655 1489 2718 quam
1530 2655 1659 2700 non
1701 2636 2016 2719 imprimit
2051 2637 2282 2700 animae
2317 2655 2330 2699 :

833 2734 977 2797 ideo
1004 2733 1220 2796 anima
1256 2752 1385 2798 non
1425 2735 1660 2798 dicitur
1699 2735 1919 2798 calida.
1956 2735 2077 2798 Sed
2114 2754 2338 2798 secun-

834 2831 986 2893 dum
1027 2832 1197 2913 quod
1234 2837 1335 2894 est
1363 2831 1863 2895 instrumentum
1898 2832 2164 2913 justitiae
2202 2831 2336 2894 vin-

832 2929 1125 3003 dicantis,
1158 2929 1351 2993 habet
1387 2930 1579 2992 aliam
1612 2931 1916 3012 speciem,
1950 2949 2146 3012 quam
2179 2938 2335 3013 puto

2445 1948 2698 2011 melius,
2762 1948 2865 2011 Sic
2926 1955 2989 2011 et
3046 1946 3534 2028 intelligendum
3593 1952 3691 2007 est
3748 1944 3946 2017 istud,

2444 2047 2614 2128 quod
2657 2064 2846 2129 poena
2886 2046 2994 2108 illa
3033 2044 3240 2126 major
3276 2051 3375 2107 est
3413 2044 3531 2106 ista
3564 2060 3580 2105 ε
3614 2060 3743 2105 non
3774 2041 3950 2124 quod

2445 2144 2714 2207 minima
2754 2144 2820 2206 in
2863 2161 3096 2225 genere
3136 2143 3248 2206 illo
3291 2142 3376 2205 sit
3417 2141 3623 2223 maj0r
3667 2140 3950 2203 maxima

2445 2260 2634 2325 poena
2663 2243 2728 2305 in
2756 2259 2989 2322 genere
3019 2242 3163 2315 isto,
3195 2241 3306 2303 sed
3348 2240 3625 2302 maxima
3658 2239 3725 2300 in
3753 2256 3947 2319 gene-

2446 2360 2513 2403 re
2544 2340 2656 2403 illo
2695 2347 2792 2403 est
2831 2339 3035 2421 major
3073 2358 3266 2421 quam
3311 2338 3588 2401 maxima
3616 2338 3682 2399 in
3712 2354 3948 2418 genere

2446 2440 2586 2502 isto.
2618 2438 2776 2501 Nam
2807 2447 2879 2500 ut
2907 2444 3164 2500 sanctus
3205 2436 3431 2500 scribit
3459 2435 3820 2517 Gregorius,
3853 2453 3952 2497 re-

2445 2536 2726 2599 velatum
2758 2543 2854 2599 est
2883 2535 3190 2618 quasdam
3219 2534 3466 2597 animas
3500 2534 3567 2597 in
3597 2532 3826 2595 umbra
3853 2550 3951 2594 es-

2445 2653 2512 2697 se
2562 2636 2836 2718 punitas.
2891 2634 3066 2698 Unde
3115 2634 3527 2708 credendum,
3572 2632 3742 2715 quod
3788 2631 3948 2713 justi

2445 2734 2557 2815 qui
2607 2733 2673 2796 in
2725 2734 2870 2815 igne
2927 2732 3448 2814 conflagrationis
3503 2729 3954 2813 purgabuntur

2443 2850 2517 2893 ac
2557 2832 2910 2895 morientur
2953 2831 3018 2895 in
3056 2832 3162 2894 die
3197 2830 3448 2912 judicii,
3478 2829 3734 2911 gravius
3765 2828 3952 2910 (quia

2445 2929 2732 3009 brevius)
2759 2936 2952 3011 atque
2992 2929 3307 2992 intensius
3346 2928 3718 3010 punientur,
3751 2944 3951 3009 quam

831 3046 971 3089 esse
1006 3026 1427 3091 afflictionem
1462 3045 1540 3089 ex
1580 3027 1809 3100 calore,
1844 3028 1984 3109 ejus
2027 3029 2138 3109 qui
2181 3029 2335 3091 deli·
2368 3034 2413 3098 C
2443 3028 2703 3110 quidam
2748 3028 2858 3110 qui
2904 3028 3091 3091 modo
3135 3035 3505 3109 purgantur.

833 3127 1003 3208 quit;
1026 3134 1090 3188 et
1118 3126 1283 3188 hanc
1314 3126 1629 3208 imprimit
1658 3127 1887 3190 animae
1914 3126 2329 3209 delinquenti.

831 3224 1075 3287 Idcirco
1124 3241 1251 3286 non
1304 3231 1458 3305 puto
1514 3224 1793 3287 animam
1846 3225 2114 3287 calidam
2169 3245 2331 3300 esse,

834 3321 1365 3385 inaestimabiliter
1412 3330 1624 3385 tamen
1682 3322 1890 3404 affligi
1948 3343 2027 3385 ex
2084 3324 2332 3404 calido;

829 3419 1153 3502 hujusque
1182 3420 1419 3502 speciei
1448 3420 1663 3483 anima
1693 3428 1978 3505 separata
2008 3430 2105 3485 est
2135 3423 2335 3504 magis

828 3518 1264 3601 susceptibilis
1312 3537 1503 3600 quam
1556 3518 1812 3601 aliquod
1865 3520 2217 3584 animatum
2268 3522 2334 3584 in

830 3617 961 3680 vita
1010 3617 1150 3679 ista.
1196 3652 1272 3662 —
1323 3617 1465 3680 Haec
1512 3616 1829 3680 AlbertuS.
1878 3619 2025 3692 Quae
2072 3638 2335 3701 prorsus

833 3715 1105 3778 obscure
1148 3714 1448 3778 videntur
1488 3715 1750 3797 prolata.

913 3814 1240 3886 Praeterea,
1279 3812 1719 3876 Bonaventura
1754 3812 1954 3875 multa
1988 3815 2338 3878 conscribit

834 3912 913 3974 de
960 3910 1062 3973 his
1110 3919 1238 3974 tam
1288 3911 1355 3973 in
1399 3913 1519 3974 ista
1561 3931 1755 3994 quam
1800 3913 1867 3974 in
1911 3914 2202 3995 sequenti
2246 3915 2338 3977 di-

834 4009 1197 4072 stinctione.
1233 4010 1310 4071 Et
1356 4011 1567 4092 primo
1616 4011 1695 4072 de
1743 4011 1885 4085 hoc,
1918 4030 1998 4073 an
2042 4020 2337 4095 purgato-

836 4108 1002 4170 rium
1047 4108 1131 4170 sit
1170 4107 1536 4189 ponendum
1574 4126 1588 4170 :
1624 4109 1945 4172 Universae
1980 4109 2338 4191 (inquiens)

2523 3128 2600 3189 Et
2655 3126 2850 3209 hujus
2909 3128 2999 3190 rei
3061 3127 3320 3208 quidam
3377 3127 3701 3208 assignant
3763 3123 3951 3188 ratio-

2442 3223 2590 3289 nem
2622 3227 2855 3308 partim
2895 3225 3272 3301 naturalem,
3307 3225 3668 3308 partimque
3701 3224 3949 3288 theolo-

2440 3323 2648 3405 gicam
2667 3327 2712 3398 *,
2764 3325 3071 3398 dicenteS,
3123 3324 3295 3406 quod
3351 3323 3582 3387 animae
3637 3332 3946 3406 separatae
4005 3357 4237 3409 -m

2441 3423 2679 3485 habent
2715 3423 2884 3485 vires
2921 3442 3066 3485 suas
3105 3422 3432 3504 expeditas
3471 3430 3535 3484 et
3571 3422 3945 3486 recollectas
3973 3416 4157 3462 ‘⁰¹¹¹‘-

2441 3540 2514 3584 ac
2543 3522 2848 3584 adunatas
2879 3522 2944 3583 in
2975 3539 3061 3583 se.
3095 3520 3391 3583 Naturale
3420 3538 3674 3603 quoque
3706 3520 3948 3584 habent

2443 3620 2831 3683 desiderium
2881 3619 3285 3702 pertingendi
3330 3619 3411 3681 ad
3457 3638 3788 3682 summum
3837 3619 3947 3684 bo-

2444 3737 2600 3780 num
2635 3737 2649 3780 ε
2677 3718 2848 3800 quod
2877 3717 3266 3781 desiderium
3295 3736 3333 3780 a
3361 3717 3622 3780 caritate
3652 3726 3718 3780 et
3745 3720 3952 3799 gratia

2445 3817 2720 3880 multum
2767 3824 3054 3899 augetur.
3105 3816 3441 3898 Quumque
3492 3815 3734 3879 bonum
3787 3816 3952 3879 illud

2443 3916 2661 3979 sitiant
2689 3923 2753 3978 et
2783 3915 2931 3978 inde
2968 3915 3391 3989 retrahantur,
3423 3932 3499 3977 ac
3527 3915 3710 3996 quasi
3743 3915 3951 3978 incar-

2445 4021 2776 4093 cerentur3
2809 4013 2952 4077 ideo
2990 4013 3241 4076 modica
3281 4031 3472 4094 poena
3509 4031 3658 4075 cum
3691 4013 3803 4076 illa
3843 4013 3951 4077 tri-

2443 4115 2618 4177 stitia
2663 4114 2757 4176 eis
2805 4121 2902 4177 est
2948 4113 3229 4176 maxima
3277 4131 3290 4175 :
3338 4112 3694 4195 praesertim
3743 4133 3949 4196 quum

838 4206 957 4270 viae
1005 4206 1258 4270 Domini
1307 4205 1745 4269 misericordia
1793 4214 1856 4269 et
1901 4207 2156 4270 veritaS.
2193 4208 2336 4271 ldeo
2365 4211 2416 4274 D
2445 4213 2611 4275 sicut
2656 4210 3022 4294 spirituales
3070 4211 3522 4274 delectationes
3571 4211 3701 4273 sint
3747 4213 3949 4274 maxi-

838 4305 1003 4368 Deus
1034 4323 1149 4387 per
1190 4304 1694 4367 misericordiam
1738 4305 1824 4367 ita
1864 4305 2088 4386 parcit,
2121 4312 2194 4369 ut
2233 4325 2336 4370 ve-

839 4404 1005 4466 ritati
1038 4421 1153 4465 seu
1179 4402 1443 4482 justitiae
1474 4422 1605 4466 suae
1635 4420 1762 4465 non
1794 4403 2090 4484 deroget:
2116 4405 2336 4487 sicque

837 4499 1106 4562 dimittit
1162 4499 1417 4581 culpam
1464 4507 1529 4563 et
1576 4519 1832 4583 poenam
1892 4510 2216 4576 aeternam,
2268 4510 2338 4566 ut

835 4596 1188 4678 obligatum
1232 4604 1443 4659 teneat
1478 4598 1556 4660 ad
1598 4616 1852 4679 poenam
1891 4601 2332 4683 temporalem,

835 4714 873 4758 a
900 4712 1028 4776 qua
1057 4695 1247 4758 homo
1287 4713 1415 4758 non
1455 4696 1532 4759 de
1571 4697 1947 4760 necessitate
1986 4699 2339 4762 absolvitur

835 4794 905 4856 in
936 4794 1471 4875 morte,quoniam
1501 4802 1701 4876 status
1734 4803 1876 4877 post
1905 4803 2178 4860 mortem
2209 4816 2337 4861 non

835 4900 1149 4974 repugnat
1197 4892 1516 4974 punitioni
1564 4893 1817 4969 animae,
1861 4896 2158 4977 quamvis
2208 4915 2338 4960 non

836 4997 1157 5074 competat
1204 4991 1433 5054 merito
1480 4991 1642 5073 ejus,
1686 4994 1905 5075 Itaque
1953 4995 2182 5059 animae
2230 4997 2338 5060 hic

836 5108 963 5153 non
1022 5090 1174 5153 satis
1234 5097 1536 5172 purgatae,
1588 5110 1707 5154 nec
1754 5109 1792 5153 a
1841 5098 2019 5155 reatu
2080 5095 2337 5175 penitus

836 5187 1162 5262 absolutae,
1205 5195 1349 5271 post
1396 5188 1561 5251 hanc
1609 5189 1807 5252 vitam
1858 5190 1925 5253 in
1974 5193 2339 5273 purgatorio

838 5285 1025 5348 luunt
1070 5305 1142 5349 ac
1187 5286 1445 5351 solvunt
1486 5288 1657 5370 quod
1700 5296 1912 5352 restat.

2447 4329 2586 4384 mae,
2635 4309 3202 4391 corporalibusque
3255 4307 3572 4389 majores;
3621 4308 3710 4370 ita
3759 4309 3952 4391 spiri-

2444 4409 2646 4470 tuales
2678 4406 2954 4470 tristitiae
2995 4407 3088 4470 eis
3135 4405 3488 4480 contrarias,
3524 4414 3776 4469 exstant
3807 4426 3952 4489 per-

2443 4505 2966 4569 maximae—Sed
2995 4513 3164 4567 certe
3193 4522 3308 4567 nec
3339 4504 3458 4567 ista
3487 4504 3648 4567 ratio
3675 4521 3950 4587 congrue

2446 4603 2839 4678 manuducit,
2877 4603 3028 4685 quia
3076 4601 3468 4665 desiderium
3512 4603 3749 4665 summi
3794 4601 3950 4666 boni

2444 4702 2802 4765 necessario
2829 4700 3020 4764 habet
3045 4701 3412 4782 adjunctam
3443 4701 3783 4783 quamdam
3812 4700 3952 4781 ejus

2442 4799 2920 4874 fruitionem,et
2947 4799 3228 4880 aliquam
3261 4799 3400 4880 ejus
3432 4798 3668 4862 realem
3699 4817 3952 4881 posses·

2444 4899 2712 4973 sionem,
2759 4898 2980 4979 sicque
3026 4897 3332 4978 gaudium
3378 4897 3563 4981 parit.
3611 4897 3788 4960 Unde
3835 4896 3949 4979 qui

2445 4997 2646 5078 magis
2676 4997 2994 5059 desiderat
3021 5014 3350 5058 summum
3383 4995 3646 5070 bonum,
3667 4995 3814 5078 plus
3843 4996 3950 5058 de-

2445 5095 2712 5158 lectatur
2741 5095 2808 5156 in
2847 5094 2977 5157 illo.
3013 5094 3084 5156 In
3122 5093 3244 5156 hoc
3281 5113 3561 5176 namque
3593 5093 3818 5158 differt
3844 5095 3952 5156 de-

2444 5194 2752 5257 siderium
2792 5191 3240 5274 temporalium
3280 5199 3344 5254 et
3379 5191 3810 5275 corporalium
3853 5212 3949 5256 re-

2445 5311 2590 5354 rum
2631 5311 2668 5354 a
2708 5291 3026 5354 desiderio
3067 5290 3523 5373 spiritualium,
3555 5299 3630 5354 ut
3671 5293 3950 5356 ostendit
