4267 6250
679 495 884 542 mnu
923 491 1324 542 POENlelA
1365 490 1604 540 unni·
1645 491 1838 549 usqu!
1877 491 1946 540 m
1983 491 2174 540 rma
2212 493 2369 540 Vl'l'AE
2408 491 2798 552 ΩΟΝΤΙΝΠΑΜ,
2836 493 2967 540 ΠΩ.

3257 474 3381 540 369

295 681 412 744 que
449 663 706 726 sortitur
748 684 827 727 ex
867 664 1105 726 virtute
1147 669 1212 726 et
1255 660 1484 725 merito
1521 660 1774 725 Christi.
1806 661 1861 724 A
1885 662 2042 724 dum
2071 662 2382 727 rationem
2414 682 2595 726 suam
2630 662 3035 745 completam,
3067 663 3178 726 sed
3207 679 3382 725 nunc

369 761 546 824 Porro
572 762 728 824 dum
771 762 1102 845 quaeritur,
1131 779 1216 823 an
1253 760 1540 823 dolorem
1575 759 1778 842 poeni-

291 860 490 922 tentiae
517 867 808 942 oporteat
834 859 1066 941 gaudio
1097 857 1482 940 interrumpi
1516 875 1532 919 ε
1563 858 1776 920 dicen-

289 957 453 1032 dum,
481 957 648 1039 quod
689 957 998 1039 gaudium
1027 963 1094 1020 et
1130 954 1394 1018 tristitia
1420 955 1776 1018 secundum

289 1073 476 1136 genus
501 1055 818 1119 contraria
847 1062 1027 1134 sunt3
1043 1071 1172 1118 non
1203 1062 1419 1117 tamen
1448 1052 1780 1135 quodlibet

289 1153 572 1232 gaudium
617 1151 888 1214 cuilibet
931 1151 1210 1214 tristitiae
1258 1151 1625 1234 opponitur,
1663 1151 1776 1214 sed

290 1250 546 1313 tristitiae
573 1249 654 1312 de
693 1250 938 1312 eodem.
973 1249 1041 1312 Si
1069 1256 1284 1312 autem
1323 1248 1402 1310 de
1442 1249 1776 1312 contrariis

291 1355 430 1410 sunt
453 1347 558 1411 vel
587 1346 668 1410 de
695 1347 988 1421 diversis,
1002 1366 1204 1409 unum
1234 1355 1444 1430 potest
1471 1365 1612 1409 esse
1641 1365 1781 1408 cau·

293 1465 358 1508 sa
397 1446 678 1520 alteriuS,
724 1445 826 1508 vel
877 1444 1206 1507 materiale
1252 1445 1332 1506 ad
1381 1444 1612 1526 ipsum.
1659 1442 1778 1517 Qui

293 1545 516 1607 etenim
565 1545 646 1606 de
693 1543 970 1624 alicujus
1014 1543 1353 1626 praesentia
1397 1542 1650 1623 gaudet,
1683 1560 1778 1604 se-

293 1661 479 1725 quens
510 1651 608 1705 est
637 1635 710 1704 ut
734 1642 815 1705 de
845 1641 986 1723 ejus
1015 1641 1306 1703 absentia
1343 1640 1772 1703 contristetur.

293 1740 608 1814 Similiter,
641 1741 898 1822 quando
935 1739 1014 1801 de
1043 1738 1262 1820 aliquo
1291 1738 1650 1802 contristari
1681 1746 1780 1800 est

1887 778 2110 834 unum,
2144 779 2317 824 nunc
2364 761 2656 825 alterum.
2691 763 2855 825 Dum
2902 762 3145 844 quippe
3192 760 3381 844 plene

1887 859 2281 922 convertitur
2324 860 2403 922 ad
2450 877 2633 942 spem
2682 860 2907 934 vcniae,
2945 867 3101 922 tunc
3150 859 3383 942 princi·

1885 956 2120 1039 paliter
2164 958 2527 1040 concipitur
2573 958 2900 1040 gaudium,
2950 964 3015 1020 et
3068 957 3251 1021 dolor
3302 957 3383 1020 de

1885 1062 2149 1138 peccato
2178 1073 2258 1117 ex
2286 1057 2723 1138 consequenti.
2742 1056 3003 1130 Quando
3032 1073 3185 1119 vero
3214 1055 3387 1138 prin-

1889 1152 2182 1235 cipaliter
2239 1154 2631 1218 convertitur
2685 1154 2763 1217 ad
2822 1161 3156 1236 peccatum
3214 1169 3385 1215 com-

1887 1251 2181 1326 missum,
2214 1257 2369 1314 tunc
2406 1259 2505 1316 est
2538 1251 2913 1314 econtrario.
2946 1286 3027 1296 —
3054 1251 3199 1314 Haec
3229 1250 3389 1313 Tho·

1889 1367 2024 1412 mas
2087 1349 2153 1411 in
2221 1350 2489 1433 Scripto.
2552 1351 2641 1413 De
2702 1350 2890 1413 tertio
2938 1349 3163 1413 scribit
3222 1348 3391 1412 sicut

1885 1445 2203 1510 AlbertuS.

1967 1546 2273 1610 Praeterea
2320 1546 2762 1610 Bonaventura
2794 1565 2809 1608 z
2844 1545 3045 1610 Causa
3094 1545 3240 1627 (ait)
3286 1546 3391 1609 de-

1887 1645 2203 1725 ceptionis
2231 1644 2583 1707 dicentium
2617 1662 2745 1708 non
2776 1661 2963 1727 posse
2992 1645 3321 1708 hominem
3351 1663 3390 1706 a

1886 1759 2036 1804 vera
2073 1743 2451 1824 poenitentia
2488 1743 2735 1818 cadere,
2768 1743 2890 1804 fuit
2932 1744 3084 1824 quia
3121 1760 3251 1806 non
3296 1750 3387 1805 at-

293 1838 461 1902 nobis
491 1839 650 1901 utile
679 1856 794 1901 seu
824 1838 1082 1910 decena,
1115 1837 1254 1919 ipsa
1283 1836 1540 1898 tristitia
1570 1845 1779 1919 potest
1812 1839 1859 1902 B
1889 1840 2231 1902 tenderunt
2258 1841 2411 1922 quid
2443 1840 2734 1922 designet
2770 1840 2890 1904 hoc
2922 1857 3179 1915 nomen,
3212 1859 3385 1916 vera,

293 1955 416 1999 esse
465 1937 733 1999 materia
779 1935 1017 2017 gaudii.
1051 1935 1116 1997 Si
1165 1953 1318 2016 ergo
1362 1935 1667 2016 gaudium
1715 1942 1780 1996 et

291 2036 534 2098 tristitia
561 2035 804 2097 directe
847 2033 1162 2096 contraria
1198 2032 1618 2115 accipiantur,
1651 2051 1778 2096 non

294 2141 546 2216 possunt
591 2131 788 2196 simul
836 2149 976 2194 esse
1025 2133 1092 2194 in
1141 2133 1366 2195 eodem
1425 2131 1780 2194 secundum

295 2233 470 2295 idem.
503 2233 570 2296 Si
599 2249 756 2295 vero
783 2231 916 2293 sint
948 2231 1030 2293 de
1057 2230 1394 2294 contrariis
1431 2229 1534 2292 vel
1573 2229 1780 2294 diver-

295 2331 395 2405 sis,
423 2337 689 2413 possunt
737 2348 878 2392 esse
919 2329 1116 2392 simul
1159 2336 1470 2410 quantum
1513 2328 1590 2390 ad
1640 2345 1783 2390 cau-

296 2448 418 2490 sam
459 2446 642 2492 suam
674 2445 690 2490 ε
725 2427 1030 2509 quoniam
1079 2433 1287 2508 potest
1332 2426 1527 2489 simul
1573 2425 1782 2488 inesse

295 2526 572 2590 voluntas
601 2527 682 2589 de
713 2542 865 2600 uno,
899 2532 965 2588 et
992 2523 1284 2589 voluntas
1313 2524 1393 2587 de
1422 2524 1579 2603 ali03
1611 2531 1676 2586 et
1703 2523 1782 2586 si-

299 2625 540 2700 militer,
571 2626 628 2687 si
671 2642 874 2686 unum
915 2622 1002 2685 sit
1042 2623 1202 2686 ratio
1232 2621 1512 2686 alterius.
1545 2621 1782 2683 Verum

297 2731 586 2806 quantum
611 2723 694 2784 ad
725 2739 980 2784 sensum
999 2721 1136 2803 (qui
1166 2720 1507 2802 requiritur
1529 2719 1594 2781 in
1621 2727 1784 2782 utro-

298 2840 432 2904 que,
461 2821 768 2904 quoniam
805 2818 1110 2900 gaudium
1153 2835 1282 2881 non
1320 2825 1420 2880 est
1459 2816 1599 2879 sine
1644 2835 1784 2898 per-

299 2921 574 3002 ceptione
613 2917 1079 2992 convenientiS,
1111 2934 1319 2998 neque
1359 2915 1616 2978 tristitia
1647 2915 1786 2977 sine

1887 1956 2087 2019 quum
2132 1937 2368 2000 dicitur
2404 1956 2555 2001 vera
2594 1937 2969 2020 poenitentia
3006 1957 3119 2002 seu
3158 1939 3389 2002 caritas

1888 2055 2055 2098 vera.
2089 2036 2389 2110 Quamvis
2418 2035 2593 2098 enim
2622 2057 2833 2097 unum
2860 2037 3033 2100 dicat
3060 2037 3389 2101 indivisio·

1889 2153 2036 2196 nem
2087 2134 2551 2216 principiorum
2600 2135 2790 2210 entiS,
2833 2143 2898 2198 et
2945 2156 3175 2197 verum
3222 2136 3394 2199 dicat

1889 2232 2344 2296 indivisionem
2376 2233 2543 2295 entis
2572 2232 2653 2295 ab
2683 2251 2823 2296 esse
2852 2253 2963 2297 seu
2998 2233 3079 2296 ab
3108 2242 3255 2297 actu
3285 2233 3393 2298 ab·

1889 2331 2098 2394 soluto
2144 2333 2451 2412 (attamen
2504 2338 2697 2412 prout
2743 2337 2965 2394 natum
3015 2338 3113 2394 est
3168 2341 3394 2396 notum

1891 2428 2036 2490 fieri
2079 2429 2248 2511 apud
2300 2427 2748 2509 intellectum),
2780 2437 2845 2492 et
2888 2432 3119 2490 bonum
3168 2430 3397 2493 indivi-

1891 2527 2139 2590 sionem
2182 2526 2352 2588 dicat
2393 2525 2473 2588 ab
2512 2534 2658 2589 actu
2700 2535 2772 2589 ut
2808 2527 2876 2590 in
2915 2526 3118 2590 finem
3159 2528 3393 2607 relato;

1892 2625 2047 2688 dum
2095 2631 2309 2687 tamen
2358 2643 2584 2696 verum
2640 2623 2995 2688 reflectitur
3040 2644 3235 2708 super
3283 2625 3394 2689 bo·

1893 2742 2065 2796 num,
2087 2722 2377 2797 dicendo,
2396 2741 2545 2784 vera
2572 2721 2793 2794 virtus,
2815 2730 3158 2805 utrumque
3188 2731 3397 2806 potest

1893 2820 2247 2903 importari,
2299 2827 2363 2882 et
2421 2827 2691 2903 utroque
2746 2821 2953 2903 accipi
3013 2822 3221 2886 modo.
3273 2823 3395 2885 lta-

1892 2936 2017 3000 que
2049 2919 2282 2981 veritas
2311 2918 2706 3000 poenitentiae
2734 2918 3075 3001 dupliciter
3104 2920 3393 2996 sumitur,

297 3019 694 3101 perceptione
725 3015 968 3095 nocivi)
988 3013 1388 3096 impossibile
1416 3021 1514 3076 est
1543 3021 1786 3075 utrum·
1818 3015 1862 3080 C
1894 3016 2437 3100 quemadmodum
2470 3024 2535 3080 et
2574 3017 3086 3100 uniuscujusque
3114 3019 3393 3082 virtutis.

299 3136 414 3199 que
441 3114 633 3179 simul
665 3114 877 3178 inesse
907 3113 1157 3175 intense
1178 3130 1192 3174 ε
1211 3111 1363 3195 quia
1391 3112 1545 3174 dum
1575 3111 1790 3174 anima

297 3216 458 3277 circa
484 3231 688 3277 unum
730 3212 980 3274 intense
1007 3217 1379 3293 occupatur,
1411 3209 1492 3272 ab
1529 3209 1656 3273 alio
1693 3228 1789 3272 re-

295 3312 573 3375 trahitur.
609 3311 734 3375 Sed
763 3308 1141 3393 imperfecte
1169 3315 1438 3391 possunt
1467 3308 1658 3371 simul
1691 3308 1786 3371 in-

295 3428 450 3486 esse,
482 3412 564 3474 ita
603 3419 820 3473 tamen
858 3407 1026 3490 quod
1067 3426 1272 3469 unum
1310 3407 1394 3470 sit
1431 3408 1620 3470 modo
1647 3425 1786 3490 per-

296 3509 537 3584 fectius,
570 3516 636 3571 et
671 3506 847 3571 aliud
885 3504 1315 3588 postmodum.
1350 3505 1540 3569 Dolor
1569 3512 1784 3567 autem

297 3609 400 3690 qui
429 3614 524 3670 est
553 3608 618 3669 in
649 3604 1048 3689 poenitentia,
1081 3610 1178 3667 est
1205 3604 1285 3665 de
1324 3612 1586 3686 peccato
1614 3621 1784 3667 com-

297 3708 484 3769 misso
531 3723 546 3767 :
593 3705 738 3767 ideo
783 3701 978 3765 simul
1025 3720 1174 3765 cum
1221 3702 1344 3765 hoc
1392 3718 1520 3764 non
1577 3708 1788 3784 potest

296 3822 430 3867 esse
473 3802 779 3885 gaudium
823 3800 904 3863 de
945 3800 1190 3862 eodem.
1225 3799 1347 3862 Sed
1397 3805 1602 3882 potest
1646 3818 1786 3863 esse

297 3902 590 3983 gaudium
647 3900 728 3962 de
782 3915 898 3981 spe
954 3898 1158 3961 veniae
1215 3916 1408 3979 quam
1467 3897 1786 3980 poenitens

297 3999 567 4082 concipit
595 4016 712 4081 per
739 3996 1145 4075 dolorem3et
1173 3996 1327 4058 item
1360 3996 1438 4058 de
1470 3996 1591 4059 hoc
1623 3996 1784 4079 ipso,

297 4098 460 4182 quod
493 4096 790 4160 habendo
828 4094 1114 4159 dolorem
1153 4110 1270 4176 pro
1307 4094 1443 4157 suis
1483 4095 1784 4177 peccatiS,

1893 3113 2049 3177 Nam
2082 3114 2294 3197 primo
2330 3114 2568 3178 dicitur
2597 3113 2799 3179 virtus
2828 3134 2999 3192 vera,
3032 3136 3175 3201 quae
3204 3117 3399 3181 habet

1894 3231 2118 3275 verum
2164 3230 2326 3296 opus
2370 3212 2648 3287 virtutiS,
2682 3212 2784 3276 vel
2828 3222 2975 3276 nata
3022 3222 3119 3277 est
3162 3214 3397 3279 habere

1893 3311 1972 3373 de
2005 3328 2111 3373 se:
2143 3318 2207 3373 et
2236 3311 2373 3374 haec
2403 3310 2635 3373 veritas
2665 3318 2761 3373 est
2790 3312 2869 3373 de
2898 3312 3155 3375 virtutis
3185 3331 3397 3376 essen·

1891 3409 1998 3471 tia.
2034 3408 2327 3473 Secundo
2365 3408 2602 3470 dicitur
2630 3407 2835 3470 virtus
2874 3428 3045 3484 vera,
3078 3429 3219 3492 quae
3258 3430 3398 3493 per-

1892 3506 2071 3569 ducit
2117 3507 2185 3569 in
2235 3506 2436 3569 finem
2482 3523 2497 3567 :
2549 3513 2613 3568 et
2658 3505 2794 3569 haec
2840 3507 3073 3570 veritas
3122 3525 3249 3571 non
3299 3515 3397 3571 est

1892 3603 2250 3668 essentialis
2281 3604 2523 3679 virtuti,
2556 3604 2668 3666 sed
2706 3604 2915 3667 solum
2954 3604 3110 3667 dicit
3137 3606 3395 3669 virtutis

1892 3710 2126 3766 statum
2178 3721 2291 3765 seu
2334 3700 2899 3765 continuationem.
2928 3703 3145 3785 Itaque
3193 3705 3395 3786 poeni-

1892 3801 2091 3865 tentia
2129 3800 2365 3863 dicitur
2392 3818 2543 3863 vera
2581 3800 2791 3882 primo
2834 3801 3043 3874 mode,
3077 3802 3132 3864 si
3170 3801 3257 3864 sit
3285 3802 3393 3865 do-

1894 3899 1989 3970 lor
2035 3900 2114 3961 de
2174 3897 2364 3980 culpa
2411 3915 2559 3959 cum
2616 3895 2871 3959 efficaci
2930 3899 3395 3963 emendationis

1894 3996 2241 4079 propositO,
2274 3994 2568 4077 quamvis
2612 4012 2741 4058 non
2786 4004 3149 4078 perseveret
3194 4016 3395 4081 usque

1894 4095 1962 4159 in
1992 4094 2235 4175 finem3
2268 4094 2381 4157 sed
2411 4093 2691 4157 secundo
2734 4094 2923 4157 modo
2957 4094 3194 4158 dicitur
3221 4114 3393 4173 vera,

296 4197 444 4261 facit
489 4196 658 4279 quod
707 4194 918 4258 debet.
971 4193 1118 4257 Ideo
1165 4192 1498 4257 detestatio
1541 4194 1787 4276 peceati
1816 4196 1868 4260 D
1895 4194 2151 4277 quando
2208 4192 2502 4277 perducit
2548 4194 2626 4255 ad
2682 4192 2986 4256 ultimum
3044 4194 3265 4259 finem.
3317 4232 3398 4244 —

298 4296 637 4370 commissi,
668 4312 814 4376 quae
841 4299 941 4356 est
968 4310 1156 4355 causa
1185 4291 1442 4366 doloris,
1475 4300 1540 4355 et
1567 4292 1788 4357 volun-

295 4404 385 4459 tas
414 4392 788 4469 detestandi,
821 4410 962 4474 quae
991 4409 1182 4453 causa
1209 4397 1306 4453 est
1331 4390 1568 4472 gaudii,
1591 4390 1784 4453 simul

296 4502 440 4558 sunt
485 4511 501 4557 ε
552 4512 704 4555 nam
751 4491 973 4554 volens
1029 4490 1396 4553 detestatur.
1449 4490 1784 4572 Quumque

297 4613 490 4657 unum
545 4594 630 4656 sit
682 4590 842 4655 ratio
899 4608 1010 4653 seu
1069 4608 1262 4653 causa
1313 4588 1596 4665 alteriuS,
1645 4588 1783 4651 ani-

297 4712 395 4756 ma
437 4695 516 4756 ad
571 4698 922 4771 utrumque
967 4688 1160 4752 simul
1219 4695 1428 4771 potest
1475 4688 1782 4761 converti,

294 4791 358 4854 in
397 4799 710 4875 quantum
751 4808 831 4852 ex
879 4794 1150 4870 utroque
1197 4787 1278 4850 fit
1319 4786 1786 4869 quodammodo

297 4909 510 4955 unum.
541 4892 751 4965 Quum
788 4895 1000 4950 autem
1037 4904 1117 4949 ex
1153 4885 1404 4949 duobus
1441 4885 1520 4948 fit
1559 4904 1782 4960 unum,

295 5009 490 5052 unum
522 4996 620 5051 est
646 4986 834 5069 quasi
871 4983 1218 5057 materiale,
1251 4982 1425 5045 aliud
1459 4991 1526 5046 ut
1555 4983 1784 5047 forma-

199 5076 204 5081 *
269 5090 354 5171 ‚le
385 5106 400 5152 ε
435 5090 576 5152 ideo
613 5085 832 5149 anima
874 5082 1265 5146 convertitur
1304 5083 1382 5145 ad
1425 5101 1627 5145 unum
1673 5101 1789 5164 per

297 5189 492 5271 prium,
539 5193 606 5249 et
647 5184 732 5247 ad
776 5181 952 5245 aliud
997 5200 1113 5264 per
1157 5179 1492 5263 posterius.
1544 5180 1788 5245 Idcirco

299 5294 638 5369 utrumque
685 5298 816 5345 non
873 5285 1082 5363 potest
1128 5279 1324 5343 simul
1371 5297 1510 5343 esse
1558 5297 1788 5343 secun-

539 5417 608 5471 T.
643 5416 728 5469 24.

1895 4293 2217 4357 Postremo
2247 4290 2729 4355 crudelissimus
2758 4310 2833 4355 ac
2872 4292 3191 4375 pessimus
3220 4312 3397 4359 error

1895 4397 2011 4466 est,
2043 4390 2258 4453 dicere
2287 4390 2458 4472 quod
2496 4390 2873 4472 poenitentia
2910 4399 3185 4475 nequeat
3215 4394 3396 4457 itera-

1895 4490 1971 4566 ri,
2014 4490 2318 4553 claudens
2366 4488 2613 4553 viscera
2661 4489 3112 4556 misericordiae
3159 4492 3294 4568 Dei,
3330 4502 3395 4556 et

1893 4588 2187 4652 homines
2235 4587 2477 4651 faciens
2524 4588 2883 4670 desperare,
2914 4608 2989 4651 ac
3036 4608 3201 4672 pene
3252 4592 3392 4654 uni·

1893 4704 2110 4750 versos
2159 4706 2197 4750 a
2232 4686 2437 4749 salute
2480 4685 2835 4748 secludens.
2869 4687 3043 4749 Unde
3088 4706 3202 4771 per
3243 4688 3391 4753 Eze-

1893 4785 2169 4848 chielem
2215 4783 2520 4847 Dominus
2569 4790 2999 4865 protestatur:
3033 4786 3097 4849 Si
3148 4786 3387 4870 impius

1893 4884 2094 4966 egerit
2142 4881 2583 4965 poenitentiam
2630 4881 2709 4944 ah
2759 4882 3060 4947 omnibus
3108 4886 3387 4967 peccatis

1893 4983 2050 5056 ειιίε,
2081 4980 2375 5045 omnium
2414 4979 2822 5061 iniquitatum
2855 4980 2995 5061 ejus
3026 5000 3154 5047 non
3186 5002 3391 5048 recor-

1893 5081 2092 5145 dabor
2132 5078 2429 5161 amplius
2475 5077 2619 5142 Haec
2661 5077 3115 5144 Bonaventura.

1962 5178 2311 5244 Concordat
2336 5175 2773 5249 Richardus‚et
2798 5176 3393 5250 additzPoenitentia

1895 5278 2101 5362 accipi
2129 5281 2341 5360 potest
2366 5282 2439 5339 ut
2466 5274 2687 5351 virtuS,
2699 5282 2764 5338 et
2790 5282 2863 5339 ut
2888 5289 3355 5348 sacramentum
3368 5303 3389 5369 3

3078 5413 3141 5467 24

3465 4816 3640 4865 Buch-

3415 4895 3528 4935 xvut,
3539 4884 3603 4935 21,
3614 4884 3683 4927 22.
