<?xml version="1.0" encoding="UTF-8"?>
<!DOCTYPE html PUBLIC "-//W3C//DTD XHTML 1.0 Transitional//EN"
    "http://www.w3.org/TR/xhtml1/DTD/xhtml1-transitional.dtd">
<html xmlns="http://www.w3.org/1999/xhtml" xml:lang="en" lang="en">
 <head>
  <title>
</title>
<meta http-equiv="Content-Type" content="text/html;charset=utf-8" />
  <meta name='ocr-system' content='tesseract 3.04.00' />
  <meta name='ocr-capabilities' content='ocr_page ocr_carea ocr_par ocr_line ocrx_word'/>
</head>
<body>
  <div class='ocr_page' id='page_1' title='image "./doctorisecstati04unkngoog_0304.png"; bbox 0 0 4267 6250; ppageno 0'>
   <div class='ocr_carea' id='block_1_1' title="bbox 537 4234 807 4340">
    <p class='ocr_par' dir='ltr' id='par_1_1' title="bbox 537 4234 807 4340">
     <span class='ocr_line' id='line_1_1' title="bbox 542 4234 807 4289; baseline -0.004 -11"><span class='ocrx_word' id='word_1_1' title='bbox 542 4234 612 4289; x_wconf 84' lang='lat' dir='ltr'><strong>Cs.</strong></span> <span class='ocrx_word' id='word_1_2' title='bbox 623 4248 661 4289; x_wconf 83' lang='lat' dir='ltr'><strong>p.</strong></span> <span class='ocrx_word' id='word_1_3' title='bbox 675 4237 752 4277; x_wconf 80' lang='lat'><strong>279</strong></span> <span class='ocrx_word' id='word_1_4' title='bbox 763 4234 807 4277; x_wconf 88' lang='lat' dir='ltr'><strong>C&#39;</strong></span> 
     </span>
     <span class='ocr_line' id='line_1_2' title="bbox 537 4301 634 4340; baseline -0.01 0"><span class='ocrx_word' id='word_1_5' title='bbox 537 4301 584 4340; x_wconf 83' lang='lat' dir='ltr'><strong>et</strong></span> <span class='ocrx_word' id='word_1_6' title='bbox 598 4310 634 4340; x_wconf 73' lang='grc' dir='ltr'><strong>ι.</strong></span> 
     </span>
    </p>
   </div>
   <div class='ocr_carea' id='block_1_2' title="bbox 846 489 972 555">
    <p class='ocr_par' dir='ltr' id='par_1_2' title="bbox 846 489 972 555">
     <span class='ocr_line' id='line_1_3' title="bbox 846 489 972 555; baseline 0 0"><span class='ocrx_word' id='word_1_7' title='bbox 846 489 972 555; x_wconf 75' lang='grc'><strong>286</strong></span> 
     </span>
    </p>
   </div>
   <div class='ocr_carea' id='block_1_3' title="bbox 1529 504 3280 570">
    <p class='ocr_par' dir='ltr' id='par_1_3' title="bbox 1529 504 3280 570">
     <span class='ocr_line' id='line_1_4' title="bbox 1529 504 3280 570; baseline 0 -15"><span class='ocrx_word' id='word_1_8' title='bbox 1529 510 1594 556; x_wconf 81' lang='lat' dir='ltr'><strong>IN</strong></span> <span class='ocrx_word' id='word_1_9' title='bbox 1635 508 1858 555; x_wconf 69' lang='lat' dir='ltr'><strong>mmm(</strong></span> <span class='ocrx_word' id='word_1_10' title='bbox 1900 507 1959 553; x_wconf 85' lang='lat' dir='ltr'><strong>lv</strong></span> <span class='ocrx_word' id='word_1_11' title='bbox 2002 504 2487 552; x_wconf 68' lang='lat' dir='ltr'><strong>SENTENTtAnuu.</strong></span> <span class='ocrx_word' id='word_1_12' title='bbox 2529 523 2609 532; x_wconf 90' lang='lat'><strong>—</strong></span> <span class='ocrx_word' id='word_1_13' title='bbox 2649 505 2801 551; x_wconf 77' lang='lat' dir='ltr'><strong>msr.</strong></span> <span class='ocrx_word' id='word_1_14' title='bbox 2842 507 2948 570; x_wconf 82' lang='lat'><strong>113</strong></span> <span class='ocrx_word' id='word_1_15' title='bbox 2991 507 3215 564; x_wconf 71' lang='lat' dir='ltr'><strong>QuAEsr.</strong></span> <span class='ocrx_word' id='word_1_16' title='bbox 3258 510 3280 555; x_wconf 85' lang='lat'>1</span> 
     </span>
    </p>
   </div>
   <div class='ocr_carea' id='block_1_4' title="bbox 851 672 4257 761">
    <p class='ocr_par' dir='ltr' id='par_1_4' title="bbox 851 672 4257 761">
     <span class='ocr_line' id='line_1_5' title="bbox 851 672 4257 761; baseline 0 -25"><span class='ocrx_word' id='word_1_17' title='bbox 851 698 917 736; x_wconf 81' lang='lat' dir='ltr'><strong>se</strong></span> <span class='ocrx_word' id='word_1_18' title='bbox 975 679 1281 761; x_wconf 87' lang='lat' dir='ltr'><strong>corporis,</strong></span> <span class='ocrx_word' id='word_1_19' title='bbox 1334 686 1541 759; x_wconf 92' lang='lat' dir='ltr'><strong>potest</strong></span> <span class='ocrx_word' id='word_1_20' title='bbox 1595 677 1938 760; x_wconf 81' lang='lat' dir='ltr'>dupliciter</span> <span class='ocrx_word' id='word_1_21' title='bbox 1995 675 2351 738; x_wconf 87' lang='lat' dir='ltr'><strong>considera·</strong></span> <span class='ocrx_word' id='word_1_22' title='bbox 2376 672 2429 736; x_wconf 80' lang='lat' dir='ltr'>A</span> <span class='ocrx_word' id='word_1_23' title='bbox 2460 674 2589 736; x_wconf 91' lang='lat' dir='ltr'><strong>suit</strong></span> <span class='ocrx_word' id='word_1_24' title='bbox 2618 675 2773 738; x_wconf 90' lang='lat' dir='ltr'><strong>duas</strong></span> <span class='ocrx_word' id='word_1_25' title='bbox 2804 676 3039 740; x_wconf 80' lang='lat' dir='ltr'><strong>formas</strong></span> <span class='ocrx_word' id='word_1_26' title='bbox 3070 678 3518 742; x_wconf 76' lang='lat' dir='ltr'><strong>substantiales</strong></span> <span class='ocrx_word' id='word_1_27' title='bbox 3550 678 3613 740; x_wconf 90' lang='lat' dir='ltr'><strong>in</strong></span> <span class='ocrx_word' id='word_1_28' title='bbox 3644 679 3907 742; x_wconf 88' lang='lat' dir='ltr'><strong>homine</strong></span> <span class='ocrx_word' id='word_1_29' title='bbox 3938 695 3955 740; x_wconf 74' lang='grc' dir='ltr'>ε</span> <span class='ocrx_word' id='word_1_30' title='bbox 3996 695 4257 749; x_wconf 60' lang='lat' dir='ltr'><strong>cnaxxn.</strong></span> 
     </span>
    </p>
   </div>
   <div class='ocr_carea' id='block_1_5' title="bbox 841 771 2353 1840">
    <p class='ocr_par' dir='ltr' id='par_1_5' title="bbox 841 771 2353 1840">
     <span class='ocr_line' id='line_1_6' title="bbox 851 771 2350 858; baseline -0.003 -23"><span class='ocrx_word' id='word_1_31' title='bbox 851 775 906 836; x_wconf 93' lang='lat' dir='ltr'><strong>ri</strong></span> <span class='ocrx_word' id='word_1_32' title='bbox 956 795 1066 838; x_wconf 88' lang='lat' dir='ltr'><strong>seu</strong></span> <span class='ocrx_word' id='word_1_33' title='bbox 1118 777 1342 858; x_wconf 81' lang='lat' dir='ltr'><strong>accipi.</strong></span> <span class='ocrx_word' id='word_1_34' title='bbox 1399 775 1628 850; x_wconf 89' lang='lat' dir='ltr'><strong>Primo,</strong></span> <span class='ocrx_word' id='word_1_35' title='bbox 1676 783 1746 837; x_wconf 92' lang='lat' dir='ltr'><strong>ut</strong></span> <span class='ocrx_word' id='word_1_36' title='bbox 1795 774 2043 837; x_wconf 90' lang='lat' dir='ltr'><strong>duratio</strong></span> <span class='ocrx_word' id='word_1_37' title='bbox 2091 771 2350 855; x_wconf 91' lang='lat' dir='ltr'><strong>propria</strong></span> 
     </span>
     <span class='ocr_line' id='line_1_7' title="bbox 849 871 2353 956; baseline -0.001 -22"><span class='ocrx_word' id='word_1_38' title='bbox 849 874 1533 956; x_wconf 84' lang='lat' dir='ltr'><strong>uniuscujusque‚sicut</strong></span> <span class='ocrx_word' id='word_1_39' title='bbox 1562 874 1650 936; x_wconf 88' lang='lat' dir='ltr'><strong>ait</strong></span> <span class='ocrx_word' id='word_1_40' title='bbox 1670 872 2076 955; x_wconf 85' lang='lat' dir='ltr'><strong>Philosophus</strong></span> <span class='ocrx_word' id='word_1_41' title='bbox 2096 871 2353 935; x_wconf 88' lang='lat' dir='ltr'><strong>:Unum-</strong></span> 
     </span>
     <span class='ocr_line' id='line_1_8' title="bbox 851 970 2347 1056; baseline -0.001 -22"><span class='ocrx_word' id='word_1_42' title='bbox 851 974 1150 1056; x_wconf 80' lang='lat' dir='ltr'>quodque</span> <span class='ocrx_word' id='word_1_43' title='bbox 1176 974 1434 1056; x_wconf 89' lang='lat' dir='ltr'><strong>propria</strong></span> <span class='ocrx_word' id='word_1_44' title='bbox 1463 973 1724 1056; x_wconf 78' lang='lat' dir='ltr'><strong>periodo</strong></span> <span class='ocrx_word' id='word_1_45' title='bbox 1755 979 2178 1034; x_wconf 74' lang='lat' dir='ltr'><strong>mensuratur.</strong></span> <span class='ocrx_word' id='word_1_46' title='bbox 2199 970 2347 1043; x_wconf 80' lang='lat' dir='ltr'><strong>Quae</strong></span> 
     </span>
     <span class='ocr_line' id='line_1_9' title="bbox 848 1068 2347 1154; baseline -0.005 -20"><span class='ocrx_word' id='word_1_47' title='bbox 848 1072 1148 1152; x_wconf 79' lang='lat' dir='ltr'><strong>periodus</strong></span> <span class='ocrx_word' id='word_1_48' title='bbox 1193 1091 1341 1134; x_wconf 89' lang='lat' dir='ltr'><strong>cum</strong></span> <span class='ocrx_word' id='word_1_49' title='bbox 1385 1091 1451 1134; x_wconf 90' lang='lat' dir='ltr'><strong>re</strong></span> <span class='ocrx_word' id='word_1_50' title='bbox 1495 1071 1720 1154; x_wconf 82' lang='lat' dir='ltr'><strong>incipit</strong></span> <span class='ocrx_word' id='word_1_51' title='bbox 1757 1089 1829 1132; x_wconf 88' lang='lat' dir='ltr'><strong>ac</strong></span> <span class='ocrx_word' id='word_1_52' title='bbox 1869 1069 2124 1143; x_wconf 81' lang='lat' dir='ltr'><strong>desinit,</strong></span> <span class='ocrx_word' id='word_1_53' title='bbox 2159 1074 2221 1129; x_wconf 94' lang='lat' dir='ltr'><strong>et</strong></span> <span class='ocrx_word' id='word_1_54' title='bbox 2263 1068 2347 1128; x_wconf 92' lang='lat' dir='ltr'><strong>ita</strong></span> 
     </span>
     <span class='ocr_line' id='line_1_10' title="bbox 847 1168 2343 1247; baseline -0.003 -16"><span class='ocrx_word' id='word_1_55' title='bbox 847 1179 997 1231; x_wconf 91' lang='lat' dir='ltr'><strong>sunt</strong></span> <span class='ocrx_word' id='word_1_56' title='bbox 1026 1171 1292 1234; x_wconf 78' lang='lat' dir='ltr'><strong>diversae</strong></span> <span class='ocrx_word' id='word_1_57' title='bbox 1329 1189 1642 1234; x_wconf 83' lang='lat' dir='ltr'><strong>mensurae</strong></span> <span class='ocrx_word' id='word_1_58' title='bbox 1681 1168 2120 1241; x_wconf 79' lang='lat' dir='ltr'><strong>discontinuae,</strong></span> <span class='ocrx_word' id='word_1_59' title='bbox 2154 1174 2343 1247; x_wconf 89' lang='lat' dir='ltr'><strong>atque</strong></span> 
     </span>
     <span class='ocr_line' id='line_1_11' title="bbox 845 1263 2345 1350; baseline -0.003 -20"><span class='ocrx_word' id='word_1_60' title='bbox 845 1268 1096 1331; x_wconf 90' lang='lat' dir='ltr'><strong>diversa</strong></span> <span class='ocrx_word' id='word_1_61' title='bbox 1126 1269 1425 1331; x_wconf 87' lang='lat' dir='ltr'><strong>instantia</strong></span> <span class='ocrx_word' id='word_1_62' title='bbox 1455 1274 1919 1350; x_wconf 90' lang='lat' dir='ltr'><strong>consequenter</strong></span> <span class='ocrx_word' id='word_1_63' title='bbox 1947 1284 2014 1328; x_wconf 91' lang='lat' dir='ltr'><strong>se</strong></span> <span class='ocrx_word' id='word_1_64' title='bbox 2045 1263 2345 1327; x_wconf 88' lang='lat' dir='ltr'><strong>habentia</strong></span> 
     </span>
     <span class='ocr_line' id='line_1_12' title="bbox 846 1365 2341 1441; baseline -0.003 -13"><span class='ocrx_word' id='word_1_65' title='bbox 846 1367 910 1429; x_wconf 91' lang='lat' dir='ltr'><strong>in</strong></span> <span class='ocrx_word' id='word_1_66' title='bbox 957 1385 1087 1430; x_wconf 96' lang='lat' dir='ltr'><strong>uno</strong></span> <span class='ocrx_word' id='word_1_67' title='bbox 1128 1367 1451 1441; x_wconf 89' lang='lat' dir='ltr'><strong>continu0‚</strong></span> <span class='ocrx_word' id='word_1_68' title='bbox 1486 1368 1653 1430; x_wconf 89' lang='lat' dir='ltr'><strong>sicut</strong></span> <span class='ocrx_word' id='word_1_69' title='bbox 1690 1373 1840 1428; x_wconf 89' lang='lat' dir='ltr'><strong>sunt</strong></span> <span class='ocrx_word' id='word_1_70' title='bbox 1882 1365 2008 1427; x_wconf 90' lang='lat' dir='ltr'><strong>duo</strong></span> <span class='ocrx_word' id='word_1_71' title='bbox 2051 1381 2212 1436; x_wconf 88' lang='lat' dir='ltr'><strong>esse,</strong></span> <span class='ocrx_word' id='word_1_72' title='bbox 2248 1371 2341 1424; x_wconf 89' lang='lat' dir='ltr'><strong>ut-</strong></span> 
     </span>
     <span class='ocr_line' id='line_1_13' title="bbox 845 1463 2341 1548; baseline -0.004 -20"><span class='ocrx_word' id='word_1_73' title='bbox 845 1473 991 1548; x_wconf 90' lang='lat' dir='ltr'><strong>pote</strong></span> <span class='ocrx_word' id='word_1_74' title='bbox 1042 1467 1222 1547; x_wconf 92' lang='lat' dir='ltr'><strong>panis</strong></span> <span class='ocrx_word' id='word_1_75' title='bbox 1272 1473 1336 1528; x_wconf 90' lang='lat' dir='ltr'><strong>et</strong></span> <span class='ocrx_word' id='word_1_76' title='bbox 1383 1465 1664 1548; x_wconf 85' lang='lat' dir='ltr'><strong>corporis</strong></span> <span class='ocrx_word' id='word_1_77' title='bbox 1715 1463 1966 1527; x_wconf 84' lang='lat' dir='ltr'><strong>Christi.</strong></span> <span class='ocrx_word' id='word_1_78' title='bbox 2014 1463 2078 1526; x_wconf 92' lang='lat' dir='ltr'><strong>Si</strong></span> <span class='ocrx_word' id='word_1_79' title='bbox 2127 1469 2341 1524; x_wconf 88' lang='lat' dir='ltr'><strong>autem</strong></span> 
     </span>
     <span class='ocr_line' id='line_1_14' title="bbox 841 1563 2340 1647; baseline -0.003 -22"><span class='ocrx_word' id='word_1_80' title='bbox 841 1565 1194 1647; x_wconf 82' lang='lat' dir='ltr'><strong>accipiatur</strong></span> <span class='ocrx_word' id='word_1_81' title='bbox 1258 1565 1497 1627; x_wconf 89' lang='lat' dir='ltr'><strong>instans</strong></span> <span class='ocrx_word' id='word_1_82' title='bbox 1557 1563 1910 1626; x_wconf 89' lang='lat' dir='ltr'><strong>secundum</strong></span> <span class='ocrx_word' id='word_1_83' title='bbox 1975 1579 2340 1623; x_wconf 89' lang='lat' dir='ltr'><strong>mensuram</strong></span> 
     </span>
     <span class='ocr_line' id='line_1_15' title="bbox 844 1661 2338 1746; baseline -0.003 -22"><span class='ocrx_word' id='word_1_84' title='bbox 844 1680 1275 1738; x_wconf 88' lang='lat' dir='ltr'><strong>communem,</strong></span> <span class='ocrx_word' id='word_1_85' title='bbox 1318 1683 1458 1746; x_wconf 81' lang='lat' dir='ltr'><strong>quae</strong></span> <span class='ocrx_word' id='word_1_86' title='bbox 1503 1671 1599 1726; x_wconf 88' lang='lat' dir='ltr'><strong>est</strong></span> <span class='ocrx_word' id='word_1_87' title='bbox 1637 1671 1890 1745; x_wconf 90' lang='lat' dir='ltr'><strong>tempus</strong></span> <span class='ocrx_word' id='word_1_88' title='bbox 1939 1661 2338 1733; x_wconf 91' lang='lat' dir='ltr'><strong>continuum,</strong></span> 
     </span>
     <span class='ocr_line' id='line_1_16' title="bbox 844 1757 2342 1840; baseline -0.002 -18"><span class='ocrx_word' id='word_1_89' title='bbox 844 1778 970 1823; x_wconf 91' lang='lat' dir='ltr'><strong>non</strong></span> <span class='ocrx_word' id='word_1_90' title='bbox 1005 1762 1399 1835; x_wconf 89' lang='lat' dir='ltr'><strong>intercisum,</strong></span> <span class='ocrx_word' id='word_1_91' title='bbox 1425 1770 1490 1824; x_wconf 87' lang='lat' dir='ltr'><strong>ut</strong></span> <span class='ocrx_word' id='word_1_92' title='bbox 1521 1770 1618 1824; x_wconf 90' lang='lat' dir='ltr'><strong>est</strong></span> <span class='ocrx_word' id='word_1_93' title='bbox 1649 1779 1946 1822; x_wconf 88' lang='lat' dir='ltr'><strong>mensura</strong></span> <span class='ocrx_word' id='word_1_94' title='bbox 1977 1768 2186 1821; x_wconf 91' lang='lat' dir='ltr'><strong>motus</strong></span> <span class='ocrx_word' id='word_1_95' title='bbox 2217 1757 2342 1840; x_wconf 90' lang='lat' dir='ltr'><strong>pri-</strong></span> 
     </span>
    </p>
   </div>
   <div class='ocr_carea' id='block_1_6' title="bbox 2461 759 4257 859">
    <p class='ocr_par' dir='ltr' id='par_1_6' title="bbox 2461 759 4257 859">
     <span class='ocr_line' id='line_1_17' title="bbox 2461 759 4257 859; baseline -0.002 -25"><span class='ocrx_word' id='word_1_96' title='bbox 2461 791 2651 834; x_wconf 87' lang='lat' dir='ltr'><strong>unam</strong></span> <span class='ocrx_word' id='word_1_97' title='bbox 2685 776 3037 838; x_wconf 80' lang='lat' dir='ltr'><strong>naturalem</strong></span> <span class='ocrx_word' id='word_1_98' title='bbox 3066 776 3361 838; x_wconf 87' lang='lat' dir='ltr'><strong>eductam</strong></span> <span class='ocrx_word' id='word_1_99' title='bbox 3392 777 3471 838; x_wconf 90' lang='lat' dir='ltr'><strong>de</strong></span> <span class='ocrx_word' id='word_1_100' title='bbox 3507 777 3787 859; x_wconf 89' lang='lat' dir='ltr'><strong>potentia</strong></span> <span class='ocrx_word' id='word_1_101' title='bbox 3820 797 3963 839; x_wconf 88' lang='lat' dir='ltr'><strong>ma·</strong></span> <span class='ocrx_word' id='word_1_102' title='bbox 3990 759 4257 812; x_wconf 48' lang='lat'><strong>¹²¹³⁸⁸³²⁸</strong></span> 
     </span>
    </p>
   </div>
   <div class='ocr_carea' id='block_1_7' title="bbox 2452 871 4257 1742">
    <p class='ocr_par' dir='ltr' id='par_1_7' title="bbox 2457 871 3959 956">
     <span class='ocr_line' id='line_1_18' title="bbox 2457 871 3959 956; baseline 0.004 -24"><span class='ocrx_word' id='word_1_103' title='bbox 2457 871 2654 945; x_wconf 86' lang='lat' dir='ltr'><strong>teriae,</strong></span> <span class='ocrx_word' id='word_1_104' title='bbox 2686 873 2765 934; x_wconf 88' lang='lat' dir='ltr'><strong>ad</strong></span> <span class='ocrx_word' id='word_1_105' title='bbox 2802 892 2997 955; x_wconf 93' lang='lat' dir='ltr'><strong>quam</strong></span> <span class='ocrx_word' id='word_1_106' title='bbox 3024 875 3127 954; x_wconf 86' lang='lat' dir='ltr'><strong>(ut</strong></span> <span class='ocrx_word' id='word_1_107' title='bbox 3162 874 3458 956; x_wconf 89' lang='lat' dir='ltr'><strong>opinatus</strong></span> <span class='ocrx_word' id='word_1_108' title='bbox 3502 875 3625 956; x_wconf 89' lang='lat' dir='ltr'><strong>est)</strong></span> <span class='ocrx_word' id='word_1_109' title='bbox 3654 876 3959 938; x_wconf 88' lang='lat' dir='ltr'><strong>termina-</strong></span> 
     </span>
    </p>

    <p class='ocr_par' dir='ltr' id='par_1_8' title="bbox 2458 972 3959 1055">
     <span class='ocr_line' id='line_1_19' title="bbox 2458 972 3959 1055; baseline 0.004 -25"><span class='ocrx_word' id='word_1_110' title='bbox 2458 977 2561 1031; x_wconf 92' lang='lat' dir='ltr'><strong>tur</strong></span> <span class='ocrx_word' id='word_1_111' title='bbox 2606 972 2932 1050; x_wconf 85' lang='lat' dir='ltr'><strong>generatio</strong></span> <span class='ocrx_word' id='word_1_112' title='bbox 2988 973 3317 1046; x_wconf 82' lang='lat' dir='ltr'><strong>naturaliS‚</strong></span> <span class='ocrx_word' id='word_1_113' title='bbox 3368 993 3557 1055; x_wconf 89' lang='lat' dir='ltr'><strong>quam</strong></span> <span class='ocrx_word' id='word_1_114' title='bbox 3616 973 3777 1036; x_wconf 84' lang='lat' dir='ltr'><strong>dixit</strong></span> <span class='ocrx_word' id='word_1_115' title='bbox 3822 993 3959 1036; x_wconf 86' lang='lat' dir='ltr'><strong>non</strong></span> 
     </span>
    </p>

    <p class='ocr_par' dir='ltr' id='par_1_9' title="bbox 2456 1068 3955 1149">
     <span class='ocr_line' id='line_1_20' title="bbox 2456 1068 3955 1149; baseline 0.004 -21"><span class='ocrx_word' id='word_1_116' title='bbox 2456 1086 2595 1130; x_wconf 91' lang='lat' dir='ltr'><strong>esse</strong></span> <span class='ocrx_word' id='word_1_117' title='bbox 2627 1068 3075 1133; x_wconf 89' lang='lat' dir='ltr'><strong>intellectualis</strong></span> <span class='ocrx_word' id='word_1_118' title='bbox 3112 1079 3383 1149; x_wconf 84' lang='lat' dir='ltr'><strong>naturae3</strong></span> <span class='ocrx_word' id='word_1_119' title='bbox 3414 1071 3604 1134; x_wconf 90' lang='lat' dir='ltr'><strong>aliam</strong></span> <span class='ocrx_word' id='word_1_120' title='bbox 3646 1071 3955 1146; x_wconf 78' lang='lat' dir='ltr'><strong>infusam,</strong></span> 
     </span>
    </p>

    <p class='ocr_par' dir='ltr' id='par_1_10' title="bbox 2454 1167 3961 1350">
     <span class='ocr_line' id='line_1_21' title="bbox 2454 1167 3961 1248; baseline 0.003 -21"><span class='ocrx_word' id='word_1_121' title='bbox 2454 1167 2530 1228; x_wconf 89' lang='lat' dir='ltr'><strong>ad</strong></span> <span class='ocrx_word' id='word_1_122' title='bbox 2563 1185 2753 1248; x_wconf 89' lang='lat' dir='ltr'><strong>quam</strong></span> <span class='ocrx_word' id='word_1_123' title='bbox 2790 1169 3167 1232; x_wconf 88' lang='lat' dir='ltr'><strong>terminatur</strong></span> <span class='ocrx_word' id='word_1_124' title='bbox 3196 1169 3452 1242; x_wconf 87' lang='lat' dir='ltr'><strong>creatio,</strong></span> <span class='ocrx_word' id='word_1_125' title='bbox 3486 1171 3859 1235; x_wconf 87' lang='lat' dir='ltr'><strong>rationalem</strong></span> <span class='ocrx_word' id='word_1_126' title='bbox 3890 1179 3961 1234; x_wconf 85' lang='lat' dir='ltr'><strong>et</strong></span> 
     </span>
     <span class='ocr_line' id='line_1_22' title="bbox 2456 1263 3956 1350; baseline 0.005 -26"><span class='ocrx_word' id='word_1_127' title='bbox 2456 1263 2970 1329; x_wconf 86' lang='lat' dir='ltr'><strong>intellectualem.</strong></span> <span class='ocrx_word' id='word_1_128' title='bbox 3004 1267 3098 1329; x_wconf 85' lang='lat' dir='ltr'><strong>Ad</strong></span> <span class='ocrx_word' id='word_1_129' title='bbox 3130 1268 3298 1350; x_wconf 90' lang='lat' dir='ltr'><strong>quod</strong></span> <span class='ocrx_word' id='word_1_130' title='bbox 3330 1268 3743 1350; x_wconf 89' lang='lat' dir='ltr'><strong>opinandum,</strong></span> <span class='ocrx_word' id='word_1_131' title='bbox 3775 1288 3956 1331; x_wconf 90' lang='lat' dir='ltr'><strong>sum-</strong></span> 
     </span>
    </p>

    <p class='ocr_par' dir='ltr' id='par_1_11' title="bbox 2452 1363 4257 1742">
     <span class='ocr_line' id='line_1_23' title="bbox 2455 1363 3957 1449; baseline 0.005 -26"><span class='ocrx_word' id='word_1_132' title='bbox 2455 1363 2581 1442; x_wconf 89' lang='lat' dir='ltr'><strong>psit</strong></span> <span class='ocrx_word' id='word_1_133' title='bbox 2609 1364 3008 1427; x_wconf 87' lang='lat' dir='ltr'><strong>occasionem</strong></span> <span class='ocrx_word' id='word_1_134' title='bbox 3045 1385 3123 1427; x_wconf 83' lang='lat' dir='ltr'><strong>ex</strong></span> <span class='ocrx_word' id='word_1_135' title='bbox 3158 1367 3573 1429; x_wconf 88' lang='lat' dir='ltr'><strong>conversione</strong></span> <span class='ocrx_word' id='word_1_136' title='bbox 3602 1386 3743 1449; x_wconf 87' lang='lat' dir='ltr'><strong>quae</strong></span> <span class='ocrx_word' id='word_1_137' title='bbox 3772 1367 3851 1429; x_wconf 82' lang='lat' dir='ltr'><strong>rit</strong></span> <span class='ocrx_word' id='word_1_138' title='bbox 3882 1368 3957 1430; x_wconf 86' lang='lat' dir='ltr'><strong>in</strong></span> 
     </span>
     <span class='ocr_line' id='line_1_24' title="bbox 2452 1465 4257 1546; baseline 0.004 -25"><span class='ocrx_word' id='word_1_139' title='bbox 2452 1471 2850 1526; x_wconf 87' lang='lat' dir='ltr'><strong>sacramento</strong></span> <span class='ocrx_word' id='word_1_140' title='bbox 2879 1481 2893 1525; x_wconf 74' lang='grc' dir='ltr'><em>τ</em></span> <span class='ocrx_word' id='word_1_141' title='bbox 2923 1465 3071 1546; x_wconf 86' lang='lat' dir='ltr'><strong>quia</strong></span> <span class='ocrx_word' id='word_1_142' title='bbox 3100 1465 3199 1546; x_wconf 94' lang='lat' dir='ltr'><strong>(ut</strong></span> <span class='ocrx_word' id='word_1_143' title='bbox 3227 1466 3469 1528; x_wconf 90' lang='lat' dir='ltr'><strong>dictum</strong></span> <span class='ocrx_word' id='word_1_144' title='bbox 3500 1471 3624 1544; x_wconf 93' lang='lat' dir='ltr'><strong>est)</strong></span> <span class='ocrx_word' id='word_1_145' title='bbox 3653 1467 3715 1528; x_wconf 90' lang='lat' dir='ltr'><strong>in</strong></span> <span class='ocrx_word' id='word_1_146' title='bbox 3748 1485 3821 1529; x_wconf 88' lang='lat' dir='ltr'><strong>ea</strong></span> <span class='ocrx_word' id='word_1_147' title='bbox 3850 1473 3957 1530; x_wconf 88' lang='lat' dir='ltr'><strong>est</strong></span> <span class='ocrx_word' id='word_1_148' title='bbox 4052 1499 4099 1538; x_wconf 78' lang='lat' dir='ltr'><strong>p.</strong></span> <span class='ocrx_word' id='word_1_149' title='bbox 4134 1485 4257 1528; x_wconf 63' lang='lat' dir='ltr'><strong>27oe</strong></span> 
     </span>
     <span class='ocr_line' id='line_1_25' title="bbox 2453 1549 4147 1638; baseline 0.005 -18"><span class='ocrx_word' id='word_1_150' title='bbox 2453 1560 2784 1623; x_wconf 88' lang='lat' dir='ltr'><strong>conversio</strong></span> <span class='ocrx_word' id='word_1_151' title='bbox 2827 1562 3019 1624; x_wconf 91' lang='lat' dir='ltr'><strong>totius</strong></span> <span class='ocrx_word' id='word_1_152' title='bbox 3070 1563 3133 1624; x_wconf 94' lang='lat' dir='ltr'><strong>in</strong></span> <span class='ocrx_word' id='word_1_153' title='bbox 3179 1571 3405 1638; x_wconf 89' lang='lat' dir='ltr'><strong>totum,</strong></span> <span class='ocrx_word' id='word_1_154' title='bbox 3447 1565 3567 1627; x_wconf 92' lang='lat' dir='ltr'><strong>hoc</strong></span> <span class='ocrx_word' id='word_1_155' title='bbox 3614 1572 3711 1627; x_wconf 91' lang='lat' dir='ltr'><strong>est</strong></span> <span class='ocrx_word' id='word_1_156' title='bbox 3751 1565 3955 1628; x_wconf 89' lang='lat' dir='ltr'><strong>totius</strong></span> <span class='ocrx_word' id='word_1_157' title='bbox 3990 1550 4079 1590; x_wconf 72' lang='lat'><strong>²⁸²</strong></span> <span class='ocrx_word' id='word_1_158' title='bbox 4096 1549 4147 1590; x_wconf 54' lang='grc' dir='ltr'><strong>Β·</strong></span> 
     </span>
     <span class='ocr_line' id='line_1_26' title="bbox 2452 1657 3955 1742; baseline 0.006 -24"><span class='ocrx_word' id='word_1_159' title='bbox 2452 1657 2812 1722; x_wconf 81' lang='lat' dir='ltr'><strong>substantiae</strong></span> <span class='ocrx_word' id='word_1_160' title='bbox 2843 1661 3027 1742; x_wconf 90' lang='lat' dir='ltr'><strong>panis</strong></span> <span class='ocrx_word' id='word_1_161' title='bbox 3060 1661 3123 1723; x_wconf 87' lang='lat' dir='ltr'><strong>in</strong></span> <span class='ocrx_word' id='word_1_162' title='bbox 3156 1669 3345 1725; x_wconf 87' lang='lat' dir='ltr'><strong>totam</strong></span> <span class='ocrx_word' id='word_1_163' title='bbox 3376 1663 3786 1726; x_wconf 84' lang='lat' dir='ltr'><strong>substantiam</strong></span> <span class='ocrx_word' id='word_1_164' title='bbox 3814 1682 3955 1727; x_wconf 89' lang='lat' dir='ltr'><strong>cor-</strong></span> 
     </span>
    </p>
   </div>
   <div class='ocr_carea' id='block_1_8' title="bbox 2454 1756 3960 1843">
    <p class='ocr_par' dir='ltr' id='par_1_12' title="bbox 2454 1756 3960 1843">
     <span class='ocr_line' id='line_1_27' title="bbox 2454 1756 3960 1843; baseline 0.003 -24"><span class='ocrx_word' id='word_1_165' title='bbox 2454 1756 2626 1838; x_wconf 89' lang='lat' dir='ltr'><strong>poris</strong></span> <span class='ocrx_word' id='word_1_166' title='bbox 2657 1757 2907 1820; x_wconf 84' lang='lat' dir='ltr'><strong>Christi.</strong></span> <span class='ocrx_word' id='word_1_167' title='bbox 2942 1758 3093 1822; x_wconf 87' lang='lat' dir='ltr'><strong>Tota</strong></span> <span class='ocrx_word' id='word_1_168' title='bbox 3120 1769 3335 1823; x_wconf 88' lang='lat' dir='ltr'><strong>autem</strong></span> <span class='ocrx_word' id='word_1_169' title='bbox 3376 1781 3487 1824; x_wconf 92' lang='lat' dir='ltr'><strong>seu</strong></span> <span class='ocrx_word' id='word_1_170' title='bbox 3529 1761 3771 1843; x_wconf 87' lang='lat' dir='ltr'><strong>integra</strong></span> <span class='ocrx_word' id='word_1_171' title='bbox 3800 1763 3960 1824; x_wconf 91' lang='lat' dir='ltr'><strong>sub-</strong></span> 
     </span>
    </p>
   </div>
   <div class='ocr_carea' id='block_1_9' title="bbox 847 1855 3957 1943">
    <p class='ocr_par' dir='ltr' id='par_1_13' title="bbox 847 1855 3957 1943">
     <span class='ocr_line' id='line_1_28' title="bbox 847 1855 3957 1943; baseline 0 -22"><span class='ocrx_word' id='word_1_172' title='bbox 847 1861 930 1921; x_wconf 91' lang='lat' dir='ltr'><strong>mi</strong></span> <span class='ocrx_word' id='word_1_173' title='bbox 983 1861 1258 1936; x_wconf 89' lang='lat' dir='ltr'><strong>mobilis,</strong></span> <span class='ocrx_word' id='word_1_174' title='bbox 1294 1861 1391 1923; x_wconf 84' lang='lat' dir='ltr'><strong>vel</strong></span> <span class='ocrx_word' id='word_1_175' title='bbox 1435 1861 1628 1924; x_wconf 89' lang='lat' dir='ltr'><strong>etiam</strong></span> <span class='ocrx_word' id='word_1_176' title='bbox 1673 1865 1863 1943; x_wconf 91' lang='lat' dir='ltr'><strong>prout</strong></span> <span class='ocrx_word' id='word_1_177' title='bbox 1903 1858 2340 1921; x_wconf 89' lang='lat' dir='ltr'><strong>consideratur</strong></span> <span class='ocrx_word' id='word_1_178' title='bbox 2376 1855 2423 1918; x_wconf 91' lang='lat' dir='ltr'><strong>B</strong></span> <span class='ocrx_word' id='word_1_179' title='bbox 2454 1856 2683 1916; x_wconf 84' lang='lat' dir='ltr'><strong>stantia</strong></span> <span class='ocrx_word' id='word_1_180' title='bbox 2714 1857 2896 1938; x_wconf 89' lang='lat' dir='ltr'><strong>panis</strong></span> <span class='ocrx_word' id='word_1_181' title='bbox 2928 1876 3051 1921; x_wconf 92' lang='lat' dir='ltr'><strong>non</strong></span> <span class='ocrx_word' id='word_1_182' title='bbox 3082 1867 3180 1921; x_wconf 93' lang='lat' dir='ltr'><strong>est</strong></span> <span class='ocrx_word' id='word_1_183' title='bbox 3208 1859 3341 1921; x_wconf 88' lang='lat' dir='ltr'><strong>sola</strong></span> <span class='ocrx_word' id='word_1_184' title='bbox 3369 1860 3510 1941; x_wconf 89' lang='lat' dir='ltr'><strong>ejus</strong></span> <span class='ocrx_word' id='word_1_185' title='bbox 3542 1860 3820 1934; x_wconf 88' lang='lat' dir='ltr'><strong>materia,</strong></span> <span class='ocrx_word' id='word_1_186' title='bbox 3836 1861 3957 1922; x_wconf 89' lang='lat' dir='ltr'><strong>sed</strong></span> 
     </span>
    </p>
   </div>
   <div class='ocr_carea' id='block_1_10' title="bbox 837 1956 2341 3025">
    <p class='ocr_par' dir='ltr' id='par_1_14' title="bbox 837 1956 2341 3025">
     <span class='ocr_line' id='line_1_29' title="bbox 843 1956 2341 2032; baseline -0.003 -11"><span class='ocrx_word' id='word_1_187' title='bbox 843 1960 1197 2022; x_wconf 91' lang='lat' dir='ltr'><strong>secundum</strong></span> <span class='ocrx_word' id='word_1_188' title='bbox 1247 1960 1610 2032; x_wconf 89' lang='lat' dir='ltr'><strong>essentiam,</strong></span> <span class='ocrx_word' id='word_1_189' title='bbox 1661 1977 1788 2021; x_wconf 90' lang='lat' dir='ltr'><strong>non</strong></span> <span class='ocrx_word' id='word_1_190' title='bbox 1845 1956 2198 2021; x_wconf 90' lang='lat' dir='ltr'><strong>secundum</strong></span> <span class='ocrx_word' id='word_1_191' title='bbox 2248 1974 2341 2017; x_wconf 91' lang='lat' dir='ltr'><strong>es-</strong></span> 
     </span>
     <span class='ocr_line' id='line_1_30' title="bbox 841 2055 2340 2140; baseline -0.003 -20"><span class='ocrx_word' id='word_1_192' title='bbox 841 2075 942 2137; x_wconf 91' lang='lat' dir='ltr'><strong>se;</strong></span> <span class='ocrx_word' id='word_1_193' title='bbox 993 2065 1144 2120; x_wconf 87' lang='lat' dir='ltr'><strong>tunc</strong></span> <span class='ocrx_word' id='word_1_194' title='bbox 1195 2059 1508 2140; x_wconf 84' lang='lat' dir='ltr'><strong>accipitur</strong></span> <span class='ocrx_word' id='word_1_195' title='bbox 1555 2058 2046 2120; x_wconf 90' lang='lat' dir='ltr'><strong>determinatum</strong></span> <span class='ocrx_word' id='word_1_196' title='bbox 2098 2055 2340 2117; x_wconf 85' lang='lat' dir='ltr'><strong>instans</strong></span> 
     </span>
     <span class='ocr_line' id='line_1_31' title="bbox 843 2154 2340 2238; baseline -0.003 -20"><span class='ocrx_word' id='word_1_197' title='bbox 843 2158 1193 2220; x_wconf 87' lang='lat' dir='ltr'><strong>secundum</strong></span> <span class='ocrx_word' id='word_1_198' title='bbox 1228 2165 1506 2220; x_wconf 89' lang='lat' dir='ltr'><strong>nostram</strong></span> <span class='ocrx_word' id='word_1_199' title='bbox 1539 2155 2096 2238; x_wconf 77' lang='lat' dir='ltr'><strong>significationem.</strong></span> <span class='ocrx_word' id='word_1_200' title='bbox 2122 2154 2340 2234; x_wconf 82' lang='lat' dir='ltr'><strong>Signe-</strong></span> 
     </span>
     <span class='ocr_line' id='line_1_32' title="bbox 843 2252 2341 2335; baseline -0.001 -20"><span class='ocrx_word' id='word_1_201' title='bbox 843 2261 948 2316; x_wconf 90' lang='lat' dir='ltr'><strong>tur</strong></span> <span class='ocrx_word' id='word_1_202' title='bbox 977 2273 1126 2335; x_wconf 81' lang='lat' dir='ltr'><strong>ergo</strong></span> <span class='ocrx_word' id='word_1_203' title='bbox 1158 2274 1359 2316; x_wconf 91' lang='lat' dir='ltr'><strong>unum</strong></span> <span class='ocrx_word' id='word_1_204' title='bbox 1399 2254 1640 2316; x_wconf 87' lang='lat' dir='ltr'><strong>instans</strong></span> <span class='ocrx_word' id='word_1_205' title='bbox 1677 2254 1741 2315; x_wconf 92' lang='lat' dir='ltr'><strong>in</strong></span> <span class='ocrx_word' id='word_1_206' title='bbox 1773 2260 2080 2334; x_wconf 88' lang='lat' dir='ltr'><strong>tempore,</strong></span> <span class='ocrx_word' id='word_1_207' title='bbox 2116 2252 2181 2312; x_wconf 90' lang='lat' dir='ltr'><strong>in</strong></span> <span class='ocrx_word' id='word_1_208' title='bbox 2213 2268 2341 2333; x_wconf 91' lang='lat' dir='ltr'><strong>quo</strong></span> 
     </span>
     <span class='ocr_line' id='line_1_33' title="bbox 843 2350 2340 2435; baseline -0.001 -22"><span class='ocrx_word' id='word_1_209' title='bbox 843 2353 1070 2415; x_wconf 91' lang='lat' dir='ltr'><strong>ultimo</strong></span> <span class='ocrx_word' id='word_1_210' title='bbox 1111 2361 1209 2415; x_wconf 91' lang='lat' dir='ltr'><strong>est</strong></span> <span class='ocrx_word' id='word_1_211' title='bbox 1251 2353 1467 2435; x_wconf 85' lang='lat' dir='ltr'><strong>panis3</strong></span> <span class='ocrx_word' id='word_1_212' title='bbox 1500 2353 1788 2433; x_wconf 81' lang='lat' dir='ltr'><strong>signetur</strong></span> <span class='ocrx_word' id='word_1_213' title='bbox 1829 2359 1893 2414; x_wconf 90' lang='lat' dir='ltr'><strong>et</strong></span> <span class='ocrx_word' id='word_1_214' title='bbox 1930 2350 2201 2413; x_wconf 89' lang='lat' dir='ltr'><strong>alterum</strong></span> <span class='ocrx_word' id='word_1_215' title='bbox 2247 2351 2340 2411; x_wconf 87' lang='lat' dir='ltr'><strong>in·</strong></span> 
     </span>
     <span class='ocr_line' id='line_1_34' title="bbox 841 2448 2335 2534; baseline -0.001 -22"><span class='ocrx_word' id='word_1_216' title='bbox 841 2457 1014 2514; x_wconf 90' lang='lat' dir='ltr'><strong>stans</strong></span> <span class='ocrx_word' id='word_1_217' title='bbox 1060 2452 1123 2513; x_wconf 92' lang='lat' dir='ltr'><strong>in</strong></span> <span class='ocrx_word' id='word_1_218' title='bbox 1165 2470 1292 2534; x_wconf 88' lang='lat' dir='ltr'><strong>quo</strong></span> <span class='ocrx_word' id='word_1_219' title='bbox 1332 2452 1540 2534; x_wconf 90' lang='lat' dir='ltr'><strong>primo</strong></span> <span class='ocrx_word' id='word_1_220' title='bbox 1579 2459 1675 2513; x_wconf 91' lang='lat' dir='ltr'><strong>est</strong></span> <span class='ocrx_word' id='word_1_221' title='bbox 1719 2469 1970 2531; x_wconf 78' lang='lat' dir='ltr'><strong>corpus,</strong></span> <span class='ocrx_word' id='word_1_222' title='bbox 2007 2449 2135 2530; x_wconf 82' lang='lat' dir='ltr'><strong>Ego</strong></span> <span class='ocrx_word' id='word_1_223' title='bbox 2168 2448 2335 2522; x_wconf 90' lang='lat' dir='ltr'><strong>dic0‚</strong></span> 
     </span>
     <span class='ocr_line' id='line_1_35' title="bbox 841 2547 2340 2633; baseline -0.003 -21"><span class='ocrx_word' id='word_1_224' title='bbox 841 2549 976 2612; x_wconf 94' lang='lat' dir='ltr'><strong>Non</strong></span> <span class='ocrx_word' id='word_1_225' title='bbox 1014 2550 1321 2631; x_wconf 85' lang='lat' dir='ltr'><strong>signetur,</strong></span> <span class='ocrx_word' id='word_1_226' title='bbox 1355 2549 1504 2633; x_wconf 88' lang='lat' dir='ltr'><strong>quia</strong></span> <span class='ocrx_word' id='word_1_227' title='bbox 1534 2566 1660 2610; x_wconf 91' lang='lat' dir='ltr'><strong>non</strong></span> <span class='ocrx_word' id='word_1_228' title='bbox 1691 2556 1788 2610; x_wconf 87' lang='lat' dir='ltr'><strong>est</strong></span> <span class='ocrx_word' id='word_1_229' title='bbox 1818 2547 2183 2629; x_wconf 77' lang='lat' dir='ltr'><strong>significare</strong></span> <span class='ocrx_word' id='word_1_230' title='bbox 2213 2547 2340 2608; x_wconf 91' lang='lat' dir='ltr'><strong>duo</strong></span> 
     </span>
     <span class='ocr_line' id='line_1_36' title="bbox 840 2646 2341 2730; baseline -0.001 -21"><span class='ocrx_word' id='word_1_231' title='bbox 840 2647 1138 2711; x_wconf 89' lang='lat' dir='ltr'><strong>instantia</strong></span> <span class='ocrx_word' id='word_1_232' title='bbox 1168 2656 1632 2730; x_wconf 89' lang='lat' dir='ltr'><strong>consequenter</strong></span> <span class='ocrx_word' id='word_1_233' title='bbox 1667 2667 1734 2710; x_wconf 89' lang='lat' dir='ltr'><strong>se</strong></span> <span class='ocrx_word' id='word_1_234' title='bbox 1766 2646 2066 2709; x_wconf 87' lang='lat' dir='ltr'><strong>habentia</strong></span> <span class='ocrx_word' id='word_1_235' title='bbox 2103 2646 2168 2706; x_wconf 93' lang='lat' dir='ltr'><strong>in</strong></span> <span class='ocrx_word' id='word_1_236' title='bbox 2210 2663 2341 2708; x_wconf 90' lang='lat' dir='ltr'><strong>uno</strong></span> 
     </span>
     <span class='ocr_line' id='line_1_37' title="bbox 839 2743 2340 2828; baseline -0.002 -21"><span class='ocrx_word' id='word_1_237' title='bbox 839 2747 1160 2809; x_wconf 90' lang='lat' dir='ltr'><strong>continuo.</strong></span> <span class='ocrx_word' id='word_1_238' title='bbox 1195 2747 1369 2809; x_wconf 92' lang='lat' dir='ltr'><strong>Unde</strong></span> <span class='ocrx_word' id='word_1_239' title='bbox 1400 2745 1730 2828; x_wconf 87' lang='lat' dir='ltr'><strong>quodlibet</strong></span> <span class='ocrx_word' id='word_1_240' title='bbox 1760 2746 1988 2808; x_wconf 87' lang='lat' dir='ltr'><strong>horum</strong></span> <span class='ocrx_word' id='word_1_241' title='bbox 2020 2763 2133 2827; x_wconf 90' lang='lat' dir='ltr'><strong>per</strong></span> <span class='ocrx_word' id='word_1_242' title='bbox 2164 2763 2231 2806; x_wconf 92' lang='lat' dir='ltr'><strong>se</strong></span> <span class='ocrx_word' id='word_1_243' title='bbox 2260 2743 2340 2805; x_wconf 90' lang='lat' dir='ltr'><strong>si·</strong></span> 
     </span>
     <span class='ocr_line' id='line_1_38' title="bbox 837 2842 2337 2926; baseline -0.003 -19"><span class='ocrx_word' id='word_1_244' title='bbox 837 2845 1134 2925; x_wconf 81' lang='lat' dir='ltr'><strong>gnificari</strong></span> <span class='ocrx_word' id='word_1_245' title='bbox 1166 2852 1393 2926; x_wconf 87' lang='lat' dir='ltr'><strong>potest,</strong></span> <span class='ocrx_word' id='word_1_246' title='bbox 1415 2845 1524 2907; x_wconf 91' lang='lat' dir='ltr'><strong>sed</strong></span> <span class='ocrx_word' id='word_1_247' title='bbox 1557 2845 1682 2906; x_wconf 93' lang='lat' dir='ltr'><strong>duo</strong></span> <span class='ocrx_word' id='word_1_248' title='bbox 1713 2843 1903 2906; x_wconf 90' lang='lat' dir='ltr'><strong>simul</strong></span> <span class='ocrx_word' id='word_1_249' title='bbox 1939 2842 2337 2926; x_wconf 91' lang='lat' dir='ltr'><strong>impossibile</strong></span> 
     </span>
     <span class='ocr_line' id='line_1_39' title="bbox 839 2941 2339 3025; baseline -0.002 -20"><span class='ocrx_word' id='word_1_250' title='bbox 839 2951 935 3005; x_wconf 92' lang='lat' dir='ltr'><strong>est</strong></span> <span class='ocrx_word' id='word_1_251' title='bbox 974 2943 1240 3025; x_wconf 83' lang='lat' dir='ltr'><strong>signare.</strong></span> <span class='ocrx_word' id='word_1_252' title='bbox 1287 2943 1516 3025; x_wconf 90' lang='lat' dir='ltr'><strong>Sicque</strong></span> <span class='ocrx_word' id='word_1_253' title='bbox 1560 2950 1752 3025; x_wconf 90' lang='lat' dir='ltr'><strong>patet,</strong></span> <span class='ocrx_word' id='word_1_254' title='bbox 1787 2942 1955 3023; x_wconf 89' lang='lat' dir='ltr'><strong>quod</strong></span> <span class='ocrx_word' id='word_1_255' title='bbox 1998 2942 2061 3002; x_wconf 92' lang='lat' dir='ltr'><strong>in</strong></span> <span class='ocrx_word' id='word_1_256' title='bbox 2106 2941 2233 3004; x_wconf 91' lang='lat' dir='ltr'><strong>alio</strong></span> <span class='ocrx_word' id='word_1_257' title='bbox 2274 2949 2339 3003; x_wconf 90' lang='lat' dir='ltr'><strong>et</strong></span> 
     </span>
    </p>
   </div>
   <div class='ocr_carea' id='block_1_11' title="bbox 2446 1953 3961 3026">
    <p class='ocr_par' dir='ltr' id='par_1_15' title="bbox 2446 1953 3961 3026">
     <span class='ocr_line' id='line_1_40' title="bbox 2454 1953 3953 2034; baseline 0.004 -19"><span class='ocrx_word' id='word_1_258' title='bbox 2454 1953 2592 2034; x_wconf 89' lang='lat' dir='ltr'><strong>ipsa</strong></span> <span class='ocrx_word' id='word_1_259' title='bbox 2648 1954 2844 2016; x_wconf 89' lang='lat' dir='ltr'><strong>simul</strong></span> <span class='ocrx_word' id='word_1_260' title='bbox 2893 1974 3040 2018; x_wconf 89' lang='lat' dir='ltr'><strong>cum</strong></span> <span class='ocrx_word' id='word_1_261' title='bbox 3100 1976 3215 2018; x_wconf 92' lang='lat' dir='ltr'><strong>sua</strong></span> <span class='ocrx_word' id='word_1_262' title='bbox 3266 1957 3469 2020; x_wconf 81' lang='lat' dir='ltr'><strong>forma</strong></span> <span class='ocrx_word' id='word_1_263' title='bbox 3522 1958 3953 2021; x_wconf 86' lang='lat' dir='ltr'><strong>substantiali.</strong></span> 
     </span>
     <span class='ocr_line' id='line_1_41' title="bbox 2450 2050 3961 2120; baseline 0.005 -8"><span class='ocrx_word' id='word_1_264' title='bbox 2450 2050 2578 2113; x_wconf 88' lang='lat' dir='ltr'><strong>Nec</strong></span> <span class='ocrx_word' id='word_1_265' title='bbox 2612 2059 2738 2114; x_wconf 91' lang='lat' dir='ltr'><strong>tota</strong></span> <span class='ocrx_word' id='word_1_266' title='bbox 2778 2052 2887 2114; x_wconf 90' lang='lat' dir='ltr'><strong>illa</strong></span> <span class='ocrx_word' id='word_1_267' title='bbox 2925 2054 3279 2117; x_wconf 90' lang='lat' dir='ltr'><strong>substantia</strong></span> <span class='ocrx_word' id='word_1_268' title='bbox 3316 2057 3710 2119; x_wconf 89' lang='lat' dir='ltr'><strong>convertitur</strong></span> <span class='ocrx_word' id='word_1_269' title='bbox 3748 2056 3813 2118; x_wconf 92' lang='lat' dir='ltr'><strong>in</strong></span> <span class='ocrx_word' id='word_1_270' title='bbox 3856 2075 3961 2120; x_wconf 90' lang='lat' dir='ltr'><strong>so-</strong></span> 
     </span>
     <span class='ocr_line' id='line_1_42' title="bbox 2454 2149 3957 2235; baseline 0.006 -25"><span class='ocrx_word' id='word_1_271' title='bbox 2454 2149 2576 2210; x_wconf 91' lang='lat' dir='ltr'><strong>lam</strong></span> <span class='ocrx_word' id='word_1_272' title='bbox 2612 2152 2938 2214; x_wconf 88' lang='lat' dir='ltr'><strong>materiam</strong></span> <span class='ocrx_word' id='word_1_273' title='bbox 2971 2153 3257 2235; x_wconf 88' lang='lat' dir='ltr'><strong>corporis</strong></span> <span class='ocrx_word' id='word_1_274' title='bbox 3290 2154 3547 2228; x_wconf 89' lang='lat' dir='ltr'><strong>Christi,</strong></span> <span class='ocrx_word' id='word_1_275' title='bbox 3580 2155 3688 2217; x_wconf 89' lang='lat' dir='ltr'><strong>sed</strong></span> <span class='ocrx_word' id='word_1_276' title='bbox 3719 2156 3783 2218; x_wconf 87' lang='lat' dir='ltr'><strong>in</strong></span> <span class='ocrx_word' id='word_1_277' title='bbox 3816 2176 3957 2218; x_wconf 89' lang='lat' dir='ltr'><strong>ma-</strong></span> 
     </span>
     <span class='ocr_line' id='line_1_43' title="bbox 2449 2248 3957 2325; baseline 0.005 -16"><span class='ocrx_word' id='word_1_278' title='bbox 2449 2248 2675 2310; x_wconf 87' lang='lat' dir='ltr'><strong>teriam</strong></span> <span class='ocrx_word' id='word_1_279' title='bbox 2710 2249 2883 2312; x_wconf 88' lang='lat' dir='ltr'><strong>illam</strong></span> <span class='ocrx_word' id='word_1_280' title='bbox 2912 2269 2985 2313; x_wconf 88' lang='lat' dir='ltr'><strong>ac</strong></span> <span class='ocrx_word' id='word_1_281' title='bbox 3019 2251 3387 2325; x_wconf 77' lang='lat' dir='ltr'><strong>formam‚et</strong></span> <span class='ocrx_word' id='word_1_282' title='bbox 3416 2272 3541 2316; x_wconf 90' lang='lat' dir='ltr'><strong>non</strong></span> <span class='ocrx_word' id='word_1_283' title='bbox 3576 2253 3639 2315; x_wconf 91' lang='lat' dir='ltr'><strong>in</strong></span> <span class='ocrx_word' id='word_1_284' title='bbox 3670 2255 3957 2317; x_wconf 88' lang='lat' dir='ltr'><strong>animam</strong></span> 
     </span>
     <span class='ocr_line' id='line_1_44' title="bbox 2451 2346 3957 2431; baseline 0.005 -24"><span class='ocrx_word' id='word_1_285' title='bbox 2451 2346 3131 2431; x_wconf 81' lang='lat' dir='ltr'><strong>intellectualem,quae</strong></span> <span class='ocrx_word' id='word_1_286' title='bbox 3163 2369 3288 2413; x_wconf 92' lang='lat' dir='ltr'><strong>non</strong></span> <span class='ocrx_word' id='word_1_287' title='bbox 3322 2352 3383 2413; x_wconf 90' lang='lat' dir='ltr'><strong>vi</strong></span> <span class='ocrx_word' id='word_1_288' title='bbox 3416 2353 3957 2425; x_wconf 86' lang='lat' dir='ltr'><strong>sacramenti,sed</strong></span> 
     </span>
     <span class='ocr_line' id='line_1_45' title="bbox 2450 2447 3955 2527; baseline 0.006 -21"><span class='ocrx_word' id='word_1_289' title='bbox 2450 2464 2565 2527; x_wconf 89' lang='lat' dir='ltr'><strong>per</strong></span> <span class='ocrx_word' id='word_1_290' title='bbox 2618 2447 2969 2509; x_wconf 89' lang='lat' dir='ltr'><strong>naturalem</strong></span> <span class='ocrx_word' id='word_1_291' title='bbox 3023 2450 3581 2513; x_wconf 84' lang='lat' dir='ltr'><strong>concomitantiam</strong></span> <span class='ocrx_word' id='word_1_292' title='bbox 3629 2451 3832 2514; x_wconf 80' lang='lat' dir='ltr'><strong>fertur</strong></span> <span class='ocrx_word' id='word_1_293' title='bbox 3883 2453 3955 2515; x_wconf 85' lang='lat' dir='ltr'><strong>in</strong></span> 
     </span>
     <span class='ocr_line' id='line_1_46' title="bbox 2449 2547 3957 2631; baseline 0.005 -26"><span class='ocrx_word' id='word_1_294' title='bbox 2449 2553 2845 2608; x_wconf 89' lang='lat' dir='ltr'><strong>sacramento</strong></span> <span class='ocrx_word' id='word_1_295' title='bbox 2904 2547 3267 2610; x_wconf 88' lang='lat' dir='ltr'><strong>consistere.</strong></span> <span class='ocrx_word' id='word_1_296' title='bbox 3322 2547 3485 2629; x_wconf 85' lang='lat' dir='ltr'><strong>Ergo</strong></span> <span class='ocrx_word' id='word_1_297' title='bbox 3534 2556 3760 2631; x_wconf 85' lang='lat' dir='ltr'><strong>praeter</strong></span> <span class='ocrx_word' id='word_1_298' title='bbox 3804 2568 3957 2613; x_wconf 87' lang='lat' dir='ltr'><strong>eam</strong></span> 
     </span>
     <span class='ocr_line' id='line_1_47' title="bbox 2448 2643 3957 2726; baseline 0.005 -21"><span class='ocrx_word' id='word_1_299' title='bbox 2448 2650 2544 2705; x_wconf 91' lang='lat' dir='ltr'><strong>est</strong></span> <span class='ocrx_word' id='word_1_300' title='bbox 2582 2643 2647 2704; x_wconf 91' lang='lat' dir='ltr'><strong>in</strong></span> <span class='ocrx_word' id='word_1_301' title='bbox 2690 2662 2954 2726; x_wconf 91' lang='lat' dir='ltr'><strong>corpore</strong></span> <span class='ocrx_word' id='word_1_302' title='bbox 2986 2644 3217 2708; x_wconf 90' lang='lat' dir='ltr'><strong>Christi</strong></span> <span class='ocrx_word' id='word_1_303' title='bbox 3258 2646 3381 2708; x_wconf 90' lang='lat' dir='ltr'><strong>alia</strong></span> <span class='ocrx_word' id='word_1_304' title='bbox 3422 2647 3627 2709; x_wconf 80' lang='lat' dir='ltr'><strong>forma</strong></span> <span class='ocrx_word' id='word_1_305' title='bbox 3658 2648 3957 2712; x_wconf 84' lang='lat' dir='ltr'><strong>substau-</strong></span> 
     </span>
     <span class='ocr_line' id='line_1_48' title="bbox 2446 2727 3955 2830; baseline 0.006 -28"><span class='ocrx_word' id='word_1_306' title='bbox 2446 2727 2636 2814; x_wconf 72' lang='lat' dir='ltr'><strong>italis,</strong></span> <span class='ocrx_word' id='word_1_307' title='bbox 2670 2761 2785 2824; x_wconf 91' lang='lat' dir='ltr'><strong>per</strong></span> <span class='ocrx_word' id='word_1_308' title='bbox 2821 2762 3012 2825; x_wconf 89' lang='lat' dir='ltr'><strong>quam</strong></span> <span class='ocrx_word' id='word_1_309' title='bbox 3054 2745 3315 2826; x_wconf 88' lang='lat' dir='ltr'><strong>ponitur</strong></span> <span class='ocrx_word' id='word_1_310' title='bbox 3352 2745 3417 2808; x_wconf 91' lang='lat' dir='ltr'><strong>in</strong></span> <span class='ocrx_word' id='word_1_311' title='bbox 3452 2765 3592 2809; x_wconf 89' lang='lat' dir='ltr'><strong>esse</strong></span> <span class='ocrx_word' id='word_1_312' title='bbox 3632 2749 3955 2830; x_wconf 89' lang='lat' dir='ltr'><strong>corporei·</strong></span> 
     </span>
     <span class='ocr_line' id='line_1_49' title="bbox 2448 2840 3953 2928; baseline 0.004 -25"><span class='ocrx_word' id='word_1_313' title='bbox 2448 2840 2612 2913; x_wconf 80' lang='lat' dir='ltr'><strong>tatis,</strong></span> <span class='ocrx_word' id='word_1_314' title='bbox 2666 2840 2731 2903; x_wconf 90' lang='lat' dir='ltr'><strong>in</strong></span> <span class='ocrx_word' id='word_1_315' title='bbox 2782 2860 2973 2923; x_wconf 89' lang='lat' dir='ltr'><strong>quam</strong></span> <span class='ocrx_word' id='word_1_316' title='bbox 3024 2841 3227 2906; x_wconf 79' lang='lat' dir='ltr'><strong>forma</strong></span> <span class='ocrx_word' id='word_1_317' title='bbox 3278 2843 3710 2907; x_wconf 84' lang='lat' dir='ltr'><strong>substantialis</strong></span> <span class='ocrx_word' id='word_1_318' title='bbox 3760 2848 3953 2928; x_wconf 89' lang='lat' dir='ltr'><strong>panis</strong></span> 
     </span>
     <span class='ocr_line' id='line_1_50' title="bbox 2446 2940 3954 3026; baseline 0.005 -26"><span class='ocrx_word' id='word_1_319' title='bbox 2446 2940 2731 3000; x_wconf 90' lang='lat' dir='ltr'><strong>converti</strong></span> <span class='ocrx_word' id='word_1_320' title='bbox 2770 2941 3092 3002; x_wconf 89' lang='lat' dir='ltr'><strong>asseritur.</strong></span> <span class='ocrx_word' id='word_1_321' title='bbox 3125 2977 3205 2987; x_wconf 92' lang='lat'>—</span> <span class='ocrx_word' id='word_1_322' title='bbox 3234 2943 3469 3004; x_wconf 88' lang='lat' dir='ltr'><strong>Verum</strong></span> <span class='ocrx_word' id='word_1_323' title='bbox 3501 2944 3800 3026; x_wconf 91' lang='lat' dir='ltr'><strong>quoniam</strong></span> <span class='ocrx_word' id='word_1_324' title='bbox 3844 2965 3954 3007; x_wconf 89' lang='lat' dir='ltr'><strong>su—</strong></span> 
     </span>
    </p>
   </div>
   <div class='ocr_carea' id='block_1_12' title="bbox 837 3037 4249 3127">
    <p class='ocr_par' dir='ltr' id='par_1_16' title="bbox 837 3037 4249 3127">
     <span class='ocr_line' id='line_1_51' title="bbox 837 3037 4249 3127; baseline 0.001 -25"><span class='ocrx_word' id='word_1_325' title='bbox 837 3041 963 3103; x_wconf 89' lang='lat' dir='ltr'><strong>alio</strong></span> <span class='ocrx_word' id='word_1_326' title='bbox 1003 3041 1260 3103; x_wconf 89' lang='lat' dir='ltr'><strong>instanti</strong></span> <span class='ocrx_word' id='word_1_327' title='bbox 1303 3040 1654 3104; x_wconf 89' lang='lat' dir='ltr'><strong>secundum</strong></span> <span class='ocrx_word' id='word_1_328' title='bbox 1697 3059 1854 3114; x_wconf 90' lang='lat' dir='ltr'><strong>rem,</strong></span> <span class='ocrx_word' id='word_1_329' title='bbox 1887 3048 1951 3102; x_wconf 89' lang='lat' dir='ltr'><strong>et</strong></span> <span class='ocrx_word' id='word_1_330' title='bbox 1980 3039 2332 3102; x_wconf 88' lang='lat' dir='ltr'><strong>secundum</strong></span> <span class='ocrx_word' id='word_1_331' title='bbox 2372 3037 2415 3100; x_wconf 98' lang='lat' dir='ltr'><strong>C</strong></span> <span class='ocrx_word' id='word_1_332' title='bbox 2448 3056 2562 3119; x_wconf 93' lang='lat' dir='ltr'><strong>per</strong></span> <span class='ocrx_word' id='word_1_333' title='bbox 2600 3039 2953 3100; x_wconf 88' lang='lat' dir='ltr'><strong>secundum</strong></span> <span class='ocrx_word' id='word_1_334' title='bbox 2996 3039 3328 3121; x_wconf 88' lang='lat' dir='ltr'><strong>reprobata</strong></span> <span class='ocrx_word' id='word_1_335' title='bbox 3370 3049 3465 3103; x_wconf 89' lang='lat' dir='ltr'><strong>est</strong></span> <span class='ocrx_word' id='word_1_336' title='bbox 3512 3043 3766 3125; x_wconf 90' lang='lat' dir='ltr'><strong>copiose</strong></span> <span class='ocrx_word' id='word_1_337' title='bbox 3804 3045 3951 3127; x_wconf 86' lang='lat' dir='ltr'><strong>opi·</strong></span> <span class='ocrx_word' id='word_1_338' title='bbox 3987 3069 4249 3126; x_wconf 39' lang='lat' dir='ltr'><strong>(manu</strong></span> 
     </span>
    </p>
   </div>
   <div class='ocr_carea' id='block_1_13' title="bbox 836 3137 2401 3221">
    <p class='ocr_par' dir='ltr' id='par_1_17' title="bbox 836 3137 2401 3221">
     <span class='ocr_line' id='line_1_52' title="bbox 836 3137 2401 3221; baseline 0.001 -19"><span class='ocrx_word' id='word_1_339' title='bbox 836 3140 1005 3221; x_wconf 90' lang='lat' dir='ltr'><strong>quod</strong></span> <span class='ocrx_word' id='word_1_340' title='bbox 1037 3147 1133 3201; x_wconf 92' lang='lat' dir='ltr'><strong>est</strong></span> <span class='ocrx_word' id='word_1_341' title='bbox 1165 3157 1462 3201; x_wconf 90' lang='lat' dir='ltr'><strong>mensura</strong></span> <span class='ocrx_word' id='word_1_342' title='bbox 1492 3138 1679 3200; x_wconf 91' lang='lat' dir='ltr'><strong>realis</strong></span> <span class='ocrx_word' id='word_1_343' title='bbox 1708 3156 1780 3200; x_wconf 91' lang='lat' dir='ltr'><strong>ac</strong></span> <span class='ocrx_word' id='word_1_344' title='bbox 1813 3137 2082 3220; x_wconf 93' lang='lat' dir='ltr'><strong>propria,</strong></span> <span class='ocrx_word' id='word_1_345' title='bbox 2100 3137 2335 3199; x_wconf 89' lang='lat' dir='ltr'><strong>habent</strong></span> <span class='ocrx_word' id='word_1_346' title='bbox 2394 3198 2401 3203; x_wconf 84' lang='grc'>,</span> 
     </span>
    </p>
   </div>
   <div class='ocr_carea' id='block_1_14' title="bbox 831 3234 2335 4204">
    <p class='ocr_par' dir='ltr' id='par_1_18' title="bbox 835 3234 2335 3613">
     <span class='ocr_line' id='line_1_53' title="bbox 837 3234 2331 3319; baseline -0.001 -20"><span class='ocrx_word' id='word_1_347' title='bbox 837 3255 977 3299; x_wconf 90' lang='lat' dir='ltr'><strong>esse</strong></span> <span class='ocrx_word' id='word_1_348' title='bbox 1035 3236 1217 3319; x_wconf 90' lang='lat' dir='ltr'><strong>panis</strong></span> <span class='ocrx_word' id='word_1_349' title='bbox 1276 3244 1340 3299; x_wconf 90' lang='lat' dir='ltr'><strong>ct</strong></span> <span class='ocrx_word' id='word_1_350' title='bbox 1396 3254 1628 3317; x_wconf 88' lang='lat' dir='ltr'><strong>corpus</strong></span> <span class='ocrx_word' id='word_1_351' title='bbox 1685 3235 1916 3298; x_wconf 88' lang='lat' dir='ltr'><strong>Christi</strong></span> <span class='ocrx_word' id='word_1_352' title='bbox 1981 3235 2046 3297; x_wconf 89' lang='lat' dir='ltr'><strong>in</strong></span> <span class='ocrx_word' id='word_1_353' title='bbox 2103 3234 2331 3309; x_wconf 89' lang='lat' dir='ltr'><strong>hostia,</strong></span> 
     </span>
     <span class='ocr_line' id='line_1_54' title="bbox 836 3334 2333 3417; baseline -0.001 -21"><span class='ocrx_word' id='word_1_354' title='bbox 836 3334 1129 3417; x_wconf 88' lang='lat' dir='ltr'><strong>quamvis</strong></span> <span class='ocrx_word' id='word_1_355' title='bbox 1161 3334 1510 3397; x_wconf 89' lang='lat' dir='ltr'><strong>secundum</strong></span> <span class='ocrx_word' id='word_1_356' title='bbox 1544 3352 1902 3396; x_wconf 89' lang='lat' dir='ltr'><strong>mensuram</strong></span> <span class='ocrx_word' id='word_1_357' title='bbox 1931 3351 2333 3397; x_wconf 89' lang='lat' dir='ltr'><strong>communem</strong></span> 
     </span>
     <span class='ocr_line' id='line_1_55' title="bbox 836 3432 2335 3513; baseline -0.001 -18"><span class='ocrx_word' id='word_1_358' title='bbox 836 3434 962 3496; x_wconf 91' lang='lat' dir='ltr'><strong>duo</strong></span> <span class='ocrx_word' id='word_1_359' title='bbox 998 3433 1296 3495; x_wconf 86' lang='lat' dir='ltr'><strong>instantia</strong></span> <span class='ocrx_word' id='word_1_360' title='bbox 1334 3432 1698 3495; x_wconf 90' lang='lat' dir='ltr'><strong>immediate</strong></span> <span class='ocrx_word' id='word_1_361' title='bbox 1738 3432 1988 3513; x_wconf 84' lang='lat' dir='ltr'><strong>signare</strong></span> <span class='ocrx_word' id='word_1_362' title='bbox 2023 3450 2151 3495; x_wconf 90' lang='lat' dir='ltr'><strong>non</strong></span> <span class='ocrx_word' id='word_1_363' title='bbox 2190 3449 2335 3494; x_wconf 89' lang='lat' dir='ltr'><strong>con·</strong></span> 
     </span>
     <span class='ocr_line' id='line_1_56' title="bbox 835 3531 1730 3613; baseline -0.001 -20"><span class='ocrx_word' id='word_1_364' title='bbox 835 3531 1052 3613; x_wconf 84' lang='lat' dir='ltr'><strong>tingat.</strong></span> <span class='ocrx_word' id='word_1_365' title='bbox 1087 3532 1229 3595; x_wconf 84' lang='lat' dir='ltr'><strong>Haec</strong></span> <span class='ocrx_word' id='word_1_366' title='bbox 1271 3532 1730 3595; x_wconf 89' lang='lat' dir='ltr'><strong>Bonaventura.</strong></span> 
     </span>
    </p>

    <p class='ocr_par' dir='ltr' id='par_1_19' title="bbox 831 3629 2333 4204">
     <span class='ocr_line' id='line_1_57' title="bbox 911 3629 2331 3710; baseline -0.001 -18"><span class='ocrx_word' id='word_1_367' title='bbox 911 3629 1216 3693; x_wconf 83' lang='lat' dir='ltr'><strong>Praeterea</strong></span> <span class='ocrx_word' id='word_1_368' title='bbox 1270 3629 1539 3693; x_wconf 89' lang='lat' dir='ltr'><strong>Thomas</strong></span> <span class='ocrx_word' id='word_1_369' title='bbox 1597 3629 1674 3691; x_wconf 92' lang='lat' dir='ltr'><strong>de</strong></span> <span class='ocrx_word' id='word_1_370' title='bbox 1731 3630 2076 3709; x_wconf 84' lang='lat' dir='ltr'><strong>Argentina</strong></span> <span class='ocrx_word' id='word_1_371' title='bbox 2131 3629 2331 3710; x_wconf 84' lang='lat' dir='ltr'><strong>tangit</strong></span> 
     </span>
     <span class='ocr_line' id='line_1_58' title="bbox 833 3727 2332 3810; baseline 0.001 -22"><span class='ocrx_word' id='word_1_372' title='bbox 833 3727 937 3790; x_wconf 94' lang='lat' dir='ltr'><strong>hic</strong></span> <span class='ocrx_word' id='word_1_373' title='bbox 966 3728 1180 3810; x_wconf 90' lang='lat' dir='ltr'><strong>aliqua</strong></span> <span class='ocrx_word' id='word_1_374' title='bbox 1209 3736 1428 3791; x_wconf 89' lang='lat' dir='ltr'><strong>contra</strong></span> <span class='ocrx_word' id='word_1_375' title='bbox 1456 3728 1626 3790; x_wconf 89' lang='lat' dir='ltr'><strong>dicta</strong></span> <span class='ocrx_word' id='word_1_376' title='bbox 1659 3746 1736 3789; x_wconf 83' lang='lat' dir='ltr'><strong>ex</strong></span> <span class='ocrx_word' id='word_1_377' title='bbox 1772 3728 1832 3791; x_wconf 91' lang='lat' dir='ltr'><strong>S.</strong></span> <span class='ocrx_word' id='word_1_378' title='bbox 1858 3728 2116 3802; x_wconf 89' lang='lat' dir='ltr'><strong>Thoma,</strong></span> <span class='ocrx_word' id='word_1_379' title='bbox 2152 3728 2332 3791; x_wconf 89' lang='lat' dir='ltr'><strong>Petro</strong></span> 
     </span>
     <span class='ocr_line' id='line_1_59' title="bbox 833 3824 2331 3901; baseline -0.001 -13"><span class='ocrx_word' id='word_1_380' title='bbox 833 3834 898 3888; x_wconf 93' lang='lat' dir='ltr'><strong>et</strong></span> <span class='ocrx_word' id='word_1_381' title='bbox 946 3826 1278 3901; x_wconf 85' lang='lat' dir='ltr'><strong>Richard0‚</strong></span> <span class='ocrx_word' id='word_1_382' title='bbox 1319 3828 1398 3889; x_wconf 90' lang='lat' dir='ltr'><strong>de</strong></span> <span class='ocrx_word' id='word_1_383' title='bbox 1449 3826 1865 3889; x_wconf 87' lang='lat' dir='ltr'><strong>conversione</strong></span> <span class='ocrx_word' id='word_1_384' title='bbox 1917 3824 2136 3888; x_wconf 83' lang='lat' dir='ltr'><strong>sormae</strong></span> <span class='ocrx_word' id='word_1_385' title='bbox 2182 3825 2331 3888; x_wconf 91' lang='lat' dir='ltr'><strong>sub-</strong></span> 
     </span>
     <span class='ocr_line' id='line_1_60' title="bbox 831 3923 2332 4007; baseline -0.001 -20"><span class='ocrx_word' id='word_1_386' title='bbox 831 3924 1142 3987; x_wconf 87' lang='lat' dir='ltr'><strong>stantialis</strong></span> <span class='ocrx_word' id='word_1_387' title='bbox 1197 3924 1398 4007; x_wconf 90' lang='lat' dir='ltr'><strong>ipsius</strong></span> <span class='ocrx_word' id='word_1_388' title='bbox 1459 3924 1640 4006; x_wconf 90' lang='lat' dir='ltr'><strong>panis</strong></span> <span class='ocrx_word' id='word_1_389' title='bbox 1698 3924 1766 3985; x_wconf 88' lang='lat' dir='ltr'><strong>in</strong></span> <span class='ocrx_word' id='word_1_390' title='bbox 1815 3924 2157 4005; x_wconf 87' lang='lat' dir='ltr'><strong>quamdam</strong></span> <span class='ocrx_word' id='word_1_391' title='bbox 2207 3923 2332 3985; x_wconf 87' lang='lat' dir='ltr'><strong>for-</strong></span> 
     </span>
     <span class='ocr_line' id='line_1_61' title="bbox 834 4021 2333 4105; baseline -0.001 -20"><span class='ocrx_word' id='word_1_392' title='bbox 834 4042 1004 4086; x_wconf 88' lang='lat' dir='ltr'><strong>mam</strong></span> <span class='ocrx_word' id='word_1_393' title='bbox 1045 4024 1327 4105; x_wconf 90' lang='lat' dir='ltr'><strong>corporis</strong></span> <span class='ocrx_word' id='word_1_394' title='bbox 1365 4022 1618 4095; x_wconf 88' lang='lat' dir='ltr'><strong>Christi,</strong></span> <span class='ocrx_word' id='word_1_395' title='bbox 1653 4030 1717 4083; x_wconf 93' lang='lat' dir='ltr'><strong>et</strong></span> <span class='ocrx_word' id='word_1_396' title='bbox 1754 4023 1832 4084; x_wconf 91' lang='lat' dir='ltr'><strong>de</strong></span> <span class='ocrx_word' id='word_1_397' title='bbox 1875 4022 1991 4084; x_wconf 91' lang='lat' dir='ltr'><strong>hoc</strong></span> <span class='ocrx_word' id='word_1_398' title='bbox 2034 4021 2200 4083; x_wconf 77' lang='lat' dir='ltr'><strong>infra</strong></span> <span class='ocrx_word' id='word_1_399' title='bbox 2240 4022 2333 4083; x_wconf 88' lang='lat' dir='ltr'><strong>di-</strong></span> 
     </span>
     <span class='ocr_line' id='line_1_62' title="bbox 833 4120 2332 4204; baseline 0 -21"><span class='ocrx_word' id='word_1_400' title='bbox 833 4130 1030 4184; x_wconf 90' lang='lat' dir='ltr'><strong>cetur.</strong></span> <span class='ocrx_word' id='word_1_401' title='bbox 1066 4121 1168 4184; x_wconf 87' lang='lat' dir='ltr'><strong>Ait</strong></span> <span class='ocrx_word' id='word_1_402' title='bbox 1205 4138 1483 4204; x_wconf 90' lang='lat' dir='ltr'><strong>quoque,</strong></span> <span class='ocrx_word' id='word_1_403' title='bbox 1517 4120 1687 4202; x_wconf 90' lang='lat' dir='ltr'><strong>quod</strong></span> <span class='ocrx_word' id='word_1_404' title='bbox 1724 4120 2014 4201; x_wconf 68' lang='lat' dir='ltr'><strong>quaedam</strong></span> <span class='ocrx_word' id='word_1_405' title='bbox 2059 4120 2332 4184; x_wconf 90' lang='lat' dir='ltr'><strong>rationes</strong></span> 
     </span>
    </p>
   </div>
   <div class='ocr_carea' id='block_1_15' title="bbox 2442 3133 4205 4201">
    <p class='ocr_par' dir='ltr' id='par_1_20' title="bbox 2445 3133 4205 3397">
     <span class='ocr_line' id='line_1_63' title="bbox 2446 3133 4205 3221; baseline 0.006 -24"><span class='ocrx_word' id='word_1_406' title='bbox 2446 3136 2554 3198; x_wconf 90' lang='lat' dir='ltr'><strong>nio</strong></span> <span class='ocrx_word' id='word_1_407' title='bbox 2585 3136 2694 3198; x_wconf 91' lang='lat' dir='ltr'><strong>illa</strong></span> <span class='ocrx_word' id='word_1_408' title='bbox 2724 3138 3100 3219; x_wconf 87' lang='lat' dir='ltr'><strong>ponentium</strong></span> <span class='ocrx_word' id='word_1_409' title='bbox 3132 3138 3349 3221; x_wconf 90' lang='lat' dir='ltr'><strong>plures</strong></span> <span class='ocrx_word' id='word_1_410' title='bbox 3380 3140 3618 3203; x_wconf 80' lang='lat' dir='ltr'><strong>formas</strong></span> <span class='ocrx_word' id='word_1_411' title='bbox 3646 3141 3949 3205; x_wconf 88' lang='lat' dir='ltr'><strong>substan·</strong></span> <span class='ocrx_word' id='word_1_412' title='bbox 3982 3148 4034 3188; x_wconf 75' lang='grc' dir='ltr'><strong>Ρ·</strong></span> <span class='ocrx_word' id='word_1_413' title='bbox 4056 3133 4205 3177; x_wconf 75' lang='lat'><strong>¹³⁹⁰·</strong></span> 
     </span>
     <span class='ocr_line' id='line_1_64' title="bbox 2447 3234 3949 3322; baseline 0.006 -27"><span class='ocrx_word' id='word_1_414' title='bbox 2447 3234 2627 3297; x_wconf 88' lang='lat' dir='ltr'><strong>tiales</strong></span> <span class='ocrx_word' id='word_1_415' title='bbox 2668 3235 2732 3297; x_wconf 89' lang='lat' dir='ltr'><strong>in</strong></span> <span class='ocrx_word' id='word_1_416' title='bbox 2764 3236 2988 3297; x_wconf 89' lang='lat' dir='ltr'><strong>eodem</strong></span> <span class='ocrx_word' id='word_1_417' title='bbox 3019 3237 3392 3319; x_wconf 89' lang='lat' dir='ltr'><strong>composito,</strong></span> <span class='ocrx_word' id='word_1_418' title='bbox 3426 3256 3554 3301; x_wconf 89' lang='lat' dir='ltr'><strong>non</strong></span> <span class='ocrx_word' id='word_1_419' title='bbox 3584 3248 3833 3322; x_wconf 91' lang='lat' dir='ltr'><strong>oportet</strong></span> <span class='ocrx_word' id='word_1_420' title='bbox 3862 3242 3949 3304; x_wconf 88' lang='lat' dir='ltr'><strong>de</strong></span> 
     </span>
     <span class='ocr_line' id='line_1_65' title="bbox 2445 3333 3166 3397; baseline 0.003 -2"><span class='ocrx_word' id='word_1_421' title='bbox 2445 3333 2565 3395; x_wconf 88' lang='lat' dir='ltr'><strong>hoc</strong></span> <span class='ocrx_word' id='word_1_422' title='bbox 2606 3351 2778 3395; x_wconf 89' lang='lat' dir='ltr'><strong>nunc</strong></span> <span class='ocrx_word' id='word_1_423' title='bbox 2822 3333 3166 3397; x_wconf 86' lang='lat' dir='ltr'><strong>immorari.</strong></span> 
     </span>
    </p>

    <p class='ocr_par' dir='ltr' id='par_1_21' title="bbox 2442 3431 3949 4201">
     <span class='ocr_line' id='line_1_66' title="bbox 2524 3431 3949 3519; baseline 0.005 -26"><span class='ocrx_word' id='word_1_424' title='bbox 2524 3431 2642 3493; x_wconf 87' lang='lat' dir='ltr'><strong>Sed</strong></span> <span class='ocrx_word' id='word_1_425' title='bbox 2700 3439 2985 3495; x_wconf 86' lang='lat' dir='ltr'><strong>remanet</strong></span> <span class='ocrx_word' id='word_1_426' title='bbox 3030 3432 3405 3509; x_wconf 75' lang='lat' dir='ltr'><strong>difficultas,</strong></span> <span class='ocrx_word' id='word_1_427' title='bbox 3456 3435 3524 3497; x_wconf 90' lang='lat' dir='ltr'><strong>in</strong></span> <span class='ocrx_word' id='word_1_428' title='bbox 3572 3456 3763 3519; x_wconf 92' lang='lat' dir='ltr'><strong>quam</strong></span> <span class='ocrx_word' id='word_1_429' title='bbox 3811 3436 3949 3500; x_wconf 83' lang='lat' dir='ltr'><strong>for·</strong></span> 
     </span>
     <span class='ocr_line' id='line_1_67' title="bbox 2446 3529 3945 3598; baseline 0.005 -8"><span class='ocrx_word' id='word_1_430' title='bbox 2446 3547 2612 3591; x_wconf 89' lang='lat' dir='ltr'><strong>mam</strong></span> <span class='ocrx_word' id='word_1_431' title='bbox 2644 3529 3127 3593; x_wconf 82' lang='lat' dir='ltr'><strong>substantialem</strong></span> <span class='ocrx_word' id='word_1_432' title='bbox 3160 3540 3567 3595; x_wconf 89' lang='lat' dir='ltr'><strong>convertatur</strong></span> <span class='ocrx_word' id='word_1_433' title='bbox 3596 3533 3945 3598; x_wconf 86' lang='lat' dir='ltr'><strong>substanti-</strong></span> 
     </span>
     <span class='ocr_line' id='line_1_68' title="bbox 2442 3627 3947 3711; baseline 0.005 -22"><span class='ocrx_word' id='word_1_434' title='bbox 2442 3627 2559 3689; x_wconf 93' lang='lat' dir='ltr'><strong>alis</strong></span> <span class='ocrx_word' id='word_1_435' title='bbox 2589 3627 2791 3691; x_wconf 76' lang='lat' dir='ltr'><strong>forma</strong></span> <span class='ocrx_word' id='word_1_436' title='bbox 2820 3628 3090 3711; x_wconf 82' lang='lat' dir='ltr'><strong>paniS,si</strong></span> <span class='ocrx_word' id='word_1_437' title='bbox 3122 3638 3335 3694; x_wconf 83' lang='lat' dir='ltr'><strong>tamen</strong></span> <span class='ocrx_word' id='word_1_438' title='bbox 3365 3632 3429 3693; x_wconf 91' lang='lat' dir='ltr'><strong>in</strong></span> <span class='ocrx_word' id='word_1_439' title='bbox 3464 3632 3947 3697; x_wconf 84' lang='lat' dir='ltr'><strong>substantialem</strong></span> 
     </span>
     <span class='ocr_line' id='line_1_69' title="bbox 2447 3723 3945 3811; baseline 0.005 -24"><span class='ocrx_word' id='word_1_440' title='bbox 2447 3723 2713 3788; x_wconf 79' lang='lat' dir='ltr'><strong>formam</strong></span> <span class='ocrx_word' id='word_1_441' title='bbox 2757 3729 3167 3790; x_wconf 88' lang='lat' dir='ltr'><strong>convertitur.</strong></span> <span class='ocrx_word' id='word_1_442' title='bbox 3212 3729 3540 3811; x_wconf 88' lang='lat' dir='ltr'><strong>Siquidem</strong></span> <span class='ocrx_word' id='word_1_443' title='bbox 3584 3732 3945 3795; x_wconf 90' lang='lat' dir='ltr'><strong>secundum</strong></span> 
     </span>
     <span class='ocr_line' id='line_1_70' title="bbox 2442 3824 3945 3912; baseline 0.004 -25"><span class='ocrx_word' id='word_1_444' title='bbox 2442 3824 2971 3900; x_wconf 89' lang='lat' dir='ltr'><strong>Bonaventuram,</strong></span> <span class='ocrx_word' id='word_1_445' title='bbox 3006 3827 3271 3889; x_wconf 88' lang='lat' dir='ltr'><strong>materia</strong></span> <span class='ocrx_word' id='word_1_446' title='bbox 3308 3837 3374 3890; x_wconf 88' lang='lat' dir='ltr'><strong>et</strong></span> <span class='ocrx_word' id='word_1_447' title='bbox 3402 3828 3609 3891; x_wconf 84' lang='lat' dir='ltr'><strong>forma</strong></span> <span class='ocrx_word' id='word_1_448' title='bbox 3646 3830 3831 3912; x_wconf 87' lang='lat' dir='ltr'><strong>panis</strong></span> <span class='ocrx_word' id='word_1_449' title='bbox 3873 3831 3945 3895; x_wconf 87' lang='lat' dir='ltr'><strong>in</strong></span> 
     </span>
     <span class='ocr_line' id='line_1_71' title="bbox 2444 3922 3947 4006; baseline 0.005 -21"><span class='ocrx_word' id='word_1_450' title='bbox 2444 3922 2649 3985; x_wconf 91' lang='lat' dir='ltr'><strong>solum</strong></span> <span class='ocrx_word' id='word_1_451' title='bbox 2705 3941 2959 4005; x_wconf 80' lang='lat' dir='ltr'><strong>corpuS,</strong></span> <span class='ocrx_word' id='word_1_452' title='bbox 3006 3942 3132 3987; x_wconf 93' lang='lat' dir='ltr'><strong>non</strong></span> <span class='ocrx_word' id='word_1_453' title='bbox 3179 3924 3242 3987; x_wconf 89' lang='lat' dir='ltr'><strong>in</strong></span> <span class='ocrx_word' id='word_1_454' title='bbox 3292 3925 3433 4006; x_wconf 90' lang='lat' dir='ltr'><strong>ejus</strong></span> <span class='ocrx_word' id='word_1_455' title='bbox 3478 3927 3760 3990; x_wconf 87' lang='lat' dir='ltr'><strong>animam</strong></span> <span class='ocrx_word' id='word_1_456' title='bbox 3818 3948 3947 3993; x_wconf 87' lang='lat' dir='ltr'><strong>nec</strong></span> 
     </span>
     <span class='ocr_line' id='line_1_72' title="bbox 2442 4021 3941 4091; baseline 0.006 -9"><span class='ocrx_word' id='word_1_457' title='bbox 2442 4021 2715 4083; x_wconf 77' lang='lat' dir='ltr'><strong>sormam</strong></span> <span class='ocrx_word' id='word_1_458' title='bbox 2744 4022 3225 4087; x_wconf 89' lang='lat' dir='ltr'><strong>substantialem</strong></span> <span class='ocrx_word' id='word_1_459' title='bbox 3256 4026 3539 4087; x_wconf 87' lang='lat' dir='ltr'><strong>converti</strong></span> <span class='ocrx_word' id='word_1_460' title='bbox 3568 4027 3941 4091; x_wconf 85' lang='lat' dir='ltr'><strong>creduntur.</strong></span> 
     </span>
     <span class='ocr_line' id='line_1_73' title="bbox 2446 4120 3947 4201; baseline 0.005 -19"><span class='ocrx_word' id='word_1_461' title='bbox 2446 4120 2553 4182; x_wconf 84' lang='lat' dir='ltr'><strong>Est</strong></span> <span class='ocrx_word' id='word_1_462' title='bbox 2583 4138 2732 4200; x_wconf 86' lang='lat' dir='ltr'><strong>ergo</strong></span> <span class='ocrx_word' id='word_1_463' title='bbox 2763 4120 2867 4183; x_wconf 90' lang='lat' dir='ltr'><strong>hic</strong></span> <span class='ocrx_word' id='word_1_464' title='bbox 2896 4120 3175 4201; x_wconf 82' lang='lat' dir='ltr'><strong>grandiS‚</strong></span> <span class='ocrx_word' id='word_1_465' title='bbox 3210 4122 3340 4185; x_wconf 92' lang='lat' dir='ltr'><strong>imo</strong></span> <span class='ocrx_word' id='word_1_466' title='bbox 3370 4132 3435 4185; x_wconf 91' lang='lat' dir='ltr'><strong>et</strong></span> <span class='ocrx_word' id='word_1_467' title='bbox 3462 4125 3739 4187; x_wconf 83' lang='lat' dir='ltr'><strong>maxima</strong></span> <span class='ocrx_word' id='word_1_468' title='bbox 3767 4124 3947 4189; x_wconf 77' lang='lat' dir='ltr'><strong>diffi-</strong></span> 
     </span>
    </p>
   </div>
   <div class='ocr_carea' id='block_1_16' title="bbox 835 4217 3939 4301">
    <p class='ocr_par' dir='ltr' id='par_1_22' title="bbox 835 4217 3939 4301">
     <span class='ocr_line' id='line_1_74' title="bbox 835 4217 3939 4301; baseline 0.002 -18"><span class='ocrx_word' id='word_1_469' title='bbox 835 4221 1118 4283; x_wconf 89' lang='lat' dir='ltr'><strong>Doctoris</strong></span> <span class='ocrx_word' id='word_1_470' title='bbox 1172 4219 1556 4291; x_wconf 82' lang='lat' dir='ltr'><strong>communiS,</strong></span> <span class='ocrx_word' id='word_1_471' title='bbox 1608 4217 1844 4300; x_wconf 91' lang='lat' dir='ltr'><strong>quibus</strong></span> <span class='ocrx_word' id='word_1_472' title='bbox 1904 4218 2130 4300; x_wconf 89' lang='lat' dir='ltr'><strong>probat</strong></span> <span class='ocrx_word' id='word_1_473' title='bbox 2188 4220 2333 4282; x_wconf 92' lang='lat' dir='ltr'><strong>sub·</strong></span> <span class='ocrx_word' id='word_1_474' title='bbox 2363 4222 2412 4283; x_wconf 92' lang='lat' dir='ltr'>D</span> <span class='ocrx_word' id='word_1_475' title='bbox 2444 4218 2669 4280; x_wconf 78' lang='lat' dir='ltr'><strong>cultas,</strong></span> <span class='ocrx_word' id='word_1_476' title='bbox 2706 4220 2963 4301; x_wconf 88' lang='lat' dir='ltr'><strong>Propter</strong></span> <span class='ocrx_word' id='word_1_477' title='bbox 2993 4221 3159 4301; x_wconf 90' lang='lat' dir='ltr'><strong>quod</strong></span> <span class='ocrx_word' id='word_1_478' title='bbox 3191 4220 3375 4283; x_wconf 91' lang='lat' dir='ltr'><strong>docet</strong></span> <span class='ocrx_word' id='word_1_479' title='bbox 3405 4222 3735 4299; x_wconf 87' lang='lat' dir='ltr'><strong>Henricus,</strong></span> <span class='ocrx_word' id='word_1_480' title='bbox 3770 4233 3841 4287; x_wconf 88' lang='lat' dir='ltr'><strong>ut</strong></span> <span class='ocrx_word' id='word_1_481' title='bbox 3873 4228 3939 4289; x_wconf 90' lang='lat' dir='ltr'><strong>in</strong></span> 
     </span>
    </p>
   </div>
   <div class='ocr_carea' id='block_1_17' title="bbox 827 4316 2331 5170">
    <p class='ocr_par' dir='ltr' id='par_1_23' title="bbox 827 4316 2331 5091">
     <span class='ocr_line' id='line_1_75' title="bbox 835 4316 2331 4399; baseline 0.001 -20"><span class='ocrx_word' id='word_1_482' title='bbox 835 4318 1131 4381; x_wconf 87' lang='lat' dir='ltr'><strong>stantiam</strong></span> <span class='ocrx_word' id='word_1_483' title='bbox 1182 4318 1366 4399; x_wconf 87' lang='lat' dir='ltr'><strong>panis</strong></span> <span class='ocrx_word' id='word_1_484' title='bbox 1415 4336 1542 4381; x_wconf 89' lang='lat' dir='ltr'><strong>non</strong></span> <span class='ocrx_word' id='word_1_485' title='bbox 1593 4336 1921 4379; x_wconf 89' lang='lat' dir='ltr'><strong>remanere</strong></span> <span class='ocrx_word' id='word_1_486' title='bbox 1970 4316 2136 4379; x_wconf 87' lang='lat' dir='ltr'><strong>facta</strong></span> <span class='ocrx_word' id='word_1_487' title='bbox 2184 4338 2331 4381; x_wconf 90' lang='lat' dir='ltr'><strong>con-</strong></span> 
     </span>
     <span class='ocr_line' id='line_1_76' title="bbox 835 4415 2331 4499; baseline 0.001 -21"><span class='ocrx_word' id='word_1_488' title='bbox 835 4417 1146 4489; x_wconf 90' lang='lat' dir='ltr'><strong>versione,</strong></span> <span class='ocrx_word' id='word_1_489' title='bbox 1182 4435 1307 4478; x_wconf 89' lang='lat' dir='ltr'><strong>non</strong></span> <span class='ocrx_word' id='word_1_490' title='bbox 1341 4415 1742 4488; x_wconf 90' lang='lat' dir='ltr'><strong>concludant,</strong></span> <span class='ocrx_word' id='word_1_491' title='bbox 1780 4417 2128 4497; x_wconf 85' lang='lat' dir='ltr'><strong>praesertim</strong></span> <span class='ocrx_word' id='word_1_492' title='bbox 2162 4417 2331 4499; x_wconf 91' lang='lat' dir='ltr'><strong>quod</strong></span> 
     </span>
     <span class='ocr_line' id='line_1_77' title="bbox 831 4514 2330 4597; baseline 0.001 -20"><span class='ocrx_word' id='word_1_493' title='bbox 831 4516 934 4587; x_wconf 88' lang='lat' dir='ltr'><strong>ait,</strong></span> <span class='ocrx_word' id='word_1_494' title='bbox 955 4533 1185 4597; x_wconf 90' lang='lat' dir='ltr'><strong>corpus</strong></span> <span class='ocrx_word' id='word_1_495' title='bbox 1211 4514 1442 4577; x_wconf 89' lang='lat' dir='ltr'><strong>Christi</strong></span> <span class='ocrx_word' id='word_1_496' title='bbox 1475 4514 1710 4576; x_wconf 90' lang='lat' dir='ltr'><strong>ibidem</strong></span> <span class='ocrx_word' id='word_1_497' title='bbox 1739 4515 1816 4576; x_wconf 89' lang='lat' dir='ltr'><strong>de</strong></span> <span class='ocrx_word' id='word_1_498' title='bbox 1845 4531 2008 4577; x_wconf 93' lang='lat' dir='ltr'><strong>novo</strong></span> <span class='ocrx_word' id='word_1_499' title='bbox 2038 4534 2177 4577; x_wconf 90' lang='lat' dir='ltr'><strong>esse</strong></span> <span class='ocrx_word' id='word_1_500' title='bbox 2210 4534 2330 4579; x_wconf 90' lang='lat' dir='ltr'><strong>non</strong></span> 
     </span>
     <span class='ocr_line' id='line_1_78' title="bbox 834 4612 2328 4696; baseline 0.001 -20"><span class='ocrx_word' id='word_1_501' title='bbox 834 4631 1040 4696; x_wconf 92' lang='lat' dir='ltr'><strong>posse,</strong></span> <span class='ocrx_word' id='word_1_502' title='bbox 1074 4614 1196 4675; x_wconf 90' lang='lat' dir='ltr'><strong>nisi</strong></span> <span class='ocrx_word' id='word_1_503' title='bbox 1239 4632 1353 4695; x_wconf 92' lang='lat' dir='ltr'><strong>per</strong></span> <span class='ocrx_word' id='word_1_504' title='bbox 1382 4612 1479 4675; x_wconf 89' lang='lat' dir='ltr'><strong>sui</strong></span> <span class='ocrx_word' id='word_1_505' title='bbox 1523 4613 1786 4675; x_wconf 89' lang='lat' dir='ltr'><strong>localem</strong></span> <span class='ocrx_word' id='word_1_506' title='bbox 1827 4612 2196 4688; x_wconf 88' lang='lat' dir='ltr'><strong>adventum,</strong></span> <span class='ocrx_word' id='word_1_507' title='bbox 2229 4615 2328 4677; x_wconf 90' lang='lat' dir='ltr'><strong>vel</strong></span> 
     </span>
     <span class='ocr_line' id='line_1_79' title="bbox 834 4711 2331 4795; baseline 0.001 -22"><span class='ocrx_word' id='word_1_508' title='bbox 834 4731 950 4795; x_wconf 89' lang='lat' dir='ltr'><strong>per</strong></span> <span class='ocrx_word' id='word_1_509' title='bbox 994 4711 1268 4793; x_wconf 87' lang='lat' dir='ltr'><strong>alicujus</strong></span> <span class='ocrx_word' id='word_1_510' title='bbox 1319 4712 1799 4775; x_wconf 90' lang='lat' dir='ltr'><strong>conversionem</strong></span> <span class='ocrx_word' id='word_1_511' title='bbox 1856 4712 1920 4773; x_wconf 92' lang='lat' dir='ltr'><strong>in</strong></span> <span class='ocrx_word' id='word_1_512' title='bbox 1970 4711 2203 4793; x_wconf 91' lang='lat' dir='ltr'><strong>ipsum.</strong></span> <span class='ocrx_word' id='word_1_513' title='bbox 2256 4712 2331 4775; x_wconf 91' lang='lat' dir='ltr'><strong>Et</strong></span> 
     </span>
     <span class='ocr_line' id='line_1_80' title="bbox 830 4809 2330 4892; baseline -0.001 -19"><span class='ocrx_word' id='word_1_514' title='bbox 830 4817 1094 4883; x_wconf 91' lang='lat' dir='ltr'><strong>constat,</strong></span> <span class='ocrx_word' id='word_1_515' title='bbox 1145 4811 1315 4892; x_wconf 90' lang='lat' dir='ltr'><strong>quod</strong></span> <span class='ocrx_word' id='word_1_516' title='bbox 1365 4810 1432 4871; x_wconf 90' lang='lat' dir='ltr'><strong>in</strong></span> <span class='ocrx_word' id='word_1_517' title='bbox 1481 4809 1600 4873; x_wconf 88' lang='lat' dir='ltr'><strong>hoc</strong></span> <span class='ocrx_word' id='word_1_518' title='bbox 1652 4810 1835 4871; x_wconf 91' lang='lat' dir='ltr'><strong>multi</strong></span> <span class='ocrx_word' id='word_1_519' title='bbox 1887 4810 2330 4873; x_wconf 89' lang='lat' dir='ltr'><strong>contradicunt</strong></span> 
     </span>
     <span class='ocr_line' id='line_1_81' title="bbox 829 4908 2329 4983; baseline 0 -12"><span class='ocrx_word' id='word_1_520' title='bbox 829 4910 1060 4983; x_wconf 91' lang='lat' dir='ltr'><strong>eidem,</strong></span> <span class='ocrx_word' id='word_1_521' title='bbox 1093 4910 1287 4971; x_wconf 93' lang='lat' dir='ltr'><strong>etiam</strong></span> <span class='ocrx_word' id='word_1_522' title='bbox 1320 4909 1688 4972; x_wconf 84' lang='lat' dir='ltr'><strong>Richardus.</strong></span> <span class='ocrx_word' id='word_1_523' title='bbox 1725 4908 1812 4970; x_wconf 87' lang='lat' dir='ltr'><strong>De</strong></span> <span class='ocrx_word' id='word_1_524' title='bbox 1843 4908 1944 4971; x_wconf 88' lang='lat' dir='ltr'><strong>his</strong></span> <span class='ocrx_word' id='word_1_525' title='bbox 1983 4916 2198 4971; x_wconf 87' lang='lat' dir='ltr'><strong>autem</strong></span> <span class='ocrx_word' id='word_1_526' title='bbox 2236 4910 2329 4971; x_wconf 93' lang='lat' dir='ltr'><strong>in-</strong></span> 
     </span>
     <span class='ocr_line' id='line_1_82' title="bbox 827 5008 1763 5091; baseline -0.001 -21"><span class='ocrx_word' id='word_1_527' title='bbox 827 5009 924 5071; x_wconf 77' lang='lat' dir='ltr'><strong>fra</strong></span> <span class='ocrx_word' id='word_1_528' title='bbox 965 5008 1218 5091; x_wconf 88' lang='lat' dir='ltr'><strong>plenius</strong></span> <span class='ocrx_word' id='word_1_529' title='bbox 1261 5015 1358 5070; x_wconf 92' lang='lat' dir='ltr'><strong>est</strong></span> <span class='ocrx_word' id='word_1_530' title='bbox 1399 5008 1763 5070; x_wconf 90' lang='lat' dir='ltr'><strong>dicendum.</strong></span> 
     </span>
    </p>

    <p class='ocr_par' dir='ltr' id='par_1_24' title="bbox 907 5106 2329 5170">
     <span class='ocr_line' id='line_1_83' title="bbox 907 5106 2329 5170; baseline 0.001 -2"><span class='ocrx_word' id='word_1_531' title='bbox 907 5108 983 5168; x_wconf 82' lang='lat' dir='ltr'><strong>At</strong></span> <span class='ocrx_word' id='word_1_532' title='bbox 1013 5122 1166 5170; x_wconf 89' lang='lat' dir='ltr'><strong>vero</strong></span> <span class='ocrx_word' id='word_1_533' title='bbox 1193 5106 1504 5169; x_wconf 88' lang='lat' dir='ltr'><strong>Henricus</strong></span> <span class='ocrx_word' id='word_1_534' title='bbox 1534 5106 1612 5169; x_wconf 90' lang='lat' dir='ltr'><strong>de</strong></span> <span class='ocrx_word' id='word_1_535' title='bbox 1645 5106 1765 5169; x_wconf 88' lang='lat' dir='ltr'><strong>ista</strong></span> <span class='ocrx_word' id='word_1_536' title='bbox 1803 5106 2066 5168; x_wconf 89' lang='lat' dir='ltr'><strong>materia</strong></span> <span class='ocrx_word' id='word_1_537' title='bbox 2103 5107 2329 5170; x_wconf 90' lang='lat' dir='ltr'><strong>scribit</strong></span> 
     </span>
    </p>
   </div>
   <div class='ocr_carea' id='block_1_18' title="bbox 723 5205 2323 5288">
    <p class='ocr_par' dir='ltr' id='par_1_25' title="bbox 723 5205 2323 5288">
     <span class='ocr_line' id='line_1_84' title="bbox 723 5205 2323 5288; baseline -0.001 -18"><span class='ocrx_word' id='word_1_538' title='bbox 723 5251 734 5261; x_wconf 91' lang='lat'>-</span> <span class='ocrx_word' id='word_1_539' title='bbox 826 5206 1010 5270; x_wconf 90' lang='lat' dir='ltr'><strong>valde</strong></span> <span class='ocrx_word' id='word_1_540' title='bbox 1045 5205 1290 5288; x_wconf 83' lang='lat' dir='ltr'><strong>prolixe</strong></span> <span class='ocrx_word' id='word_1_541' title='bbox 1320 5205 1699 5279; x_wconf 81' lang='lat' dir='ltr'><strong>Quodlibeto</strong></span> <span class='ocrx_word' id='word_1_542' title='bbox 1731 5223 1930 5284; x_wconf 84' lang='lat' dir='ltr'><strong>non03</strong></span> <span class='ocrx_word' id='word_1_543' title='bbox 1964 5213 2027 5267; x_wconf 90' lang='lat' dir='ltr'><strong>et</strong></span> <span class='ocrx_word' id='word_1_544' title='bbox 2057 5206 2225 5268; x_wconf 90' lang='lat' dir='ltr'><strong>sicut</strong></span> <span class='ocrx_word' id='word_1_545' title='bbox 2258 5207 2323 5269; x_wconf 88' lang='lat' dir='ltr'><strong>in</strong></span> 
     </span>
    </p>
   </div>
   <div class='ocr_carea' id='block_1_19' title="bbox 825 5303 2323 5387">
    <p class='ocr_par' dir='ltr' id='par_1_26' title="bbox 825 5303 2323 5387">
     <span class='ocr_line' id='line_1_85' title="bbox 825 5303 2323 5387; baseline 0.001 -19"><span class='ocrx_word' id='word_1_546' title='bbox 825 5306 1076 5387; x_wconf 85' lang='lat' dir='ltr'><strong>Scripto</strong></span> <span class='ocrx_word' id='word_1_547' title='bbox 1124 5322 1317 5387; x_wconf 87' lang='lat' dir='ltr'><strong>super</strong></span> <span class='ocrx_word' id='word_1_548' title='bbox 1373 5303 1726 5366; x_wconf 90' lang='lat' dir='ltr'><strong>secundum</strong></span> <span class='ocrx_word' id='word_1_549' title='bbox 1777 5304 1976 5384; x_wconf 81' lang='lat' dir='ltr'><strong>tetigi,</strong></span> <span class='ocrx_word' id='word_1_550' title='bbox 2028 5303 2167 5386; x_wconf 90' lang='lat' dir='ltr'><strong>ipse</strong></span> <span class='ocrx_word' id='word_1_551' title='bbox 2215 5322 2323 5387; x_wconf 91' lang='lat' dir='ltr'><strong>po-</strong></span> 
     </span>
    </p>
   </div>
   <div class='ocr_carea' id='block_1_20' title="bbox 2438 4318 3943 5190">
    <p class='ocr_par' dir='ltr' id='par_1_27' title="bbox 2438 4318 3943 5190">
     <span class='ocr_line' id='line_1_86' title="bbox 2444 4318 3939 4400; baseline 0.005 -21"><span class='ocrx_word' id='word_1_552' title='bbox 2444 4318 2543 4379; x_wconf 90' lang='lat' dir='ltr'><strong>his</strong></span> <span class='ocrx_word' id='word_1_553' title='bbox 2574 4318 2749 4379; x_wconf 87' lang='lat' dir='ltr'><strong>nulla</strong></span> <span class='ocrx_word' id='word_1_554' title='bbox 2778 4337 2923 4400; x_wconf 89' lang='lat' dir='ltr'><strong>pars</strong></span> <span class='ocrx_word' id='word_1_555' title='bbox 2956 4318 3366 4400; x_wconf 89' lang='lat' dir='ltr'><strong>pertinaciter</strong></span> <span class='ocrx_word' id='word_1_556' title='bbox 3391 4320 3791 4397; x_wconf 77' lang='lat' dir='ltr'><strong>defendatur,</strong></span> <span class='ocrx_word' id='word_1_557' title='bbox 3818 4344 3939 4387; x_wconf 88' lang='lat' dir='ltr'><strong>nee</strong></span> 
     </span>
     <span class='ocr_line' id='line_1_87' title="bbox 2440 4416 3941 4506; baseline 0.004 -27"><span class='ocrx_word' id='word_1_558' title='bbox 2440 4416 2681 4498; x_wconf 90' lang='lat' dir='ltr'><strong>aliquid</strong></span> <span class='ocrx_word' id='word_1_559' title='bbox 2714 4424 2951 4479; x_wconf 88' lang='lat' dir='ltr'><strong>temere</strong></span> <span class='ocrx_word' id='word_1_560' title='bbox 2980 4426 3316 4491; x_wconf 87' lang='lat' dir='ltr'><strong>asseratur,</strong></span> <span class='ocrx_word' id='word_1_561' title='bbox 3332 4438 3411 4481; x_wconf 92' lang='lat' dir='ltr'><strong>ne</strong></span> <span class='ocrx_word' id='word_1_562' title='bbox 3444 4420 3806 4485; x_wconf 89' lang='lat' dir='ltr'><strong>incurratur</strong></span> <span class='ocrx_word' id='word_1_563' title='bbox 3832 4443 3941 4506; x_wconf 87' lang='lat' dir='ltr'><strong>pe-</strong></span> 
     </span>
     <span class='ocr_line' id='line_1_88' title="bbox 2442 4516 3939 4600; baseline 0.006 -24"><span class='ocrx_word' id='word_1_564' title='bbox 2442 4516 2719 4577; x_wconf 85' lang='lat' dir='ltr'><strong>riculum</strong></span> <span class='ocrx_word' id='word_1_565' title='bbox 2776 4516 3113 4579; x_wconf 89' lang='lat' dir='ltr'><strong>asserendo</strong></span> <span class='ocrx_word' id='word_1_566' title='bbox 3160 4517 3510 4600; x_wconf 89' lang='lat' dir='ltr'><strong>quidquam</strong></span> <span class='ocrx_word' id='word_1_567' title='bbox 3559 4520 3637 4582; x_wconf 86' lang='lat' dir='ltr'><strong>de</strong></span> <span class='ocrx_word' id='word_1_568' title='bbox 3687 4520 3939 4587; x_wconf 87' lang='lat' dir='ltr'><strong>Christo</strong></span> 
     </span>
     <span class='ocr_line' id='line_1_89' title="bbox 2441 4613 3939 4703; baseline 0.005 -26"><span class='ocrx_word' id='word_1_569' title='bbox 2441 4623 2505 4677; x_wconf 90' lang='lat' dir='ltr'><strong>et</strong></span> <span class='ocrx_word' id='word_1_570' title='bbox 2546 4631 2809 4696; x_wconf 88' lang='lat' dir='ltr'><strong>corpore</strong></span> <span class='ocrx_word' id='word_1_571' title='bbox 2852 4613 3015 4695; x_wconf 81' lang='lat' dir='ltr'><strong>ejus,</strong></span> <span class='ocrx_word' id='word_1_572' title='bbox 3056 4622 3246 4697; x_wconf 90' lang='lat' dir='ltr'><strong>atque</strong></span> <span class='ocrx_word' id='word_1_573' title='bbox 3290 4618 3703 4681; x_wconf 88' lang='lat' dir='ltr'><strong>conversione</strong></span> <span class='ocrx_word' id='word_1_574' title='bbox 3752 4622 3939 4703; x_wconf 89' lang='lat' dir='ltr'><strong>panis</strong></span> 
     </span>
     <span class='ocr_line' id='line_1_90' title="bbox 2442 4712 3939 4802; baseline 0.007 -29"><span class='ocrx_word' id='word_1_575' title='bbox 2442 4713 2507 4774; x_wconf 90' lang='lat' dir='ltr'><strong>in</strong></span> <span class='ocrx_word' id='word_1_576' title='bbox 2541 4712 2775 4794; x_wconf 90' lang='lat' dir='ltr'><strong>ipsum,</strong></span> <span class='ocrx_word' id='word_1_577' title='bbox 2811 4713 2978 4794; x_wconf 92' lang='lat' dir='ltr'><strong>quod</strong></span> <span class='ocrx_word' id='word_1_578' title='bbox 3010 4730 3135 4775; x_wconf 88' lang='lat' dir='ltr'><strong>non</strong></span> <span class='ocrx_word' id='word_1_579' title='bbox 3168 4713 3251 4775; x_wconf 93' lang='lat' dir='ltr'><strong>sit</strong></span> <span class='ocrx_word' id='word_1_580' title='bbox 3280 4733 3505 4777; x_wconf 86' lang='lat' dir='ltr'><strong>verum</strong></span> <span class='ocrx_word' id='word_1_581' title='bbox 3538 4736 3553 4780; x_wconf 76' lang='grc' dir='ltr'>ε</span> <span class='ocrx_word' id='word_1_582' title='bbox 3584 4718 3739 4791; x_wconf 85' lang='lat' dir='ltr'><strong>imo,</strong></span> <span class='ocrx_word' id='word_1_583' title='bbox 3764 4722 3939 4802; x_wconf 88' lang='lat' dir='ltr'><strong>quod</strong></span> 
     </span>
     <span class='ocr_line' id='line_1_91' title="bbox 2444 4811 3939 4892; baseline 0.006 -20"><span class='ocrx_word' id='word_1_584' title='bbox 2444 4811 2701 4892; x_wconf 89' lang='lat' dir='ltr'><strong>majoris</strong></span> <span class='ocrx_word' id='word_1_585' title='bbox 2751 4819 2847 4873; x_wconf 91' lang='lat' dir='ltr'><strong>est</strong></span> <span class='ocrx_word' id='word_1_586' title='bbox 2893 4811 3310 4886; x_wconf 83' lang='lat' dir='ltr'><strong>auctoritatiS,</strong></span> <span class='ocrx_word' id='word_1_587' title='bbox 3360 4814 3769 4879; x_wconf 89' lang='lat' dir='ltr'><strong>Innocentius</strong></span> <span class='ocrx_word' id='word_1_588' title='bbox 3826 4820 3939 4882; x_wconf 90' lang='lat' dir='ltr'><strong>Pa-</strong></span> 
     </span>
     <span class='ocr_line' id='line_1_92' title="bbox 2440 4910 3797 4992; baseline 0.004 -20"><span class='ocrx_word' id='word_1_589' title='bbox 2440 4930 2521 4991; x_wconf 93' lang='lat' dir='ltr'><strong>pa</strong></span> <span class='ocrx_word' id='word_1_590' title='bbox 2559 4910 2635 4972; x_wconf 93' lang='lat' dir='ltr'><strong>lll</strong></span> <span class='ocrx_word' id='word_1_591' title='bbox 2675 4910 2795 4973; x_wconf 88' lang='lat' dir='ltr'><strong>hoc</strong></span> <span class='ocrx_word' id='word_1_592' title='bbox 2840 4910 3053 4992; x_wconf 90' lang='lat' dir='ltr'><strong>ipsum</strong></span> <span class='ocrx_word' id='word_1_593' title='bbox 3096 4911 3351 4973; x_wconf 90' lang='lat' dir='ltr'><strong>edocuit</strong></span> <span class='ocrx_word' id='word_1_594' title='bbox 3391 4921 3455 4975; x_wconf 93' lang='lat' dir='ltr'><strong>et</strong></span> <span class='ocrx_word' id='word_1_595' title='bbox 3496 4914 3797 4978; x_wconf 87' lang='lat' dir='ltr'><strong>decrevit.</strong></span> 
     </span>
     <span class='ocr_line' id='line_1_93' title="bbox 2518 5009 3943 5091; baseline 0.006 -21"><span class='ocrx_word' id='word_1_596' title='bbox 2518 5009 2842 5083; x_wconf 87' lang='lat' dir='ltr'><strong>Praeterea,</strong></span> <span class='ocrx_word' id='word_1_597' title='bbox 2879 5009 3151 5089; x_wconf 89' lang='lat' dir='ltr'><strong>qualiter</strong></span> <span class='ocrx_word' id='word_1_598' title='bbox 3194 5011 3427 5091; x_wconf 90' lang='lat' dir='ltr'><strong>positio</strong></span> <span class='ocrx_word' id='word_1_599' title='bbox 3468 5013 3528 5075; x_wconf 91' lang='lat' dir='ltr'><strong>S.</strong></span> <span class='ocrx_word' id='word_1_600' title='bbox 3563 5013 3818 5077; x_wconf 79' lang='lat' dir='ltr'><strong>Thomae</strong></span> <span class='ocrx_word' id='word_1_601' title='bbox 3846 5023 3943 5078; x_wconf 87' lang='lat' dir='ltr'><strong>at-</strong></span> 
     </span>
     <span class='ocr_line' id='line_1_94' title="bbox 2438 5106 3941 5190; baseline 0.005 -22"><span class='ocrx_word' id='word_1_602' title='bbox 2438 5126 2563 5190; x_wconf 89' lang='lat' dir='ltr'><strong>que</strong></span> <span class='ocrx_word' id='word_1_603' title='bbox 2622 5107 2990 5190; x_wconf 89' lang='lat' dir='ltr'><strong>sequacium</strong></span> <span class='ocrx_word' id='word_1_604' title='bbox 3052 5106 3193 5188; x_wconf 85' lang='lat' dir='ltr'><strong>ejus</strong></span> <span class='ocrx_word' id='word_1_605' title='bbox 3252 5117 3443 5190; x_wconf 90' lang='lat' dir='ltr'><strong>queat</strong></span> <span class='ocrx_word' id='word_1_606' title='bbox 3500 5112 3751 5185; x_wconf 88' lang='lat' dir='ltr'><strong>salvari,</strong></span> <span class='ocrx_word' id='word_1_607' title='bbox 3806 5132 3941 5177; x_wconf 87' lang='lat' dir='ltr'><strong>non</strong></span> 
     </span>
    </p>
   </div>
   <div class='ocr_carea' id='block_1_21' title="bbox 2408 5206 3941 5297">
    <p class='ocr_par' dir='ltr' id='par_1_28' title="bbox 2408 5206 3941 5297">
     <span class='ocr_line' id='line_1_95' title="bbox 2408 5206 3941 5297; baseline 0.005 -29"><span class='ocrx_word' id='word_1_608' title='bbox 2408 5208 2641 5297; x_wconf 72' lang='lat' dir='ltr'><strong>video,</strong></span> <span class='ocrx_word' id='word_1_609' title='bbox 2676 5206 2799 5268; x_wconf 92' lang='lat' dir='ltr'><strong>nisi</strong></span> <span class='ocrx_word' id='word_1_610' title='bbox 2844 5225 2957 5288; x_wconf 89' lang='lat' dir='ltr'><strong>per</strong></span> <span class='ocrx_word' id='word_1_611' title='bbox 2997 5208 3257 5270; x_wconf 90' lang='lat' dir='ltr'><strong>modum</strong></span> <span class='ocrx_word' id='word_1_612' title='bbox 3300 5227 3493 5290; x_wconf 91' lang='lat' dir='ltr'><strong>quem</strong></span> <span class='ocrx_word' id='word_1_613' title='bbox 3537 5212 3737 5291; x_wconf 81' lang='lat' dir='ltr'><strong>tangit</strong></span> <span class='ocrx_word' id='word_1_614' title='bbox 3774 5212 3941 5275; x_wconf 86' lang='lat' dir='ltr'><strong>Hen-</strong></span> 
     </span>
    </p>
   </div>
   <div class='ocr_carea' id='block_1_22' title="bbox 2434 5304 3941 5392">
    <p class='ocr_par' dir='ltr' id='par_1_29' title="bbox 2434 5304 3941 5392">
     <span class='ocr_line' id='line_1_96' title="bbox 2434 5304 3941 5392; baseline 0.005 -25"><span class='ocrx_word' id='word_1_615' title='bbox 2434 5306 2625 5368; x_wconf 71' lang='lat' dir='ltr'><strong>ricus</strong></span> <span class='ocrx_word' id='word_1_616' title='bbox 2670 5304 2911 5388; x_wconf 90' lang='lat' dir='ltr'><strong>Nempe</strong></span> <span class='ocrx_word' id='word_1_617' title='bbox 2953 5307 3054 5387; x_wconf 94' lang='lat' dir='ltr'><strong>(ut</strong></span> <span class='ocrx_word' id='word_1_618' title='bbox 3094 5306 3325 5389; x_wconf 89' lang='lat' dir='ltr'><strong>patuit)</strong></span> <span class='ocrx_word' id='word_1_619' title='bbox 3366 5308 3635 5371; x_wconf 85' lang='lat' dir='ltr'><strong>Thomas</strong></span> <span class='ocrx_word' id='word_1_620' title='bbox 3680 5310 3941 5392; x_wconf 83' lang='lat' dir='ltr'><strong>aptissi-</strong></span> 
     </span>
    </p>
   </div>
  </div>
 </body>
</html>
