4267 6250
834 492 955 557 510

1449 510 1513 556 ΙΝ
1552 510 1774 557 LIBRUM
1816 511 1877 555 IV
1918 509 2400 556 SENTENTMRUH.
2442 528 2522 537 —
2561 509 2718 556 msr.
2759 509 2950 573 xvlu3
2992 510 3217 566 QUAEST.
3264 511 3326 556 w

832 681 978 744 fieri
1009 682 1155 744 Deo.
1172 680 1451 745 Providit
1479 699 1629 763 ergo
1660 679 1805 763 pius
1836 688 1901 743 et
1925 680 2136 762 justus
2167 680 2333 743 Deus
2364 678 2415 742 A
2446 698 2564 742 nec
2607 680 3034 743 communiter
3073 680 3361 745 doctores
3405 680 3496 743 sic
3543 685 3783 743 tenent.
3815 678 3940 743 Sed

834 779 1020 842 nobis
1072 778 1263 842 aliam
1311 780 1503 854 viam,
1538 787 1602 841 et
1648 779 1979 842 constituit
2021 778 2335 841 arbitrum

832 878 1251 953 sacerdotem,
1285 878 1387 940 cui
1419 878 1594 940 dedit
1622 884 1997 960 potestatem
2028 876 2338 938 arbitran-

832 976 896 1038 di
936 984 1126 1059 atque
1166 977 1420 1039 taxandi
1460 995 1738 1059 poenam,
1772 994 1844 1037 ac
1886 974 2334 1037 manifestandi

832 1075 1145 1149 eamdem,
1180 1082 1245 1137 et
1274 1074 1637 1137 dimittendi
1667 1074 1853 1137 nobis
1890 1073 2131 1156 aliquid
2163 1072 2337 1135 debi-

722 1202 724 1204 ·
831 1182 909 1237 tae
957 1193 1161 1256 poenae
1206 1173 1267 1237 vi
1312 1174 1587 1236 clavium
1633 1181 1698 1235 et
1743 1172 1971 1235 merito
2020 1171 2334 1253 passionis

535 1784 656 1838 {15⁰5
666 1784 700 1827 Α
710 1786 755 1827 et
764 1795 801 1826 s.

561 2091 604 2133 p.
621 2080 695 2121 50¹
711 2076 771 2121 C'.

558 2191 601 2231 p.
620 2179 697 2219 509
709 2177 772 2222 A'.

528 3463 723 3521 emma
734 3464 794 3510 C'.

538 4242 704 4286 Ionan.
722 4254 792 4294 xx,

528 4307 595 4358 22,
617 4307 686 4348 23.

832 1272 1187 1335 dominicae.
1222 1272 1464 1345 Quanta
1492 1278 1705 1334 autem
1738 1270 1823 1333 sit
1852 1289 1997 1353 pars
2042 1269 2172 1344 illa,
2205 1287 2332 1332 non

832 1377 928 1432 est
970 1378 1257 1433 nostrum
1299 1369 1745 1444 determinare,
1778 1369 1888 1431 sed
1932 1367 2066 1430 Dei.
2102 1368 2332 1450 Sicque

832 1468 1223 1533 Poenitentiae
1262 1473 1731 1531 sacramentum
1770 1466 1894 1529 erit
1928 1465 2332 1529 fructuosum

834 1567 1038 1648 magis
1084 1586 1273 1650 quam
1318 1583 1679 1629 onerosum.
1713 1599 1793 1610 —
1824 1564 1966 1628 Haec
2008 1564 2332 1627 Bonaven-

833 1673 990 1728 tura.
1026 1666 1222 1747 Cujus
1263 1665 1592 1747 responsio
1624 1664 1823 1745 magis
1863 1680 2211 1727 consonare
2240 1662 2333 1725 vi-

833 1764 1018 1826 detur
1060 1764 1467 1846 praeinductae
1507 1762 1907 1845 responsioni
1949 1761 2212 1824 Alberti.

2443 784 2719 860 potestas
2750 778 2816 840 in
2857 796 2926 841 se
2955 798 3082 841 una
3119 786 3216 841 est
3253 778 3318 840 in
3359 778 3636 841 essentia
3661 796 3736 841 ac
3775 778 3940 840 radi·
3967 797 4176 855 capam
4191 797 4238 847 n.

2445 894 2540 951 ce,
2573 875 2808 958 duplex
2853 894 3024 950 vcro,
3065 877 3195 941 imo
3241 884 3306 939 et
3349 876 3684 959 multiplex
3734 875 3801 938 in
3849 874 3940 938 ef·
3968 863 4117 907 ⁵⁰⁰⁰·

2446 971 2638 1035 fectu.
2691 973 2786 1037 Ad
2838 975 3006 1056 quod
3059 974 3537 1049 insinuandum,
3588 974 3785 1038 verba
3835 974 3946 1036 illa

2445 1072 2810 1152 evangelica
2867 1072 3165 1135 distincte
3223 1072 3316 1135 sic
3373 1072 3804 1155 proferuntur.
3869 1072 3947 1134 Et

2444 1177 2823 1244 verumest,
2865 1171 3036 1253 quod
3076 1178 3352 1253 potestas
3401 1170 3680 1233 clavium
3722 1188 3945 1252 super-

2441 1267 2618 1330 addit
2663 1269 3008 1350 quamdam
3066 1270 3436 1333 relationem
3497 1269 3792 1351 potestati
3851 1288 3947 1331 sa-

2445 1366 2746 1429 cerdotali
2782 1385 2796 1429 :
2830 1368 2983 1449 quia
3011 1386 3138 1431 non
3178 1375 3386 1451 potest
3415 1368 3707 1431 sacerdos
3740 1368 3948 1431 absol-

2443 1483 2614 1538 vere,
2649 1465 2774 1527 nisi
2820 1465 3102 1548 aliquam
3152 1466 3382 1528 habeat
3425 1465 3944 1547 jurisdictionem

2443 1582 2638 1645 super
2679 1582 2829 1625 eum
2871 1584 3064 1647 quem
3108 1564 3403 1639 absolvit,
3435 1572 3508 1626 ut
3549 1564 3794 1627 dictum
3845 1573 3942 1628 est

2442 1681 2628 1744 saepe.

2521 1760 2748 1824 Probat
2785 1780 3040 1844 quoque
3078 1763 3304 1825 Scotus
3345 1763 3713 1845 opinionem
3753 1782 3938 1826 suam

912 1862 1179 1944 Insuper
1221 1862 1443 1925 Scotus
1490 1861 1781 1944 sequitur
1822 1860 1888 1923 in
1936 1860 2037 1923 his
2085 1860 2329 1942 opinio·
2365 1860 2413 1923 B
2443 1878 2558 1942 per
2597 1861 2740 1935 hoc,
2775 1862 2944 1943 quod
2991 1863 3316 1925 character
3363 1880 3491 1925 non
3542 1870 3750 1945 potest
3795 1880 3939 1927 esse

832 1978 980 2022 nem
1030 1979 1108 2023 ex
1153 1961 1593 2024 Bonaventura
1642 1967 1979 2033 narratam,
2031 1958 2331 2023 videlicet

832 2059 1001 2141 quod
1046 2059 1173 2121 sint
1221 2060 1361 2122 duae
1407 2059 1616 2121 claves
1664 2058 2002 2133 distinctae,
2048 2066 2111 2121 et
2159 2059 2326 2139 quod

829 2156 1038 2219 claves
1082 2174 1206 2219 non
1259 2157 1600 2219 extendant
1646 2174 1714 2219 se
1758 2156 1835 2218 ad
1884 2155 2327 2219 remissionem

828 2256 1035 2338 culpae
1065 2274 1183 2318 nec
1214 2273 1419 2338 poenae
1449 2262 1717 2329 aeternae,
1752 2256 1861 2318 sed
1892 2254 1970 2316 ad
2011 2255 2329 2319 remissio-

828 2372 975 2415 nem
1009 2372 1213 2436 poenae
1244 2353 1611 2435 temporalis
1646 2353 2106 2416 tantummodo.
2144 2353 2328 2416 Nam·

828 2469 951 2535 que
998 2452 1089 2514 ait
1130 2468 1143 2513 :
1187 2451 1465 2514 Scientia
1510 2452 1773 2514 actualis
1821 2458 1930 2514 aut
1984 2451 2328 2514 habitualis

826 2569 954 2613 non
994 2558 1092 2613 est
1130 2550 1349 2623 clavis,
1382 2549 1532 2633 quia
1569 2550 1909 2613 auctoritas
1950 2568 2328 2631 cognoscen-

825 2650 912 2723 di,
946 2649 1241 2732 quamvis
1272 2649 1553 2731 requirat
1590 2648 1923 2711 scientiam
1952 2649 2053 2711 vel
2095 2649 2329 2713 discre-

823 2747 1061 2811 tionem
1127 2746 1659 2810 concomitantem
1708 2747 1785 2809 ad
1841 2754 2085 2810 rectum
2136 2766 2324 2809 usum

824 2865 1037 2921 suum,
1071 2846 1239 2909 sicut
1267 2845 1607 2908 auctoritas
1644 2845 1972 2927 judicandi
2009 2845 2324 2927 justitiam

824 2946 1143 3027 aliquam;
1174 2952 1453 3007 attamen
1486 2944 1650 3006 sicut
1680 2952 1957 3026 potestas
1993 2943 2322 3025 judicandi

2439 1960 2564 2020 nisi
2614 1960 2836 2023 relatio
2873 1978 2888 2022 t
2926 1961 3112 2042 cujus
3159 1962 3548 2024 contrarium
3593 1980 3790 2044 supra
3837 1980 3936 2025 os·
3987 1981 4198 2034 amc:

2437 2064 2689 2120 tensum
2739 2066 2856 2133 est,
2890 2059 3042 2140 quia
3087 2059 3342 2122 realiter
3387 2060 3658 2143 qualitas
3703 2067 3820 2123 est.
3853 2096 3937 2107 —

2438 2155 2670 2218 Scribit
2701 2157 3054 2239 item,quod
3085 2157 3411 2221 confessor
3440 2158 3630 2221 debet
3657 2158 3934 2222 circum-

2437 2255 2698 2317 stantias
2725 2256 2956 2319 merito
2987 2256 3398 2338 inquirendas
3428 2257 3774 2339 inquirere,
3804 2258 3935 2321 n‘on

2437 2372 2886 2436 supervacua&
2932 2374 3073 2437 quae
3119 2374 3305 2418 aures
3354 2356 3717 2438 prurientes
3763 2358 3936 2421 dele·

2437 2458 2644 2531 ctant;
2677 2460 2742 2515 et
2779 2453 3186 2535 perscrutari,
3221 2473 3302 2516 an
3345 2454 3658 2519 confitens
3701 2454 3937 2519 habeat

2437 2549 2882 2612 contritionem
2921 2550 3023 2613 vel
3061 2552 3285 2613 saltem
3335 2552 3770 2633 attritionem3
3812 2572 3934 2616 nec

2435 2647 2620 2709 aliter
2675 2656 2884 2730 potest
2941 2656 3184 2711 rectum
3248 2649 3533 2731 proferre
3585 2650 3931 2731 judicium,

2435 2764 2554 2807 nec
2597 2746 3092 2811 satisfactionem
3131 2747 3370 2829 justam
3416 2749 3537 2812 rite
3575 2750 3929 2832 imponere.

2433 2844 2608 2918 Quod
2640 2853 2736 2908 est
2773 2855 2992 2910 contra
3019 2864 3126 2910 eos
3167 2848 3279 2929 qui
3321 2848 3788 2911 confessionem
3821 2868 3936 2911 au-

2433 2943 2619 3005 diunt
2649 2946 2827 3027 quasi
2859 2946 3202 3027 quamdam
3241 2946 3664 3010 narrationem
3705 2954 3818 3009 aut
3845 2948 3936 3010 fa-

825 3060 953 3105 non
984 3048 1081 3105 est
1106 3042 1376 3123 justitia,
1413 3042 1543 3105 imo
1573 3050 1780 3126 potest
1808 3042 2156 3105 consistere
2186 3042 2324 3105 sine
2360 3041 2404 3104 C
2434 3040 2654 3104 bulam
2696 3044 3056 3126 quamdam.

825 3161 920 3217 ea,
954 3141 1041 3204 ita
1068 3142 1410 3204 auctoritas
1442 3160 1554 3204 seu
1586 3148 1861 3224 potestas
1902 3141 2322 3222 cognoscendi

827 3241 892 3304 in
922 3241 1135 3324 aliqua
1176 3260 1385 3314 causa,
1419 3247 1628 3323 potest
1656 3259 1795 3303 esse
1834 3241 1971 3302 sine
2001 3239 2327 3302 discretio·

824 3358 906 3402 ne
946 3339 1387 3421 cognoscendi.
1421 3375 1502 3385 —
1530 3338 1743 3420 Aliqui
1786 3357 2039 3420 quoque
2077 3338 2322 3414 dicunt,

826 3437 996 3520 quod
1026 3437 1235 3499 claves
1265 3436 1401 3500 istae
1432 3437 1559 3499 sint
1590 3435 1756 3498 idem
1791 3454 1931 3497 cum
1962 3436 2324 3499 charactere

824 3534 1284 3598 sacramentali.
1320 3534 1563 3608 Quibus
1593 3533 1917 3614 objicitur,
1952 3534 2121 3616 quod
2152 3542 2325 3616 pote-

824 3641 951 3696 stas
982 3633 1259 3696 clavium
1300 3640 1507 3714 potest
1544 3650 1684 3694 esse
1722 3632 1862 3695 sine
1899 3631 2025 3694 alia
2054 3639 2324 3714 potesta-

824 3740 907 3807 te,
960 3731 1025 3794 id
1082 3739 1179 3794 est
1236 3731 1373 3793 sine
1428 3730 1789 3793 charactere
1841 3748 1953 3793 seu
2013 3737 2324 3812 potestate

824 3828 1198 3892 sacerdotali
1228 3845 1242 3890 :
1278 3828 1408 3891 imo
1437 3835 1501 3890 et
1532 3846 1656 3889 una
1688 3827 1862 3908 prior
1890 3835 1988 3890 est
2016 3827 2142 3890 alia
2169 3835 2325 3890 tem-

824 3946 997 4010 pore.
1034 3927 1109 3989 Et
1139 3927 1205 3989 in
1235 3925 1553 4009 Apostolis
1589 3926 1675 3988 ita
1705 3925 1847 4001 fuit,
1881 3926 2033 4009 quia
2072 3945 2199 3989 una
2227 3927 2321 3990 eis

823 4027 968 4088 data
1014 4033 1110 4089 est
1159 4025 1221 4088 in
1273 4025 1485 4100 Coena,
1532 4031 1753 4106 utpote
1801 4032 2075 4106 potestas
2126 4025 2324 4089 confi-

824 4126 1071 4205 ciendi3
1104 4126 1227 4187 alia
1264 4132 1475 4187 autem
1510 4131 1652 4207 post
1680 4123 1910 4186 Christi
1953 4126 2321 4188 resurrecti-

2512 3142 2992 3222 Argentinensis
3049 3143 3309 3206 demum
3357 3144 3424 3206 in
3483 3144 3783 3208 omnibus
3830 3147 3934 3210 his

2432 3239 2722 3322 sequitur
2761 3241 3143 3322 positionem
3183 3260 3594 3306 communem
3635 3243 3714 3306 de
3748 3245 3933 3307 reali-

2431 3343 2558 3399 tate
2599 3344 2664 3399 et
2706 3339 2946 3400 unitate
2990 3357 3101 3401 seu
3146 3358 3412 3404 numero
3453 3341 3750 3405 clavium.

2865 3655 3342 3730 QUAESTIO
3389 3657 3496 3721 IV

2572 3929 2620 3992 E
2667 3931 3327 3995 excommunicatione
3376 3951 3548 3995 nunc
3595 3935 3924 4016 quaeritur,

2597 4029 2727 4094 An
2783 4029 3135 4097 Ecclesia
3190 4032 3443 4112 possit
3491 4047 3582 4099 ac
3637 4021 3926 4101 debeat

2429 4142 2900 4209 quemquam
2943 4130 3653 4198 excommunicare.

824 4243 1035 4299 onem,
1068 4224 1223 4286 dum
1261 4224 1423 4285 dixit
1456 4240 1470 4285 :
1502 4222 1789 4304 Accipite
1829 4223 2138 4304 Spiritum
2171 4225 2320 4288 San·
2350 4224 2400 4287 D
2510 4226 2774 4289 Videtur
2802 4227 2968 4308 quod
3009 4246 3159 4302 non,
3192 4229 3346 4310 quia
3385 4228 3662 4292 Ecclesia
3695 4238 3793 4293 est
3820 4231 3927 4315 pia

824 4331 1022 4397 ctum,
1054 4339 1328 4404 quorum
1367 4320 1740 4383 remiseritis
1781 4329 2060 4403 peccata,
2096 4330 2215 4385 etc.
2250 4323 2320 4385 In

823 4421 1297 4485 consecratione
1328 4419 1519 4482 etiam
1549 4419 1971 4495 sacerdotum,
2005 4421 2184 4502 prius
2215 4424 2320 4484 da·

776 4563 780 4567 -
819 4531 927 4584 tur
956 4521 1049 4583 eis
1078 4538 1205 4582 una
1235 4538 1427 4602 quam
1457 4518 1785 4601 aliatquia
1812 4525 2087 4600 potestas
2118 4539 2321 4583 sacer-

819 4620 1048 4685 dotalis
1076 4619 1170 4682 eis
1200 4617 1525 4681 confertur
1555 4618 1621 4680 in
1651 4618 2049 4700 porrectione
2081 4619 2316 4696 caliciS,

819 4721 1071 4784 dicente
1101 4717 1739 4802 episcopozAccipite
1770 4725 2148 4801 potestatem
2181 4737 2322 4782 con-

818 4819 1081 4882 ficiendi
1128 4837 1241 4881 seu
1285 4815 1669 4879 celebrandi.
1707 4816 1945 4879 Deinde
1994 4818 2322 4900 accipiunt

818 4925 1195 5002 potestatem
1254 4916 1491 4998 ligandi
1550 4923 1611 4977 et
1670 4915 1980 4990 solvendi,
2042 4925 2320 4998 ponente

818 5019 1119 5102 episcopo
1151 5034 1412 5079 manum
1453 5032 1648 5096 super
1676 5015 1884 5096 capita
1920 5014 2316 5091 eorumdem,

819 5119 973 5181 dum
1002 5118 1091 5180 ait
1114 5114 1439 5198 :Accipite
1469 5113 1779 5196 Spiritum
1810 5113 2148 5193 Sanctum;
2171 5133 2322 5196 quo—

821 5235 964 5280 rum
1010 5213 1405 5289 remiseritiS,
1438 5220 1558 5276 etc.
1593 5247 1674 5257 —
1700 5211 1844 5275 Haec
1885 5211 2126 5275 Scottis,
2163 5213 2321 5286 Quo-

820 5333 964 5379 rum
1021 5313 1387 5397 oppositum
1446 5317 1691 5374 constat
1746 5329 1825 5373 cx
1880 5310 2316 5394 praeinductis,

2431 4343 2694 4388 suorum
2741 4333 2943 4388 mater
2985 4325 3277 4390 fidelium
3313 4344 3326 4388 ε
3361 4345 3513 4408 ergo
3560 4346 3687 4392 non
3735 4330 3928 4394 debet

2431 4425 2603 4487 filios
2652 4442 2800 4488 suos
2847 4424 3146 4506 abjicere,
3199 4427 3311 4488 sed
3366 4426 3802 4492 indesinenter
3847 4432 3926 4493 ad

2430 4523 2779 4587 errantium
2830 4524 3266 4588 reductionem
3315 4525 3621 4589 laborare.
3655 4563 3738 4574 —
3775 4529 3928 4592 Rur-

2431 4643 2560 4696 su5‚
2592 4623 2931 4705 Apostolus
2965 4639 2979 4685 ε
3012 4623 3150 4686 Noli
3177 4625 3445 4706 (inquit)
3473 4625 3712 4689 vincia
3741 4629 3924 4706 malo,
3987 4658 4107 4702 aaa.
4131 4667 4190 4704 ιη,

2431 4720 2540 4785 sed
2585 4721 2770 4783 vince
2813 4721 2879 4784 in
2930 4720 3098 4784 bono
3139 4723 3398 4785 malum.
3433 4723 3598 4805 Ergo
3641 4724 3927 4791 Ecclesia
3949 4726 4015 4767 ²¹·

2429 4838 2558 4884 non
2588 4820 2778 4883 debet
2805 4820 3078 4902 alicujus
3109 4820 3313 4902 frangi
3346 4822 3780 4905 improbitate,
3813 4827 3926 4890 sed

2428 4937 2542 4980 sua
2573 4919 2678 5000 pia
2713 4936 2787 4981 ac
2827 4919 3170 5000 longanimi
3213 4921 3519 5002 patientia
3554 4923 3922 5002 obdurato&

2431 5017 2699 5080 rebelles
2730 5023 2796 5080 et
2831 5025 3238 5081 contumaces
3275 5021 3355 5082 ad
3392 5019 3587 5083 vitam
3623 5041 3926 5088 revocare

2426 5117 2760 5179 virtutum.
2792 5151 2873 5163 —-
2900 5118 3225 5194 Praeterea‚
3267 5128 3505 5200 quanto
3546 5120 3696 5202 quis
3743 5123 3931 5186 vitio·

2427 5214 2556 5277 sior
2598 5213 2944 5296 duriorque
2991 5215 3300 5291 consistit,
3341 5223 3518 5280 tanto
3566 5219 3713 5301 plus
3763 5221 3928 5284 indi·

2426 5321 2532 5394 get
2589 5313 3167 5377 communicatione
3225 5315 3658 5397 spiritualium
3723 5320 3925 5387 bono-
