<?xml version="1.0" encoding="UTF-8"?>
<!DOCTYPE html PUBLIC "-//W3C//DTD XHTML 1.0 Transitional//EN"
    "http://www.w3.org/TR/xhtml1/DTD/xhtml1-transitional.dtd">
<html xmlns="http://www.w3.org/1999/xhtml" xml:lang="en" lang="en">
 <head>
  <title>
</title>
<meta http-equiv="Content-Type" content="text/html;charset=utf-8" />
  <meta name='ocr-system' content='tesseract 3.04.00' />
  <meta name='ocr-capabilities' content='ocr_page ocr_carea ocr_par ocr_line ocrx_word'/>
</head>
<body>
  <div class='ocr_page' id='page_1' title='image "./doctorisecstati04unkngoog_0154.png"; bbox 0 0 4267 6250; ppageno 0'>
   <div class='ocr_carea' id='block_1_1' title="bbox 856 458 981 525">
    <p class='ocr_par' dir='ltr' id='par_1_1' title="bbox 856 458 981 525">
     <span class='ocr_line' id='line_1_1' title="bbox 856 458 981 525; baseline 0 0"><span class='ocrx_word' id='word_1_1' title='bbox 856 458 981 525; x_wconf 72' lang='lat'><strong>138</strong></span> 
     </span>
    </p>
   </div>
   <div class='ocr_carea' id='block_1_2' title="bbox 1807 479 3007 529">
    <p class='ocr_par' dir='ltr' id='par_1_2' title="bbox 1807 479 3007 529">
     <span class='ocr_line' id='line_1_2' title="bbox 1807 479 3007 529; baseline -0.001 -1"><span class='ocrx_word' id='word_1_2' title='bbox 1807 480 1983 529; x_wconf 74' lang='lat' dir='ltr'><strong>mm</strong></span> <span class='ocrx_word' id='word_1_3' title='bbox 2023 481 2086 529; x_wconf 79' lang='lat' dir='ltr'><strong>lv</strong></span> <span class='ocrx_word' id='word_1_4' title='bbox 2126 479 2610 529; x_wconf 69' lang='lat' dir='ltr'><strong>smmrunun.</strong></span> <span class='ocrx_word' id='word_1_5' title='bbox 2649 498 2732 510; x_wconf 91' lang='lat'><strong>—</strong></span> <span class='ocrx_word' id='word_1_6' title='bbox 2770 480 2924 527; x_wconf 73' lang='lat' dir='ltr'><strong>msT.</strong></span> <span class='ocrx_word' id='word_1_7' title='bbox 2965 481 3007 527; x_wconf 75' lang='lat' dir='ltr'>V</span> 
     </span>
    </p>
   </div>
   <div class='ocr_carea' id='block_1_3' title="bbox 860 646 3972 738">
    <p class='ocr_par' dir='ltr' id='par_1_3' title="bbox 860 646 3972 738">
     <span class='ocr_line' id='line_1_3' title="bbox 860 646 3972 738; baseline -0.002 -23"><span class='ocrx_word' id='word_1_8' title='bbox 860 657 1209 727; x_wconf 72' lang='lat' dir='ltr'><strong>vertantur,</strong></span> <span class='ocrx_word' id='word_1_9' title='bbox 1263 652 1767 738; x_wconf 84' lang='lat' dir='ltr'><strong>martyrizentur,</strong></span> <span class='ocrx_word' id='word_1_10' title='bbox 1816 672 1891 717; x_wconf 92' lang='lat' dir='ltr'><strong>ac</strong></span> <span class='ocrx_word' id='word_1_11' title='bbox 1946 652 2089 717; x_wconf 91' lang='lat' dir='ltr'><strong>aliis</strong></span> <span class='ocrx_word' id='word_1_12' title='bbox 2152 652 2356 717; x_wconf 91' lang='lat' dir='ltr'><strong>modis</strong></span> <span class='ocrx_word' id='word_1_13' title='bbox 2385 652 2438 716; x_wconf 84' lang='lat' dir='ltr'>A</span> <span class='ocrx_word' id='word_1_14' title='bbox 2467 651 2846 716; x_wconf 81' lang='lat' dir='ltr'><strong>sanctificati</strong></span> <span class='ocrx_word' id='word_1_15' title='bbox 2888 652 2953 715; x_wconf 90' lang='lat' dir='ltr'><strong>in</strong></span> <span class='ocrx_word' id='word_1_16' title='bbox 2993 660 3176 716; x_wconf 91' lang='lat' dir='ltr'><strong>utero</strong></span> <span class='ocrx_word' id='word_1_17' title='bbox 3213 658 3427 716; x_wconf 90' lang='lat' dir='ltr'><strong>essent</strong></span> <span class='ocrx_word' id='word_1_18' title='bbox 3455 646 3863 733; x_wconf 81' lang='lat' dir='ltr'><strong>baptizandi3</strong></span> <span class='ocrx_word' id='word_1_19' title='bbox 3903 650 3972 709; x_wconf 87' lang='lat' dir='ltr'><strong>et</strong></span> 
     </span>
    </p>
   </div>
   <div class='ocr_carea' id='block_1_4' title="bbox 860 751 2357 1130">
    <p class='ocr_par' dir='ltr' id='par_1_4' title="bbox 860 751 2357 1130">
     <span class='ocr_line' id='line_1_4' title="bbox 862 751 2357 836; baseline 0.001 -23"><span class='ocrx_word' id='word_1_20' title='bbox 862 751 1202 814; x_wconf 88' lang='lat' dir='ltr'><strong>salubriter</strong></span> <span class='ocrx_word' id='word_1_21' title='bbox 1232 762 1774 817; x_wconf 78' lang='lat' dir='ltr'><strong>consummentur.</strong></span> <span class='ocrx_word' id='word_1_22' title='bbox 1794 753 1883 816; x_wconf 93' lang='lat' dir='ltr'><strong>Ob</strong></span> <span class='ocrx_word' id='word_1_23' title='bbox 1915 754 2070 817; x_wconf 87' lang='lat' dir='ltr'><strong>alias</strong></span> <span class='ocrx_word' id='word_1_24' title='bbox 2101 771 2357 836; x_wconf 91' lang='lat' dir='ltr'><strong>quoque</strong></span> 
     </span>
     <span class='ocr_line' id='line_1_5' title="bbox 862 849 2356 916; baseline 0.002 -6"><span class='ocrx_word' id='word_1_25' title='bbox 862 849 1168 914; x_wconf 80' lang='lat' dir='ltr'><strong>utilitates</strong></span> <span class='ocrx_word' id='word_1_26' title='bbox 1215 852 1357 915; x_wconf 88' lang='lat' dir='ltr'><strong>vult</strong></span> <span class='ocrx_word' id='word_1_27' title='bbox 1403 853 1568 915; x_wconf 89' lang='lat' dir='ltr'><strong>Deus</strong></span> <span class='ocrx_word' id='word_1_28' title='bbox 1626 860 1699 915; x_wconf 89' lang='lat' dir='ltr'><strong>ut</strong></span> <span class='ocrx_word' id='word_1_29' title='bbox 1754 852 1919 915; x_wconf 90' lang='lat' dir='ltr'><strong>inter</strong></span> <span class='ocrx_word' id='word_1_30' title='bbox 1967 852 2356 916; x_wconf 81' lang='lat' dir='ltr'><strong>Christianos</strong></span> 
     </span>
     <span class='ocr_line' id='line_1_6' title="bbox 860 948 2355 1033; baseline 0.001 -23"><span class='ocrx_word' id='word_1_31' title='bbox 860 948 1079 1012; x_wconf 88' lang='lat' dir='ltr'><strong>vivere</strong></span> <span class='ocrx_word' id='word_1_32' title='bbox 1118 950 1567 1032; x_wconf 79' lang='lat' dir='ltr'><strong>permittantur</strong></span> <span class='ocrx_word' id='word_1_33' title='bbox 1608 968 1885 1033; x_wconf 90' lang='lat' dir='ltr'><strong>suosque</strong></span> <span class='ocrx_word' id='word_1_34' title='bbox 1924 950 2083 1014; x_wconf 92' lang='lat' dir='ltr'><strong>ritus</strong></span> <span class='ocrx_word' id='word_1_35' title='bbox 2129 950 2355 1012; x_wconf 88' lang='lat' dir='ltr'><strong>saltem</strong></span> 
     </span>
     <span class='ocr_line' id='line_1_7' title="bbox 862 1046 2356 1130; baseline 0.002 -22"><span class='ocrx_word' id='word_1_36' title='bbox 862 1046 929 1109; x_wconf 93' lang='lat' dir='ltr'><strong>in</strong></span> <span class='ocrx_word' id='word_1_37' title='bbox 960 1056 1137 1130; x_wconf 87' lang='lat' dir='ltr'><strong>parte</strong></span> <span class='ocrx_word' id='word_1_38' title='bbox 1166 1068 1480 1112; x_wconf 87' lang='lat' dir='ltr'><strong>exercere.</strong></span> <span class='ocrx_word' id='word_1_39' title='bbox 1515 1049 1690 1112; x_wconf 85' lang='lat' dir='ltr'><strong>Unde</strong></span> <span class='ocrx_word' id='word_1_40' title='bbox 1729 1057 1793 1112; x_wconf 90' lang='lat' dir='ltr'><strong>et</strong></span> <span class='ocrx_word' id='word_1_41' title='bbox 1831 1049 2115 1113; x_wconf 88' lang='lat' dir='ltr'><strong>Christus</strong></span> <span class='ocrx_word' id='word_1_42' title='bbox 2151 1056 2356 1130; x_wconf 89' lang='lat' dir='ltr'><strong>prote-</strong></span> 
     </span>
    </p>
   </div>
   <div class='ocr_carea' id='block_1_5' title="bbox 724 1147 2358 1211">
    <p class='ocr_par' dir='ltr' id='par_1_5' title="bbox 724 1147 2358 1211">
     <span class='ocr_line' id='line_1_8' title="bbox 724 1147 2358 1211; baseline 0 -2"><span class='ocrx_word' id='word_1_43' title='bbox 724 1179 775 1209; x_wconf 63' lang='lat' dir='ltr'><strong>m</strong></span> <span class='ocrx_word' id='word_1_44' title='bbox 862 1154 1063 1209; x_wconf 84' lang='lat' dir='ltr'><strong>statur</strong></span> <span class='ocrx_word' id='word_1_45' title='bbox 1105 1148 1170 1210; x_wconf 92' lang='lat' dir='ltr'><strong>in</strong></span> <span class='ocrx_word' id='word_1_46' title='bbox 1209 1148 1454 1211; x_wconf 80' lang='lat' dir='ltr'><strong>Psalmo</strong></span> <span class='ocrx_word' id='word_1_47' title='bbox 1488 1165 1502 1209; x_wconf 90' lang='lat'><strong>:</strong></span> <span class='ocrx_word' id='word_1_48' title='bbox 1537 1148 1702 1211; x_wconf 89' lang='lat' dir='ltr'><strong>Deus</strong></span> <span class='ocrx_word' id='word_1_49' title='bbox 1740 1147 2018 1211; x_wconf 89' lang='lat' dir='ltr'><strong>ostendit</strong></span> <span class='ocrx_word' id='word_1_50' title='bbox 2058 1147 2218 1209; x_wconf 92' lang='lat' dir='ltr'><strong>mihi</strong></span> <span class='ocrx_word' id='word_1_51' title='bbox 2254 1167 2358 1210; x_wconf 90' lang='lat' dir='ltr'><strong>su-</strong></span> 
     </span>
    </p>
   </div>
   <div class='ocr_carea' id='block_1_6' title="bbox 567 4971 833 5154">
    <p class='ocr_par' dir='ltr' id='par_1_6' title="bbox 567 4971 833 5154">
     <span class='ocr_line' id='line_1_9' title="bbox 568 4971 833 5030; baseline 0.004 -14"><span class='ocrx_word' id='word_1_52' title='bbox 568 4971 833 5030; x_wconf 75' lang='lat' dir='ltr'><strong>Hugo,Sum-</strong></span> 
     </span>
     <span class='ocr_line' id='line_1_10' title="bbox 568 5038 805 5081; baseline 0 -1"><span class='ocrx_word' id='word_1_53' title='bbox 568 5050 639 5080; x_wconf 77' lang='lat' dir='ltr'><strong>ma</strong></span> <span class='ocrx_word' id='word_1_54' title='bbox 682 5038 805 5081; x_wconf 84' lang='lat' dir='ltr'><strong>Scnt.</strong></span> 
     </span>
     <span class='ocr_line' id='line_1_11' title="bbox 567 5106 831 5154; baseline -0.008 -8"><span class='ocrx_word' id='word_1_55' title='bbox 567 5106 831 5154; x_wconf 75' lang='lat' dir='ltr'><strong>tract.v‚c.8.</strong></span> 
     </span>
    </p>
   </div>
   <div class='ocr_carea' id='block_1_7' title="bbox 861 1246 2358 1822">
    <p class='ocr_par' dir='ltr' id='par_1_7' title="bbox 861 1246 2358 1822">
     <span class='ocr_line' id='line_1_12' title="bbox 864 1246 2356 1327; baseline 0 -19"><span class='ocrx_word' id='word_1_56' title='bbox 864 1263 979 1327; x_wconf 91' lang='lat' dir='ltr'><strong>per</strong></span> <span class='ocrx_word' id='word_1_57' title='bbox 1008 1246 1302 1309; x_wconf 90' lang='lat' dir='ltr'><strong>inimicos</strong></span> <span class='ocrx_word' id='word_1_58' title='bbox 1333 1246 1627 1322; x_wconf 79' lang='lat' dir='ltr'><strong>meoS,Ne</strong></span> <span class='ocrx_word' id='word_1_59' title='bbox 1656 1246 1905 1309; x_wconf 87' lang='lat' dir='ltr'><strong>occidas</strong></span> <span class='ocrx_word' id='word_1_60' title='bbox 1935 1264 2356 1327; x_wconf 86' lang='lat' dir='ltr'><strong>eos,nequan-</strong></span> 
     </span>
     <span class='ocr_line' id='line_1_13' title="bbox 862 1343 2355 1427; baseline 0.001 -22"><span class='ocrx_word' id='word_1_61' title='bbox 862 1343 944 1406; x_wconf 92' lang='lat' dir='ltr'><strong>do</strong></span> <span class='ocrx_word' id='word_1_62' title='bbox 993 1344 1453 1408; x_wconf 88' lang='lat' dir='ltr'><strong>obliviscantur</strong></span> <span class='ocrx_word' id='word_1_63' title='bbox 1499 1345 1723 1427; x_wconf 91' lang='lat' dir='ltr'><strong>populi</strong></span> <span class='ocrx_word' id='word_1_64' title='bbox 1770 1344 1917 1407; x_wconf 93' lang='lat' dir='ltr'><strong>mei.</strong></span> <span class='ocrx_word' id='word_1_65' title='bbox 1958 1380 2040 1389; x_wconf 93' lang='lat'><strong>——</strong></span> <span class='ocrx_word' id='word_1_66' title='bbox 2075 1344 2252 1418; x_wconf 89' lang='lat' dir='ltr'><strong>Quod</strong></span> <span class='ocrx_word' id='word_1_67' title='bbox 2301 1343 2355 1407; x_wconf 91' lang='lat' dir='ltr'><strong>si</strong></span> 
     </span>
     <span class='ocr_line' id='line_1_14' title="bbox 862 1441 2356 1526; baseline -0.001 -21"><span class='ocrx_word' id='word_1_68' title='bbox 862 1441 1224 1523; x_wconf 87' lang='lat' dir='ltr'><strong>objiciatur,</strong></span> <span class='ocrx_word' id='word_1_69' title='bbox 1256 1443 1338 1507; x_wconf 93' lang='lat' dir='ltr'><strong>ob</strong></span> <span class='ocrx_word' id='word_1_70' title='bbox 1379 1444 1499 1507; x_wconf 91' lang='lat' dir='ltr'><strong>hoc</strong></span> <span class='ocrx_word' id='word_1_71' title='bbox 1538 1462 1664 1508; x_wconf 89' lang='lat' dir='ltr'><strong>non</strong></span> <span class='ocrx_word' id='word_1_72' title='bbox 1703 1450 1993 1526; x_wconf 87' lang='lat' dir='ltr'><strong>oportere</strong></span> <span class='ocrx_word' id='word_1_73' title='bbox 2026 1452 2156 1506; x_wconf 85' lang='lat' dir='ltr'><strong>tam</strong></span> <span class='ocrx_word' id='word_1_74' title='bbox 2199 1444 2356 1505; x_wconf 93' lang='lat' dir='ltr'><strong>mul-</strong></span> 
     </span>
     <span class='ocr_line' id='line_1_15' title="bbox 861 1541 2352 1623; baseline 0.001 -21"><span class='ocrx_word' id='word_1_75' title='bbox 861 1547 959 1603; x_wconf 88' lang='lat' dir='ltr'><strong>tos</strong></span> <span class='ocrx_word' id='word_1_76' title='bbox 986 1541 1231 1604; x_wconf 84' lang='lat' dir='ltr'><strong>Judaeos</strong></span> <span class='ocrx_word' id='word_1_77' title='bbox 1264 1560 1520 1605; x_wconf 89' lang='lat' dir='ltr'><strong>manere</strong></span> <span class='ocrx_word' id='word_1_78' title='bbox 1549 1541 1952 1623; x_wconf 91' lang='lat' dir='ltr'><strong>incredulos;</strong></span> <span class='ocrx_word' id='word_1_79' title='bbox 1985 1541 2352 1617; x_wconf 87' lang='lat' dir='ltr'><strong>dicendum,</strong></span> 
     </span>
     <span class='ocr_line' id='line_1_16' title="bbox 863 1639 2358 1724; baseline 0.001 -23"><span class='ocrx_word' id='word_1_80' title='bbox 863 1639 1033 1721; x_wconf 88' lang='lat' dir='ltr'><strong>quod</strong></span> <span class='ocrx_word' id='word_1_81' title='bbox 1072 1640 1257 1703; x_wconf 90' lang='lat' dir='ltr'><strong>nobis</strong></span> <span class='ocrx_word' id='word_1_82' title='bbox 1295 1640 1611 1704; x_wconf 89' lang='lat' dir='ltr'><strong>incertum</strong></span> <span class='ocrx_word' id='word_1_83' title='bbox 1650 1649 1767 1715; x_wconf 92' lang='lat' dir='ltr'><strong>est,</strong></span> <span class='ocrx_word' id='word_1_84' title='bbox 1800 1659 1959 1724; x_wconf 94' lang='lat' dir='ltr'><strong>quos</strong></span> <span class='ocrx_word' id='word_1_85' title='bbox 2000 1648 2063 1703; x_wconf 90' lang='lat' dir='ltr'><strong>et</strong></span> <span class='ocrx_word' id='word_1_86' title='bbox 2102 1659 2180 1703; x_wconf 86' lang='lat' dir='ltr'><strong>ex</strong></span> <span class='ocrx_word' id='word_1_87' title='bbox 2219 1639 2358 1722; x_wconf 90' lang='lat' dir='ltr'><strong>qui-</strong></span> 
     </span>
     <span class='ocr_line' id='line_1_17' title="bbox 862 1738 2353 1822; baseline 0.001 -23"><span class='ocrx_word' id='word_1_88' title='bbox 862 1738 983 1801; x_wconf 90' lang='lat' dir='ltr'><strong>bus</strong></span> <span class='ocrx_word' id='word_1_89' title='bbox 1020 1739 1178 1801; x_wconf 90' lang='lat' dir='ltr'><strong>velit</strong></span> <span class='ocrx_word' id='word_1_90' title='bbox 1213 1741 1563 1822; x_wconf 90' lang='lat' dir='ltr'><strong>producere</strong></span> <span class='ocrx_word' id='word_1_91' title='bbox 1612 1740 1797 1803; x_wconf 89' lang='lat' dir='ltr'><strong>Deus.</strong></span> <span class='ocrx_word' id='word_1_92' title='bbox 1848 1741 2004 1815; x_wconf 91' lang='lat' dir='ltr'><strong>Imo‚</strong></span> <span class='ocrx_word' id='word_1_93' title='bbox 2048 1738 2353 1821; x_wconf 88' lang='lat' dir='ltr'><strong>quoniam</strong></span> 
     </span>
    </p>
   </div>
   <div class='ocr_carea' id='block_1_8' title="bbox 860 1936 2360 3003">
    <p class='ocr_par' dir='ltr' id='par_1_8' title="bbox 860 1936 2360 3003">
     <span class='ocr_line' id='line_1_18' title="bbox 862 1936 2354 2018; baseline 0.002 -22"><span class='ocrx_word' id='word_1_94' title='bbox 862 1942 927 1997; x_wconf 92' lang='lat' dir='ltr'><strong>to</strong></span> <span class='ocrx_word' id='word_1_95' title='bbox 956 1936 1127 2017; x_wconf 90' lang='lat' dir='ltr'><strong>quod</strong></span> <span class='ocrx_word' id='word_1_96' title='bbox 1157 1954 1274 1999; x_wconf 89' lang='lat' dir='ltr'><strong>nec</strong></span> <span class='ocrx_word' id='word_1_97' title='bbox 1303 1936 1459 1999; x_wconf 91' lang='lat' dir='ltr'><strong>alios</strong></span> <span class='ocrx_word' id='word_1_98' title='bbox 1492 1936 1875 2011; x_wconf 78' lang='lat' dir='ltr'><strong>incredulOS‚</strong></span> <span class='ocrx_word' id='word_1_99' title='bbox 1900 1954 2018 1999; x_wconf 90' lang='lat' dir='ltr'><strong>nec</strong></span> <span class='ocrx_word' id='word_1_100' title='bbox 2050 1936 2354 2018; x_wconf 90' lang='lat' dir='ltr'><strong>reprobos</strong></span> 
     </span>
     <span class='ocr_line' id='line_1_19' title="bbox 864 2033 2355 2117; baseline 0 -20"><span class='ocrx_word' id='word_1_101' title='bbox 864 2033 1251 2097; x_wconf 80' lang='lat' dir='ltr'><strong>Christianos</strong></span> <span class='ocrx_word' id='word_1_102' title='bbox 1318 2035 1720 2117; x_wconf 89' lang='lat' dir='ltr'><strong>superbonus</strong></span> <span class='ocrx_word' id='word_1_103' title='bbox 1788 2043 1850 2098; x_wconf 90' lang='lat' dir='ltr'><strong>et</strong></span> <span class='ocrx_word' id='word_1_104' title='bbox 1905 2034 2355 2117; x_wconf 81' lang='lat' dir='ltr'><strong>supersapiens</strong></span> 
     </span>
     <span class='ocr_line' id='line_1_20' title="bbox 864 2132 2352 2215; baseline 0.001 -21"><span class='ocrx_word' id='word_1_105' title='bbox 864 2132 1029 2194; x_wconf 93' lang='lat' dir='ltr'><strong>Deus</strong></span> <span class='ocrx_word' id='word_1_106' title='bbox 1078 2133 1289 2196; x_wconf 85' lang='lat' dir='ltr'><strong>taliter</strong></span> <span class='ocrx_word' id='word_1_107' title='bbox 1332 2134 1733 2196; x_wconf 87' lang='lat' dir='ltr'><strong>continuaret</strong></span> <span class='ocrx_word' id='word_1_108' title='bbox 1771 2142 1836 2197; x_wconf 88' lang='lat' dir='ltr'><strong>et</strong></span> <span class='ocrx_word' id='word_1_109' title='bbox 1878 2134 2352 2215; x_wconf 87' lang='lat' dir='ltr'><strong>multiplicaret,</strong></span> 
     </span>
     <span class='ocr_line' id='line_1_21' title="bbox 864 2230 2357 2315; baseline 0.003 -23"><span class='ocrx_word' id='word_1_110' title='bbox 864 2230 987 2293; x_wconf 90' lang='lat' dir='ltr'><strong>nisi</strong></span> <span class='ocrx_word' id='word_1_111' title='bbox 1029 2231 1313 2313; x_wconf 90' lang='lat' dir='ltr'><strong>quidam,</strong></span> <span class='ocrx_word' id='word_1_112' title='bbox 1347 2232 1478 2294; x_wconf 93' lang='lat' dir='ltr'><strong>imo</strong></span> <span class='ocrx_word' id='word_1_113' title='bbox 1518 2233 1703 2296; x_wconf 89' lang='lat' dir='ltr'><strong>multi</strong></span> <span class='ocrx_word' id='word_1_114' title='bbox 1747 2241 1810 2295; x_wconf 90' lang='lat' dir='ltr'><strong>et</strong></span> <span class='ocrx_word' id='word_1_115' title='bbox 1849 2232 2029 2315; x_wconf 87' lang='lat' dir='ltr'><strong>quasi</strong></span> <span class='ocrx_word' id='word_1_116' title='bbox 2065 2233 2357 2295; x_wconf 90' lang='lat' dir='ltr'><strong>innume-</strong></span> 
     </span>
     <span class='ocr_line' id='line_1_22' title="bbox 864 2328 2357 2406; baseline 0.003 -16"><span class='ocrx_word' id='word_1_117' title='bbox 864 2328 1098 2392; x_wconf 88' lang='lat' dir='ltr'><strong>rabiles</strong></span> <span class='ocrx_word' id='word_1_118' title='bbox 1138 2329 1322 2393; x_wconf 92' lang='lat' dir='ltr'><strong>electi</strong></span> <span class='ocrx_word' id='word_1_119' title='bbox 1364 2338 1578 2393; x_wconf 89' lang='lat' dir='ltr'><strong>essent</strong></span> <span class='ocrx_word' id='word_1_120' title='bbox 1616 2331 1919 2394; x_wconf 86' lang='lat' dir='ltr'><strong>nascituri</strong></span> <span class='ocrx_word' id='word_1_121' title='bbox 1958 2351 2035 2395; x_wconf 89' lang='lat' dir='ltr'><strong>ex</strong></span> <span class='ocrx_word' id='word_1_122' title='bbox 2075 2331 2190 2406; x_wconf 82' lang='lat' dir='ltr'><strong>eiS,</strong></span> <span class='ocrx_word' id='word_1_123' title='bbox 2223 2333 2357 2395; x_wconf 85' lang='lat' dir='ltr'><strong>sive</strong></span> 
     </span>
     <span class='ocr_line' id='line_1_23' title="bbox 862 2427 2358 2511; baseline 0.001 -20"><span class='ocrx_word' id='word_1_124' title='bbox 862 2428 945 2491; x_wconf 95' lang='lat' dir='ltr'><strong>ob</strong></span> <span class='ocrx_word' id='word_1_125' title='bbox 988 2427 1111 2490; x_wconf 91' lang='lat' dir='ltr'><strong>alia</strong></span> <span class='ocrx_word' id='word_1_126' title='bbox 1142 2428 1307 2492; x_wconf 89' lang='lat' dir='ltr'><strong>bona</strong></span> <span class='ocrx_word' id='word_1_127' title='bbox 1336 2448 1479 2511; x_wconf 86' lang='lat' dir='ltr'><strong>quae</strong></span> <span class='ocrx_word' id='word_1_128' title='bbox 1508 2430 1685 2493; x_wconf 87' lang='lat' dir='ltr'><strong>elicit</strong></span> <span class='ocrx_word' id='word_1_129' title='bbox 1712 2431 1877 2493; x_wconf 89' lang='lat' dir='ltr'><strong>Deus</strong></span> <span class='ocrx_word' id='word_1_130' title='bbox 1908 2449 1985 2493; x_wconf 89' lang='lat' dir='ltr'><strong>ex</strong></span> <span class='ocrx_word' id='word_1_131' title='bbox 2017 2431 2221 2493; x_wconf 89' lang='lat' dir='ltr'><strong>malis.</strong></span> <span class='ocrx_word' id='word_1_132' title='bbox 2253 2430 2358 2494; x_wconf 91' lang='lat' dir='ltr'><strong>Ni-</strong></span> 
     </span>
     <span class='ocr_line' id='line_1_24' title="bbox 861 2526 2358 2611; baseline 0.003 -24"><span class='ocrx_word' id='word_1_133' title='bbox 861 2526 993 2589; x_wconf 92' lang='lat' dir='ltr'><strong>hilo</strong></span> <span class='ocrx_word' id='word_1_134' title='bbox 1037 2526 1252 2590; x_wconf 90' lang='lat' dir='ltr'><strong>minus</strong></span> <span class='ocrx_word' id='word_1_135' title='bbox 1294 2527 1475 2609; x_wconf 91' lang='lat' dir='ltr'><strong>pium</strong></span> <span class='ocrx_word' id='word_1_136' title='bbox 1518 2527 1789 2604; x_wconf 88' lang='lat' dir='ltr'><strong>videtur,</strong></span> <span class='ocrx_word' id='word_1_137' title='bbox 1824 2537 1895 2591; x_wconf 94' lang='lat' dir='ltr'><strong>ut</strong></span> <span class='ocrx_word' id='word_1_138' title='bbox 1936 2530 1988 2592; x_wconf 90' lang='lat' dir='ltr'><strong>si</strong></span> <span class='ocrx_word' id='word_1_139' title='bbox 2034 2529 2358 2611; x_wconf 90' lang='lat' dir='ltr'><strong>principes</strong></span> 
     </span>
     <span class='ocr_line' id='line_1_25' title="bbox 860 2624 2356 2708; baseline 0.002 -21"><span class='ocrx_word' id='word_1_140' title='bbox 860 2624 1189 2687; x_wconf 88' lang='lat' dir='ltr'><strong>christiani</strong></span> <span class='ocrx_word' id='word_1_141' title='bbox 1229 2633 1628 2708; x_wconf 86' lang='lat' dir='ltr'><strong>prosternant</strong></span> <span class='ocrx_word' id='word_1_142' title='bbox 1660 2627 1723 2689; x_wconf 92' lang='lat' dir='ltr'><strong>in</strong></span> <span class='ocrx_word' id='word_1_143' title='bbox 1759 2627 1927 2690; x_wconf 92' lang='lat' dir='ltr'><strong>bello</strong></span> <span class='ocrx_word' id='word_1_144' title='bbox 1972 2627 2356 2702; x_wconf 81' lang='lat' dir='ltr'><strong>increduloS,</strong></span> 
     </span>
     <span class='ocr_line' id='line_1_26' title="bbox 861 2724 2356 2808; baseline 0.001 -23"><span class='ocrx_word' id='word_1_145' title='bbox 861 2730 926 2785; x_wconf 96' lang='lat' dir='ltr'><strong>et</strong></span> <span class='ocrx_word' id='word_1_146' title='bbox 966 2730 1164 2786; x_wconf 85' lang='lat' dir='ltr'><strong>terras</strong></span> <span class='ocrx_word' id='word_1_147' title='bbox 1206 2742 1426 2787; x_wconf 91' lang='lat' dir='ltr'><strong>eorum</strong></span> <span class='ocrx_word' id='word_1_148' title='bbox 1468 2724 1613 2806; x_wconf 87' lang='lat' dir='ltr'><strong>jure</strong></span> <span class='ocrx_word' id='word_1_149' title='bbox 1656 2726 1857 2807; x_wconf 85' lang='lat' dir='ltr'><strong>praelii</strong></span> <span class='ocrx_word' id='word_1_150' title='bbox 1901 2726 2356 2808; x_wconf 83' lang='lat' dir='ltr'><strong>adipiscantur,</strong></span> 
     </span>
     <span class='ocr_line' id='line_1_27' title="bbox 863 2821 2358 2906; baseline 0.001 -23"><span class='ocrx_word' id='word_1_151' title='bbox 863 2821 1160 2903; x_wconf 89' lang='lat' dir='ltr'><strong>parvulos</strong></span> <span class='ocrx_word' id='word_1_152' title='bbox 1208 2824 1581 2886; x_wconf 89' lang='lat' dir='ltr'><strong>eorumdem</strong></span> <span class='ocrx_word' id='word_1_153' title='bbox 1638 2822 1871 2886; x_wconf 83' lang='lat' dir='ltr'><strong>faciant</strong></span> <span class='ocrx_word' id='word_1_154' title='bbox 1920 2823 2248 2906; x_wconf 87' lang='lat' dir='ltr'><strong>baptizari,</strong></span> <span class='ocrx_word' id='word_1_155' title='bbox 2297 2829 2358 2885; x_wconf 90' lang='lat' dir='ltr'><strong>et</strong></span> 
     </span>
     <span class='ocr_line' id='line_1_28' title="bbox 864 2917 2360 3003; baseline 0.001 -23"><span class='ocrx_word' id='word_1_156' title='bbox 864 2918 1031 2981; x_wconf 90' lang='lat' dir='ltr'><strong>inter</strong></span> <span class='ocrx_word' id='word_1_157' title='bbox 1078 2917 1303 2982; x_wconf 81' lang='lat' dir='ltr'><strong>fideles</strong></span> <span class='ocrx_word' id='word_1_158' title='bbox 1360 2920 1773 3002; x_wconf 87' lang='lat' dir='ltr'><strong>corporaliter</strong></span> <span class='ocrx_word' id='word_1_159' title='bbox 1819 2939 1892 2983; x_wconf 91' lang='lat' dir='ltr'><strong>ac</strong></span> <span class='ocrx_word' id='word_1_160' title='bbox 1942 2920 2360 3003; x_wconf 89' lang='lat' dir='ltr'><strong>spiritualiter</strong></span> 
     </span>
    </p>
   </div>
   <div class='ocr_carea' id='block_1_9' title="bbox 2466 745 3974 1820">
    <p class='ocr_par' dir='ltr' id='par_1_9' title="bbox 2466 745 3974 1405">
     <span class='ocr_line' id='line_1_29' title="bbox 2468 745 3970 834; baseline -0.004 -21"><span class='ocrx_word' id='word_1_161' title='bbox 2468 752 2645 826; x_wconf 86' lang='lat' dir='ltr'><strong>item,</strong></span> <span class='ocrx_word' id='word_1_162' title='bbox 2691 761 2906 814; x_wconf 89' lang='lat' dir='ltr'><strong>utrum</strong></span> <span class='ocrx_word' id='word_1_163' title='bbox 2956 752 3088 834; x_wconf 86' lang='lat' dir='ltr'><strong>jam</strong></span> <span class='ocrx_word' id='word_1_164' title='bbox 3135 750 3294 834; x_wconf 86' lang='lat' dir='ltr'><strong>justi</strong></span> <span class='ocrx_word' id='word_1_165' title='bbox 3341 757 3406 814; x_wconf 89' lang='lat' dir='ltr'><strong>et</strong></span> <span class='ocrx_word' id='word_1_166' title='bbox 3447 747 3711 813; x_wconf 86' lang='lat' dir='ltr'><strong>virtuosi</strong></span> <span class='ocrx_word' id='word_1_167' title='bbox 3755 745 3970 828; x_wconf 88' lang='lat' dir='ltr'><strong>bapti-</strong></span> 
     </span>
     <span class='ocr_line' id='line_1_30' title="bbox 2467 846 3969 930; baseline -0.004 -17"><span class='ocrx_word' id='word_1_168' title='bbox 2467 850 2651 913; x_wconf 87' lang='lat' dir='ltr'><strong>zandi</strong></span> <span class='ocrx_word' id='word_1_169' title='bbox 2697 851 3018 913; x_wconf 89' lang='lat' dir='ltr'><strong>exsistant.</strong></span> <span class='ocrx_word' id='word_1_170' title='bbox 3052 886 3132 895; x_wconf 98' lang='lat'><strong>—</strong></span> <span class='ocrx_word' id='word_1_171' title='bbox 3175 850 3252 913; x_wconf 89' lang='lat' dir='ltr'><strong>Et</strong></span> <span class='ocrx_word' id='word_1_172' title='bbox 3299 850 3552 912; x_wconf 90' lang='lat' dir='ltr'><strong>videtur</strong></span> <span class='ocrx_word' id='word_1_173' title='bbox 3593 846 3762 930; x_wconf 92' lang='lat' dir='ltr'><strong>quod</strong></span> <span class='ocrx_word' id='word_1_174' title='bbox 3809 862 3969 917; x_wconf 89' lang='lat' dir='ltr'><strong>non,</strong></span> 
     </span>
     <span class='ocr_line' id='line_1_31' title="bbox 2466 944 3972 1032; baseline -0.005 -20"><span class='ocrx_word' id='word_1_175' title='bbox 2466 969 2669 1032; x_wconf 92' lang='lat' dir='ltr'><strong>quum</strong></span> <span class='ocrx_word' id='word_1_176' title='bbox 2711 949 3072 1031; x_wconf 88' lang='lat' dir='ltr'><strong>Baptismus</strong></span> <span class='ocrx_word' id='word_1_177' title='bbox 3119 956 3338 1011; x_wconf 91' lang='lat' dir='ltr'><strong>contra</strong></span> <span class='ocrx_word' id='word_1_178' title='bbox 3374 946 3682 1028; x_wconf 86' lang='lat' dir='ltr'><strong>originale</strong></span> <span class='ocrx_word' id='word_1_179' title='bbox 3715 944 3972 1007; x_wconf 90' lang='lat' dir='ltr'><strong>ordine-</strong></span> 
     </span>
     <span class='ocr_line' id='line_1_32' title="bbox 2466 1042 3967 1129; baseline -0.005 -19"><span class='ocrx_word' id='word_1_180' title='bbox 2466 1056 2572 1110; x_wconf 91' lang='lat' dir='ltr'><strong>tur</strong></span> <span class='ocrx_word' id='word_1_181' title='bbox 2603 1055 2960 1129; x_wconf 89' lang='lat' dir='ltr'><strong>peccatum,</strong></span> <span class='ocrx_word' id='word_1_182' title='bbox 2993 1067 3030 1110; x_wconf 92' lang='lat' dir='ltr'><strong>a</strong></span> <span class='ocrx_word' id='word_1_183' title='bbox 3059 1066 3186 1129; x_wconf 94' lang='lat' dir='ltr'><strong>quo</strong></span> <span class='ocrx_word' id='word_1_184' title='bbox 3218 1047 3312 1109; x_wconf 92' lang='lat' dir='ltr'><strong>illi</strong></span> <span class='ocrx_word' id='word_1_185' title='bbox 3340 1046 3474 1127; x_wconf 76' lang='lat' dir='ltr'><strong>J&#39;am</strong></span> <span class='ocrx_word' id='word_1_186' title='bbox 3508 1042 3756 1128; x_wconf 86' lang='lat' dir='ltr'><strong>purgati</strong></span> <span class='ocrx_word' id='word_1_187' title='bbox 3789 1048 3967 1105; x_wconf 90' lang='lat' dir='ltr'><strong>sunt.</strong></span> 
     </span>
     <span class='ocr_line' id='line_1_33' title="bbox 2467 1142 3974 1228; baseline -0.004 -21"><span class='ocrx_word' id='word_1_188' title='bbox 2467 1146 2803 1228; x_wconf 86' lang='lat' dir='ltr'><strong>Quumque</strong></span> <span class='ocrx_word' id='word_1_189' title='bbox 2835 1146 2901 1208; x_wconf 90' lang='lat' dir='ltr'><strong>in</strong></span> <span class='ocrx_word' id='word_1_190' title='bbox 2941 1146 3204 1209; x_wconf 84' lang='lat' dir='ltr'><strong>caritate</strong></span> <span class='ocrx_word' id='word_1_191' title='bbox 3241 1152 3307 1207; x_wconf 90' lang='lat' dir='ltr'><strong>et</strong></span> <span class='ocrx_word' id='word_1_192' title='bbox 3340 1143 3475 1207; x_wconf 81' lang='lat' dir='ltr'><strong>fide</strong></span> <span class='ocrx_word' id='word_1_193' title='bbox 3511 1142 3783 1206; x_wconf 80' lang='lat' dir='ltr'><strong>formata</strong></span> <span class='ocrx_word' id='word_1_194' title='bbox 3821 1158 3974 1203; x_wconf 89' lang='lat' dir='ltr'><strong>con-</strong></span> 
     </span>
     <span class='ocr_line' id='line_1_34' title="bbox 2468 1240 3972 1325; baseline -0.005 -18"><span class='ocrx_word' id='word_1_195' title='bbox 2468 1244 2715 1319; x_wconf 86' lang='lat' dir='ltr'><strong>sistant,</strong></span> <span class='ocrx_word' id='word_1_196' title='bbox 2767 1262 2894 1307; x_wconf 93' lang='lat' dir='ltr'><strong>non</strong></span> <span class='ocrx_word' id='word_1_197' title='bbox 2937 1243 3191 1307; x_wconf 90' lang='lat' dir='ltr'><strong>videtur</strong></span> <span class='ocrx_word' id='word_1_198' title='bbox 3231 1244 3324 1307; x_wconf 89' lang='lat' dir='ltr'><strong>eis</strong></span> <span class='ocrx_word' id='word_1_199' title='bbox 3371 1241 3615 1325; x_wconf 86' lang='lat' dir='ltr'><strong>aliquid</strong></span> <span class='ocrx_word' id='word_1_200' title='bbox 3663 1240 3806 1322; x_wconf 90' lang='lat' dir='ltr'><strong>plus</strong></span> <span class='ocrx_word' id='word_1_201' title='bbox 3857 1258 3972 1301; x_wconf 91' lang='lat' dir='ltr'><strong>ne—</strong></span> 
     </span>
     <span class='ocr_line' id='line_1_35' title="bbox 2467 1342 3264 1405; baseline -0.003 0"><span class='ocrx_word' id='word_1_202' title='bbox 2467 1342 2814 1405; x_wconf 90' lang='lat' dir='ltr'><strong>cessarium</strong></span> <span class='ocrx_word' id='word_1_203' title='bbox 2857 1343 2933 1405; x_wconf 91' lang='lat' dir='ltr'><strong>ad</strong></span> <span class='ocrx_word' id='word_1_204' title='bbox 2975 1342 3264 1405; x_wconf 90' lang='lat' dir='ltr'><strong>salutem.</strong></span> 
     </span>
    </p>

    <p class='ocr_par' dir='ltr' id='par_1_10' title="bbox 2467 1436 3966 1820">
     <span class='ocr_line' id='line_1_36' title="bbox 2546 1436 3963 1523; baseline -0.004 -19"><span class='ocrx_word' id='word_1_205' title='bbox 2546 1442 2640 1504; x_wconf 89' lang='lat' dir='ltr'><strong>Ad</strong></span> <span class='ocrx_word' id='word_1_206' title='bbox 2679 1442 2797 1504; x_wconf 91' lang='lat' dir='ltr'><strong>ista</strong></span> <span class='ocrx_word' id='word_1_207' title='bbox 2835 1442 3254 1523; x_wconf 87' lang='lat' dir='ltr'><strong>respondetur</strong></span> <span class='ocrx_word' id='word_1_208' title='bbox 3290 1439 3372 1504; x_wconf 90' lang='lat' dir='ltr'><strong>ab</strong></span> <span class='ocrx_word' id='word_1_209' title='bbox 3409 1438 3732 1521; x_wconf 86' lang='lat' dir='ltr'><strong>aliquibus</strong></span> <span class='ocrx_word' id='word_1_210' title='bbox 3769 1436 3963 1499; x_wconf 80' lang='lat' dir='ltr'><strong>infra.</strong></span> 
     </span>
     <span class='ocr_line' id='line_1_37' title="bbox 2468 1535 3965 1623; baseline -0.006 -17"><span class='ocrx_word' id='word_1_211' title='bbox 2468 1542 2589 1606; x_wconf 90' lang='lat' dir='ltr'><strong>Sed</strong></span> <span class='ocrx_word' id='word_1_212' title='bbox 2639 1541 2968 1623; x_wconf 85' lang='lat' dir='ltr'><strong>responsio</strong></span> <span class='ocrx_word' id='word_1_213' title='bbox 3013 1539 3292 1604; x_wconf 90' lang='lat' dir='ltr'><strong>breviter</strong></span> <span class='ocrx_word' id='word_1_214' title='bbox 3339 1545 3462 1601; x_wconf 85' lang='lat' dir='ltr'><strong>stat</strong></span> <span class='ocrx_word' id='word_1_215' title='bbox 3503 1538 3569 1600; x_wconf 89' lang='lat' dir='ltr'><strong>in</strong></span> <span class='ocrx_word' id='word_1_216' title='bbox 3614 1535 3755 1611; x_wconf 92' lang='lat' dir='ltr'><strong>isto,</strong></span> <span class='ocrx_word' id='word_1_217' title='bbox 3785 1535 3965 1618; x_wconf 90' lang='lat' dir='ltr'><strong>quod</strong></span> 
     </span>
     <span class='ocr_line' id='line_1_38' title="bbox 2467 1635 3966 1723; baseline -0.005 -20"><span class='ocrx_word' id='word_1_218' title='bbox 2467 1648 2726 1723; x_wconf 89' lang='lat' dir='ltr'><strong>propter</strong></span> <span class='ocrx_word' id='word_1_219' title='bbox 2754 1638 3232 1721; x_wconf 88' lang='lat' dir='ltr'><strong>generalitatem</strong></span> <span class='ocrx_word' id='word_1_220' title='bbox 3263 1637 3464 1701; x_wconf 90' lang='lat' dir='ltr'><strong>divini</strong></span> <span class='ocrx_word' id='word_1_221' title='bbox 3501 1635 3798 1719; x_wconf 83' lang='lat' dir='ltr'><strong>praecepti</strong></span> <span class='ocrx_word' id='word_1_222' title='bbox 3831 1636 3966 1697; x_wconf 87' lang='lat' dir='ltr'><strong>sint</strong></span> 
     </span>
     <span class='ocr_line' id='line_1_39' title="bbox 2467 1734 3966 1820; baseline -0.003 -19"><span class='ocrx_word' id='word_1_223' title='bbox 2467 1738 2850 1820; x_wconf 88' lang='lat' dir='ltr'><strong>baptizandi,</strong></span> <span class='ocrx_word' id='word_1_224' title='bbox 2897 1746 2960 1801; x_wconf 88' lang='lat' dir='ltr'><strong>et</strong></span> <span class='ocrx_word' id='word_1_225' title='bbox 3006 1738 3128 1799; x_wconf 91' lang='lat' dir='ltr'><strong>hoc</strong></span> <span class='ocrx_word' id='word_1_226' title='bbox 3177 1737 3434 1819; x_wconf 91' lang='lat' dir='ltr'><strong>prodest</strong></span> <span class='ocrx_word' id='word_1_227' title='bbox 3479 1735 3572 1798; x_wconf 92' lang='lat' dir='ltr'><strong>eis</strong></span> <span class='ocrx_word' id='word_1_228' title='bbox 3618 1735 3696 1797; x_wconf 89' lang='lat' dir='ltr'><strong>ad</strong></span> <span class='ocrx_word' id='word_1_229' title='bbox 3743 1734 3966 1816; x_wconf 83' lang='lat' dir='ltr'><strong>gratiae</strong></span> 
     </span>
    </p>
   </div>
   <div class='ocr_carea' id='block_1_10' title="bbox 686 1832 3968 1920">
    <p class='ocr_par' dir='ltr' id='par_1_11' title="bbox 686 1832 3968 1920">
     <span class='ocr_line' id='line_1_40' title="bbox 686 1832 3968 1920; baseline -0.001 -21"><span class='ocrx_word' id='word_1_230' title='bbox 686 1860 753 1891; x_wconf 79' lang='lat' dir='ltr'><strong>or·-</strong></span> <span class='ocrx_word' id='word_1_231' title='bbox 776 1862 833 1899; x_wconf 79' lang='lat' dir='ltr'><strong>m,</strong></span> <span class='ocrx_word' id='word_1_232' title='bbox 859 1836 1046 1917; x_wconf 89' lang='lat' dir='ltr'><strong>(teste</strong></span> <span class='ocrx_word' id='word_1_233' title='bbox 1076 1837 1404 1920; x_wconf 87' lang='lat' dir='ltr'><strong>Apostolo)</strong></span> <span class='ocrx_word' id='word_1_234' title='bbox 1430 1838 1646 1901; x_wconf 90' lang='lat' dir='ltr'><strong>omnia</strong></span> <span class='ocrx_word' id='word_1_235' title='bbox 1675 1846 1935 1920; x_wconf 90' lang='lat' dir='ltr'><strong>propter</strong></span> <span class='ocrx_word' id='word_1_236' title='bbox 1961 1838 2354 1920; x_wconf 78' lang='lat' dir='ltr'><strong>electQS‚pu-</strong></span> <span class='ocrx_word' id='word_1_237' title='bbox 2379 1836 2430 1901; x_wconf 91' lang='lat' dir='ltr'><strong>B</strong></span> <span class='ocrx_word' id='word_1_238' title='bbox 2465 1855 2539 1899; x_wconf 93' lang='lat' dir='ltr'><strong>ac</strong></span> <span class='ocrx_word' id='word_1_239' title='bbox 2583 1837 2891 1899; x_wconf 88' lang='lat' dir='ltr'><strong>virtutum</strong></span> <span class='ocrx_word' id='word_1_240' title='bbox 2942 1835 3324 1918; x_wconf 78' lang='lat' dir='ltr'><strong>profectum,</strong></span> <span class='ocrx_word' id='word_1_241' title='bbox 3367 1842 3432 1897; x_wconf 90' lang='lat' dir='ltr'><strong>et</strong></span> <span class='ocrx_word' id='word_1_242' title='bbox 3467 1834 3545 1896; x_wconf 89' lang='lat' dir='ltr'><strong>ad</strong></span> <span class='ocrx_word' id='word_1_243' title='bbox 3584 1832 3968 1897; x_wconf 86' lang='lat' dir='ltr'><strong>obedientiae</strong></span> 
     </span>
    </p>
   </div>
   <div class='ocr_carea' id='block_1_11' title="bbox 2462 1930 3970 2984">
    <p class='ocr_par' dir='ltr' id='par_1_12' title="bbox 2462 1930 3970 2984">
     <span class='ocr_line' id='line_1_41' title="bbox 2465 1930 3970 2015; baseline -0.004 -17"><span class='ocrx_word' id='word_1_244' title='bbox 2465 1934 3105 1998; x_wconf 86' lang='lat' dir='ltr'><strong>commendationem.</strong></span> <span class='ocrx_word' id='word_1_245' title='bbox 3158 1934 3233 1996; x_wconf 90' lang='lat' dir='ltr'><strong>Et</strong></span> <span class='ocrx_word' id='word_1_246' title='bbox 3281 1932 3577 2015; x_wconf 90' lang='lat' dir='ltr'><strong>quamvis</strong></span> <span class='ocrx_word' id='word_1_247' title='bbox 3624 1950 3752 1994; x_wconf 91' lang='lat' dir='ltr'><strong>non</strong></span> <span class='ocrx_word' id='word_1_248' title='bbox 3801 1930 3970 1993; x_wconf 88' lang='lat' dir='ltr'><strong>indi·</strong></span> 
     </span>
     <span class='ocr_line' id='line_1_42' title="bbox 2462 2032 3969 2117; baseline -0.005 -20"><span class='ocrx_word' id='word_1_249' title='bbox 2462 2041 2654 2117; x_wconf 83' lang='lat' dir='ltr'><strong>geant</strong></span> <span class='ocrx_word' id='word_1_250' title='bbox 2701 2041 2961 2117; x_wconf 87' lang='lat' dir='ltr'><strong>propter</strong></span> <span class='ocrx_word' id='word_1_251' title='bbox 3010 2032 3390 2106; x_wconf 89' lang='lat' dir='ltr'><strong>remedium,</strong></span> <span class='ocrx_word' id='word_1_252' title='bbox 3442 2032 3508 2094; x_wconf 88' lang='lat' dir='ltr'><strong>id</strong></span> <span class='ocrx_word' id='word_1_253' title='bbox 3561 2038 3660 2094; x_wconf 88' lang='lat' dir='ltr'><strong>est</strong></span> <span class='ocrx_word' id='word_1_254' title='bbox 3705 2036 3969 2112; x_wconf 88' lang='lat' dir='ltr'><strong>propter</strong></span> 
     </span>
     <span class='ocr_line' id='line_1_43' title="bbox 2462 2128 3968 2215; baseline -0.004 -18"><span class='ocrx_word' id='word_1_255' title='bbox 2462 2132 2790 2215; x_wconf 90' lang='lat' dir='ltr'><strong>originalis</strong></span> <span class='ocrx_word' id='word_1_256' title='bbox 2830 2132 3074 2214; x_wconf 91' lang='lat' dir='ltr'><strong>peccati</strong></span> <span class='ocrx_word' id='word_1_257' title='bbox 3125 2130 3590 2214; x_wconf 86' lang='lat' dir='ltr'><strong>purgationem,</strong></span> <span class='ocrx_word' id='word_1_258' title='bbox 3639 2128 3826 2209; x_wconf 83' lang='lat' dir='ltr'><strong>cujus</strong></span> <span class='ocrx_word' id='word_1_259' title='bbox 3869 2147 3968 2191; x_wconf 90' lang='lat' dir='ltr'><strong>re-</strong></span> 
     </span>
     <span class='ocr_line' id='line_1_44' title="bbox 2465 2230 3966 2313; baseline -0.004 -18"><span class='ocrx_word' id='word_1_260' title='bbox 2465 2232 2749 2295; x_wconf 89' lang='lat' dir='ltr'><strong>medium</strong></span> <span class='ocrx_word' id='word_1_261' title='bbox 2809 2239 2904 2293; x_wconf 86' lang='lat' dir='ltr'><strong>est</strong></span> <span class='ocrx_word' id='word_1_262' title='bbox 2959 2231 3342 2313; x_wconf 89' lang='lat' dir='ltr'><strong>Baptismus,</strong></span> <span class='ocrx_word' id='word_1_263' title='bbox 3404 2230 3693 2310; x_wconf 89' lang='lat' dir='ltr'><strong>indigent</strong></span> <span class='ocrx_word' id='word_1_264' title='bbox 3747 2235 3966 2290; x_wconf 90' lang='lat' dir='ltr'><strong>tamen</strong></span> 
     </span>
     <span class='ocr_line' id='line_1_45' title="bbox 2465 2326 3967 2413; baseline -0.003 -20"><span class='ocrx_word' id='word_1_265' title='bbox 2465 2338 2724 2413; x_wconf 89' lang='lat' dir='ltr'><strong>propter</strong></span> <span class='ocrx_word' id='word_1_266' title='bbox 2769 2328 3068 2412; x_wconf 87' lang='lat' dir='ltr'><strong>praecepti</strong></span> <span class='ocrx_word' id='word_1_267' title='bbox 3115 2326 3558 2411; x_wconf 89' lang='lat' dir='ltr'><strong>impletionem</strong></span> <span class='ocrx_word' id='word_1_268' title='bbox 3600 2344 3614 2390; x_wconf 88' lang='lat'>:</span> <span class='ocrx_word' id='word_1_269' title='bbox 3658 2326 3810 2408; x_wconf 87' lang='lat' dir='ltr'><strong>quia</strong></span> <span class='ocrx_word' id='word_1_270' title='bbox 3855 2326 3967 2389; x_wconf 86' lang='lat' dir='ltr'><strong>Ba-</strong></span> 
     </span>
     <span class='ocr_line' id='line_1_46' title="bbox 2465 2423 3964 2510; baseline -0.003 -20"><span class='ocrx_word' id='word_1_271' title='bbox 2465 2428 2738 2510; x_wconf 89' lang='lat' dir='ltr'><strong>ptismus</strong></span> <span class='ocrx_word' id='word_1_272' title='bbox 2775 2446 2852 2490; x_wconf 87' lang='lat' dir='ltr'><strong>ex</strong></span> <span class='ocrx_word' id='word_1_273' title='bbox 2893 2425 3309 2509; x_wconf 87' lang='lat' dir='ltr'><strong>consequenti</strong></span> <span class='ocrx_word' id='word_1_274' title='bbox 3348 2435 3412 2488; x_wconf 91' lang='lat' dir='ltr'><strong>et</strong></span> <span class='ocrx_word' id='word_1_275' title='bbox 3448 2423 3826 2488; x_wconf 86' lang='lat' dir='ltr'><strong>secundario</strong></span> <span class='ocrx_word' id='word_1_276' title='bbox 3862 2440 3964 2486; x_wconf 91' lang='lat' dir='ltr'><strong>or-</strong></span> 
     </span>
     <span class='ocr_line' id='line_1_47' title="bbox 2464 2520 3964 2588; baseline -0.003 0"><span class='ocrx_word' id='word_1_277' title='bbox 2464 2526 2720 2588; x_wconf 86' lang='lat' dir='ltr'><strong>dinatur</strong></span> <span class='ocrx_word' id='word_1_278' title='bbox 2767 2526 2958 2588; x_wconf 87' lang='lat' dir='ltr'><strong>etiam</strong></span> <span class='ocrx_word' id='word_1_279' title='bbox 3005 2525 3084 2587; x_wconf 90' lang='lat' dir='ltr'><strong>ad</strong></span> <span class='ocrx_word' id='word_1_280' title='bbox 3125 2524 3421 2587; x_wconf 79' lang='lat' dir='ltr'><strong>fidelium</strong></span> <span class='ocrx_word' id='word_1_281' title='bbox 3464 2523 3544 2586; x_wconf 90' lang='lat' dir='ltr'><strong>ab</strong></span> <span class='ocrx_word' id='word_1_282' title='bbox 3585 2520 3964 2585; x_wconf 81' lang='lat' dir='ltr'><strong>infidelibus</strong></span> 
     </span>
     <span class='ocr_line' id='line_1_48' title="bbox 2464 2622 3959 2705; baseline -0.004 -18"><span class='ocrx_word' id='word_1_283' title='bbox 2464 2624 2963 2699; x_wconf 83' lang='lat' dir='ltr'><strong>distinctionem,</strong></span> <span class='ocrx_word' id='word_1_284' title='bbox 2995 2632 3060 2687; x_wconf 89' lang='lat' dir='ltr'><strong>et</strong></span> <span class='ocrx_word' id='word_1_285' title='bbox 3096 2624 3174 2686; x_wconf 90' lang='lat' dir='ltr'><strong>ad</strong></span> <span class='ocrx_word' id='word_1_286' title='bbox 3211 2622 3428 2705; x_wconf 83' lang='lat' dir='ltr'><strong>gratiae</strong></span> <span class='ocrx_word' id='word_1_287' title='bbox 3466 2622 3959 2684; x_wconf 87' lang='lat' dir='ltr'><strong>incrementum.</strong></span> 
     </span>
     <span class='ocr_line' id='line_1_49' title="bbox 2465 2720 3962 2805; baseline -0.003 -20"><span class='ocrx_word' id='word_1_288' title='bbox 2465 2723 2542 2785; x_wconf 89' lang='lat' dir='ltr'><strong>Et</strong></span> <span class='ocrx_word' id='word_1_289' title='bbox 2580 2722 2873 2805; x_wconf 90' lang='lat' dir='ltr'><strong>quamvis</strong></span> <span class='ocrx_word' id='word_1_290' title='bbox 2912 2722 3056 2805; x_wconf 91' lang='lat' dir='ltr'><strong>quis</strong></span> <span class='ocrx_word' id='word_1_291' title='bbox 3104 2730 3272 2785; x_wconf 91' lang='lat' dir='ltr'><strong>esset</strong></span> <span class='ocrx_word' id='word_1_292' title='bbox 3314 2720 3380 2783; x_wconf 90' lang='lat' dir='ltr'><strong>in</strong></span> <span class='ocrx_word' id='word_1_293' title='bbox 3424 2720 3705 2794; x_wconf 88' lang='lat' dir='ltr'><strong>caritate,</strong></span> <span class='ocrx_word' id='word_1_294' title='bbox 3746 2727 3962 2781; x_wconf 90' lang='lat' dir='ltr'><strong>tamen</strong></span> 
     </span>
     <span class='ocr_line' id='line_1_50' title="bbox 2466 2817 3965 2904; baseline -0.003 -20"><span class='ocrx_word' id='word_1_295' title='bbox 2466 2822 2589 2884; x_wconf 91' lang='lat' dir='ltr'><strong>nisi</strong></span> <span class='ocrx_word' id='word_1_296' title='bbox 2642 2822 2708 2884; x_wconf 91' lang='lat' dir='ltr'><strong>in</strong></span> <span class='ocrx_word' id='word_1_297' title='bbox 2757 2821 2879 2883; x_wconf 90' lang='lat' dir='ltr'><strong>isto</strong></span> <span class='ocrx_word' id='word_1_298' title='bbox 2928 2821 3417 2904; x_wconf 87' lang='lat' dir='ltr'><strong>obtemperaret,</strong></span> <span class='ocrx_word' id='word_1_299' title='bbox 3466 2838 3583 2902; x_wconf 91' lang='lat' dir='ltr'><strong>per</strong></span> <span class='ocrx_word' id='word_1_300' title='bbox 3636 2837 3817 2882; x_wconf 87' lang='lat' dir='ltr'><strong>suam</strong></span> <span class='ocrx_word' id='word_1_301' title='bbox 3871 2817 3965 2880; x_wconf 91' lang='lat' dir='ltr'><strong>in-</strong></span> 
     </span>
     <span class='ocr_line' id='line_1_51' title="bbox 2466 2919 3648 2984; baseline -0.003 -1"><span class='ocrx_word' id='word_1_302' title='bbox 2466 2920 2896 2984; x_wconf 89' lang='lat' dir='ltr'><strong>obedientiam</strong></span> <span class='ocrx_word' id='word_1_303' title='bbox 2940 2920 3258 2983; x_wconf 88' lang='lat' dir='ltr'><strong>amitteret</strong></span> <span class='ocrx_word' id='word_1_304' title='bbox 3301 2919 3648 2982; x_wconf 88' lang='lat' dir='ltr'><strong>caritatem.</strong></span> 
     </span>
    </p>
   </div>
   <div class='ocr_carea' id='block_1_12' title="bbox 862 3016 3968 3101">
    <p class='ocr_par' dir='ltr' id='par_1_13' title="bbox 862 3016 3968 3101">
     <span class='ocr_line' id='line_1_52' title="bbox 862 3016 3968 3101; baseline -0.001 -21"><span class='ocrx_word' id='word_1_305' title='bbox 862 3016 1152 3080; x_wconf 88' lang='lat' dir='ltr'><strong>enutriri.</strong></span> <span class='ocrx_word' id='word_1_306' title='bbox 1185 3053 1266 3062; x_wconf 94' lang='lat'>—</span> <span class='ocrx_word' id='word_1_307' title='bbox 1307 3018 1628 3080; x_wconf 89' lang='lat' dir='ltr'><strong>Postremo</strong></span> <span class='ocrx_word' id='word_1_308' title='bbox 1672 3017 1953 3100; x_wconf 91' lang='lat' dir='ltr'><strong>primum</strong></span> <span class='ocrx_word' id='word_1_309' title='bbox 1995 3019 2156 3081; x_wconf 91' lang='lat' dir='ltr'><strong>illud</strong></span> <span class='ocrx_word' id='word_1_310' title='bbox 2199 3020 2357 3082; x_wconf 91' lang='lat' dir='ltr'><strong>Tho·</strong></span> <span class='ocrx_word' id='word_1_311' title='bbox 2388 3021 2431 3085; x_wconf 92' lang='lat' dir='ltr'>C</span> <span class='ocrx_word' id='word_1_312' title='bbox 2548 3019 2859 3093; x_wconf 82' lang='lat' dir='ltr'><strong>Quaeritur</strong></span> <span class='ocrx_word' id='word_1_313' title='bbox 2910 3036 3163 3101; x_wconf 90' lang='lat' dir='ltr'><strong>quoque</strong></span> <span class='ocrx_word' id='word_1_314' title='bbox 3202 3018 3282 3081; x_wconf 91' lang='lat' dir='ltr'><strong>de</strong></span> <span class='ocrx_word' id='word_1_315' title='bbox 3321 3017 3635 3080; x_wconf 78' lang='lat' dir='ltr'><strong>infantulo</strong></span> <span class='ocrx_word' id='word_1_316' title='bbox 3675 3016 3968 3098; x_wconf 80' lang='lat' dir='ltr'><strong>exposito</strong></span> 
     </span>
    </p>
   </div>
   <div class='ocr_carea' id='block_1_13' title="bbox 859 3115 2358 3692">
    <p class='ocr_par' dir='ltr' id='par_1_14' title="bbox 859 3115 2358 3692">
     <span class='ocr_line' id='line_1_53' title="bbox 866 3115 2358 3199; baseline 0.002 -20"><span class='ocrx_word' id='word_1_317' title='bbox 866 3135 983 3179; x_wconf 85' lang='lat' dir='ltr'><strong>mae</strong></span> <span class='ocrx_word' id='word_1_318' title='bbox 1016 3115 1349 3190; x_wconf 88' lang='lat' dir='ltr'><strong>motivum,</strong></span> <span class='ocrx_word' id='word_1_319' title='bbox 1383 3117 1551 3199; x_wconf 93' lang='lat' dir='ltr'><strong>quod</strong></span> <span class='ocrx_word' id='word_1_320' title='bbox 1593 3116 1839 3180; x_wconf 91' lang='lat' dir='ltr'><strong>scilicet</strong></span> <span class='ocrx_word' id='word_1_321' title='bbox 1876 3119 2222 3182; x_wconf 86' lang='lat' dir='ltr'><strong>maximam</strong></span> <span class='ocrx_word' id='word_1_322' title='bbox 2257 3139 2358 3182; x_wconf 91' lang='lat' dir='ltr'><strong>au-</strong></span> 
     </span>
     <span class='ocr_line' id='line_1_54' title="bbox 863 3215 2356 3292; baseline 0.002 -14"><span class='ocrx_word' id='word_1_323' title='bbox 863 3215 1216 3278; x_wconf 86' lang='lat' dir='ltr'><strong>ctoritatem</strong></span> <span class='ocrx_word' id='word_1_324' title='bbox 1257 3216 1449 3278; x_wconf 88' lang='lat' dir='ltr'><strong>habet</strong></span> <span class='ocrx_word' id='word_1_325' title='bbox 1486 3217 1879 3280; x_wconf 88' lang='lat' dir='ltr'><strong>consuetudo</strong></span> <span class='ocrx_word' id='word_1_326' title='bbox 1906 3216 2228 3292; x_wconf 82' lang='lat' dir='ltr'><strong>Ecclesiae,</strong></span> <span class='ocrx_word' id='word_1_327' title='bbox 2263 3238 2356 3282; x_wconf 88' lang='lat' dir='ltr'><strong>ra-</strong></span> 
     </span>
     <span class='ocr_line' id='line_1_55' title="bbox 861 3313 2358 3397; baseline 0.003 -21"><span class='ocrx_word' id='word_1_328' title='bbox 861 3313 1187 3377; x_wconf 88' lang='lat' dir='ltr'><strong>tionabilis</strong></span> <span class='ocrx_word' id='word_1_329' title='bbox 1253 3315 1581 3397; x_wconf 88' lang='lat' dir='ltr'><strong>persuasio</strong></span> <span class='ocrx_word' id='word_1_330' title='bbox 1650 3333 1789 3377; x_wconf 91' lang='lat' dir='ltr'><strong>esse</strong></span> <span class='ocrx_word' id='word_1_331' title='bbox 1850 3315 2121 3379; x_wconf 91' lang='lat' dir='ltr'><strong>videtur.</strong></span> <span class='ocrx_word' id='word_1_332' title='bbox 2186 3317 2358 3380; x_wconf 81' lang='lat' dir='ltr'><strong>Infra</strong></span> 
     </span>
     <span class='ocr_line' id='line_1_56' title="bbox 859 3412 2358 3497; baseline 0.003 -23"><span class='ocrx_word' id='word_1_333' title='bbox 859 3413 1122 3475; x_wconf 92' lang='lat' dir='ltr'><strong>demum</strong></span> <span class='ocrx_word' id='word_1_334' title='bbox 1153 3412 1517 3488; x_wconf 85' lang='lat' dir='ltr'><strong>habebitur,</strong></span> <span class='ocrx_word' id='word_1_335' title='bbox 1532 3415 1701 3496; x_wconf 91' lang='lat' dir='ltr'><strong>quod</strong></span> <span class='ocrx_word' id='word_1_336' title='bbox 1733 3413 2025 3477; x_wconf 81' lang='lat' dir='ltr'><strong>infideles</strong></span> <span class='ocrx_word' id='word_1_337' title='bbox 2056 3415 2168 3497; x_wconf 89' lang='lat' dir='ltr'><strong>qui</strong></span> <span class='ocrx_word' id='word_1_338' title='bbox 2199 3435 2358 3478; x_wconf 89' lang='lat' dir='ltr'><strong>nun-</strong></span> 
     </span>
     <span class='ocr_line' id='line_1_57' title="bbox 862 3511 2355 3593; baseline 0.003 -21"><span class='ocrx_word' id='word_1_339' title='bbox 862 3529 1057 3593; x_wconf 90' lang='lat' dir='ltr'><strong>quam</strong></span> <span class='ocrx_word' id='word_1_340' title='bbox 1089 3511 1417 3574; x_wconf 86' lang='lat' dir='ltr'><strong>christiani</strong></span> <span class='ocrx_word' id='word_1_341' title='bbox 1459 3511 1739 3586; x_wconf 79' lang='lat' dir='ltr'><strong>fuerunt,</strong></span> <span class='ocrx_word' id='word_1_342' title='bbox 1781 3529 1905 3576; x_wconf 91' lang='lat' dir='ltr'><strong>non</strong></span> <span class='ocrx_word' id='word_1_343' title='bbox 1952 3513 2081 3576; x_wconf 89' lang='lat' dir='ltr'><strong>sint</strong></span> <span class='ocrx_word' id='word_1_344' title='bbox 2120 3514 2199 3576; x_wconf 87' lang='lat' dir='ltr'><strong>ad</strong></span> <span class='ocrx_word' id='word_1_345' title='bbox 2238 3513 2355 3577; x_wconf 93' lang='lat' dir='ltr'><strong>Ba-</strong></span> 
     </span>
     <span class='ocr_line' id='line_1_58' title="bbox 866 3609 1505 3692; baseline 0 -20"><span class='ocrx_word' id='word_1_346' title='bbox 866 3609 1175 3692; x_wconf 91' lang='lat' dir='ltr'><strong>ptismum</strong></span> <span class='ocrx_word' id='word_1_347' title='bbox 1220 3610 1505 3692; x_wconf 85' lang='lat' dir='ltr'><strong>cogendi.</strong></span> 
     </span>
    </p>
   </div>
   <div class='ocr_carea' id='block_1_14' title="bbox 861 3807 2359 3990">
    <p class='ocr_par' dir='ltr' id='par_1_15' title="bbox 861 3807 2359 3990">
     <span class='ocr_line' id='line_1_59' title="bbox 941 3807 2359 3890; baseline 0 -20"><span class='ocrx_word' id='word_1_348' title='bbox 941 3807 1265 3883; x_wconf 66' lang='lat' dir='ltr'><strong>Praeterea,</strong></span> <span class='ocrx_word' id='word_1_349' title='bbox 1310 3807 1520 3870; x_wconf 89' lang='lat' dir='ltr'><strong>adbuc</strong></span> <span class='ocrx_word' id='word_1_350' title='bbox 1564 3807 1780 3890; x_wconf 90' lang='lat' dir='ltr'><strong>aliqua</strong></span> <span class='ocrx_word' id='word_1_351' title='bbox 1826 3809 1995 3871; x_wconf 86' lang='lat' dir='ltr'><strong>circa</strong></span> <span class='ocrx_word' id='word_1_352' title='bbox 2043 3809 2230 3872; x_wconf 89' lang='lat' dir='ltr'><strong>istam</strong></span> <span class='ocrx_word' id='word_1_353' title='bbox 2268 3808 2359 3872; x_wconf 91' lang='lat' dir='ltr'><strong>di-</strong></span> 
     </span>
     <span class='ocr_line' id='line_1_60' title="bbox 861 3907 2356 3990; baseline 0 -20"><span class='ocrx_word' id='word_1_354' title='bbox 861 3907 1269 3971; x_wconf 89' lang='lat' dir='ltr'><strong>stinctionem</strong></span> <span class='ocrx_word' id='word_1_355' title='bbox 1327 3915 1720 3990; x_wconf 68' lang='lat' dir='ltr'><strong>quaeruntur,</strong></span> <span class='ocrx_word' id='word_1_356' title='bbox 1781 3907 2083 3972; x_wconf 88' lang='lat' dir='ltr'><strong>videlicet</strong></span> <span class='ocrx_word' id='word_1_357' title='bbox 2141 3916 2356 3971; x_wconf 90' lang='lat' dir='ltr'><strong>utrum</strong></span> 
     </span>
    </p>
   </div>
   <div class='ocr_carea' id='block_1_15' title="bbox 2463 3116 3968 3990">
    <p class='ocr_par' dir='ltr' id='par_1_16' title="bbox 2463 3116 3968 3990">
     <span class='ocr_line' id='line_1_61' title="bbox 2468 3116 3968 3202; baseline -0.004 -19"><span class='ocrx_word' id='word_1_358' title='bbox 2468 3120 2546 3183; x_wconf 92' lang='lat' dir='ltr'><strong>de</strong></span> <span class='ocrx_word' id='word_1_359' title='bbox 2585 3137 2711 3202; x_wconf 94' lang='lat' dir='ltr'><strong>quo</strong></span> <span class='ocrx_word' id='word_1_360' title='bbox 2752 3118 3076 3201; x_wconf 85' lang='lat' dir='ltr'><strong>ignoratur</strong></span> <span class='ocrx_word' id='word_1_361' title='bbox 3113 3138 3195 3181; x_wconf 91' lang='lat' dir='ltr'><strong>an</strong></span> <span class='ocrx_word' id='word_1_362' title='bbox 3233 3118 3316 3180; x_wconf 91' lang='lat' dir='ltr'><strong>sit</strong></span> <span class='ocrx_word' id='word_1_363' title='bbox 3353 3116 3730 3199; x_wconf 88' lang='lat' dir='ltr'><strong>baptizatus,</strong></span> <span class='ocrx_word' id='word_1_364' title='bbox 3761 3135 3843 3179; x_wconf 88' lang='lat' dir='ltr'><strong>an</strong></span> <span class='ocrx_word' id='word_1_365' title='bbox 3883 3116 3968 3178; x_wconf 91' lang='lat' dir='ltr'><strong>sit</strong></span> 
     </span>
     <span class='ocr_line' id='line_1_62' title="bbox 2468 3215 3967 3300; baseline -0.001 -20"><span class='ocrx_word' id='word_1_366' title='bbox 2468 3217 2902 3300; x_wconf 88' lang='lat' dir='ltr'><strong>baptizandus.</strong></span> <span class='ocrx_word' id='word_1_367' title='bbox 2937 3217 3031 3280; x_wconf 90' lang='lat' dir='ltr'><strong>Ad</strong></span> <span class='ocrx_word' id='word_1_368' title='bbox 3061 3217 3231 3299; x_wconf 91' lang='lat' dir='ltr'><strong>quod</strong></span> <span class='ocrx_word' id='word_1_369' title='bbox 3271 3215 3672 3279; x_wconf 87' lang='lat' dir='ltr'><strong>concorditer</strong></span> <span class='ocrx_word' id='word_1_370' title='bbox 3708 3232 3967 3296; x_wconf 89' lang='lat' dir='ltr'><strong>respon-</strong></span> 
     </span>
     <span class='ocr_line' id='line_1_63' title="bbox 2466 3314 3966 3399; baseline -0.003 -18"><span class='ocrx_word' id='word_1_371' title='bbox 2466 3319 2672 3391; x_wconf 89' lang='lat' dir='ltr'><strong>detur,</strong></span> <span class='ocrx_word' id='word_1_372' title='bbox 2707 3317 2875 3399; x_wconf 89' lang='lat' dir='ltr'><strong>quod</strong></span> <span class='ocrx_word' id='word_1_373' title='bbox 2920 3316 3044 3379; x_wconf 90' lang='lat' dir='ltr'><strong>nisi</strong></span> <span class='ocrx_word' id='word_1_374' title='bbox 3089 3335 3205 3399; x_wconf 91' lang='lat' dir='ltr'><strong>per</strong></span> <span class='ocrx_word' id='word_1_375' title='bbox 3239 3314 3721 3398; x_wconf 89' lang='lat' dir='ltr'><strong>inquisitionem</strong></span> <span class='ocrx_word' id='word_1_376' title='bbox 3762 3315 3966 3397; x_wconf 87' lang='lat' dir='ltr'><strong>possit</strong></span> 
     </span>
     <span class='ocr_line' id='line_1_64' title="bbox 2466 3412 3964 3497; baseline -0.002 -19"><span class='ocrx_word' id='word_1_377' title='bbox 2466 3415 2721 3497; x_wconf 85' lang='lat' dir='ltr'><strong>agnosci</strong></span> <span class='ocrx_word' id='word_1_378' title='bbox 2761 3415 2931 3497; x_wconf 94' lang='lat' dir='ltr'><strong>quod</strong></span> <span class='ocrx_word' id='word_1_379' title='bbox 2971 3415 3053 3478; x_wconf 90' lang='lat' dir='ltr'><strong>sit</strong></span> <span class='ocrx_word' id='word_1_380' title='bbox 3081 3414 3455 3496; x_wconf 81' lang='lat' dir='ltr'><strong>baptizatuS,</strong></span> <span class='ocrx_word' id='word_1_381' title='bbox 3483 3413 3567 3476; x_wconf 94' lang='lat' dir='ltr'><strong>sit</strong></span> <span class='ocrx_word' id='word_1_382' title='bbox 3593 3412 3715 3476; x_wconf 89' lang='lat' dir='ltr'><strong>sub</strong></span> <span class='ocrx_word' id='word_1_383' title='bbox 3745 3413 3964 3475; x_wconf 89' lang='lat' dir='ltr'><strong>condi-</strong></span> 
     </span>
     <span class='ocr_line' id='line_1_65' title="bbox 2467 3511 3961 3595; baseline -0.001 -19"><span class='ocrx_word' id='word_1_384' title='bbox 2467 3513 2638 3576; x_wconf 89' lang='lat' dir='ltr'><strong>tione</strong></span> <span class='ocrx_word' id='word_1_385' title='bbox 2680 3514 3117 3595; x_wconf 88' lang='lat' dir='ltr'><strong>baptizandus,</strong></span> <span class='ocrx_word' id='word_1_386' title='bbox 3150 3512 3418 3575; x_wconf 91' lang='lat' dir='ltr'><strong>dicendo</strong></span> <span class='ocrx_word' id='word_1_387' title='bbox 3452 3528 3466 3574; x_wconf 73' lang='grc' dir='ltr'><strong><em>ε</em></strong></span> <span class='ocrx_word' id='word_1_388' title='bbox 3501 3511 3566 3573; x_wconf 92' lang='lat' dir='ltr'><strong>Si</strong></span> <span class='ocrx_word' id='word_1_389' title='bbox 3607 3511 3961 3594; x_wconf 88' lang='lat' dir='ltr'><strong>baptizatus</strong></span> 
     </span>
     <span class='ocr_line' id='line_1_66' title="bbox 2466 3610 3964 3694; baseline -0.002 -19"><span class='ocrx_word' id='word_1_390' title='bbox 2466 3630 2594 3675; x_wconf 90' lang='lat' dir='ltr'><strong>non</strong></span> <span class='ocrx_word' id='word_1_391' title='bbox 2625 3631 2714 3686; x_wconf 82' lang='lat' dir='ltr'><strong>eS,</strong></span> <span class='ocrx_word' id='word_1_392' title='bbox 2749 3630 2866 3694; x_wconf 88' lang='lat' dir='ltr'><strong>ego</strong></span> <span class='ocrx_word' id='word_1_393' title='bbox 2896 3612 3147 3694; x_wconf 88' lang='lat' dir='ltr'><strong>baptizo</strong></span> <span class='ocrx_word' id='word_1_394' title='bbox 3175 3619 3238 3674; x_wconf 91' lang='lat' dir='ltr'><strong>te</strong></span> <span class='ocrx_word' id='word_1_395' title='bbox 3277 3611 3342 3673; x_wconf 93' lang='lat' dir='ltr'><strong>in</strong></span> <span class='ocrx_word' id='word_1_396' title='bbox 3382 3610 3642 3674; x_wconf 90' lang='lat' dir='ltr'><strong>nomine</strong></span> <span class='ocrx_word' id='word_1_397' title='bbox 3672 3611 3872 3674; x_wconf 89' lang='lat' dir='ltr'><strong>Patris</strong></span> <span class='ocrx_word' id='word_1_398' title='bbox 3901 3618 3964 3673; x_wconf 91' lang='lat' dir='ltr'><strong>et</strong></span> 
     </span>
     <span class='ocr_line' id='line_1_67' title="bbox 2463 3708 3967 3793; baseline -0.001 -20"><span class='ocrx_word' id='word_1_399' title='bbox 2463 3710 2611 3773; x_wconf 89' lang='lat' dir='ltr'><strong>Filii</strong></span> <span class='ocrx_word' id='word_1_400' title='bbox 2639 3718 2702 3774; x_wconf 90' lang='lat' dir='ltr'><strong>et</strong></span> <span class='ocrx_word' id='word_1_401' title='bbox 2730 3710 3004 3793; x_wconf 90' lang='lat' dir='ltr'><strong>Spiritus</strong></span> <span class='ocrx_word' id='word_1_402' title='bbox 3034 3709 3265 3773; x_wconf 92' lang='lat' dir='ltr'><strong>Sancti.</strong></span> <span class='ocrx_word' id='word_1_403' title='bbox 3288 3746 3370 3755; x_wconf 92' lang='lat'><strong>—</strong></span> <span class='ocrx_word' id='word_1_404' title='bbox 3398 3708 3772 3772; x_wconf 89' lang='lat' dir='ltr'><strong>Consimilia</strong></span> <span class='ocrx_word' id='word_1_405' title='bbox 3801 3728 3967 3791; x_wconf 75' lang='lat' dir='ltr'><strong>quae-</strong></span> 
     </span>
     <span class='ocr_line' id='line_1_68' title="bbox 2464 3802 3965 3891; baseline -0.002 -20"><span class='ocrx_word' id='word_1_406' title='bbox 2464 3809 2610 3871; x_wconf 89' lang='lat' dir='ltr'><strong>dam</strong></span> <span class='ocrx_word' id='word_1_407' title='bbox 2671 3827 2809 3872; x_wconf 90' lang='lat' dir='ltr'><strong>rara</strong></span> <span class='ocrx_word' id='word_1_408' title='bbox 2865 3816 3258 3891; x_wconf 82' lang='lat' dir='ltr'><strong>quaeruntur,</strong></span> <span class='ocrx_word' id='word_1_409' title='bbox 3316 3802 3458 3891; x_wconf 58' lang='lat' dir='ltr'><strong>qua}</strong></span> <span class='ocrx_word' id='word_1_410' title='bbox 3528 3807 3696 3870; x_wconf 81' lang='lat' dir='ltr'><strong>infra</strong></span> <span class='ocrx_word' id='word_1_411' title='bbox 3749 3806 3965 3871; x_wconf 81' lang='lat' dir='ltr'><strong>forsan</strong></span> 
     </span>
     <span class='ocr_line' id='line_1_69' title="bbox 2467 3917 2849 3990; baseline -0.003 -19"><span class='ocrx_word' id='word_1_412' title='bbox 2467 3917 2849 3990; x_wconf 85' lang='lat' dir='ltr'><strong>quaerentur.</strong></span> 
     </span>
    </p>
   </div>
   <div class='ocr_carea' id='block_1_16' title="bbox 1860 4289 2958 4402">
    <p class='ocr_par' dir='ltr' id='par_1_17' title="bbox 1860 4289 2958 4402">
     <span class='ocr_line' id='line_1_70' title="bbox 1860 4289 2958 4402; baseline 0 -3"><span class='ocrx_word' id='word_1_413' title='bbox 1860 4289 2773 4402; x_wconf 88' lang='lat' dir='ltr'><strong>DISTINCTIO</strong></span> <span class='ocrx_word' id='word_1_414' title='bbox 2865 4290 2958 4399; x_wconf 93' lang='lat' dir='ltr'><strong>V</strong></span> 
     </span>
    </p>
   </div>
   <div class='ocr_carea' id='block_1_17' title="bbox 1101 4610 3729 4793">
    <p class='ocr_par' dir='ltr' id='par_1_18' title="bbox 1101 4610 3729 4793">
     <span class='ocr_line' id='line_1_71' title="bbox 1101 4610 3729 4688; baseline 0 -12"><span class='ocrx_word' id='word_1_415' title='bbox 1101 4610 1183 4676; x_wconf 89' lang='lat' dir='ltr'><strong>A.</strong></span> <span class='ocrx_word' id='word_1_416' title='bbox 1241 4616 1439 4682; x_wconf 78' lang='lat' dir='ltr'><strong>Quod</strong></span> <span class='ocrx_word' id='word_1_417' title='bbox 1480 4613 1903 4687; x_wconf 78' lang='lat' dir='ltr'><strong>Baptismus</strong></span> <span class='ocrx_word' id='word_1_418' title='bbox 1946 4627 2150 4688; x_wconf 79' lang='lat' dir='ltr'><strong>oeque</strong></span> <span class='ocrx_word' id='word_1_419' title='bbox 2196 4612 2498 4676; x_wconf 78' lang='lat' dir='ltr'><strong>sanctus</strong></span> <span class='ocrx_word' id='word_1_420' title='bbox 2541 4613 2650 4675; x_wconf 78' lang='lat' dir='ltr'><strong>est</strong></span> <span class='ocrx_word' id='word_1_421' title='bbox 2696 4629 2743 4678; x_wconf 84' lang='lat' dir='ltr'><strong>a</strong></span> <span class='ocrx_word' id='word_1_422' title='bbox 2792 4615 2976 4676; x_wconf 79' lang='lat' dir='ltr'><strong>bono</strong></span> <span class='ocrx_word' id='word_1_423' title='bbox 3024 4612 3095 4674; x_wconf 87' lang='lat' dir='ltr'><strong>et</strong></span> <span class='ocrx_word' id='word_1_424' title='bbox 3141 4627 3188 4675; x_wconf 87' lang='lat' dir='ltr'><strong>a</strong></span> <span class='ocrx_word' id='word_1_425' title='bbox 3234 4616 3438 4676; x_wconf 82' lang='lat' dir='ltr'><strong>malo</strong></span> <span class='ocrx_word' id='word_1_426' title='bbox 3487 4612 3729 4687; x_wconf 67' lang='lat' dir='ltr'><strong>datm,</strong></span> 
     </span>
     <span class='ocr_line' id='line_1_72' title="bbox 2103 4731 2722 4793; baseline -0.003 -1"><span class='ocrx_word' id='word_1_427' title='bbox 2103 4731 2287 4792; x_wconf 80' lang='lat' dir='ltr'><strong>bono</strong></span> <span class='ocrx_word' id='word_1_428' title='bbox 2335 4733 2450 4792; x_wconf 80' lang='lat' dir='ltr'><strong>vel</strong></span> <span class='ocrx_word' id='word_1_429' title='bbox 2493 4733 2722 4793; x_wconf 83' lang='lat' dir='ltr'><strong>malo.</strong></span> 
     </span>
    </p>
   </div>
   <div class='ocr_carea' id='block_1_18' title="bbox 1125 5065 3973 5148">
    <p class='ocr_par' dir='ltr' id='par_1_19' title="bbox 1125 5065 3973 5148">
     <span class='ocr_line' id='line_1_73' title="bbox 1125 5065 3973 5148; baseline -0.001 -16"><span class='ocrx_word' id='word_1_430' title='bbox 1125 5069 1290 5148; x_wconf 86' lang='lat' dir='ltr'><strong>dari,</strong></span> <span class='ocrx_word' id='word_1_431' title='bbox 1332 5068 1503 5131; x_wconf 89' lang='lat' dir='ltr'><strong>sicut</strong></span> <span class='ocrx_word' id='word_1_432' title='bbox 1549 5086 1589 5130; x_wconf 84' lang='lat' dir='ltr'><strong>a</strong></span> <span class='ocrx_word' id='word_1_433' title='bbox 1624 5066 1815 5130; x_wconf 88' lang='lat' dir='ltr'><strong>bonis</strong></span> <span class='ocrx_word' id='word_1_434' title='bbox 1859 5068 1923 5130; x_wconf 90' lang='lat' dir='ltr'><strong>et</strong></span> <span class='ocrx_word' id='word_1_435' title='bbox 1969 5085 2008 5130; x_wconf 84' lang='lat' dir='ltr'><strong>a</strong></span> <span class='ocrx_word' id='word_1_436' title='bbox 2057 5067 2252 5129; x_wconf 84' lang='lat' dir='ltr'><strong>malis</strong></span> <span class='ocrx_word' id='word_1_437' title='bbox 2306 5066 2612 5130; x_wconf 89' lang='lat' dir='ltr'><strong>sumitur.</strong></span> <span class='ocrx_word' id='word_1_438' title='bbox 2653 5067 2790 5130; x_wconf 90' lang='lat' dir='ltr'><strong>Nec</strong></span> <span class='ocrx_word' id='word_1_439' title='bbox 2839 5066 3074 5130; x_wconf 90' lang='lat' dir='ltr'><strong>melior</strong></span> <span class='ocrx_word' id='word_1_440' title='bbox 3112 5067 3212 5129; x_wconf 82' lang='lat' dir='ltr'><strong>est</strong></span> <span class='ocrx_word' id='word_1_441' title='bbox 3264 5065 3646 5146; x_wconf 80' lang='lat' dir='ltr'><strong>Baptismus</strong></span> <span class='ocrx_word' id='word_1_442' title='bbox 3688 5066 3805 5146; x_wconf 88' lang='lat' dir='ltr'><strong>qui</strong></span> <span class='ocrx_word' id='word_1_443' title='bbox 3851 5083 3973 5146; x_wconf 91' lang='lat' dir='ltr'><strong>per</strong></span> 
     </span>
    </p>
   </div>
   <div class='ocr_carea' id='block_1_19' title="bbox 866 4948 3973 5254">
    <p class='ocr_par' dir='ltr' id='par_1_20' title="bbox 866 4948 3973 5254">
     <span class='ocr_line' id='line_1_74' title="bbox 866 4948 3973 5254; baseline -0.002 -236"><span class='ocrx_word' id='word_1_444' title='bbox 866 4953 1259 5254; x_wconf 86' lang='lat' dir='ltr'><strong>POST</strong></span> <span class='ocrx_word' id='word_1_445' title='bbox 1292 4953 1433 5016; x_wconf 86' lang='lat' dir='ltr'><strong>haec</strong></span> <span class='ocrx_word' id='word_1_446' title='bbox 1478 4950 1821 5015; x_wconf 89' lang='lat' dir='ltr'><strong>sciendum</strong></span> <span class='ocrx_word' id='word_1_447' title='bbox 1868 4951 1990 5030; x_wconf 87' lang='lat' dir='ltr'><strong>est,</strong></span> <span class='ocrx_word' id='word_1_448' title='bbox 2031 4951 2516 5014; x_wconf 86' lang='lat' dir='ltr'><strong>sacramentum</strong></span> <span class='ocrx_word' id='word_1_449' title='bbox 2552 4949 2878 5032; x_wconf 85' lang='lat' dir='ltr'><strong>Baptismi</strong></span> <span class='ocrx_word' id='word_1_450' title='bbox 2918 4967 2958 5013; x_wconf 85' lang='lat' dir='ltr'><strong>a</strong></span> <span class='ocrx_word' id='word_1_451' title='bbox 2992 4949 3186 5013; x_wconf 91' lang='lat' dir='ltr'><strong>bonis</strong></span> <span class='ocrx_word' id='word_1_452' title='bbox 3232 4951 3298 5013; x_wconf 87' lang='lat' dir='ltr'><strong>et</strong></span> <span class='ocrx_word' id='word_1_453' title='bbox 3333 4965 3372 5012; x_wconf 89' lang='lat' dir='ltr'><strong>a</strong></span> <span class='ocrx_word' id='word_1_454' title='bbox 3406 4948 3600 5012; x_wconf 88' lang='lat' dir='ltr'><strong>malis</strong></span> <span class='ocrx_word' id='word_1_455' title='bbox 3646 4948 3973 5013; x_wconf 87' lang='lat' dir='ltr'><strong>ministris</strong></span> 
     </span>
    </p>
   </div>
   <div class='ocr_carea' id='block_1_20' title="bbox 863 5181 3975 5389">
    <p class='ocr_par' dir='ltr' id='par_1_21' title="bbox 863 5181 3975 5389">
     <span class='ocr_line' id='line_1_75' title="bbox 1126 5181 3975 5265; baseline -0.001 -17"><span class='ocrx_word' id='word_1_456' title='bbox 1126 5185 1469 5250; x_wconf 89' lang='lat' dir='ltr'><strong>meliorem</strong></span> <span class='ocrx_word' id='word_1_457' title='bbox 1519 5183 1733 5264; x_wconf 85' lang='lat' dir='ltr'><strong>datur,</strong></span> <span class='ocrx_word' id='word_1_458' title='bbox 1774 5201 1895 5247; x_wconf 85' lang='lat' dir='ltr'><strong>nec</strong></span> <span class='ocrx_word' id='word_1_459' title='bbox 1940 5184 2163 5247; x_wconf 87' lang='lat' dir='ltr'><strong>minus</strong></span> <span class='ocrx_word' id='word_1_460' title='bbox 2215 5182 2429 5246; x_wconf 88' lang='lat' dir='ltr'><strong>bonus</strong></span> <span class='ocrx_word' id='word_1_461' title='bbox 2481 5183 2598 5264; x_wconf 88' lang='lat' dir='ltr'><strong>qui</strong></span> <span class='ocrx_word' id='word_1_462' title='bbox 2636 5201 2752 5265; x_wconf 88' lang='lat' dir='ltr'><strong>per</strong></span> <span class='ocrx_word' id='word_1_463' title='bbox 2789 5184 3010 5247; x_wconf 89' lang='lat' dir='ltr'><strong>minus</strong></span> <span class='ocrx_word' id='word_1_464' title='bbox 3046 5182 3293 5246; x_wconf 89' lang='lat' dir='ltr'><strong>bonum</strong></span> <span class='ocrx_word' id='word_1_465' title='bbox 3341 5181 3555 5262; x_wconf 88' lang='lat' dir='ltr'><strong>datur,</strong></span> <span class='ocrx_word' id='word_1_466' title='bbox 3589 5199 3709 5246; x_wconf 90' lang='lat' dir='ltr'><strong>nec</strong></span> <span class='ocrx_word' id='word_1_467' title='bbox 3753 5181 3975 5245; x_wconf 88' lang='lat' dir='ltr'><strong>malus</strong></span> 
     </span>
     <span class='ocr_line' id='line_1_76' title="bbox 863 5296 3974 5389; baseline -0.002 -20"><span class='ocrx_word' id='word_1_468' title='bbox 863 5305 978 5389; x_wconf 86' lang='lat' dir='ltr'><strong>qui</strong></span> <span class='ocrx_word' id='word_1_469' title='bbox 1016 5321 1133 5388; x_wconf 87' lang='lat' dir='ltr'><strong>per</strong></span> <span class='ocrx_word' id='word_1_470' title='bbox 1160 5302 1411 5367; x_wconf 87' lang='lat' dir='ltr'><strong>malum</strong></span> <span class='ocrx_word' id='word_1_471' title='bbox 1442 5301 1671 5384; x_wconf 82' lang='lat' dir='ltr'><strong>datur3</strong></span> <span class='ocrx_word' id='word_1_472' title='bbox 1702 5317 1822 5365; x_wconf 90' lang='lat' dir='ltr'><strong>nec</strong></span> <span class='ocrx_word' id='word_1_473' title='bbox 1851 5299 2070 5382; x_wconf 88' lang='lat' dir='ltr'><strong>majus</strong></span> <span class='ocrx_word' id='word_1_474' title='bbox 2106 5316 2350 5364; x_wconf 88' lang='lat' dir='ltr'><strong>munus</strong></span> <span class='ocrx_word' id='word_1_475' title='bbox 2379 5299 2571 5364; x_wconf 88' lang='lat' dir='ltr'><strong>datur</strong></span> <span class='ocrx_word' id='word_1_476' title='bbox 2607 5299 2676 5362; x_wconf 89' lang='lat' dir='ltr'><strong>in</strong></span> <span class='ocrx_word' id='word_1_477' title='bbox 2711 5299 3054 5382; x_wconf 87' lang='lat' dir='ltr'><strong>Baptismo</strong></span> <span class='ocrx_word' id='word_1_478' title='bbox 3093 5299 3244 5363; x_wconf 90' lang='lat' dir='ltr'><strong>dato</strong></span> <span class='ocrx_word' id='word_1_479' title='bbox 3284 5315 3322 5362; x_wconf 88' lang='lat' dir='ltr'><strong>a</strong></span> <span class='ocrx_word' id='word_1_480' title='bbox 3357 5296 3555 5379; x_wconf 89' lang='lat' dir='ltr'><strong>bon0,</strong></span> <span class='ocrx_word' id='word_1_481' title='bbox 3585 5314 3708 5363; x_wconf 87' lang='lat' dir='ltr'><strong>nec</strong></span> <span class='ocrx_word' id='word_1_482' title='bbox 3747 5297 3974 5362; x_wconf 87' lang='lat' dir='ltr'><strong>minus</strong></span> 
     </span>
    </p>
   </div>
  </div>
 </body>
</html>
