4267 6250
1376 503 1523 561 omn
1563 503 1656 551 slr
1696 502 1943 551 uacum
1984 502 2049 551 lu
2089 502 2312 563 mn,
2351 504 2480 553 arc.

3359 486 3482 551 503

372 672 551 737 tiam.
584 674 799 739 Potest
826 674 1021 739 etiam
1048 673 1235 737 aliter
1259 674 1488 757 accipi,
1513 682 1583 737 ut
1612 673 1874 757 patebit.
1910 672 1961 737 A
1988 674 2238 739 aversio
2273 695 2310 739 a
2347 695 2600 741 summo
2637 685 2699 741 et
2741 677 3248 742 incommutabili
3291 678 3480 752 bono,

370 772 519 836 Haec
560 773 1023 837 Bonaventura.
1844 830 1853 841 .

454 872 645 934 Porro
675 872 945 935 Thomas
977 871 1229 954 plenius
1260 872 1546 935 scribens
1572 890 1588 935 ε
1612 872 1701 935 Ex
1732 872 1875 946 hoc,

372 970 607 1052 inquit,
630 971 876 1053 aliquid
905 970 1111 1033 fertur
1138 970 1548 1046 maculatum,
1572 971 1875 1054 quoniam

371 1067 607 1131 debitae
672 1068 1171 1151 pulchritudinis
1235 1068 1473 1152 patitur
1530 1069 1874 1132 detrimen·

371 1174 534 1229 tum.
568 1167 733 1229 Hinc
767 1167 1018 1230 macula
1054 1167 1409 1230 secundum
1448 1168 1617 1249 quod
1655 1167 1876 1248 hujus-

374 1265 573 1337 modi,
598 1283 728 1328 non
758 1265 1045 1327 nominat
1073 1264 1315 1347 aliquid
1353 1264 1734 1346 positivum3
1765 1265 1874 1327 sed

368 1381 492 1445 -per
520 1363 1065 1445 comparationem
1096 1362 1174 1425 ad
1207 1362 1366 1425 illud
1398 1364 1568 1445 quod
1597 1361 1877 1446 pulchri-

372 1462 621 1525 tudinis
650 1462 1107 1525 detrimentum
1136 1459 1745 1544 inducit,aliquando
1773 1479 1879 1543 po-

374 1578 527 1623 nere
567 1558 813 1641 aliquid
857 1558 1253 1641 perhibetur,
1288 1558 1455 1621 sicut
1481 1557 1722 1640 aliquid
1764 1558 1878 1620 im·

376 1675 673 1738 pressum
698 1656 897 1719 vultui
922 1656 1194 1720 hominis
1224 1657 1393 1738 quod
1424 1657 1561 1738 ejus
1590 1656 1877 1721 decorem

374 1754 534 1835 tegit
562 1760 674 1816 aut
701 1753 929 1817 aufert.
965 1755 1376 1819 pulchritudo
1404 1762 1617 1818 autem
1648 1756 1877 1819 animae

1988 781 2179 856 atque
2222 776 2554 839 conversio
2595 778 2672 839 ad
2719 776 3174 840 commutabile
3217 776 3478 841 bonum.

1993 871 2069 933 Et
2110 872 2292 953 juxta
2348 874 2469 937 hoc
2517 883 2668 938 sunt
2714 876 2842 939 duo
2888 875 3161 938 effectus
3215 874 3478 958 peccati.

1991 971 2163 1033 Unus
2194 978 2292 1033 est
2321 971 2672 1053 indignatio
2699 974 2812 1036 Dei
2841 974 3144 1036 adversus
3175 990 3312 1047 nos,
3347 990 3484 1035 cor-

1990 1069 2382 1151 respondens
2413 1077 2642 1134 nostrae
2670 1071 2986 1135 aversioni
3014 1070 3096 1134 ab
3128 1071 3298 1154 ipso;
3319 1070 3484 1133 alius

1988 1174 2087 1229 est
2113 1185 2306 1250 poena
2334 1168 2633 1231 ordinans
2671 1169 3092 1233 inordinatam
3135 1168 3310 1231 illam
3340 1187 3484 1232 con-

1987 1265 2369 1328 versionem.
2403 1266 2738 1350 Quumque
2781 1268 3062 1350 primum
3107 1268 3173 1330 in
3222 1274 3484 1349 peccato

1988 1381 2065 1425 ex
2107 1372 2285 1445 parte
2327 1365 2526 1427 nostri
2567 1365 2650 1428 sit
2680 1365 2789 1428 illa
2826 1366 3188 1446 conversi03
3220 1373 3285 1429 et
3313 1365 3482 1447 quod

1988 1461 2169 1544 prius
2214 1470 2308 1525 est
2353 1463 2418 1525 in
2462 1464 2891 1545 generatione,
2933 1472 3030 1527 est
3072 1464 3373 1526 ultimum
3416 1464 3482 1525 in

1989 1559 2420 1623 destructione
2455 1577 2469 1622 :
2506 1560 2744 1625 idcirco
2773 1581 2850 1625 ex
2880 1570 3058 1645 parte
3087 1563 3200 1625 Dei
3231 1570 3329 1626 est
3355 1561 3482 1646 pri-

1989 1677 2170 1720 mum
2216 1658 2646 1721 reconciliatio
2689 1659 2788 1721 sui
2832 1661 2911 1722 ad
2958 1677 3094 1732 noS,
3127 1661 3482 1723 secundum

1988 1774 2142 1819 vero
2181 1755 2472 1819 liberatio
2505 1776 2542 1818 a
2585 1756 2800 1819 debito
2838 1774 3060 1838 poenae.
3097 1757 3287 1821 Poena
3327 1776 3483 1841 quo·

378 1853 673 1916 consistit
725 1852 792 1916 in
840 1852 1262 1917 similitudine
1310 1863 1375 1917 et
1418 1854 1877 1917 assimilatione
1914 1851 1962 1913 B
1992 1872 2125 1936 que,
2147 1862 2244 1917 est
2271 1854 2526 1937 duplex.
2561 1855 2694 1917 Una
2722 1855 3152 1918 exterminans
3190 1874 3332 1919 reos
3371 1876 3484 1919 seu

377 1971 494 2015 sua
522 1951 603 2014 ad
632 1952 858 2025 Deum,
892 1951 997 2013 cui
1032 1951 1467 2016 conformatur
1494 1970 1609 2035 per
1638 1952 1881 2015 clarita-

378 2057 512 2112 tem
556 2050 777 2131 gratiae
812 2048 895 2112 ab
932 2067 1007 2112 eo
1050 2058 1301 2113 exortae.
1334 2050 1879 2124 Quemadmodum

378 2167 535 2213 vero
574 2148 903 2232 perceptio
942 2148 1246 2212 claritatis
1286 2149 1631 2231 corporalis
1668 2168 1884 2212 causa-

378 2255 463 2311 tae
492 2266 531 2309 a
564 2246 719 2317 sole,
754 2246 1131 2329 prohibetur
1158 2265 1195 2308 a
1228 2246 1413 2310 nobis
1450 2265 1567 2329 per
1604 2246 1881 2329 interpo-

380 2345 579 2409 situm
609 2345 1012 2409 obstaculum
1043 2344 1331 2425 aliquod3
1350 2344 1443 2407 sic
1473 2345 1723 2408 claritas
1752 2363 1885 2426 gra·

378 2444 489 2508 tiae
538 2443 916 2527 prohibetur
962 2443 1044 2505 ab
1090 2442 1305 2505 anima
1360 2462 1475 2525 per
1522 2452 1878 2525 peccatum,

382 2544 557 2625 quod
602 2542 832 2606 dividit
877 2542 1043 2605 inter
1087 2542 1291 2605 Deum
1335 2548 1399 2604 et
1440 2560 1601 2605 eam.
1649 2541 1880 2624 Sicque

383 2641 639 2705 macula
684 2660 763 2705 ex
813 2660 882 2705 se
928 2660 1056 2705 non
1109 2640 1267 2704 dicit
1316 2639 1444 2703 nisi
1490 2640 1705 2721 gratiae
1755 2640 1879 2722 pri-

382 2740 729 2814 vationem,
771 2741 881 2804 sed
924 2748 1227 2823 tanquam
1278 2758 1533 2802 causam
1583 2738 1682 2801 sui
1726 2738 1883 2801 dicit

380 2839 597 2921 ipsum
656 2838 1058 2903 obstaculum
1117 2838 1286 2920 quod
1348 2836 1617 2919 impedit
1664 2836 1881 2917 gratiae

380 2937 837 3020 receptionem.
889 2937 1224 3019 Quumque
1281 2935 1481 3016 gratia
1538 2934 1621 2997 sit
1670 2934 1737 2997 in
1786 2954 1880 2997 es-

1990 1955 2204 2019 hostes
2239 1972 2254 2017 :
2288 1973 2430 2036 quae
2459 1972 2648 2037 poena
2677 1974 2756 2017 ex
2793 1954 2932 2036 ipsa
2968 1956 3484 2019 reconciliatione

1988 2054 2294 2117 aufertur.
2338 2052 2478 2116 Alia
2523 2061 2736 2117 autem
2784 2063 2881 2117 est
2927 2072 3116 2137 poena
3163 2055 3486 2136 corrigens

1992 2152 2223 2227 civem,
2275 2171 2387 2215 seu
2445 2151 2680 2225 filium,
2731 2160 2842 2214 aut
2897 2152 3176 2215 amicum
3231 2171 3244 2216 :

1990 2268 2197 2334 poenae
2239 2249 2527 2313 debitum
2573 2257 2781 2334 potest
2819 2268 3076 2313 manere
3118 2251 3486 2315 reconcilia-

1991 2348 2164 2411 tione
2191 2348 2324 2429 jam
2356 2347 2712 2412 facta.Hinc
2743 2348 2936 2412 simul
2964 2348 3117 2411 dum
3151 2357 3486 2431 peccatum

1993 2446 2341 2510 remittitur
2379 2447 2587 2528 quoad
2632 2448 2970 2521 maculam,
3004 2454 3068 2509 et
3106 2448 3313 2529 quoad
3359 2466 3488 2530 poe—

1990 2565 2140 2608 nam
2181 2553 2505 2620 aeternam,
2547 2565 2687 2627 quae
2730 2552 2826 2608 est
2865 2545 3317 2621 exterminanS,
3358 2563 3489 2609 om-

1990 2644 2146 2705 nino
2175 2642 2551 2721 dimittitur3
2586 2661 2711 2706 non
2751 2650 2966 2706 autem
2995 2661 3250 2726 semper
3279 2645 3486 2726 quoad

1993 2759 2248 2824 poenam
2279 2741 2720 2823 temporalem,
2743 2761 2886 2824 quae
2914 2747 3011 2804 est
3041 2741 3386 2822 corrigens.
3407 2777 3488 2789 —

1992 2840 2135 2903 Haec
2179 2839 2468 2903 Thomas,

2073 2938 2388 3003 Consonat
2415 2939 2636 3001 Petrus
2659 2954 2675 3000 ε
2698 2938 2938 3001 Macula
2964 2938 3322 3021 (inquiens)
3348 2958 3491 3021 pec-

382 3037 589 3099 sentia
630 3036 882 3111 animae,
924 3034 1297 3098 illuminans
1342 3032 1739 3096 intellectum
1788 3032 1880 3094 di·
1918 3039 1962 3102 C
1991 3036 2115 3099 cati
2166 3036 2233 3098 in
2281 3035 2516 3110 anima,
2558 3053 2686 3099 non
2730 3044 2826 3099 est
2866 3036 2991 3099 nisi
3031 3036 3489 3101 dissimilitudo

379 3137 726 3217 rigensque
759 3134 1065 3199 affectum
1100 3153 1114 3197 z
1148 3132 1301 3196 hinc
1336 3132 1610 3216 privatio
1638 3131 1875 3213 gratiae,

378 3241 534 3317 puta
562 3240 921 3317 peccatum,
945 3233 1111 3315 parit
1142 3233 1208 3295 in
1240 3231 1565 3294 intellectu
1596 3248 1877 3293 errorem

376 3351 453 3395 ac
484 3333 857 3406 caecitatem,
890 3340 955 3395 et
984 3331 1049 3395 in
1079 3330 1405 3395 voluntate
1435 3328 1877 3413 obliquitatem

378 3439 571 3512 atque
623 3429 1121 3513 perversitatem.
1178 3429 1268 3492 Ex
1316 3428 1552 3511 quibus
1612 3426 1879 3489 manife-

380 3537 553 3592 stum
599 3537 717 3604 est,
752 3529 919 3612 quod
964 3529 1215 3592 macula
1263 3527 1383 3590 ista
1426 3545 1553 3590 non
1594 3525 1881 3589 aufertur

380 3630 460 3693 ab
498 3630 737 3703 anima,
771 3628 895 3692 nisi
936 3636 1293 3711 peccatum,
1327 3625 1496 3708 quod
1536 3633 1633 3688 est
1663 3625 1878 3705 gratiae

380 3729 939 3812 impedimentum,
962 3732 1383 3800 removeatur,
1406 3732 1471 3788 et
1500 3724 1714 3786 lumen
1746 3742 1879 3805 gra·

380 3829 485 3892 tiae
526 3826 921 3890 infundatur.
957 3825 1188 3907 Sicque
1228 3823 1479 3886 macula
1516 3822 1635 3886 ista
1668 3821 1877 3884 aufer-

379 3933 505 3998 tur,
540 3944 669 3989 non
699 3932 771 3988 ut
799 3942 927 3988 non
956 3923 1153 3987 fuerit
1182 3923 1247 3985 in
1277 3921 1511 3996 anima,
1544 3920 1695 4003 quia
1725 3939 1879 4002 prae·

378 4027 643 4089 teritum
682 4042 809 4086 non
852 4029 1063 4106 potest
1092 4040 1217 4085 non
1254 4020 1476 4095 fuisse,
1508 4019 1618 4082 sed
1658 4018 1773 4093 sic,
1808 4026 1877 4080 ut

378 4144 507 4189 non
568 4122 799 4186 habeat
844 4121 1151 4184 effectum
1206 4118 1533 4182 avertendi
1589 4119 1790 4180 Deum
1840 4136 1877 4178 a

1991 3137 2133 3218 ejus
2192 3137 2269 3199 ad
2328 3136 2552 3208 Deum,
2614 3135 2690 3198 ad
2751 3135 2935 3216 cujus
2996 3136 3487 3200 similitudinem

1990 3234 2157 3297 facta
2201 3241 2314 3296 est.
2359 3233 2572 3298 Gratia
2617 3251 2769 3296 vero
2816 3240 2913 3296 est
2954 3233 3310 3298 similitudo
3349 3235 3482 3298 Dei.

1989 3331 2538 3407 Quemadmodum
2571 3348 2720 3411 ergo
2748 3331 3205 3395 dissimilitudo
3235 3349 3363 3396 non
3395 3332 3488 3394 ni·

1990 3430 2044 3494 si
2087 3449 2204 3513 per
2249 3428 2738 3492 similitudinem
2787 3428 3050 3503 tollitur,
3093 3430 3186 3492 sic
3236 3431 3486 3493 macula

1991 3528 2235 3612 peccati
2286 3545 2414 3590 non
2462 3527 2584 3588 nisi
2638 3545 2752 3609 per
2797 3527 3062 3608 gratiam
3110 3529 3242 3591 Dei.
3295 3530 3486 3592 Porro

1988 3625 2386 3710 pulchritudo
2412 3624 2790 3691 'mnocentiae
2819 3625 3094 3687 continet
3114 3625 3234 3689 duo
3253 3645 3483 3690 :unum

1988 3725 2348 3797 essentiale,
2397 3730 2613 3806 utpote
2661 3722 3150 3786 similitudinem
3199 3725 3347 3803 Dei3
3395 3725 3483 3788 al-

1990 3833 2198 3888 terum
2260 3822 2672 3896 accidentale,
2735 3830 2885 3904 puta
2941 3821 3482 3886 continuationem

1990 3921 2451 3986 similitudinis.
2517 3920 2800 3983 Primum
2867 3939 2982 4002 per
3040 3920 3481 4003 poenitentiam

1989 4021 2292 4094 redditur,
2325 4037 2451 4082 non
2494 4019 2870 4081 secundum.

2069 4119 2135 4181 Si
2173 4137 2441 4201 quaeraS,
2474 4116 2628 4200 quid
2669 4115 2753 4178 sit
2791 4115 3038 4178 macula
3081 4115 3237 4196 ista3
3268 4115 3480 4180 dicen-

376 4223 589 4298 nobiS,
620 4229 684 4284 et
714 4229 783 4283 ut
813 4238 939 4285 non
968 4218 1245 4302 amplius
1275 4218 1627 4299 imputetur
1658 4232 1673 4276 t
1707 4215 1875 4296 quod
1905 4215 1957 4279 D
1988 4219 2165 4291 dum,
2199 4217 2368 4300 quod
2409 4217 2574 4280 sicut
2604 4215 2816 4277 anima
2856 4234 2970 4297 per
2999 4215 3476 4278 conversionem

376 4323 457 4386 fit
496 4324 653 4385 dum
694 4325 954 4403 propter
990 4315 1372 4401 praeteritam
1410 4314 1665 4396 culpam
1711 4313 1875 4376 Deus

376 4442 415 4485 a
470 4420 660 4485 nobis
727 4437 857 4482 non
924 4416 1190 4480 retrahit
1250 4434 1381 4478 suae
1446 4412 1699 4496 pietatis
1764 4411 1874 4474 ad-

376 4527 695 4604 spectum,
756 4536 876 4580 nec
930 4515 1145 4599 gratiae
1202 4533 1331 4576 suae
1390 4511 1709 4574 influxum
1768 4518 1878 4572 aut

378 4616 807 4682 miserationis
862 4621 1001 4678 suae‘
1050 4611 1375 4675 effectum.
1422 4611 1876 4672 Verumtamen

376 4713 791 4801 pulchritudo
835 4713 1065 4776 animae
1114 4728 1241 4773 non
1293 4714 1703 4789 recuperatur
1746 4723 1877 4768 om·

375 4816 658 4888 nimode,
692 4831 806 4876 seu
840 4818 1148 4893 quantum
1188 4807 1265 4870 ad
1300 4806 1749 4888 quodcumque
1779 4823 1877 4866 ac-

379 4911 715 4976 cidentale.
749 4910 885 4974 Non
916 4908 1091 4972 enim
1123 4912 1535 4988 recuperatur
1564 4909 1874 4987 quantum

376 5012 455 5075 ad
486 5009 869 5074 innocentiae
899 5006 1293 5089 dignitatem,
1317 5003 1424 5066 sed
1456 5010 1765 5085 quantum
1797 5000 1875 5062 ad

379 5111 675 5174 decorem
706 5107 921 5188 gratiae
950 5124 1091 5188 quae
1122 5103 1506 5167 restituitur:
1529 5101 1655 5163 imo
1688 5100 1876 5162 inter-

382 5211 537 5272 dum
596 5205 799 5287 major
846 5203 1131 5267 efficitur
1178 5221 1367 5284 quam
1420 5199 1661 5262 exstitit
1708 5206 1872 5261 ante.

465 5308 737 5388 Insuper
778 5304 843 5366 in
880 5309 1141 5386 peccato
1174 5306 1319 5362 sunt
1348 5299 1497 5374 duo,
1529 5297 1827 5360 videlicet
1861 5315 1875 5359 :

1986 4337 2021 4379 a
2071 4315 2256 4379 bonis
2318 4313 2738 4377 mutabilibus
2796 4313 2875 4376 ad
2923 4321 3178 4388 aeterna,
3229 4313 3484 4376 exuitur

1988 4413 2395 4478 mutabilium
2455 4411 2898 4486 similitudine,
2949 4418 3139 4495 atque
3197 4411 3484 4476 induitur

1986 4511 2410 4579 similitudine
2456 4510 2564 4572 Dei
2609 4527 2624 4572 τ
2666 4509 2758 4572 sic
2801 4529 2916 4592 per
2961 4509 3358 4574 aversionem
3401 4511 3481 4573 ab

1984 4609 2238 4674 aeternis
2267 4608 2345 4671 ad
2375 4608 2764 4689 temporalia,
2779 4608 3035 4670 exuitur
3061 4608 3481 4672 similitudine

1984 4717 2389 4780 aeternorum,
2413 4713 2476 4768 et
2503 4706 2638 4769 haec
2667 4714 2764 4768 est
2794 4706 3042 4768 macula
3072 4706 3476 4788 privationis3

1985 4815 2048 4870 et
2079 4806 2365 4869 induitur
2396 4803 2668 4886 quadam
2701 4803 3152 4885 temporalium
3187 4804 3482 4867 similitu-

1985 4905 2151 4978 dine,
2169 4902 2519 4966 secundum
2551 4899 2720 4982 quod
2748 4919 2966 4963 amans
2996 4901 3484 4965 transformatur

1986 5003 2049 5066 in
2091 5009 2394 5074 amatum,
2427 5007 2490 5062 et
2529 5000 2662 5062 haec
2701 5005 2798 5061 est
2835 4999 3086 5061 macula
3122 4999 3476 5080 positionis.

1985 5103 2436 5164 Verumtamen
2471 5099 2605 5160 haec
2649 5096 3002 5160 similitudo
3046 5114 3172 5160 non
3216 5107 3312 5160 est
3357 5117 3483 5161 ma-

1989 5199 2049 5262 la
2097 5199 2162 5260 in
2209 5215 2297 5271 se,
2339 5196 2448 5260 sed
2500 5195 2566 5256 in
2614 5195 2723 5257 tali
2773 5193 3084 5275 subjecto,
3127 5195 3478 5258 secundum

1989 5297 2158 5380 quod
2190 5294 2454 5358 retrahit
2482 5311 2518 5357 a
2545 5291 2967 5357 similitudine
2998 5291 3291 5355 nobiliori
3325 5294 3482 5356 divi·

3299 2153 3486 2235 cujus
3593 2142 3602 2153 ’
