4267 6250
731 523 932 570 mul
972 522 1312 579 (ΞΟΝΠΠΊΟ,
1349 520 1698 577 conns-sto,
1739 521 2151 579 sansucrm,
2188 522 2327 569 sun·
2364 524 2595 571 rums
2636 522 3045 571 rmum

3322 505 3437 569 431

333 702 496 769 tent,
529 700 596 757 et
633 713 752 777 per
787 712 1186 775 consequens
1225 711 1344 755 nee
1381 692 1696 755 actualem
1729 690 1839 753 ha·
1866 688 1921 753 A
1947 689 2197 772 fligeret
2234 690 2329 753 illi
2374 710 2651 773 poenam,
2684 712 2803 755 nec
2842 691 3341 756 consolationem
3380 690 3441 753 ei

333 792 536 855 beant
569 792 1050 875 displicentiam
1086 792 1166 854 de
1203 790 1470 854 eisdem.
1502 791 1574 853 In
1601 787 1840 852 talibus

333 908 490 973 ergo
516 911 664 973 quae
691 908 822 954 non
851 897 1196 953 occurrunt
1225 889 1572 963 memoriae,
1595 886 1843 951 sufficit

336 988 750 1072 displicentia
788 987 1156 1063 habitualis»,
1197 1005 1399 1070 quum
1441 997 1508 1050 et
1549 985 1842 1050 mortalia

335 1087 539 1150 oblita
566 1087 778 1150 taliter
807 1086 1233 1158 remittantur,
1267 1093 1338 1148 ut
1375 1084 1542 1147 infra
1567 1084 1834 1147 dicetur.

419 1186 716 1249 Secundo
741 1186 993 1267 quaerit,
1023 1202 1107 1246 an
1141 1203 1344 1245 unum
1374 1192 1704 1266 peccatum
1738 1202 1842 1244 ve-

335 1284 508 1346 niale
547 1284 688 1346 sine
726 1283 854 1346 alio
893 1282 1097 1365 possit
1131 1282 1389 1344 dimitti.
1429 1281 1789 1363 Respondet
1821 1298 1836 1343 ε

337 1382 766 1464 Dum-aliqua
807 1380 1272 1443 connexionem
1317 1397 1444 1442 non
1489 1378 1726 1441 habent
1759 1378 1841 1440 ad

337 1480 644 1555 invicem,
697 1498 900 1543 unum
957 1478 1100 1542 sine
1145 1478 1274 1540 alio
1321 1484 1530 1561 potest
1574 1476 1837 1551 auferri,

335 1596 468 1643 non
508 1587 724 1641 autem
763 1577 1022 1659 quando
1059 1576 1521 1640 connexionem
1559 1576 1641 1637 ad
1679 1574 1841 1637 invi-

338 1696 480 1741 cem
529 1677 908 1741 sortiuntur.
955 1676 1217 1739 Peccata
1261 1682 1476 1737 autem
1526 1672 1838 1748 mortalia,

337 1776 638 1859 quamvis
705 1774 1172 1838 connexionem
1233 1791 1363 1836 non
1419 1772 1697 1835 habeant
1759 1772 1840 1834 ad

1945 788 2361 864 abstraheret,
2392 808 2509 853 nec
2542 790 3037 873 reprehenderet
3066 790 3299 873 ipsum.
3334 790 3445 853 De·

1945 887 2145 969 nique
2190 888 2315 950 nisi
2357 889 2577 951 Petrus
2622 887 2987 971 aliqualiter
3030 888 3281 952 Christo
3318 888 3443 951 dis·

1947 985 2302 1067 plicuisset,
2347 986 2641 1059 dicendo,
2688 984 2873 1049 Absit
2916 1004 2955 1049 a
3010 994 3095 1059 te,
3146 986 3436 1061 Domine,
3518 1004 3692 1051 uana.

1948 1101 2076 1147 non
2123 1084 2245 1146 erit
2292 1083 2415 1147 hoc
2457 1083 2618 1164 tibi3
2664 1084 2951 1149 Christus
2999 1102 3125 1149 non
3172 1084 3441 1148 dixisset
3464 1072 3733 1187 ᾖξξξζξ

1945 1182 2024 1244 ad
2055 1199 2241 1244 eum:
2264 1183 2435 1245 Vade
2462 1191 2631 1247 retro
2664 1202 2786 1256 me,
2818 1184 3067 1256 Satana,
3092 1191 3214 1246 etc.
3248 1183 3327 1245 Et
3356 1192 3441 1246 ta·
3468 1199 3535 1238 ³³·

1949 1299 2096 1343 men
2131 1280 2199 1342 in
2237 1280 2453 1344 verbis
2494 1282 2621 1344 illis
2661 1280 2870 1344 bonus
2902 1290 2971 1344 et
3004 1282 3293 1345 sincerus
3332 1282 3441 1344 ille

1947 1378 2167 1441 Petrus
2208 1397 2339 1442 non
2382 1380 2672 1462 peccavit
2714 1379 3085 1443 mortaliter.

2028 1476 2239 1541 Tertio
2274 1478 2527 1559 quaerit,
2558 1497 2641 1540 an
2678 1478 2927 1541 veniale
2966 1478 3169 1561 possit
3207 1479 3443 1542 dimitti

1947 1575 2088 1639 sine
2119 1576 2391 1639 mortali.
2426 1576 2803 1652 Dicendum,
2835 1577 3005 1659 quod
3044 1584 3289 1640 remoto
3315 1577 3445 1658 pri-

1947 1674 2042 1737 ori
2074 1682 2441 1737 removetur
2468 1676 2807 1757 posterius,
2840 1694 2960 1738 nec
2994 1676 3311 1759 posterius
3346 1694 3443 1738 re-

1949 1772 2237 1835 stituitur
2262 1772 2383 1835 nisi
2418 1774 2711 1835 restituto
2740 1774 2957 1856 priori.
2976 1774 3209 1837 Fervor
3236 1780 3445 1836 autem

337 1873 620 1937 invicem
651 1892 731 1936 ex
769 1880 950 1955 parte
987 1870 1447 1945 conversioniS‚
1478 1869 1718 1933 habent
1753 1878 1841 1933 ta-
1873 1873 1924 1937 B
1951 1870 2257 1945 caritatiS,
2302 1872 2405 1933 cui
2449 1871 2697 1935 veniale
2746 1872 3113 1954 opponitur,
3160 1878 3259 1935 est
3306 1873 3447 1955 ipsa

336 1991 488 2036 men
517 1972 987 2036 connexionem
1016 1990 1054 2033 a
1081 1978 1262 2053 parte
1287 1970 1662 2043 aversionis„
1690 1987 1841 2052 quo·

336 2070 513 2133 niam
562 2070 646 2133 ab
695 2069 922 2133 eodem
971 2086 1226 2131 summo
1274 2066 1444 2131 hono
1485 2075 1781 2131 avertunt
1821 2083 1838 2129 t

336 2168 482 2231 ideo
541 2186 746 2229 uuum
803 2167 946 2229 sine
999 2166 1126 2229 alio
1183 2166 1424 2229 remitti
1473 2184 1600 2229 non
1649 2163 1838 2240 valet,

335 2267 489 2349 quia
515 2265 814 2329 remissio
834 2264 1058 2347 culpae,
1071 2284 1184 2347 per
1203 2263 1674 2347 oppositionem
1699 2263 1841 2346 plus

337 2364 606 2446 respicit
647 2362 1050 2427 aversionem
1094 2381 1290 2445 quam
1333 2362 1836 2425 conversionem.

337 2462 496 2525 Nam
527 2463 722 2545 culpa
751 2461 1098 2525 dimittitur
1127 2480 1244 2544 per
1269 2460 1739 2524 restitutionem
1777 2468 1843 2523 et

339 2561 782 2624 reductionem
810 2561 892 2623 ad
921 2560 1083 2623 illud
1115 2578 1152 2622 a
1187 2578 1318 2643 quo
1355 2560 1690 2643 separavit.
1723 2559 1841 2621 Ve-

340 2658 536 2721 nialia
565 2676 723 2721 vero
761 2657 1225 2721 connexionem
1265 2674 1392 2721 non
1430 2656 1688 2731 hahent,
1721 2674 1840 2719 nec

338 2764 654 2839 quantum
697 2757 778 2819 ad
821 2754 1328 2831 conversionem,
1369 2774 1489 2819 nec
1529 2763 1840 2838 quantum

337 2857 417 2919 ad
445 2856 851 2919 aversionem
885 2872 900 2915 ε
937 2855 1068 2917 imo
1099 2854 1166 2916 in
1195 2853 1290 2916 eis
1318 2853 1497 2917 nulla
1528 2861 1625 2917 est
1662 2872 1840 2916 aver-

339 2956 436 3017 sio
459 2954 546 3017 ah
577 2952 810 3016 ultimo
837 2952 995 3027 fine,
1017 2952 1312 3035 quamvis
1345 2952 1410 3014 in
1439 2960 1586 3015 actu
1615 2970 1838 3015 eorum

1949 1970 2211 2032 caritate
2244 1970 2572 2053 posterior.
2616 1970 2799 2044 Hinc,
2836 1971 3143 2054 quamdiu
3186 1988 3317 2035 non
3348 1990 3471 2033 re-.

1947 2068 2237 2131 stituitur
2264 2069 2513 2144 caritaS,
2538 2087 2657 2131 nec
2689 2069 2902 2133 fervor
2926 2069 3209 2132 caritatis
3238 2077 3450 2153 potest

1949 2167 2312 2249 recuperari
2347 2184 2362 2229 ε
2396 2167 2463 2229 in
2492 2186 2619 2250 qua
2648 2168 3129 2251 recuperatione
3157 2168 3449 2232 consistit

1950 2266 2195 2346 peccati
2240 2264 2510 2327 venialis
2554 2266 2867 2339 dimissio,
2904 2266 3447 2349 quemadmodum

1949 2364 2016 2425 in
2048 2363 2530 2447 recuperatione
2560 2365 2843 2428 caritatis
2880 2365 3173 2429 dimissio
3200 2367 3447 2449 peccati

1950 2461 2254 2525 mortalis.
2296 2461 2455 2524 Hinc
2497 2461 2749 2525 veniale
2792 2462 3027 2525 dimitti
3072 2482 3199 2527 non
3242 2470 3448 2545 potest

1947 2558 2007 2619 ei
2057 2560 2163 2622 cui
2210 2578 2341 2623 non
2388 2560 2734 2622 remittitur
2777 2569 3111 2643 peccatum
3156 2562 3441 2625 mortale.

1945 2654 2155 2719 Potest
2200 2673 2455 2739 quoque
2502 2657 2583 2719 ad
2630 2656 2752 2719 hoc
2800 2657 2959 2719 ratio
3008 2658 3316 2739 assignari
3366 2676 3446 2721 ex

1947 2762 2126 2835 parte
2158 2754 2543 2818 remittentis
2573 2772 2589 2816 ε
2623 2756 2775 2838 quia
2804 2754 3069 2819 mortale
3107 2764 3445 2838 peccatum

1945 2859 2199 2933 separat
2234 2871 2274 2914 a
2311 2853 2462 2927 Deo,
2494 2853 2608 2935 qui
2644 2853 2819 2917 solus
2859 2861 3117 2935 peccata
3154 2854 3445 2929 dimittit,

1948 2950 2090 3013 ideo
2133 2950 2377 3014 habens
2421 2960 2758 3034 peccatum
2805 2952 3095 3026 mortale,
3138 2970 3265 3016 non
3308 2973 3449 3037 per-

335 3052 574 3136 aliquis
607 3051 692 3115 sit
719 3050 1008 3113 defectus
1037 3051 1210 3113 circa
1239 3069 1315 3113 ea
1352 3070 1496 3134 quae
1525 3050 1604 3113 ad
1636 3049 1838 3114 finem
1867 3053 1912 3117 C
1945 3047 2106 3132 cipit
2148 3048 2455 3113 effectum
2500 3050 2613 3114 Dei
2654 3050 2721 3113 in
2760 3051 3139 3115 remissione
3178 3052 3447 3115 venialis

339 3150 710 3234 expediunt.
758 3185 842 3196 —-
885 3149 954 3212 Si
1007 3154 1222 3212 autem
1269 3149 1633 3231 objiciatur,
1683 3168 1837 3232 quo-

339 3249 511 3312 niam
552 3248 614 3312 ei
656 3247 766 3331 qui
805 3246 1107 3330 displicet
1142 3247 1291 3323 Dee,
1327 3265 1456 3312 non
1493 3248 1840 3311 dimittitur

340 3347 552 3428 culpa,
587 3346 897 3428 quamdiu
935 3344 1233 3428 displicet
1269 3345 1407 3425 illi3
1446 3345 1556 3409 sed
1587 3346 1836 3410 veniale

341 3453 677 3528 peccatum
736 3443 1034 3526 displicet
1089 3444 1218 3507 Deo
1271 3461 1286 3506 ε
1339 3443 1482 3509 ideo
1539 3452 1836 3508 manente

341 3560 488 3618 uuo,
513 3560 646 3606 non
676 3542 1021 3605 dimittitur
1047 3542 1240 3605 aliud.
1273 3542 1835 3626 Dicendum,quod

342 3649 678 3724 peccatum
717 3640 984 3704 mortale
1021 3641 1114 3702 sic
1149 3641 1450 3722 displicet
1483 3642 1634 3717 Deo,
1666 3643 1834 3725 quod

339 3740 530 3804 etiam
563 3747 938 3823 peccantem
968 3739 1098 3802 Deo
1125 3737 1335 3802 efficit
1363 3739 1834 3822 displicentem,

342 3841 406 3902 in
437 3848 756 3923 quantum
789 3835 1338 3920 pulchritudinem
1373 3838 1612 3919 gratim,
1644 3857 1838 3921 quam

339 3939 505 4001 Deus
542 3943 738 4010 amat,
770 3937 980 4019 privat
1015 3953 1090 3998 ac
1127 3934 1354 3998 aufert.
1389 3935 1648 3999 Veniale
1685 3953 1840 4000 vero

339 4043 700 4118 peccatum,
724 4034 1019 4116 quamvis
1049 4033 1178 4096 Deo
1204 4032 1541 4115 displiceat
1568 4035 1720 4116 quia
1748 4034 1839 4097 in-

338 4135 702 4198 ordinatum
739 4140 859 4207 est,
891 4139 1264 4214 peccantem
1301 4138 1516 4195 tamen
1554 4132 1683 4196 Deo
1711 4132 1837 4196 dis-

1945 3148 2212 3229 peccati.
2256 3149 2565 3212 Similiter
2606 3148 2965 3232 assignatur
3004 3150 3163 3214 ratio
3202 3151 3283 3213 ad
3323 3151 3445 3214 hoc

1944 3264 2022 3308 ex
2054 3254 2233 3330 parte
2272 3247 2413 3328 ejus
2449 3265 2579 3330 quo
2617 3246 2697 3310 fit
2733 3249 3047 3324 remissio,
3082 3256 3303 3333 utpote
3340 3268 3439 3312 ca-

1945 3344 2171 3420 ritatis,
2202 3365 2345 3428 quae
2376 3345 2675 3408 universa
2709 3345 2943 3409 delicta
2983 3347 3211 3429 operit,
3244 3367 3438 3430 quam
3468 3367 3652 3418 ema,
3672 3371 3734 3411 ιε.

1943 3443 2155 3505 aufert
2183 3450 2516 3525 peccatum
2548 3444 2830 3507 mortale.
2861 3481 2943 3491 —
2970 3444 3116 3510 Haec
3144 3446 3435 3509 Thomas

1946 3543 2024 3606 Et
2053 3542 2439 3605 concordant
2466 3542 2755 3606 doctores
2793 3544 3242 3621 communiter,
3274 3544 3440 3608 Hen-

1945 3641 2118 3703 ricus
2167 3658 2423 3723 quoque
2479 3640 2545 3702 in
2593 3640 3005 3715 Quodlibetis.
3056 3642 3173 3716 Qui
3222 3660 3439 3706 conse·

1946 3746 2217 3820 quenter
2258 3738 2537 3801 fatentur
2575 3747 2835 3822 peccata
2870 3739 3145 3803 venialia
3180 3748 3440 3805 aeterna-

1947 3837 2091 3900 liter
2121 3836 2337 3919 puniri
2367 3837 2431 3900 in
2464 3836 2737 3911 inferno,
2758 3855 2836 3901 eo
2864 3838 3035 3920 quod
3066 3839 3441 3904 mortalibus

1945 3935 2073 3998 sint
2102 3953 2369 4007 annexa,
2401 3935 2540 3997 sine
2570 3954 2845 4017 quorum
2884 3937 3259 4001 remissione
3298 3938 3439 4021 ipsa

1945 4053 2074 4098 non
2116 4034 2548 4097 remittuntur.

2025 4135 2259 4208 Quarto
2295 4133 2673 4208 sciscitatur,
2704 4153 2787 4196 an
2815 4134 3065 4197 veniale
3103 4143 3437 4218 peccatum

341 4234 691 4316 plicentem
725 4248 854 4294 non
891 4229 1046 4292 facit
1078 4247 1094 4292 ε
1127 4229 1280 4311 quia
1314 4249 1429 4312 per
1467 4231 1680 4313 ipsum
1709 4249 1836 4296 non
1867 4233 1918 4296 D
1945 4239 2136 4315 queat
2164 4231 2401 4294 dimitti
2440 4231 2581 4295 sine
2616 4232 2833 4313 gratia
2872 4250 3053 4296 novae
3090 4232 3434 4298 infusione.

339 4333 588 4395 tollitur
633 4329 864 4392 caritas
911 4328 1150 4410 gratiae,
1201 4328 1312 4392 sed
1368 4330 1840 4412 quodammodo

339 4429 779 4502 obnubilatur,
829 4428 895 4491 in
947 4435 1260 4511 quantum
1310 4445 1646 4511 processus
1696 4428 1836 4510 ejus

339 4531 415 4593 ad
459 4527 780 4592 exteriora
821 4526 1186 4609 impeditur.
1232 4526 1492 4609 Propter
1533 4528 1704 4610 quod
1747 4529 1836 4591 ait

341 4627 682 4709 Gregorius
736 4642 752 4687 :
815 4624 1146 4688 Peccatum
1205 4624 1456 4688 veniale
1511 4625 1831 4702 obscurat,

341 4724 608 4788 mortale
665 4722 1058 4787 obtenebrat.
1114 4722 1273 4785 Hinc
1328 4743 1530 4786 unum
1585 4725 1836 4788 veniale

340 4841 468 4888 non
517 4821 792 4906 impedit
845 4821 1287 4884 dimissionem
1335 4821 1618 4898 alterius,
1669 4824 1836 4886 sicut

341 4941 544 4986 unum
589 4919 856 4984 mortale
891 4919 1154 4983 alterius
1193 4919 1656 4983 remissionem.
1689 4920 1834 4984 Haec

340 5020 632 5084 Thomas.

418 5118 664 5192 Quibus
705 5116 902 5199 objici
950 5124 1186 5199 posset,
1230 5117 1402 5200 quod
1449 5117 1572 5180 nisi
1621 5136 1837 5200 pecca·

343 5225 477 5280 tum
509 5216 761 5281 veniale
800 5214 1039 5278 faceret
1074 5223 1446 5298 peccantem
1477 5215 1836 5298 aliqualiter

345 5314 813 5397 displicentem,
853 5313 1021 5375 Deus
1065 5319 1326 5395 propter
1367 5313 1524 5376 illud
1569 5332 1696 5378 nou
1742 5315 1834 5377 in-

1943 4331 2037 4393 Ad
2095 4330 2266 4413 quod
2322 4329 2532 4393 facilis
2588 4337 2792 4394 exstat
2854 4331 3207 4414 responsio,
3265 4333 3437 4415 quod

1942 4429 2110 4491 sicut
2154 4428 2403 4491 veniale
2445 4427 2735 4492 habitum
2778 4429 2997 4510 gratim
3038 4448 3169 4494 non
3204 4431 3433 4506 aufert,

1944 4529 2030 4591 ita
2057 4527 2139 4590 ad
2166 4526 2309 4608 ejus
2339 4526 2781 4591 remissionem
2822 4545 2949 4590 non
2990 4528 3266 4610 exigitur
3298 4548 3437 4612 gra—

1941 4628 2046 4691 tiae
2077 4643 2257 4688 novae
2288 4624 2566 4703 infusi03
2606 4624 2715 4687 sed
2752 4624 2998 4688 sufficit
3033 4627 3204 4709 quod
3234 4629 3438 4709 gratia

1939 4725 2073 4807 jam
2121 4722 2339 4786 habita
2375 4722 2675 4805 procedat
2712 4725 2777 4786 in
2817 4731 3054 4787 actum.
3095 4761 3177 4771 —
3222 4725 3288 4788 Si
3324 4745 3435 4788 au-

1939 4831 2072 4886 tem
2101 4821 2467 4904 objiciatur,
2500 4822 2669 4903 quod
2702 4821 2953 4885 veniale
2990 4822 3207 4906 aliquo
3246 4825 3435 4888 modo

1941 4920 2219 4985 maculat
2245 4919 2551 4994 animam,
2569 4939 2711 5002 quae
2740 4920 2991 4982 macula
3019 4921 3273 4984 videtur
3299 4923 3435 4988 sine

1939 5019 2159 5101 gratiae
2206 5016 2529 5080 infusione
2574 5016 2713 5079 tolli
2761 5034 2887 5080 non
2941 5035 3170 5099 posse3
3218 5019 3435 5084 dicen·

1941 5119 2118 5191 dum,
2160 5117 2331 5199 quod
2376 5114 2627 5178 macula
2672 5122 2879 5197 potest
2916 5115 3125 5178 inesse
3162 5116 3435 5199 duplici·

1941 5225 2055 5279 ter.
2107 5216 2342 5289 Primo,
2403 5232 2519 5296 per
2574 5213 3074 5296 pulchritudinis
3131 5215 3434 5298 privatio-

1943 5333 2115 5390 nem,
2150 5313 2328 5377 etita
2356 5312 2605 5377 veniale
2634 5329 2761 5376 non
2797 5311 3094 5389 maculat,
3128 5314 3434 5397 quoniam
