4267 6250
559 797 578 842 I
593 797 694 844 Cor.
706 813 748 852 v,
760 801 801 844 8.

577 1392 688 1450 Sap.
717 1405 804 1444 xvi,

539 1458 607 1500 2⁰.

546 1972 628 2017 Pa.
641 1985 806 2024 mxiv,

553 2168 688 2215 Cant.
711 2181 741 2221 ι,
763 2172 804 2212 3.

534 2463 807 2516 Femina.

829 492 951 558 212

1459 513 1524 560 IN
1562 514 1785 560 numm!
1827 514 1888 559 lv
1929 511 2415 560 SENTENTIARmI.
2452 529 2535 541 —
2574 513 2728 558 ms’r.
2768 512 2918 576 vm3
2962 512 3188 568 QUAEST.
3230 513 3292 559 IV

831 690 1228 748 sacramento
1275 683 1689 767 perpendere,
1735 683 2108 766 ponderare,
2151 700 2326 746 reve·
2353 681 2406 746 A
2434 682 2501 748 ti
2582 683 3059 749 sacramenti
3142 681 3762 750 celebrationem
3844 681 3941 748 et

832 782 978 857 reri,
995 801 1068 846 ac
1096 783 1255 866 grati
1289 783 1652 846 consistere.
1670 783 1901 857 Quinta
1929 789 2046 857 est,
2071 789 2141 844 ut
2170 800 2324 864 epu-

831 879 1040 942 lemur
1069 881 1134 944 in
1165 881 1401 964 azymis
1432 881 1816 944 sinceritatis
1845 888 1911 944 et
1936 878 2325 954 veritatis,id

831 985 948 1054 est,
980 978 1398 1061 spiritualiter
1426 979 1816 1042 delectemur
1855 979 1922 1042 in
1961 984 2193 1042 nostrae
2231 995 2326 1039 re-

831 1076 1218 1158 demptionis
1261 1077 1599 1159 mysteriis,
1631 1085 1822 1160 atque
1853 1077 1918 1139 in
1953 1095 2130 1140 sacra
2160 1093 2329 1138 com·

832 1175 1158 1248 munione,
1211 1177 1276 1238 in
1326 1175 1971 1258 contemplationibus
2019 1174 2329 1238 mirabili-

831 1291 942 1334 um
984 1273 1343 1336 SalvatoriS.
1375 1273 1618 1356 Nempe
1657 1273 1736 1336 de
1773 1273 1894 1336 hoc
1933 1279 2330 1336 sacramento

832 1370 1165 1434 verissime
1203 1371 1439 1434 dicitur
1471 1389 1486 1433 :
1520 1372 1752 1434 Panem
1785 1372 1864 1434 de
1893 1371 2056 1435 coelo
2093 1371 2331 1454 praesti-

831 1469 965 1532 tisti
996 1469 1112 1544 eis,
1145 1469 1284 1532 sine
1315 1469 1551 1545 labore,
1574 1488 1763 1533 omne
1795 1470 2329 1533 delectamentum

833 1568 900 1630 in
939 1587 1008 1630 se
1046 1567 1388 1632 habentem
1427 1576 1492 1632 et
1527 1568 1738 1632 omnis
1779 1568 2023 1651 saporis
2062 1569 2332 1632 suavita-

831 1665 1279 1730 tem.Delectat
1304 1667 1546 1728 etenim
1575 1667 1788 1730 visum
1819 1667 2185 1730 interiorem
2217 1683 2332 1748 per

833 1763 1380 1846 pulchritudinem
1409 1764 2129 1847 spiritualem,auditum
2157 1783 2333 1827 -men-

2436 781 3091 850 commumonem.

2517 877 2781 940 Videtur
2820 878 2989 960 quod
3030 896 3179 953 non,
3214 878 3519 960 quoniam
3550 877 3837 941 Christus
3874 884 3949 939 et

2439 976 2741 1058 discipuli
2785 983 2931 1059 post
2968 995 3215 1041 coenam
3258 984 3725 1040 sacramentum
3764 975 3945 1038 istud

2441 1083 2872 1157 sumpserunt.
2924 1111 3005 1122 -
3053 1076 3366 1150 Secundo,
3416 1094 3564 1138 nam
3616 1074 3946 1137 moderata

2442 1173 2705 1237 refectio
2748 1181 2812 1236 et
2854 1173 2986 1237 vini
3029 1175 3266 1256 potatio
3306 1173 3674 1256 frequenter
3710 1174 3791 1235 ad
3830 1172 3945 1235 de-

2442 1272 2763 1335 votionem
2822 1272 3123 1355 disponit.
3183 1308 3266 1318 —
3322 1272 3553 1347 Tertio,
3614 1271 3801 1334 multi
3858 1289 3945 1332 ex

2443 1370 2825 1451 praecedenti
2862 1370 3111 1451 Jejunio
3140 1370 3415 1434 consecti
3458 1370 3691 1444 inedia,
3720 1369 3800 1432 ad
3830 1370 3943 1432 de-

2444 1469 2717 1531 votionis
2748 1470 3051 1532 exercitia
3080 1476 3230 1532 sunt
3258 1469 3460 1553 inepti
3485 1489 3499 1533 :
3524 1467 3758 1530 talibus
3786 1485 3946 1548 ergo

2443 1567 2773 1648 expediret
2815 1575 2963 1630 ante
3022 1567 3403 1630 sacramenti
3458 1567 3945 1650 perceptionem

2442 1665 2768 1747 aliquanto
2797 1665 2943 1729 cibo
2971 1684 3044 1728 ac
3074 1673 3230 1748 potu
3260 1664 3623 1728 refocillari.
3646 1664 3948 1738 —Quar-

2443 1770 2530 1837 to,
2552 1762 2766 1846 aliqua
2792 1764 2945 1826 talia
2974 1781 3100 1827 non
3133 1764 3444 1838 nutriunt,
3468 1781 3587 1826 nec
3614 1763 3951 1844 trajiciun-

833 1861 1026 1924 talem
1076 1881 1190 1944 per
1235 1863 1576 1926 melodiam
1634 1863 1972 1938 internam,
2021 1863 2205 1944 juxta
2254 1862 2327 1925 il·
2366 1867 2415 1930 B
2443 1868 2549 1923 tur
2581 1861 2647 1924 in
2679 1869 2989 1936 ventrem,
3022 1862 3135 1925 sed
3173 1869 3640 1925 consumuntur
3680 1861 3747 1924 in
3774 1879 3889 1925 ore
3924 1881 3941 1926 ε

835 1960 944 2022 lud
979 1978 993 2022 :
1026 1960 1296 2023 Audiam
1336 1960 1492 2044 quid
1536 1961 1832 2043 loquatur
1873 1962 1940 2024 in
1979 1980 2084 2024 me
2123 1961 2332 2026 Domi-

835 2076 956 2120 nus
1005 2058 1190 2121 Deus,
1237 2058 1518 2121 Delectat
1558 2058 1864 2121 olfactum
1914 2077 2031 2141 per
2075 2077 2329 2122 sacrum

833 2157 1116 2231 odorem,
1148 2157 1504 2220 secundum
1534 2156 1692 2220 illud
1724 2157 1790 2220 in
1821 2157 2096 2220 Canticis
2129 2173 2147 2218 z
2183 2157 2331 2220 Cur-

837 2273 1052 2318 remus
1081 2255 1278 2318 simul
1307 2256 1374 2318 in
1403 2254 1664 2318 odorem
1695 2263 2167 2336 unguentorum
2197 2263 2331 2318 tuo-

835 2372 1000 2417 rum.
1018 2353 1298 2418 Delectat
1325 2362 1389 2416 et
1416 2361 1674 2435 gustum
1705 2373 1820 2437 per
1847 2355 2162 2418 occultam
2193 2374 2331 2418 sua-

835 2453 1118 2528 vitatem,
1143 2453 1325 2535 juxta
1363 2453 1522 2516 illud
1562 2453 1628 2516 in
1658 2454 1944 2518 Psalmo:
1980 2453 2238 2518 Gustate
2267 2461 2331 2516 et

833 2551 1045 2615 videte
1092 2553 1394 2635 quoniam
1445 2552 1658 2615 suavis
1703 2559 1802 2615 est
1843 2552 2169 2616 Dominus.
2215 2552 2329 2615 De-

833 2650 1023 2713 lectat
1051 2651 1244 2714 etiam
1279 2658 1516 2714 tactum
1557 2651 1952 2734 spiritualem
1992 2671 2108 2734 per
2135 2651 2327 2714 Verbi

831 2749 1051 2813 aeterni
1101 2749 1682 2813 contrectationem.
1733 2749 1920 2813 Sexta
1971 2768 2162 2813 causa
2207 2757 2325 2824 est,

833 2855 905 2910 ut
944 2849 1135 2912 homo
1174 2849 1284 2930 qui
1326 2867 1440 2931 per
1478 2867 1660 2911 esum
1701 2849 1880 2912 vetiti
1924 2849 2078 2930 ligni
2117 2867 2331 2912 corru-

833 2953 984 3021 erat,
1013 2965 1126 3029 per
1155 2965 1336 3010 esum
1371 2947 1525 3028 ligni
1557 2947 1702 3011 vitai
1731 2947 2072 3011 salubriter
2101 2947 2329 3011 revivi-

2442 1977 2591 2040 ergo
2634 1977 2760 2023 non
2803 1958 3108 2041 frangunt
3145 1960 3491 2042 Jejunium.

2523 2155 2615 2219 Ad
2660 2156 2795 2220 haec
2833 2156 3103 2220 Thomas
3146 2155 3488 2238 respondet
3502 2149 3537 2218 ἐ
3568 2156 3699 2218 Hoc
3736 2173 3947 2218 sacra·

2446 2261 2733 2317 mentum
2764 2255 2973 2318 solum
3002 2255 3243 2337 suscipi
3272 2254 3465 2318 debet
3490 2273 3529 2316 a
3552 2253 3819 2336 ieiunis,
3850 2254 3953 2316 ni-

2444 2353 2496 2415 si
2530 2352 2905 2416 imminente
2940 2354 3163 2416 mortis
3201 2354 3479 2427 articulo,
3507 2371 3588 2416 ne
3621 2353 3953 2432 contingat

2442 2451 2749 2514 decedere
2784 2451 2921 2514 sine
2951 2452 3202 2515 viatico.
3238 2451 3315 2514 Et
3345 2451 3515 2515 istud
3555 2450 3951 2515 servandum

2442 2558 2540 2614 est
2582 2551 2649 2612 in
2690 2551 2849 2614 tanti
2899 2552 3323 2614 reverentiam
3372 2550 3771 2615 sacramenti.
3813 2549 3950 2612 Pri·

2442 2668 2569 2724 mo,
2604 2657 2864 2733 propter
2901 2650 3301 2713 sanctitatem
3338 2658 3404 2713 et
3434 2649 3811 2732 dignitatem
3849 2667 3953 2711 sa-

2442 2749 2751 2811 cramenti
2802 2749 3008 2823 istiuS,
3045 2745 3365 2831 ‘quatenus
3408 2766 3479 2812 os
3521 2766 3650 2832 quo
3698 2746 3951 2830 suscipi

2440 2846 2653 2922 debet,
2695 2864 2823 2910 non
2870 2847 2953 2910 sit
2996 2848 3175 2930 prius
3221 2847 3350 2910 alio
3398 2847 3543 2910 cibo
3592 2845 3947 2920 imbutum,

2442 2945 2553 3008 sed
2590 2946 2772 3028 quasi
2813 2963 3051 3009 novum
3080 2954 3144 3008 et
3174 2965 3407 3029 purum
3442 2945 3521 3008 ad
3552 2945 3697 3027 ejus
3732 2963 3953 3009 serve·

833 3052 984 3108 scat.
1020 3045 1304 3129 Septima
1331 3053 1448 3121 est,
1478 3053 1549 3108 ut
1577 3045 1662 3109 sit
1691 3045 1757 3107 in
1787 3046 2143 3109 remedium
2177 3064 2329 3129 quo·
2368 3049 2411 3112 C
2442 3052 2547 3107 tur
2584 3045 3076 3128 susceptionem.
3113 3045 3427 3120 Secundo,
3462 3051 3722 3128 propter
3748 3044 3949 3106 devo-

831 3145 1220 3208 tidianarum
1267 3145 1744 3227 venialiumque
1786 3146 2144 3228 culparum.
2186 3147 2330 3211 Haec

833 3243 1370 3307 Antisiodorensis
1423 3243 1490 3305 in
1541 3244 1827 3318 Summa,
1868 3244 2032 3308 libro
2083 3252 2326 3327 quarto.

915 3343 1076 3405 Sunt
1120 3349 1333 3405 autem
1382 3350 1447 3405 et
1491 3360 1698 3406 causae
1741 3343 1882 3407 aliae
1931 3343 2209 3418 altiores,
2261 3351 2331 3406 ut

835 3440 1080 3503 scilicet
1108 3440 1395 3507 Christus
1425 3441 1618 3504 homo
1647 3441 2082 3505 indesinenter
2109 3449 2175 3506 et
2206 3461 2331 3505 ma-

835 3540 1008 3602 xime
1069 3540 1270 3603 Deum
1334 3540 1604 3615 Patrem,
1665 3541 1798 3604 imo
1851 3548 2048 3604 totam
2109 3560 2330 3623 super-

838 3639 1271 3703 beatissimam
1327 3639 1699 3704 Trinitatem
1757 3648 2116 3717 veneretur,
2172 3640 2331 3703 tanti

837 3739 1138 3804 sacrificii
1184 3739 1322 3822 jugi
1370 3739 1692 3803 oblatione
1727 3758 1740 3801 :
1776 3740 1842 3802 in
1881 3759 2007 3823 qua
2056 3739 2329 3815 bonitas,

836 3840 1086 3913 caritas,
1122 3838 1560 3903 misericordia
1600 3838 1710 3903 Dei
1755 3838 1833 3902 ad
1875 3839 2191 3914 homines,
2225 3839 2332 3902 be-

837 3938 1072 4002 neficia
1117 3946 1181 4001 et
1223 3939 1537 4021 promissa
1584 3938 1786 4020 ipsius
1832 3956 2333 4003 commemoran-

835 4044 975 4117 tur;
1025 4037 1184 4111 laus,
1233 4037 1582 4119 gratiarum
1637 4037 1803 4100 actio
1859 4044 1923 4101 et
1979 4038 2337 4101 reverentia

837 4136 1128 4199 omnium
1164 4134 1325 4198 fonti
1365 4136 1679 4198 bonorum
1715 4136 2128 4199 devotissime
2159 4136 2334 4199 exhi-

2440 3144 2681 3207 tionem
2721 3163 2862 3225 quae
2901 3144 3179 3226 exigitur
3210 3165 3288 3208 ex
3329 3152 3505 3227 parte
3544 3144 3945 3226 recipientis,

2440 3250 2504 3305 et
2542 3244 2980 3318 attentionem,
3013 3263 3155 3326 quae
3190 3243 3490 3327 impediri
3528 3243 3687 3307 solet
3723 3261 3805 3306 ex
3850 3242 3949 3304 ci·

2443 3341 2542 3404 bis
2586 3361 2659 3404 ac
2698 3341 2974 3424 potibus.
3009 3342 3240 3419 Tertio,
3274 3350 3537 3426 propter
3576 3340 3949 3425 periculum

2442 3440 2719 3504 vomitus
2762 3459 2877 3503 seu
2918 3440 3385 3523 cujuscumque
3426 3439 3816 3522 hujusmodi.
3858 3475 3953 3487 —

2442 3539 2567 3603 Cur
2596 3547 2811 3603 autem
2841 3539 3128 3604 Christus
3158 3540 3455 3622 sumpsit,
3474 3539 3949 3623 discipulisque

2441 3639 2723 3722 porrexit
2771 3639 2891 3702 hoc
2948 3647 3418 3703 sacramentum
3476 3646 3619 3722 post
3664 3657 3943 3713 coenam,

2442 3756 2815 3819 expressum
2854 3744 2971 3813 est,
3006 3739 3159 3821 quia
3195 3738 3288 3801 sic
3328 3737 3731 3821 competebat
3759 3738 3949 3801 insti·
3980 3764 4252 3822 ememus

2442 3838 2696 3912 tutioni,
2738 3856 2865 3901 non
2906 3846 3123 3902 autem
3164 3837 3258 3901 sic
3300 3838 3599 3902 convenit
3641 3855 3947 3920 prosecu-

2443 3936 2603 3999 tioni
2644 3944 2709 3999 et
2750 3937 2915 3999 usui.

2525 4034 2646 4098 Sed
2693 4035 2890 4117 objici
2942 4043 3149 4118 potest
3196 4035 3355 4098 illud
3392 4035 3675 4119 Apostoli
3714 4052 3731 4098 t
3772 4036 3947 4099 Dum
4028 4066 4251 4111 1002„

2445 4134 2801 4197 convenitis
2839 4135 2919 4196 ad
2958 4134 3497 4209 manducandum,
3531 4134 3807 4197 invicem
3836 4154 3951 4198 ex·
3982 4132 4058 4179 ³³·
4088 4132 4157 4173 ³⁸·

838 4235 1092 4309 bentur,
1143 4234 1552 4316 humanoque
1595 4234 1815 4316 generi
1867 4235 2331 4318 multipliciter,
2366 4237 2415 4298 D
2446 4240 2725 4315 spectate
2738 4232 2828 4312 ;si
2854 4233 2999 4315 quis
3026 4240 3238 4296 autem
3262 4233 3477 4307 esurit,
3492 4233 3661 4297 domi
3692 4232 3953 4296 mandu-

842 4332 971 4395 imo
1021 4331 1438 4394 ineffabiliter
1484 4331 1884 4406 subvenitur,
1927 4340 1991 4394 et
2037 4332 2178 4415 ipsa
2226 4332 2337 4395 Ec-

839 4430 1034 4494 clesia
1075 4428 1554 4494 mirabilissime
1597 4430 1853 4505 ditatur,
1885 4439 2167 4507 ornatur,
2202 4450 2338 4494 mu-

839 4529 1031 4592 nitur.

1263 4846 1738 4924 QUAESTIO
1803 4846 1912 4912 IV

849 5122 1176 5329 QUarto
1204 5124 1531 5208 quaeritur,
1563 5126 1695 5191 An
1723 5124 2102 5207 quaelibet
2127 5138 2342 5191 sum·

1025 5226 1196 5306 ptio
1261 5224 1850 5305 immentorum,
1912 5224 2341 5290 medicina·

841 5341 1023 5393 rum
1047 5326 1131 5392 et
1149 5322 1750 5405 confectionum,
1763 5323 2151 5405 impediat
2176 5324 2344 5390 tan-

2446 4338 2563 4394 cet.
2600 4332 2673 4393 Et
2704 4332 2987 4413 loquitur
3013 4332 3093 4394 de
3134 4331 3621 4395 manducatione
3660 4334 3951 4415 corporis

2446 4430 2678 4494 Christi
2713 4450 2726 4494 :
2762 4448 2913 4513 ergo
2956 4438 3295 4513 postquam
3338 4430 3484 4512 quis
3533 4431 3949 4494 manducavit

2446 4528 2637 4602 domi,
2654 4536 2861 4611 potest
2888 4528 3383 4592 communicare.
3400 4530 3471 4592 In
3501 4530 3765 4592 Decreto
3792 4548 3958 4612 quo-

2448 4646 2594 4709 que,
2613 4627 2691 4690 de
2723 4627 3227 4702 consecratione,
3250 4626 3560 4692 habetur:
3584 4628 3957 4691 Sacramen-

2446 4734 2511 4789 ta
2552 4726 2767 4790 altaris
2816 4744 2944 4789 non
2988 4726 3113 4789 nisi
3154 4744 3193 4787 a
3232 4726 3474 4807 Jejunis
3518 4726 3953 4804 celebrentur,

2447 4832 2716 4908 excepto
2741 4825 3177 4889 anniversario
3204 4824 3309 4887 die
3336 4843 3461 4907 quo
3482 4825 3675 4889 Coena
3696 4826 3957 4890 Domini

2450 4924 2828 4988 celebratur.
2853 4959 2934 4972 -
2955 4924 3307 4988 Dicendum
3336 4926 3415 4987 ad
3446 4926 3753 5007 primum,
3776 4927 3957 5008 quod

2449 5022 2787 5106 Apostolus
2831 5041 2958 5086 non
3004 5022 3277 5086 intendit
3321 5024 3493 5105 quod
3534 5022 3763 5088 fideles
3805 5032 3957 5107 post

2451 5122 2629 5186 cibos
2672 5130 2961 5205 sumptos
3011 5122 3077 5184 in
3124 5122 3334 5197 domo,
3376 5123 3696 5205 accipiant
3738 5124 3807 5186 in
3848 5142 3957 5186 ec-

2452 5221 2646 5284 clesia
2685 5239 2917 5303 corpus
2954 5220 3209 5295 Christi,
3240 5220 3352 5284 sed
3394 5222 3805 5304 reprehendit
3844 5222 3961 5287 Co-

2455 5320 2723 5384 rinthios
2772 5321 2925 5403 quia
2965 5321 3138 5384 hunc
3184 5320 3402 5385 cibum
3446 5322 3747 5386 volebant
3788 5322 3959 5387 cibis
