4267 6250
799 485 920 549 420

1451 503 1515 550 m
1555 503 1778 549 1.me
1819 503 1880 548 lv
1921 499 2407 549 snmmlanmt.
2444 516 2527 529 ·····
2566 500 2717 545 msr.
2758 499 2880 563 XV}
2924 499 3149 555 Qusssr.
3192 500 3253 544 vt

879 673 1191 747 Quaeritur
1219 674 1502 749 demum,
1521 692 1602 737 an
1632 692 1780 736 esus
1809 671 2100 735 carnium
2132 671 2300 734 fran-
2326 670 2379 735 A
2406 669 2786 734 sobrietatis,
2820 706 2901 717 ——
2942 670 3086 734 Haec
3130 668 3500 733 Richardus.
3541 668 3689 742 Quae
3738 685 3915 750 pene

796 778 902 851 gat
924 771 1269 853 jejunium.
1306 772 1569 834 Videtur
1597 771 1768 854 quod
1807 788 1958 847 non,
1992 769 2296 853 quoniam
2406 769 2621 832 omnia
2648 770 2841 832 etiam
2882 768 3292 832 eontinentur
3329 766 3397 829 in
3424 766 3663 829 Thema
3698 764 3808 828 bic
3844 764 3913 826 in

797 868 1022 931 vinum
1091 870 1292 951 magis
1361 869 1646 932 incendit
1709 868 2298 951 concupiscentiam

796 986 989 1049 quam
1031 986 1178 1031 esus
1228 967 1539 1043 carnium,
1582 967 1806 1030 saltem
1849 967 2293 1049 quarumdam.

795 1066 1059 1140 Rursus,
1077 1066 1336 1149 quidam
1369 1067 1578 1149 pisces
1609 1066 1809 1147 magis
1841 1065 2163 1128 oblectant
2191 1084 2301 1145 gu-

797 1170 968 1226 stum
999 1182 1192 1246 quam
1223 1183 1467 1239 carnes,
1491 1164 1715 1226 saltem
1745 1162 2088 1226 nonnullae.
2111 1198 2193 1208 —
2224 1162 2301 1224 Et

800 1261 1339 1343 respondendum,
1372 1262 1542 1345 quod
1570 1262 1818 1343 jejunio
1857 1260 2158 1323 Ecclesiae
2194 1279 2300 1322 an-

801 1377 966 1421 nexa
992 1367 1089 1422 est
1117 1359 1501 1422 abstinentia
1529 1359 1610 1422 ab
1640 1378 1754 1422 esu
1783 1359 2096 1433 carnium,
2129 1365 2203 1420 ut
2232 1357 2297 1419 in

803 1456 1068 1521 Decreto
1109 1457 1381 1521 habetur
1413 1475 1428 1519 ε
1465 1457 1768 1540 quoniam
1811 1474 1958 1519 esus
2007 1455 2296 1518 earnium

802 1555 1078 1618 multum
1137 1556 1371 1618 excitat
1418 1555 1629 1618 carnis
1685 1554 2295 1637 concupiscentiam,

799 1653 878 1715 ad
908 1672 1102 1735 quam
1132 1655 1552 1718 edomandam
1584 1654 1946 1717 institutum
1977 1660 2181 1716 exstat
2205 1653 2300 1734 je-

794 1749 1072 1832 junium.
1107 1752 1185 1813 Et
1225 1753 1520 1835 quamvis
1563 1752 1756 1816 etiam
1799 1753 2022 1815 vinum
2066 1751 2301 1814 excitet

2408 869 2678 950 Scripto,
2712 874 2776 930 et
2816 867 2883 929 in
2926 867 3205 930 secunda
3248 865 3560 929 secundae.

2489 968 2678 1030 Porro
2706 966 2786 1029 de
2815 965 2971 1028 hora
3011 963 3343 1028 reficiendi
3384 963 3451 1025 in
3481 962 3709 1025 diebus
3743 962 3919 1043 jeju-

2410 1065 2526 1140 nii,
2572 1064 2747 1128 addit
2792 1064 3061 1127 Thomas
3110 1063 3231 1126 hoc
3280 1062 3419 1126 loeo
3465 1081 3479 1125 :
3525 1062 3917 1143 competens

2412 1164 2565 1227 hora
2604 1162 2979 1227 comedendi
3023 1161 3087 1223 in
3128 1160 3356 1223 diebus
3391 1159 3625 1241 J'ejunii
3662 1166 3758 1222 est
3788 1159 3912 1223 ho-

2411 1280 2479 1323 ra
2516 1278 2719 1341 nona3
2760 1268 2824 1323 et
2859 1260 2996 1324 baec
3036 1267 3134 1322 est
3167 1258 3249 1321 ab
3292 1258 3575 1321 Ecclesia
3616 1257 3917 1320 instituta

2409 1367 2474 1423 et
2511 1358 2939 1423 communiter
2975 1358 3328 1431 observata,
3362 1357 3515 1439 quia
3550 1356 3913 1419 seeundum

2408 1476 2817 1521 communem
2844 1476 3102 1519 cursum
3132 1464 3377 1538 tempus
3406 1454 3779 1518 comedendi
3810 1461 3917 1516 est

2410 1557 2565 1620 hora
2592 1564 2786 1620 sexta.
2820 1556 3015 1620 Cibus
3054 1573 3329 1637 namque
3366 1572 3494 1618 non
3533 1553 3723 1616 debet
3756 1552 3915 1616 addi

2409 1673 2744 1737 quousque
2792 1661 3017 1717 natura
3062 1654 3231 1716 cirea
3278 1651 3498 1715 cibum
3547 1652 3915 1734 praeceden-

2408 1761 2540 1815 tem
2586 1760 2683 1816 est
2723 1760 3049 1835 occupata.
3084 1752 3442 1834 occupatur
3480 1758 3694 1813 autem
3737 1750 3917 1813 eirea

798 1848 998 1923 illam,
1030 1857 1243 1913 tamen
1284 1850 1544 1913 aliunde
1580 1850 1736 1913 utile
1769 1857 1866 1913 est
1894 1850 1972 1913 ad
2003 1849 2300 1931 digestio-
2334 1851 2382 1913 B
2412 1851 2631 1914 cibum
2675 1852 3139 1933 praecedentem
3179 1848 3541 1931 dupliciter.
3572 1848 3805 1921 Primo,
3843 1848 3915 1909 in

796 1966 966 2010 nem.
1001 1948 1326 2011 Exhilarat
1363 1967 1641 2031 quoque,
1675 1949 1846 2031 quod
1877 1948 2046 2013 valet
2079 1953 2299 2011 contra

797 2063 1135 2109 moerorem
1166 2047 1276 2129 qui
1304 2047 1748 2129 Jejunantibus
1777 2047 1940 2111 solet
1966 2046 2255 2109 accidere
2280 2063 2298 2125 ;

795 2152 861 2206 et
899 2144 1119 2207 multis
1163 2152 1331 2208 esset
1367 2145 1551 2208 valde
1593 2164 1786 2227 grave
1833 2164 1870 2208 a
1915 2145 2066 2208 vino
2105 2143 2300 2206 absti-

797 2260 969 2305 nere.
1011 2242 1312 2317 Quamvis
1355 2243 1549 2306 etiam
1597 2243 1796 2325 aliqui
1845 2242 2056 2325 pisces
2099 2242 2301 2323 magis

797 2340 1116 2403 delectant
1157 2360 1349 2424 quam
1393 2360 1616 2405 carnes
1658 2342 1971 2424 quaedam,
2016 2359 2302 2405 commu·

798 2438 966 2501 niter
1024 2446 1236 2502 tamen
1299 2440 1500 2522 magis
1565 2440 1837 2503 delectat
1895 2439 2301 2503 manducatio

801 2538 1112 2601 carnium.
1171 2538 1454 2602 Ecclesia
1508 2547 1724 2602 autem
1782 2539 2045 2622 respicit
2099 2540 2177 2602 ad
2236 2537 2301 2600 id

802 2637 972 2719 quod
1015 2645 1088 2699 ut
1129 2638 1195 2700 in
1239 2637 1533 2720 pluribus
1574 2638 1823 2701 accidit.

865 2736 1099 2799 lterum
1125 2736 1538 2818 quaeritur,an
1567 2736 1712 2818 gula
1741 2744 1806 2799 et
1833 2735 2108 2799 ebrietas
2138 2735 2303 2798 fran-

796 2840 949 2916 gant
974 2833 1318 2915 jejunium.
1341 2834 1720 2908 Dicendum,
1739 2834 1910 2916 quod
1941 2834 2176 2916 triplex
2206 2841 2304 2897 est

793 2932 1140 3014 jejunium.
1174 2932 1405 3007 Unum,
1435 2951 1475 2994 a
1503 2931 1940 3014 voluptatibus
1971 2940 2035 2994 et
2065 2932 2301 3015 iniqui-

2410 1949 2773 2031 digerendo.
2793 1949 3131 2031 Quumque
3160 1947 3429 2029 digestio
3457 1946 3575 2009 fiat
3602 1965 3717 2028 per
3745 1945 3917 2008 calo-

2409 2066 2566 2122 rem,
2585 2047 2744 2109 illud
2774 2054 3030 2129 tempus
3059 2045 3396 2128 digestioni
3426 2052 3526 2107 est
3552 2060 3913 2125 congruum

2410 2146 2477 2207 in
2508 2163 2636 2227 quo
2666 2144 2838 2208 calor
2876 2144 3183 2207 naturalis
3210 2145 3289 2207 ad
3322 2143 3625 2206 interiora
3654 2158 3915 2205 revoca-

2410 2252 2536 2318 tur,
2569 2243 2868 2307 videlicet
2914 2260 3061 2318 nox,
3098 2250 3359 2325 propter
3404 2240 3909 2304 subtractionem

2410 2340 2561 2404 solis
2600 2360 2675 2403 ac
2714 2358 3034 2415 somnum,
3068 2340 3135 2402 in
3174 2357 3303 2422 quo
3339 2339 3761 2402 intenduntur
3796 2356 3911 2399 na-

2408 2438 2645 2502 turales
2674 2440 2962 2502 virtutes.
2986 2438 3297 2513 Secundo,
3322 2437 3542 2500 cibum
3568 2437 3909 2499 decoctum

2408 2538 2781 2601 deducendo
2824 2556 2940 2620 per
2988 2535 3297 2609 membra,
3338 2535 3576 2619 quibus
3617 2542 3716 2597 est
3754 2534 3915 2597 assi-

2411 2638 2732 2701 milandus
2766 2656 2780 2700 :
2814 2638 2892 2700 ad
2920 2636 3093 2720 quod
3132 2635 3502 2719 requiritur,
3534 2635 3705 2717 quod
3733 2633 3913 2696 calor

2411 2736 2873 2799 nutrimentum
2901 2736 3239 2809 deducens,
3255 2752 3456 2817 usque
3482 2734 3563 2797 ad
3591 2738 3915 2795 extremas

2412 2842 2623 2917 partes
2666 2835 2951 2916 corporis
2986 2840 3306 2897 evocetur.
3340 2832 3525 2896 Calor
3561 2849 3715 2896 vero
3752 2829 3914 2893 solis

2410 2934 2764 2996 naturalem
2796 2932 3071 2996 calorem
3101 2932 3179 2995 ad
3208 2932 3521 2995 exteriora
3548 2936 3801 2995 evocat:
3825 2930 3913 2992 id·

797 3030 1036 3093 tatibus
1080 3029 1423 3104 abstinere,
1456 3030 1626 3113 quod
1669 3036 1766 3093 est
1809 3029 2165 3112 perfectum
2207 3030 2303 3112 je·
2334 3031 2377 3094 C
2411 3050 2486 3095 eo
2518 3032 2771 3114 quando
2800 3031 3161 3113 completur
3188 3030 3342 3093 solis
3379 3048 3702 3104 ascensuS,
3734 3028 3913 3111 quod

795 3129 1078 3211 junium,
1111 3137 1174 3192 et
1203 3129 1473 3192 solvitur
1506 3147 1620 3211 per
1649 3129 2100 3211 quodcumque
2133 3146 2300 3192 mor-

798 3227 925 3290 tale
981 3233 1336 3309 peccatum.
1398 3227 1588 3291 Aliud
1651 3235 1750 3290 est
1805 3235 1984 3290 actus
2043 3227 2301 3292 virtutis

797 3325 1222 3402 abstinentias,
1246 3325 1418 3409 quod
1448 3345 1563 3409 per
1591 3326 1807 3408 gulam
1838 3325 2132 3389 violatur.
2159 3327 2302 3389 Ter-

798 3425 964 3488 tium
1003 3432 1100 3488 est
1134 3424 1458 3507 jejunium
1498 3424 1818 3499 Ecclesize,
1852 3423 2022 3507 quod
2064 3423 2299 3506 frangi-

799 3530 905 3585 tur
942 3541 1058 3605 per
1084 3522 1440 3606 quamlibet
1467 3522 1682 3604 gulam
1727 3541 1869 3604 quae
1905 3531 2004 3586 est
2034 3523 2299 3586 mortale

798 3629 1156 3704 peecatum,
1201 3621 1268 3684 in
1312 3629 1625 3704 quantum
1668 3621 1992 3703 jejunium
2043 3622 2165 3685 hoc
2209 3621 2300 3684 in-

797 3720 1000 3784 cludit
1038 3721 1101 3784 id
1143 3721 1312 3803 quod
1356 3720 1790 3783 necessarium
1829 3728 1926 3784 est
1961 3720 2041 3783 ad
2083 3728 2297 3783 actum

797 3819 1053 3883 virtutis
1099 3818 1521 3884 abstinentia).
1573 3819 1696 3882 Sed
1743 3827 2056 3902 quantum
2104 3819 2185 3881 ad
2234 3818 2297 3882 id

796 3918 967 4000 quod
1013 3917 1270 3981 additur
1319 3937 1396 3980 ex
1443 3925 1679 3982 statuto
1727 3917 2050 3993 Ecclesiae,
2093 3917 2297 4000 speei-

795 4015 982 4080 aliter
1041 4015 1355 4097 frangitur
1408 4035 1524 4100 per
1587 4016 1804 4098 gulam
1860 4035 2004 4099 quae
2069 4024 2168 4079 est
2232 4016 2299 4078 in

799 4114 1192 4178 comedendo
1244 4115 1389 4197 plus
1447 4134 1641 4198 quam
1699 4115 1922 4190 semel,
1983 4123 2175 4197 atque
2232 4115 2299 4177 in

2408 3130 2489 3193 sit
2516 3131 2673 3195 hora
2700 3138 2893 3206 sexta,
2912 3131 3063 3214 quia
3091 3139 3245 3193 tunc
3274 3138 3373 3193 est
3401 3129 3571 3192 cirea
3599 3128 3910 3203 medium,

2408 3237 2563 3293 tunc
2601 3247 2764 3312 opus
2803 3229 2945 3312 ejus
2983 3229 3377 3312 completum
3414 3237 3529 3292 est.
3562 3227 3723 3290 Hine
3751 3235 3913 3289 tunc

2409 3329 2838 3392 communiter
2898 3336 2995 3391 est
3054 3335 3311 3410 tempus
3370 3325 3765 3391 comedendi.
3828 3325 3913 3389 Et

2409 3428 2563 3511 quia
2604 3428 2929 3510 jejunium
2976 3426 3163 3490 debet
3220 3445 3362 3490 esse
3410 3424 3911 3490 satisfactorium

2409 3545 2483 3589 ac
2532 3526 2801 3609 poenale,
2855 3526 3094 3589 idcirco
3144 3526 3345 3607 magis
3391 3523 3727 3604 differtum
3776 3541 3913 3588 non

2410 3633 2624 3689 autem
2674 3626 2739 3688 in
2790 3633 3060 3700 tantum,
3100 3632 3171 3688 ut
3211 3625 3445 3687 humor
3491 3623 3619 3687 eibi
3667 3623 3917 3706 sumpti

2410 3724 2667 3808 penitus
2727 3724 3107 3797 exsiccetur,
3166 3731 3277 3785 aut
3334 3723 3538 3786 virtus
3600 3721 3915 3786 naturalis

2412 3823 2685 3886 multum
2731 3821 3119 3885 debilitetur.
3163 3823 3500 3904 Propterea
3540 3821 3773 3904 partito
3816 3839 3918 3884 re-

2411 3922 2595 3985 siduo
2624 3929 2933 4004 tempore,
2968 3921 3121 3984 hora
3154 3938 3323 3984 nona
3350 3920 3651 3994 occurrit,
3683 3919 3752 3982 in
3780 3937 3918 4001 qua

2411 4019 2595 4082 cibus
2625 4019 2980 4082 secundum
3016 4026 3325 4082 statutum
3354 4018 3654 4082 Ecclesiae
3683 4017 3750 4080 in
3777 4017 3918 4080 die-

2409 4119 2532 4182 bus
2575 4118 2809 4201 jejunii
2858 4124 2957 4182 est
3002 4117 3371 4181 sumendus.
3401 4152 3484 4164 —
3520 4117 3651 4180 Nec
3695 4115 3915 4180 obstat

798 4213 1190 4276 comedendo
1237 4213 1416 4277 cibos
1459 4214 1571 4295 qui
1616 4212 2059 4295 jejunantibus
2109 4214 2301 4277 inter·
2328 4221 2379 4282 D
2408 4218 2579 4300 quod
2619 4218 2685 4279 in
2726 4217 2925 4280 veteri
2956 4216 3357 4280 Testamento
3391 4215 3770 4298 jejunabant
3802 4235 3913 4280 us·

799 4311 1123 4385 dicuntur,
1165 4318 1228 4374 et
1271 4311 1339 4373 in
1388 4311 1836 4393 praeveniendo
1881 4311 2076 4374 nimis
2125 4320 2299 4376 nota-

797 4408 1016 4471 biliter
1063 4409 1284 4472 horam
1326 4409 1702 4472 comedendi
1751 4409 1830 4472 ab
1874 4409 2157 4473 Ecclesia
2197 4410 2301 4474 de-

799 4507 1226 4570 terminatam.
1296 4507 1606 4590 Denique·
1655 4507 2057 4583 intuendum,
2127 4510 2299 4592 quod

797 4603 1072 4667 ebrietas
1129 4605 1475 4688 dupliciter
1530 4605 1826 4669 sumitur.
1888 4607 2121 4681 Prim0,
2182 4625 2300 4690 pro

796 4705 1260 4787 impedimento
1298 4725 1455 4768 usus
1497 4706 1762 4770 rationis
1801 4726 1880 4770 ex
1922 4707 2301 4771 immodera-

793 4811 858 4866 ta
901 4804 1244 4886 potatione,
1286 4804 1456 4887 quod
1504 4811 1600 4867 est
1645 4805 1854 4887 passio
1901 4806 2192 4888 quaedam
2236 4812 2302 4867 et

794 4921 985 4986 poena
1032 4903 1296 4984 peccati.
1351 4902 1665 4979 Secundo,
1717 4921 1834 4986 pro
1881 4904 2300 4967 immoderata

793 5002 1160 5084 sumptione
1189 5010 1377 5085 potus
1411 5002 1790 5065 inebriantis
1825 5019 1840 5064 :
1874 5002 2045 5085 quod
2081 5021 2299 5085 pecca-

792 5109 932 5163 tum
971 5108 1069 5164 est
1104 5101 1380 5164 maxime
1419 5100 1930 5183 praecavendum,
1963 5108 2026 5164 et
2063 5100 2300 5183 frangit

791 5199 1113 5282 jejunium
1157 5200 1330 5282 quod
1366 5207 1463 5262 est
1499 5199 1885 5264 abstinentia
1924 5220 1964 5263 a
1993 5201 2295 5283 peccatis,

797 5304 862 5359 et
910 5297 974 5359 id
1023 5297 1194 5379 quod
1241 5296 1672 5360 necessarium
1721 5305 1816 5361 est
1863 5298 1942 5360 ad
1990 5298 2295 5362 virtutem

2410 4334 2535 4398 que
2564 4316 2642 4378 ad
2673 4334 3008 4397 vesperam
3040 4335 3055 4379 t
3088 4314 3239 4397 quia
3267 4332 3383 4378 nos
3412 4322 3629 4378 nostro
3654 4313 3913 4396 jejunio

2410 4413 2886 4477 conformamur
2940 4430 3106 4477 novo
3162 4412 3407 4475 homini
3466 4411 3738 4487 Christo,
3790 4412 3910 4494 qui

2410 4531 2525 4594 per
2564 4511 2928 4594 passionem
2978 4529 3161 4574 suam
3210 4527 3325 4574 nos
3366 4510 3691 4574 revocavit
3726 4528 3765 4573 a
3802 4529 3913 4574 ve-

2408 4617 2640 4672 tustate
2670 4628 2745 4671 ac
2776 4607 3090 4689 tenebris3
3122 4614 3186 4671 et
3216 4609 3360 4671 ideo
3392 4616 3547 4672 tunc
3579 4607 3909 4690 jejunium

2408 4708 2741 4783 solvimuS,
2775 4708 3029 4791 quando
3070 4707 3357 4771 Christus
3402 4707 3762 4790 passionem
3804 4726 3913 4770 su-

2408 4825 2512 4869 am
2572 4805 2809 4880 finivit,
2861 4813 3082 4888 utpote
3140 4807 3295 4870 hora
3350 4822 3537 4869 nona.
3588 4804 3709 4869 Sed
3756 4813 3910 4870 ante

2408 4905 2572 4968 hanc
2602 4905 3073 4968 renovationem
3102 4903 3506 4986 competebat
3532 4911 3780 4986 tempus
3808 4923 3915 4968 ve-

2408 5003 2765 5086 spertinum
2793 5002 3226 5085 jejunantium
3258 5002 3658 5078 comestioni,
3689 5003 3769 5065 ad
3798 5002 3912 5066 de-

2408 5103 2788 5184 signandum
2847 5102 3017 5185 quod
3074 5120 3191 5184 per
3236 5101 3457 5165 cibum
3506 5103 3739 5166 veteris
3796 5102 3913 5166 ho-

2409 5201 2603 5264 minis
2638 5200 2706 5263 in
2734 5199 3030 5264 tenebras
3068 5200 3315 5283 peccati
3352 5219 3427 5264 ac
3466 5201 3689 5265 mortis
3724 5209 3911 5264 erant

2406 5300 2662 5382 dejecti,
2694 5318 2731 5362 a
2774 5298 3009 5383 quibus
3052 5316 3181 5363 non
3228 5299 3443 5362 statim
3484 5299 3907 5377 exuebantur,
