4267 6250
526 1090 541 1135 Ι
566 1090 673 1138 Cor.
686 1105 774 1144 vin,

511 1158 577 1199 ¹2.

584 1902 629 1946 q.
648 1894 715 1935 8⁰.

543 4744 683 4797 2⁵⁰⁷
696 4741 744 4786 Β.

674 4841 717 4882 2.
798 4816 1189 4880 Poenitentiae
1246 4835 1323 4878 ex
1371 4816 1607 4879 virtute
1664 4817 1943 4880 clavium
2002 4826 2296 4901 respectu

798 492 919 559 532

1376 514 1441 560 m
1482 514 1703 559 Lunum
1746 512 1806 559 IV
1848 510 2333 559 smssmunmt.
2376 526 2455 539 —
2495 510 2649 557 msr.
2690 510 2840 573 xlx;
2885 511 3111 567 QUAEST.
3153 510 3336 558 uch

800 700 954 748 vero
995 683 1075 746 de
1117 684 1417 767 episcopo
1454 684 1545 748 ait
1584 683 1944 767 Apostolus,
1976 683 2113 747 Non
2158 701 2299 766 per·
2331 680 2384 747 A
2413 688 2644 757 torum,
2695 682 2928 747 divinae
2984 700 3240 766 quoque
3297 680 3562 745 offensae
3611 677 3912 761 placatio,

804 799 1150 857 cussorem,
1194 784 1535 865 exponitur
1581 783 1659 845 de
1708 782 2120 865 percussione
2167 781 2301 845 vio-

805 878 994 952 lenta,
1053 898 1131 942 ex
1188 881 1279 942 ira
1332 889 1394 943 et
1451 880 1848 963 impatientia
1905 880 2300 962 prodeunte;

804 976 882 1039 de
932 978 1341 1060 percussione
1398 980 1593 1042 etiam
1650 978 1991 1062 spirituali,
2040 978 2119 1040 de
2177 998 2304 1060 qua

804 1074 974 1138 idem
1030 1075 1368 1159 Apostolus
1428 1096 1442 1140 ε
1506 1078 1841 1141 Peccantes
1896 1077 2178 1160 (inquit)
2234 1077 2301 1139 in

802 1172 1052 1248 fratres,
1104 1182 1169 1237 et
1216 1176 1647 1257 percutientes
1697 1176 2152 1238 conscientiam
2200 1193 2301 1240 eo-

802 1291 945 1334 rum
986 1272 1335 1348 infirmam,
1382 1274 1449 1337 in
1489 1274 1811 1339 Christum
1858 1274 2155 1356 peccatis.
2198 1274 2301 1337 Sa·

802 1371 1025 1435 cerdos
1069 1377 1282 1435 tamen
1326 1379 1581 1435 curatus
1627 1371 2033 1455 disciplinam
2076 1371 2298 1435 verbe-

802 1487 945 1531 rum
986 1469 1223 1534 inferre
1262 1488 1389 1535 non
1428 1470 1619 1534 debet
1655 1470 1898 1546 invitiS‚
1930 1488 2049 1533 nec
2079 1468 2296 1533 forsan

801 1567 1158 1648 injungere,
1209 1568 1333 1631 nisi
1390 1569 1647 1632 aliunde
1696 1576 1917 1631 noscat
1973 1568 2298 1651 parochia·

800 1682 954 1726 num
1000 1684 1189 1727 suum
1228 1686 1305 1728 ex
1344 1666 1605 1748 speciali
1652 1667 2146 1748 compunctione
2191 1686 2296 1749 pa-

799 1769 1007 1824 ratum
1049 1763 1126 1824 ad
1170 1763 1370 1838 illam,
1404 1782 1523 1826 nee
1565 1783 1703 1826 esse
1747 1765 2127 1846 periculum.

2413 787 2603 863 atque
2640 788 2892 845 aeternae
2932 798 3136 864 poenae
3176 781 3242 844 iu
3279 777 3697 861 temporalem
3742 792 3918 841 com-

2415 879 2699 942 mutatio.
2733 877 2858 941 Alii
2901 885 3116 942 autem
3159 876 3433 941 effectus
3479 877 3692 939 minus
3735 875 3916 958 prin-

2413 976 2653 1058 cipales
2715 984 2867 1039 sunt
2923 976 3262 1039 minoratio
3316 975 3642 1058 aliquanta
3703 992 3916 1057 poenae

2413 1074 2806 1157 temporalis,
2855 1076 3284 1158 augmentatio
3337 1074 3576 1156 gratiae,
3629 1072 3914 1136 reconci-

2412 1173 2588 1237 liatio
2627 1192 2774 1236 cum
2817 1174 3130 1237 militante
3166 1173 3465 1237 Ecclesia.
3498 1208 3581 1217 —
3608 1172 3702 1235 Ad
3738 1190 3914 1234 eam-

2411 1272 2556 1334 dem
2599 1272 2792 1335 etiam
2831 1272 3200 1355 opinionem
3234 1272 3456 1336 Scotus
3491 1270 3765 1335 divertit.
3799 1272 3913 1335 Po·

2409 1370 2556 1434 sitio
2579 1388 2730 1434 vero
2754 1370 2810 1433 S.
2825 1370 3075 1435 'l'homae
3099 1370 3385 1453 superius
3409 1368 3910 1453 positaamplius
4011 1422 4020 1427 .

2455 1468 2636 1530 lacet.

2410 1487 2453 1550 p
2475 1566 2777 1630 Praeterea
2804 1566 3030 1649 quaerit
3053 1567 3264 1650 primo
3286 1566 3678 1642 Quodlibeto,
3691 1574 3908 1629 utrum

2409 1664 2703 1728 subditus
2761 1665 3002 1728 habens
3063 1673 3396 1748 peccatum
3451 1665 3778 1729 occultum
3824 1665 3907 1727 de

2410 1781 2539 1846 quo
2585 1758 2950 1846 'suspicatur
2997 1764 3314 1847 praelatuS,
3348 1771 3600 1827 tenetur
3647 1763 3908 1846 praelato

863 1861 1101 1923 Iterum
1132 1861 1355 1925 eodem
1386 1862 1647 1925 discutit
1674 1862 2068 1937 Quodlibeto‚
2084 1870 2298 1925 utrum
2333 1861 2381 1925 B
2410 1879 2527 1924 suo
2567 1862 2778 1925 dicere
2821 1862 3150 1927 veritatem
3201 1862 3622 1944 interrogatus
3669 1862 3750 1925 de
3799 1861 3912 1925 illo

798 1958 1009 2021 omnis
1050 1959 1342 2022 sacerdos
1382 1960 1448 2024 in
1489 1968 1749 2043 peccato
1789 1960 2039 2023 mortali
2078 1980 2300 2042 quam-

796 2056 895 2120 vis
950 2057 1201 2121 occulto
1258 2059 1591 2133 exsistens,
1644 2066 1864 2141 peccet
1922 2058 2294 2133 mortaliter,

796 2154 1220 2236 praedicando,
1254 2154 1655 2238 baptizando,
1687 2175 1760 2219 ac
1798 2156 2158 2220 consimilia
2195 2175 2296 2219 ec-

795 2254 1153 2318 clesiastiea
1195 2273 1389 2338 opera
1435 2256 1809 2319 exercendo.
1852 2255 1923 2318 In
1971 2255 2160 2337 cujus
2202 2273 2299 2320 so·

796 2351 1039 2417 lutione
1101 2354 1355 2417 videtur
1418 2362 1639 2416 tenere
1703 2353 2017 2417 contraria
2082 2353 2298 2436 aliqua

790 2450 923 2533 jam
964 2450 1263 2515 inductis.
1298 2452 1420 2515 Sed
1450 2452 1601 2534 quia
1640 2452 1775 2516 haec
1806 2452 2074 2535 quaestio
2104 2450 2293 2526 infra,

792 2558 1063 2615 tractatu
1098 2552 1177 2614 de
1210 2558 1609 2615 sacramento
1646 2550 1899 2614 Ordinis
1934 2550 2147 2615 locum
2187 2551 2296 2613 ha-

792 2650 922 2723 bet,
958 2648 1191 2714 differo
1232 2668 1437 2733 usque
1482 2649 1594 2713 ibi.

879 2748 1184 2812 Praeterea
1249 2748 1629 2823 Quodlibeto
1699 2748 1976 2831 septimo
2043 2748 2292 2831 quaerit,

698 2897 710 2910 .
796 2853 1011 2909 utrum
1068 2846 1301 2929 aliquis
1359 2847 1597 2910 vadens
1654 2848 1735 2908 ad
1793 2846 2293 2929 praedicandum‚

791 2944 1183 3008 reficiendus
1241 2944 1353 3007 ubi
1416 2944 1878 3027 praedicaverit,
1939 2945 2297 3028 vidensque

788 3147 880 3202 tat
908 3160 977 3205 se
1006 3159 1133 3204 non
1174 3140 1342 3204 laute
1376 3141 1829 3218 reficiendum,
1861 3143 2204 3226 pertransit
2233 3149 2297 3205 et

789 3241 1015 3303 transit
1052 3240 1129 3303 ad
1169 3240 1389 3304 villam
1437 3239 1608 3305 bono
1648 3249 1899 3322 pastore
1944 3241 2291 3324 provisam,

790 3337 857 3401 in
890 3358 1015 3421 qua
1053 3346 1233 3421 putat
1260 3357 1329 3402 se
1361 3338 1524 3402 bene
1560 3338 2037 3422 hospitandum,
2072 3348 2296 3422 peccet

790 3437 1177 3518 mortaliter3
1218 3446 1283 3500 et
1324 3445 1538 3500 utrum
1587 3438 1732 3501 talis
1780 3438 2157 3521 praedicans,
2203 3447 2292 3501 ta-

790 3555 942 3600 cens
971 3536 1303 3599 veritatem
1345 3535 1410 3599 in
1449 3555 1602 3599 casu
1640 3535 2035 3618 hujusmodi,
2068 3555 2150 3599 ne
2181 3537 2292 3600 bo-

791 3653 941 3696 nam
985 3633 1401 3699 refectionem
1445 3635 1713 3709 amittat,
1748 3635 2103 3700 mortaliter
2146 3655 2290 3719 pec-

792 3738 911 3795 cet.
945 3733 1037 3796 Ad
1078 3752 1219 3815 quae
1260 3733 1602 3816 respondet
1641 3733 1811 3815 quod
1858 3733 2009 3808 imo,
2043 3733 2097 3796 si
2140 3733 2292 3798 villa

791 3831 903 3894 illa
942 3831 1331 3913 paupercula
1368 3831 1647 3894 multum
1682 3832 1961 3913 indigeat
1992 3831 2293 3896 informa·

789 3929 984 4005 tione,
1008 3937 1071 3993 et
1098 3929 1449 4012 praedicaus
1484 3929 1643 3993 sciat
1671 3929 1812 4004 hoc,
1837 3948 1910 3993 ac
1942 3930 2148 3994 nihilo
2179 3931 2294 3994 mi-

791 4048 913 4092 nus
951 4029 1267 4091 desiderio
1306 4028 1625 4093 commodi
1665 4028 2011 4111 corporalis
2056 4029 2294 4093 omittit

790 4126 1190 4210 spiritualem
1222 4126 1477 4190 illorum
1510 4125 1892 4209 profectum,
1913 4145 1986 4190 ac
2016 4127 2296 4191 subticet

2408 1968 2689 2042 peccato.
2745 1960 3108 2042 Respondet
3157 1978 3172 2022 ε
3223 1960 3466 2035 Quanto
3515 1960 3661 2043 plus
3719 1959 3912 2023 homo

2408 2064 2662 2120 tenetur
2689 2077 2767 2121 ex
2799 2058 3058 2121 caritate
3087 2077 3156 2121 se
3185 2058 3396 2141 ipsum
3424 2058 3692 2141 diligere
3722 2077 3914 2142 quam

2408 2155 2792 2238 proximum,
2805 2163 2980 2220 tanto
3012 2156 3158 2239 plus
3187 2156 3377 2219 debet
3404 2156 3575 2220 circa
3603 2176 3673 2220 se
3704 2157 3914 2240 ipsum

2407 2254 2687 2318 caritatis
2717 2273 2911 2340 opera
2939 2272 3251 2319 exercere.
3271 2254 3669 2338 Praecipuum
3700 2263 3912 2320 autem

2404 2369 2566 2434 opus
2596 2353 2876 2417 caritatis
2906 2353 2985 2416 ad
3016 2352 3404 2438 proximum,
3437 2361 3534 2416 est
3572 2362 3910 2436 peccatum

2406 2450 2580 2513 illius
2629 2452 2955 2515 occultum
3000 2470 3128 2515 non
3178 2452 3466 2534 prodere,
3506 2452 3618 2515 sed
3665 2460 3912 2516 secrete

2405 2548 2619 2631 ipsum
2652 2550 2996 2634 corripere,
3018 2557 3211 2633 atque
3240 2550 3320 2614 ad
3351 2551 3614 2616 meliora
3645 2551 3907 2615 hortari.

2405 2646 2569 2729 Ergo
2599 2648 2812 2731 potius
2841 2648 3032 2712 debet
3069 2649 3402 2732 proprium
3437 2648 3774 2733 peccatum
3805 2667 3912 2714 oc—

2407 2745 2652 2809 cultum
2703 2746 2932 2823 celare,
2975 2746 3271 2811 confiteri
3318 2756 3383 2812 et
3425 2749 3789 2823 emendare,
3835 2768 3912 2812 ac

2406 2843 2638 2906 bonam
2689 2844 2925 2909 famam
2967 2845 3046 2907 ad
3093 2846 3205 2909 Dei
3253 2845 3559 2911 honorem
3604 2846 3910 2911 aliorum-

2406 2960 2531 3023 que
2587 2942 3078 3007 aedificationem
3137 2962 3409 3007 servare.
3471 2945 3630 3008 Hinc
3687 2954 3912 3009 contra

598 3082 605 3091 -
645 3064 653 3071 ·
702 3094 709 3101 .
788 3042 1009 3105 villam
1042 3042 1407 3105 destitutam
1441 3041 1609 3105 bono
1642 3042 1999 3126 pastore‚in
2031 3062 2158 3126 qua
2189 3063 2298 3126 pu·
2329 3042 2374 3109 G
2407 3041 2733 3103 caritatem
2765 3041 2893 3122 agit
2923 3042 3032 3125 qui
3065 3049 3316 3125 praeest,
3335 3042 3388 3105 si
3417 3041 3498 3106 ab
3529 3042 3667 3127 ipso
3698 3044 3911 3127 requi-

2405 3146 2501 3202 rat
2530 3147 2602 3202 ut
2625 3139 2795 3203 dicat
2823 3149 2933 3204 aut
2960 3140 3132 3223 juret
3170 3141 3293 3204 sibi
3324 3142 3656 3206 veritatem
3685 3144 3766 3206 de
3796 3143 3906 3206 tali

2404 3245 2682 3320 peccato.
2719 3239 2894 3302 Unde
2933 3257 3052 3302 nec
3090 3239 3387 3304 subditus
3427 3241 3720 3324 quamvis
3761 3240 3907 3304 reli-

2401 3336 2640 3418 giosus,
2673 3345 2926 3400 tenetur
2957 3337 3022 3400 in
3056 3337 3175 3401 hoc
3207 3339 3522 3423 superiori
3563 3359 3807 3422 parere.
3833 3341 3910 3403 Et

2402 3434 2548 3498 dico
2577 3443 2908 3519 peccatum
2941 3436 3473 3519 occultum,quod
3505 3437 3590 3500 ita
3621 3438 3906 3520 ignotum

2404 3541 2521 3608 est,
2554 3542 2626 3596 ut
2655 3551 2782 3598 non
2825 3533 2908 3597 sit
2935 3534 3012 3596 de
3054 3535 3194 3617 ipso
3236 3534 3502 3599 infamia
3533 3555 3744 3619 neque
3773 3557 3908 3602 sus-

2405 3632 2576 3714 picio
2605 3633 2773 3708 talis,
2805 3641 2876 3696 ut
2905 3641 3124 3696 contra
3155 3633 3369 3716 ipsum
3400 3653 3516 3717 per
3545 3634 3907 3718 inquisitio-

2404 3749 2552 3793 nem
2597 3731 2941 3812 procedere
2983 3731 3068 3794 sit
3107 3749 3288 3814 opus.

2471 3828 2627 3892 Huic
2657 3830 3056 3912 responsioni
3087 3847 3432 3894 consonare
3459 3830 3710 3894 videtur
3736 3834 3905 3915 quod

2405 3928 2676 3992 Thomas
2735 3929 3076 4012 respondet
3132 3929 3212 3992 ad
3275 3929 3553 3993 similem
3612 3932 3907 4013 quaestio-

2405 4045 2576 4102 nem,
2609 4047 2739 4110 qua
2777 4027 3104 4110 quaeritur,
3140 4034 3356 4091 utrum
3384 4029 3440 4092 si
3479 4029 3780 4112 praelatus
3807 4030 3907 4111 ju-

2404 4125 2585 4189 beret
2612 4126 2804 4189 alicui
2835 4127 3062 4190 scienti
3093 4127 3330 4190 crimen
3361 4126 3577 4191 fratris
3605 4129 3707 4208 sui
3737 4129 3906 4212 quod

790 4244 865 4288 ea
895 4244 1037 4308 quae
1076 4224 1347 4288 salutem
1385 4233 1782 4288 concernunt
1820 4225 2038 4289 divitis
2078 4225 2294 4308 hospi·
2325 4222 2374 4285 D
2406 4224 2464 4287 ei
2510 4224 2751 4287 diceret
2799 4224 2981 4300 illud,
3013 4233 3123 4288 aut
3165 4225 3358 4289 etiam
3404 4227 3732 4309 propriam
3779 4227 3909 4291 cul-

791 4323 875 4386 tis
906 4323 1028 4397 sui,
1060 4342 1099 4384 a
1127 4341 1256 4405 quo
1284 4322 1646 4404 suspicatur
1683 4340 1752 4386 se
1791 4324 2045 4405 egregie
2084 4323 2294 4387 refici-

793 4421 1033 4485 endum
1069 4437 1084 4482 ε
1118 4420 1339 4503 sicque
1368 4419 1713 4483 fraternam
1753 4421 2056 4485 omittens
2087 4440 2297 4486 corre-

797 4520 1107 4603 ptionem,
1141 4518 1277 4582 dire
1314 4537 1387 4581 ac
1428 4519 1778 4583 mortaliter
1822 4519 2290 4602 praevaricatur.

880 4617 1541 4692 EodemQuodlibeto
1586 4618 1966 4694 sciscitatur,
2017 4621 2187 4702 quod
2235 4629 2299 4683 et

800 4736 995 4801 supra
1032 4717 1371 4801 quaesitum
1414 4725 1532 4792 est,
1566 4725 1782 4781 utrum
1826 4728 2296 4783 sacramentum

802 4914 1173 4977 eorumdem
1218 4920 1647 4996 peccatorum,
1691 4915 1893 4996 possit
1934 4915 2168 4978 habere
2209 4915 2299 4978 ef-

800 5012 1039 5076 fectum
1070 5013 1270 5094 magis
1298 5031 1487 5094 quam
1514 5012 1731 5076 semel.
1745 5014 2106 5095 Respondet
2131 5015 2298 5096 quod

800 5128 931 5174 non
958 5111 1083 5174 nisi
1118 5111 1338 5186 semel,
1372 5111 1690 5194 loquendo
1719 5112 1797 5175 de
1829 5112 2172 5195 principali
2202 5132 2297 5177 sa-

802 5208 1111 5274 cramenti
1152 5209 1347 5290 hujus
1392 5208 1651 5284 effectu,
1685 5210 1795 5293 qui
1840 5211 2126 5274 continet
2169 5219 2299 5275 tres

802 5307 1095 5383 effectus,
1128 5307 1239 5388 qui
1282 5315 1433 5370 sunt
1473 5307 1717 5371 ablutio
1762 5307 2026 5374 maculae
2074 5327 2296 5391 pecca·

2408 4342 2556 4407 pam
2603 4322 2942 4397 occultam,
2987 4341 3070 4386 an
3119 4331 3446 4388 teneretur
3493 4325 3783 4408 implere.
3831 4325 3908 4388 Et

2407 4421 2782 4503 respondet:
2804 4421 3194 4504 Praeceptum
3229 4421 3423 4485 alicui
3454 4423 3695 4486 factum
3724 4443 3762 4488 a
3789 4441 3908 4488 suo

2407 4519 2666 4602 praelato
2695 4520 2774 4582 de
2815 4527 3074 4601 peccato
3109 4519 3373 4584 alterius
3413 4521 3802 4606 publicando
3841 4523 3908 4586 in

2407 4637 2557 4681 casu
2586 4636 2716 4701 quo
2757 4616 3072 4700 publicari
3104 4637 3232 4682 non
3272 4618 3483 4695 debet,
3513 4619 3542 4682 f
3545 4621 3662 4683 ieri
3699 4629 3909 4704 potest

2409 4717 2475 4779 in
2502 4716 2748 4798 judicio
2776 4723 2840 4778 et
2870 4723 3045 4778 extra
3070 4716 3410 4798 judicium.
3445 4718 3512 4782 Si
3539 4725 3720 4782 extra
3743 4719 3907 4802 judi·

2409 4818 2606 4892 cium,
2643 4825 2862 4899 peccat
2901 4817 3317 4899 praecipiens3
3349 4825 3413 4881 et
3452 4819 3507 4881 is
3545 4819 3649 4883 cui
3690 4821 3910 4903 praeci-

2409 4915 2526 4998 pit,
2559 4933 2687 4979 non
2725 4922 2980 4978 tenetur
3011 4915 3073 4977 in
3115 4915 3236 4978 hoc
3274 4916 3554 4980 obedire.
3588 4917 3654 4982 Si
3691 4927 3906 4983 autem

2410 5014 2476 5077 in
2504 5013 2770 5095 judicio,
2788 5013 3012 5077 ordine
3037 5012 3200 5095 juris
3240 5013 3556 5096 exigente,
3568 5016 3766 5097 judex
3795 5019 3907 5082 ali·

2411 5113 2516 5176 cui
2556 5112 2887 5195 praecipiat
2914 5119 2987 5174 ut
3023 5119 3357 5194 peccatum
3395 5132 3586 5178 suum
3614 5117 3718 5178 vel
3755 5117 3903 5181 alte-

2409 5213 2544 5274 rius
2591 5209 2886 5285 fateatur,
2936 5227 3064 5274 non
3113 5219 3336 5293 peccat
3368 5229 3383 5275 ε
3415 5213 3718 5294 quoniam
3769 5216 3903 5300 ipse

2412 5328 2538 5375 non
2569 5308 2787 5392 exigit,
2801 5309 2912 5372 sed
2942 5311 3385 5384 accusans,cui
3411 5311 3608 5392 judex
3634 5313 3742 5395 jus
3769 5315 3902 5378 red-
