<?xml version="1.0" encoding="UTF-8"?>
<!DOCTYPE html PUBLIC "-//W3C//DTD XHTML 1.0 Transitional//EN"
    "http://www.w3.org/TR/xhtml1/DTD/xhtml1-transitional.dtd">
<html xmlns="http://www.w3.org/1999/xhtml" xml:lang="en" lang="en">
 <head>
  <title>
</title>
<meta http-equiv="Content-Type" content="text/html;charset=utf-8" />
  <meta name='ocr-system' content='tesseract 3.04.00' />
  <meta name='ocr-capabilities' content='ocr_page ocr_carea ocr_par ocr_line ocrx_word'/>
</head>
<body>
  <div class='ocr_page' id='page_1' title='image "./doctorisecstati04unkngoog_0340.png"; bbox 0 0 4267 6250; ppageno 0'>
   <div class='ocr_carea' id='block_1_1' title="bbox 753 516 874 580">
    <p class='ocr_par' dir='ltr' id='par_1_1' title="bbox 753 516 874 580">
     <span class='ocr_line' id='line_1_1' title="bbox 753 516 874 580; baseline 0 0"><span class='ocrx_word' id='word_1_1' title='bbox 753 516 874 580; x_wconf 78' lang='lat'><strong>322</strong></span> 
     </span>
    </p>
   </div>
   <div class='ocr_carea' id='block_1_2' title="bbox 751 697 4241 789">
    <p class='ocr_par' dir='ltr' id='par_1_2' title="bbox 751 697 4241 789">
     <span class='ocr_line' id='line_1_2' title="bbox 751 697 4241 789; baseline -0.002 -21"><span class='ocrx_word' id='word_1_2' title='bbox 751 703 1328 788; x_wconf 85' lang='lat' dir='ltr'><strong>contrariarumque</strong></span> <span class='ocrx_word' id='word_1_3' title='bbox 1358 705 1734 789; x_wconf 77' lang='lat' dir='ltr'><strong>qualitatum</strong></span> <span class='ocrx_word' id='word_1_4' title='bbox 1764 703 1840 767; x_wconf 89' lang='lat' dir='ltr'><strong>fit</strong></span> <span class='ocrx_word' id='word_1_5' title='bbox 1869 701 2244 784; x_wconf 89' lang='lat' dir='ltr'><strong>subjectum.</strong></span> <span class='ocrx_word' id='word_1_6' title='bbox 2279 698 2332 763; x_wconf 81' lang='lat' dir='ltr'>A</span> <span class='ocrx_word' id='word_1_7' title='bbox 2440 700 2599 764; x_wconf 85' lang='lat' dir='ltr'><strong>Hinc</strong></span> <span class='ocrx_word' id='word_1_8' title='bbox 2645 718 2902 783; x_wconf 87' lang='lat' dir='ltr'><strong>quoque</strong></span> <span class='ocrx_word' id='word_1_9' title='bbox 2944 699 3268 782; x_wconf 88' lang='lat' dir='ltr'><strong>probatur,</strong></span> <span class='ocrx_word' id='word_1_10' title='bbox 3308 697 3481 780; x_wconf 90' lang='lat' dir='ltr'><strong>quod</strong></span> <span class='ocrx_word' id='word_1_11' title='bbox 3525 713 3654 760; x_wconf 90' lang='lat' dir='ltr'><strong>non</strong></span> <span class='ocrx_word' id='word_1_12' title='bbox 3701 713 3869 776; x_wconf 85' lang='lat' dir='ltr'><strong>aug·</strong></span> <span class='ocrx_word' id='word_1_13' title='bbox 3944 711 4129 754; x_wconf 65' lang='lat' dir='ltr'><strong>tueor.</strong></span> <span class='ocrx_word' id='word_1_14' title='bbox 4156 714 4241 761; x_wconf 66' lang='grc' dir='ltr'><strong>ιι.</strong></span> 
     </span>
    </p>
   </div>
   <div class='ocr_carea' id='block_1_3' title="bbox 750 801 2254 1869">
    <p class='ocr_par' dir='ltr' id='par_1_3' title="bbox 750 801 2254 1771">
     <span class='ocr_line' id='line_1_3' title="bbox 752 801 2251 883; baseline 0.001 -20"><span class='ocrx_word' id='word_1_15' title='bbox 752 801 1299 875; x_wconf 81' lang='lat' dir='ltr'>Quemadmodum</span> <span class='ocrx_word' id='word_1_16' title='bbox 1330 805 1504 867; x_wconf 92' lang='lat' dir='ltr'><strong>enim</strong></span> <span class='ocrx_word' id='word_1_17' title='bbox 1543 802 1914 866; x_wconf 80' lang='lat' dir='ltr'><strong>naturaliter</strong></span> <span class='ocrx_word' id='word_1_18' title='bbox 1941 809 2039 864; x_wconf 87' lang='lat' dir='ltr'><strong>est</strong></span> <span class='ocrx_word' id='word_1_19' title='bbox 2065 820 2251 883; x_wconf 90' lang='lat' dir='ltr'><strong>gene-</strong></span> 
     </span>
     <span class='ocr_line' id='line_1_4' title="bbox 755 901 2252 986; baseline 0 -24"><span class='ocrx_word' id='word_1_20' title='bbox 755 901 914 964; x_wconf 89' lang='lat' dir='ltr'><strong>ratio</strong></span> <span class='ocrx_word' id='word_1_21' title='bbox 965 903 1029 964; x_wconf 89' lang='lat' dir='ltr'><strong>in</strong></span> <span class='ocrx_word' id='word_1_22' title='bbox 1081 903 1271 966; x_wconf 89' lang='lat' dir='ltr'><strong>rebus</strong></span> <span class='ocrx_word' id='word_1_23' title='bbox 1322 902 1868 986; x_wconf 83' lang='lat' dir='ltr'><strong>corruptibilibus,</strong></span> <span class='ocrx_word' id='word_1_24' title='bbox 1920 901 2073 984; x_wconf 88' lang='lat' dir='ltr'><strong>quia</strong></span> <span class='ocrx_word' id='word_1_25' title='bbox 2119 917 2252 963; x_wconf 91' lang='lat' dir='ltr'><strong>cor-</strong></span> 
     </span>
     <span class='ocr_line' id='line_1_5' title="bbox 753 1001 2252 1082; baseline 0.001 -21"><span class='ocrx_word' id='word_1_26' title='bbox 753 1001 1084 1082; x_wconf 86' lang='lat' dir='ltr'><strong>ruptibilia</strong></span> <span class='ocrx_word' id='word_1_27' title='bbox 1130 1004 1609 1066; x_wconf 90' lang='lat' dir='ltr'><strong>communicant</strong></span> <span class='ocrx_word' id='word_1_28' title='bbox 1657 1002 1721 1064; x_wconf 90' lang='lat' dir='ltr'><strong>in</strong></span> <span class='ocrx_word' id='word_1_29' title='bbox 1773 1001 2055 1074; x_wconf 88' lang='lat' dir='ltr'><strong>materia,</strong></span> <span class='ocrx_word' id='word_1_30' title='bbox 2109 1017 2252 1081; x_wconf 82' lang='lat' dir='ltr'><strong>quae</strong></span> 
     </span>
     <span class='ocr_line' id='line_1_6' title="bbox 753 1097 2249 1181; baseline -0.001 -21"><span class='ocrx_word' id='word_1_31' title='bbox 753 1106 850 1160; x_wconf 90' lang='lat' dir='ltr'><strong>est</strong></span> <span class='ocrx_word' id='word_1_32' title='bbox 891 1099 1254 1181; x_wconf 89' lang='lat' dir='ltr'><strong>subjectum</strong></span> <span class='ocrx_word' id='word_1_33' title='bbox 1301 1101 1648 1163; x_wconf 88' lang='lat' dir='ltr'><strong>formarum</strong></span> <span class='ocrx_word' id='word_1_34' title='bbox 1695 1097 2249 1174; x_wconf 81' lang='lat' dir='ltr'><strong>substantialium3</strong></span> 
     </span>
     <span class='ocr_line' id='line_1_7' title="bbox 753 1195 2251 1280; baseline -0.001 -22"><span class='ocrx_word' id='word_1_35' title='bbox 753 1197 846 1259; x_wconf 90' lang='lat' dir='ltr'><strong>sic</strong></span> <span class='ocrx_word' id='word_1_36' title='bbox 879 1198 1248 1261; x_wconf 79' lang='lat' dir='ltr'><strong>naturaliter</strong></span> <span class='ocrx_word' id='word_1_37' title='bbox 1287 1199 1530 1261; x_wconf 89' lang='lat' dir='ltr'><strong>salvare</strong></span> <span class='ocrx_word' id='word_1_38' title='bbox 1561 1216 1901 1280; x_wconf 90' lang='lat' dir='ltr'><strong>possumus</strong></span> <span class='ocrx_word' id='word_1_39' title='bbox 1937 1195 2251 1258; x_wconf 84' lang='lat' dir='ltr'><strong>alteratio-</strong></span> 
     </span>
     <span class='ocr_line' id='line_1_8' title="bbox 755 1292 2250 1379; baseline -0.002 -22"><span class='ocrx_word' id='word_1_40' title='bbox 755 1314 904 1358; x_wconf 90' lang='lat' dir='ltr'><strong>nem</strong></span> <span class='ocrx_word' id='word_1_41' title='bbox 956 1297 1019 1359; x_wconf 91' lang='lat' dir='ltr'><strong>in</strong></span> <span class='ocrx_word' id='word_1_42' title='bbox 1073 1297 1498 1371; x_wconf 88' lang='lat' dir='ltr'><strong>Sacramento,</strong></span> <span class='ocrx_word' id='word_1_43' title='bbox 1545 1297 1848 1379; x_wconf 89' lang='lat' dir='ltr'><strong>quoniam</strong></span> <span class='ocrx_word' id='word_1_44' title='bbox 1899 1302 2113 1358; x_wconf 91' lang='lat' dir='ltr'><strong>manet</strong></span> <span class='ocrx_word' id='word_1_45' title='bbox 2161 1292 2250 1355; x_wconf 89' lang='lat' dir='ltr'><strong>ibi</strong></span> 
     </span>
     <span class='ocr_line' id='line_1_9' title="bbox 757 1393 2247 1477; baseline -0.001 -22"><span class='ocrx_word' id='word_1_46' title='bbox 757 1395 1097 1475; x_wconf 80' lang='lat' dir='ltr'><strong>quantitaS,</strong></span> <span class='ocrx_word' id='word_1_47' title='bbox 1129 1415 1272 1477; x_wconf 80' lang='lat' dir='ltr'><strong>quae</strong></span> <span class='ocrx_word' id='word_1_48' title='bbox 1311 1394 1675 1476; x_wconf 86' lang='lat' dir='ltr'><strong>subjectum</strong></span> <span class='ocrx_word' id='word_1_49' title='bbox 1713 1401 1810 1457; x_wconf 89' lang='lat' dir='ltr'><strong>est</strong></span> <span class='ocrx_word' id='word_1_50' title='bbox 1847 1393 2247 1475; x_wconf 87' lang='lat' dir='ltr'><strong>qualitatum.</strong></span> 
     </span>
     <span class='ocr_line' id='line_1_10' title="bbox 756 1490 2254 1575; baseline -0.002 -22"><span class='ocrx_word' id='word_1_51' title='bbox 756 1490 1013 1554; x_wconf 80' lang='lat' dir='ltr'><strong>Sufficit</strong></span> <span class='ocrx_word' id='word_1_52' title='bbox 1053 1493 1295 1575; x_wconf 90' lang='lat' dir='ltr'><strong>quippe</strong></span> <span class='ocrx_word' id='word_1_53' title='bbox 1337 1493 1415 1554; x_wconf 89' lang='lat' dir='ltr'><strong>ad</strong></span> <span class='ocrx_word' id='word_1_54' title='bbox 1460 1491 1833 1555; x_wconf 89' lang='lat' dir='ltr'><strong>salvandum</strong></span> <span class='ocrx_word' id='word_1_55' title='bbox 1876 1495 2254 1552; x_wconf 88' lang='lat' dir='ltr'><strong>transmuta-</strong></span> 
     </span>
     <span class='ocr_line' id='line_1_11' title="bbox 753 1585 2254 1673; baseline -0.001 -24"><span class='ocrx_word' id='word_1_56' title='bbox 753 1589 1016 1663; x_wconf 81' lang='lat' dir='ltr'><strong>tionem,</strong></span> <span class='ocrx_word' id='word_1_57' title='bbox 1053 1608 1287 1672; x_wconf 91' lang='lat' dir='ltr'><strong>ponere</strong></span> <span class='ocrx_word' id='word_1_58' title='bbox 1317 1590 1575 1673; x_wconf 90' lang='lat' dir='ltr'><strong>aliquod</strong></span> <span class='ocrx_word' id='word_1_59' title='bbox 1606 1589 1868 1653; x_wconf 87' lang='lat' dir='ltr'><strong>tertium</strong></span> <span class='ocrx_word' id='word_1_60' title='bbox 1899 1587 2069 1671; x_wconf 91' lang='lat' dir='ltr'><strong>quod</strong></span> <span class='ocrx_word' id='word_1_61' title='bbox 2107 1585 2254 1649; x_wconf 91' lang='lat' dir='ltr'><strong>sub-</strong></span> 
     </span>
     <span class='ocr_line' id='line_1_12' title="bbox 750 1687 1689 1771; baseline 0.001 -22"><span class='ocrx_word' id='word_1_62' title='bbox 750 1687 861 1767; x_wconf 82' lang='lat' dir='ltr'><strong>jici</strong></span> <span class='ocrx_word' id='word_1_63' title='bbox 909 1688 1109 1771; x_wconf 90' lang='lat' dir='ltr'><strong>possit</strong></span> <span class='ocrx_word' id='word_1_64' title='bbox 1153 1688 1372 1753; x_wconf 83' lang='lat' dir='ltr'><strong>formae</strong></span> <span class='ocrx_word' id='word_1_65' title='bbox 1416 1689 1689 1770; x_wconf 87' lang='lat' dir='ltr'><strong>utrique.</strong></span> 
     </span>
    </p>

    <p class='ocr_par' dir='ltr' id='par_1_4' title="bbox 834 1784 2253 1869">
     <span class='ocr_line' id='line_1_13' title="bbox 834 1784 2253 1869; baseline -0.001 -22"><span class='ocrx_word' id='word_1_66' title='bbox 834 1787 1068 1849; x_wconf 90' lang='lat' dir='ltr'><strong>Verum</strong></span> <span class='ocrx_word' id='word_1_67' title='bbox 1100 1787 1200 1850; x_wconf 88' lang='lat' dir='ltr'><strong>his</strong></span> <span class='ocrx_word' id='word_1_68' title='bbox 1231 1787 1427 1868; x_wconf 92' lang='lat' dir='ltr'><strong>objici</strong></span> <span class='ocrx_word' id='word_1_69' title='bbox 1458 1794 1685 1869; x_wconf 89' lang='lat' dir='ltr'><strong>potest,</strong></span> <span class='ocrx_word' id='word_1_70' title='bbox 1719 1786 1870 1868; x_wconf 92' lang='lat' dir='ltr'><strong>quia</strong></span> <span class='ocrx_word' id='word_1_71' title='bbox 1899 1784 2253 1848; x_wconf 90' lang='lat' dir='ltr'><strong>secundum</strong></span> 
     </span>
    </p>
   </div>
   <div class='ocr_carea' id='block_1_4' title="bbox 1404 529 3201 594">
    <p class='ocr_par' dir='ltr' id='par_1_5' title="bbox 1404 529 3201 594">
     <span class='ocr_line' id='line_1_14' title="bbox 1404 529 3201 594; baseline -0.003 -12"><span class='ocrx_word' id='word_1_72' title='bbox 1404 536 1469 582; x_wconf 79' lang='grc' dir='ltr'><strong>ΙΝ</strong></span> <span class='ocrx_word' id='word_1_73' title='bbox 1508 533 1731 582; x_wconf 74' lang='lat' dir='ltr'>LIBRUM</span> <span class='ocrx_word' id='word_1_74' title='bbox 1771 533 1832 579; x_wconf 79' lang='lat' dir='ltr'><strong>lv</strong></span> <span class='ocrx_word' id='word_1_75' title='bbox 1873 529 2357 580; x_wconf 67' lang='lat' dir='ltr'><strong>SENTENTIARUM.</strong></span> <span class='ocrx_word' id='word_1_76' title='bbox 2401 547 2480 559; x_wconf 91' lang='grc'><strong>-</strong></span> <span class='ocrx_word' id='word_1_77' title='bbox 2520 530 2673 576; x_wconf 78' lang='lat' dir='ltr'><strong>msr.</strong></span> <span class='ocrx_word' id='word_1_78' title='bbox 2716 529 2844 594; x_wconf 51' lang='lat'><em>111‘3</em></span> <span class='ocrx_word' id='word_1_79' title='bbox 2888 530 3112 586; x_wconf 73' lang='lat' dir='ltr'><strong>QUAEST.</strong></span> <span class='ocrx_word' id='word_1_80' title='bbox 3155 530 3201 576; x_wconf 87' lang='lat'><strong>11</strong></span> 
     </span>
    </p>
   </div>
   <div class='ocr_carea' id='block_1_5' title="bbox 2360 795 3879 1671">
    <p class='ocr_par' dir='ltr' id='par_1_6' title="bbox 2360 795 3879 1671">
     <span class='ocr_line' id='line_1_15' title="bbox 2363 795 3875 883; baseline -0.004 -21"><span class='ocrx_word' id='word_1_81' title='bbox 2363 809 2640 864; x_wconf 90' lang='lat' dir='ltr'><strong>mentata</strong></span> <span class='ocrx_word' id='word_1_82' title='bbox 2679 799 2963 883; x_wconf 90' lang='lat' dir='ltr'><strong>corporis</strong></span> <span class='ocrx_word' id='word_1_83' title='bbox 3001 799 3235 863; x_wconf 89' lang='lat' dir='ltr'><strong>Christi</strong></span> <span class='ocrx_word' id='word_1_84' title='bbox 3277 797 3652 869; x_wconf 87' lang='lat' dir='ltr'><strong>substantia,</strong></span> <span class='ocrx_word' id='word_1_85' title='bbox 3685 795 3875 857; x_wconf 79' lang='lat' dir='ltr'><strong>circa</strong></span> 
     </span>
     <span class='ocr_line' id='line_1_16' title="bbox 2362 895 3873 981; baseline -0.004 -19"><span class='ocrx_word' id='word_1_86' title='bbox 2362 900 2837 963; x_wconf 87' lang='lat' dir='ltr'><strong>Sacramentum</strong></span> <span class='ocrx_word' id='word_1_87' title='bbox 2879 898 3092 961; x_wconf 88' lang='lat' dir='ltr'><strong>altaris</strong></span> <span class='ocrx_word' id='word_1_88' title='bbox 3132 917 3248 981; x_wconf 92' lang='lat' dir='ltr'><strong>per</strong></span> <span class='ocrx_word' id='word_1_89' title='bbox 3280 895 3765 960; x_wconf 85' lang='lat' dir='ltr'><strong>rarefactiouem</strong></span> <span class='ocrx_word' id='word_1_90' title='bbox 3797 902 3873 956; x_wconf 85' lang='lat' dir='ltr'><strong>et</strong></span> 
     </span>
     <span class='ocr_line' id='line_1_17' title="bbox 2362 999 3873 1079; baseline -0.004 -18"><span class='ocrx_word' id='word_1_91' title='bbox 2362 999 2924 1062; x_wconf 91' lang='lat' dir='ltr'><strong>condensationem</strong></span> <span class='ocrx_word' id='word_1_92' title='bbox 2970 999 3339 1079; x_wconf 88' lang='lat' dir='ltr'><strong>contingere</strong></span> <span class='ocrx_word' id='word_1_93' title='bbox 3392 1002 3600 1078; x_wconf 91' lang='lat' dir='ltr'><strong>potest</strong></span> <span class='ocrx_word' id='word_1_94' title='bbox 3647 1002 3873 1057; x_wconf 90' lang='lat' dir='ltr'><strong>motus</strong></span> 
     </span>
     <span class='ocr_line' id='line_1_18' title="bbox 2361 1092 3875 1179; baseline -0.005 -19"><span class='ocrx_word' id='word_1_95' title='bbox 2361 1098 2686 1179; x_wconf 84' lang='lat' dir='ltr'><strong>augmenti</strong></span> <span class='ocrx_word' id='word_1_96' title='bbox 2742 1114 2756 1159; x_wconf 79' lang='lat' dir='ltr'><strong>t</strong></span> <span class='ocrx_word' id='word_1_97' title='bbox 2810 1098 2961 1179; x_wconf 92' lang='lat' dir='ltr'><strong>quia</strong></span> <span class='ocrx_word' id='word_1_98' title='bbox 3009 1097 3443 1159; x_wconf 86' lang='lat' dir='ltr'><strong>dimensiones</strong></span> <span class='ocrx_word' id='word_1_99' title='bbox 3492 1092 3875 1156; x_wconf 88' lang='lat' dir='ltr'><strong>indetermi-</strong></span> 
     </span>
     <span class='ocr_line' id='line_1_19' title="bbox 2363 1190 3879 1259; baseline -0.005 -1"><span class='ocrx_word' id='word_1_100' title='bbox 2363 1204 2524 1259; x_wconf 77' lang='lat' dir='ltr'><strong>nata&gt;</strong></span> <span class='ocrx_word' id='word_1_101' title='bbox 2554 1195 2990 1258; x_wconf 86' lang='lat' dir='ltr'><strong>determinatis</strong></span> <span class='ocrx_word' id='word_1_102' title='bbox 3018 1193 3517 1257; x_wconf 86' lang='lat' dir='ltr'><strong>dimensionibus</strong></span> <span class='ocrx_word' id='word_1_103' title='bbox 3546 1197 3690 1254; x_wconf 89' lang='lat' dir='ltr'><strong>sunt</strong></span> <span class='ocrx_word' id='word_1_104' title='bbox 3716 1190 3879 1252; x_wconf 90' lang='lat' dir='ltr'><strong>sub-</strong></span> 
     </span>
     <span class='ocr_line' id='line_1_20' title="bbox 2360 1292 3870 1376; baseline -0.004 -20"><span class='ocrx_word' id='word_1_105' title='bbox 2360 1295 2563 1376; x_wconf 84' lang='lat' dir='ltr'><strong>jectae.</strong></span> <span class='ocrx_word' id='word_1_106' title='bbox 2596 1296 2729 1358; x_wconf 87' lang='lat' dir='ltr'><strong>Jam</strong></span> <span class='ocrx_word' id='word_1_107' title='bbox 2770 1301 2984 1357; x_wconf 86' lang='lat' dir='ltr'><strong>autem</strong></span> <span class='ocrx_word' id='word_1_108' title='bbox 3024 1312 3215 1375; x_wconf 89' lang='lat' dir='ltr'><strong>supra</strong></span> <span class='ocrx_word' id='word_1_109' title='bbox 3252 1292 3669 1362; x_wconf 80' lang='lat' dir='ltr'><strong>ostendimuS,</strong></span> <span class='ocrx_word' id='word_1_110' title='bbox 3700 1307 3870 1371; x_wconf 87' lang='lat' dir='ltr'><strong>quo—</strong></span> 
     </span>
     <span class='ocr_line' id='line_1_21' title="bbox 2366 1388 3869 1456; baseline -0.004 -1"><span class='ocrx_word' id='word_1_111' title='bbox 2366 1393 2553 1456; x_wconf 91' lang='lat' dir='ltr'><strong>modo</strong></span> <span class='ocrx_word' id='word_1_112' title='bbox 2614 1393 2678 1454; x_wconf 90' lang='lat' dir='ltr'><strong>in</strong></span> <span class='ocrx_word' id='word_1_113' title='bbox 2738 1392 2943 1455; x_wconf 90' lang='lat' dir='ltr'><strong>hostia</strong></span> <span class='ocrx_word' id='word_1_114' title='bbox 2999 1398 3366 1454; x_wconf 90' lang='lat' dir='ltr'><strong>consecrata</strong></span> <span class='ocrx_word' id='word_1_115' title='bbox 3413 1388 3663 1452; x_wconf 88' lang='lat' dir='ltr'><strong>valeant</strong></span> <span class='ocrx_word' id='word_1_116' title='bbox 3714 1405 3869 1450; x_wconf 80' lang='lat' dir='ltr'><strong>esse</strong></span> 
     </span>
     <span class='ocr_line' id='line_1_22' title="bbox 2366 1486 3874 1568; baseline -0.003 -16"><span class='ocrx_word' id='word_1_117' title='bbox 2366 1499 2576 1554; x_wconf 90' lang='lat' dir='ltr'><strong>motus</strong></span> <span class='ocrx_word' id='word_1_118' title='bbox 2623 1491 2841 1553; x_wconf 90' lang='lat' dir='ltr'><strong>localis</strong></span> <span class='ocrx_word' id='word_1_119' title='bbox 2878 1497 2941 1552; x_wconf 88' lang='lat' dir='ltr'><strong>et</strong></span> <span class='ocrx_word' id='word_1_120' title='bbox 2977 1489 3300 1568; x_wconf 83' lang='lat' dir='ltr'><strong>alterati03</strong></span> <span class='ocrx_word' id='word_1_121' title='bbox 3341 1495 3533 1551; x_wconf 81' lang='lat' dir='ltr'><strong>restat</strong></span> <span class='ocrx_word' id='word_1_122' title='bbox 3574 1486 3874 1550; x_wconf 88' lang='lat' dir='ltr'><strong>ostende-</strong></span> 
     </span>
     <span class='ocr_line' id='line_1_23' title="bbox 2366 1585 3875 1671; baseline -0.005 -20"><span class='ocrx_word' id='word_1_123' title='bbox 2366 1608 2456 1663; x_wconf 91' lang='lat' dir='ltr'><strong>re,</strong></span> <span class='ocrx_word' id='word_1_124' title='bbox 2507 1590 2827 1671; x_wconf 90' lang='lat' dir='ltr'><strong>quomodo</strong></span> <span class='ocrx_word' id='word_1_125' title='bbox 2875 1588 2965 1651; x_wconf 92' lang='lat' dir='ltr'><strong>ibi</strong></span> <span class='ocrx_word' id='word_1_126' title='bbox 3023 1588 3350 1652; x_wconf 86' lang='lat' dir='ltr'><strong>salventur</strong></span> <span class='ocrx_word' id='word_1_127' title='bbox 3397 1585 3739 1649; x_wconf 87' lang='lat' dir='ltr'><strong>diminutio</strong></span> <span class='ocrx_word' id='word_1_128' title='bbox 3799 1591 3875 1646; x_wconf 87' lang='lat' dir='ltr'><strong>et</strong></span> 
     </span>
    </p>
   </div>
   <div class='ocr_carea' id='block_1_6' title="bbox 2260 1683 3876 1770">
    <p class='ocr_par' dir='ltr' id='par_1_7' title="bbox 2260 1683 3876 1770">
     <span class='ocr_line' id='line_1_24' title="bbox 2260 1683 3876 1770; baseline -0.003 -19"><span class='ocrx_word' id='word_1_129' title='bbox 2260 1717 2267 1722; x_wconf 92' lang='lat'><strong>·</strong></span> <span class='ocrx_word' id='word_1_130' title='bbox 2364 1696 2777 1769; x_wconf 86' lang='lat' dir='ltr'><strong>augmentum</strong></span> <span class='ocrx_word' id='word_1_131' title='bbox 2814 1705 2827 1750; x_wconf 90' lang='lat'>:</span> <span class='ocrx_word' id='word_1_132' title='bbox 2863 1689 3033 1770; x_wconf 90' lang='lat' dir='ltr'><strong>quod</strong></span> <span class='ocrx_word' id='word_1_133' title='bbox 3078 1686 3339 1768; x_wconf 88' lang='lat' dir='ltr'><strong>majoris</strong></span> <span class='ocrx_word' id='word_1_134' title='bbox 3382 1693 3479 1749; x_wconf 86' lang='lat' dir='ltr'><strong>est</strong></span> <span class='ocrx_word' id='word_1_135' title='bbox 3517 1683 3876 1747; x_wconf 82' lang='lat' dir='ltr'><strong>difficulta-</strong></span> 
     </span>
    </p>
   </div>
   <div class='ocr_carea' id='block_1_7' title="bbox 2366 1781 3874 1867">
    <p class='ocr_par' dir='ltr' id='par_1_8' title="bbox 2366 1781 3874 1867">
     <span class='ocr_line' id='line_1_25' title="bbox 2366 1781 3874 1867; baseline -0.004 -19"><span class='ocrx_word' id='word_1_136' title='bbox 2366 1787 2467 1848; x_wconf 86' lang='lat' dir='ltr'><strong>tis.</strong></span> <span class='ocrx_word' id='word_1_137' title='bbox 2519 1787 2950 1867; x_wconf 86' lang='lat' dir='ltr'><strong>Augmentum</strong></span> <span class='ocrx_word' id='word_1_138' title='bbox 2994 1792 3207 1848; x_wconf 89' lang='lat' dir='ltr'><strong>autem</strong></span> <span class='ocrx_word' id='word_1_139' title='bbox 3258 1792 3323 1846; x_wconf 88' lang='lat' dir='ltr'><strong>et</strong></span> <span class='ocrx_word' id='word_1_140' title='bbox 3369 1781 3874 1846; x_wconf 88' lang='lat' dir='ltr'><strong>diminutionem</strong></span> 
     </span>
    </p>
   </div>
   <div class='ocr_carea' id='block_1_8' title="bbox 754 1881 3877 1966">
    <p class='ocr_par' dir='ltr' id='par_1_9' title="bbox 754 1881 3877 1966">
     <span class='ocr_line' id='line_1_26' title="bbox 754 1881 3877 1966; baseline -0.001 -20"><span class='ocrx_word' id='word_1_141' title='bbox 754 1884 1231 1966; x_wconf 86' lang='lat' dir='ltr'><strong>Philosophum,</strong></span> <span class='ocrx_word' id='word_1_142' title='bbox 1277 1887 1408 1964; x_wconf 81' lang='grc' dir='ltr'>ὕλη,</span> <span class='ocrx_word' id='word_1_143' title='bbox 1460 1886 1522 1947; x_wconf 89' lang='lat' dir='ltr'><strong>id</strong></span> <span class='ocrx_word' id='word_1_144' title='bbox 1567 1893 1664 1946; x_wconf 89' lang='lat' dir='ltr'><strong>est</strong></span> <span class='ocrx_word' id='word_1_145' title='bbox 1707 1884 1971 1947; x_wconf 90' lang='lat' dir='ltr'><strong>materia</strong></span> <span class='ocrx_word' id='word_1_146' title='bbox 2019 1882 2250 1964; x_wconf 88' lang='lat' dir='ltr'><strong>prima,</strong></span> <span class='ocrx_word' id='word_1_147' title='bbox 2290 1885 2338 1948; x_wconf 90' lang='lat' dir='ltr'>B</span> <span class='ocrx_word' id='word_1_148' title='bbox 2368 1885 2536 1948; x_wconf 87' lang='lat' dir='ltr'><strong>circa</strong></span> <span class='ocrx_word' id='word_1_149' title='bbox 2577 1884 2820 1966; x_wconf 90' lang='lat' dir='ltr'><strong>aliquid</strong></span> <span class='ocrx_word' id='word_1_150' title='bbox 2861 1883 3204 1966; x_wconf 88' lang='lat' dir='ltr'><strong>dupliciter</strong></span> <span class='ocrx_word' id='word_1_151' title='bbox 3248 1881 3603 1963; x_wconf 84' lang='lat' dir='ltr'><strong>intelligere</strong></span> <span class='ocrx_word' id='word_1_152' title='bbox 3642 1897 3877 1962; x_wconf 90' lang='lat' dir='ltr'><strong>possu-</strong></span> 
     </span>
    </p>
   </div>
   <div class='ocr_carea' id='block_1_9' title="bbox 753 1978 2257 3048">
    <p class='ocr_par' dir='ltr' id='par_1_10' title="bbox 753 1978 2257 3048">
     <span class='ocr_line' id='line_1_27' title="bbox 757 1978 2253 2064; baseline -0.003 -20"><span class='ocrx_word' id='word_1_153' title='bbox 757 1983 1032 2045; x_wconf 83' lang='lat' dir='ltr'><strong>maxime</strong></span> <span class='ocrx_word' id='word_1_154' title='bbox 1079 1990 1176 2046; x_wconf 91' lang='lat' dir='ltr'><strong>est</strong></span> <span class='ocrx_word' id='word_1_155' title='bbox 1219 1982 1585 2064; x_wconf 69' lang='lat' dir='ltr'><strong>subiectum</strong></span> <span class='ocrx_word' id='word_1_156' title='bbox 1633 1981 2081 2064; x_wconf 80' lang='lat' dir='ltr'><strong>generationis.</strong></span> <span class='ocrx_word' id='word_1_157' title='bbox 2126 1978 2253 2042; x_wconf 89' lang='lat' dir='ltr'><strong>Pri-</strong></span> 
     </span>
     <span class='ocr_line' id='line_1_28' title="bbox 757 2081 2256 2162; baseline -0.001 -21"><span class='ocrx_word' id='word_1_158' title='bbox 757 2099 934 2142; x_wconf 90' lang='lat' dir='ltr'><strong>mum</strong></span> <span class='ocrx_word' id='word_1_159' title='bbox 993 2089 1206 2144; x_wconf 88' lang='lat' dir='ltr'><strong>autem</strong></span> <span class='ocrx_word' id='word_1_160' title='bbox 1265 2082 1332 2143; x_wconf 92' lang='lat' dir='ltr'><strong>in</strong></span> <span class='ocrx_word' id='word_1_161' title='bbox 1379 2081 1557 2144; x_wconf 88' lang='lat' dir='ltr'><strong>omni</strong></span> <span class='ocrx_word' id='word_1_162' title='bbox 1613 2099 1867 2162; x_wconf 83' lang='lat' dir='ltr'><strong>genere,</strong></span> <span class='ocrx_word' id='word_1_163' title='bbox 1922 2099 2112 2142; x_wconf 90' lang='lat' dir='ltr'><strong>causa</strong></span> <span class='ocrx_word' id='word_1_164' title='bbox 2159 2086 2256 2141; x_wconf 90' lang='lat' dir='ltr'><strong>est</strong></span> 
     </span>
     <span class='ocr_line' id='line_1_29' title="bbox 753 2178 2255 2262; baseline -0.001 -22"><span class='ocrx_word' id='word_1_165' title='bbox 753 2178 1028 2241; x_wconf 90' lang='lat' dir='ltr'><strong>aliorum</strong></span> <span class='ocrx_word' id='word_1_166' title='bbox 1073 2181 1498 2262; x_wconf 84' lang='lat' dir='ltr'><strong>sequentium.</strong></span> <span class='ocrx_word' id='word_1_167' title='bbox 1544 2179 1706 2260; x_wconf 86' lang='lat' dir='ltr'><strong>Ergo</strong></span> <span class='ocrx_word' id='word_1_168' title='bbox 1747 2179 2067 2262; x_wconf 84' lang='lat' dir='ltr'><strong>quantitas</strong></span> <span class='ocrx_word' id='word_1_169' title='bbox 2116 2179 2255 2240; x_wconf 93' lang='lat' dir='ltr'><strong>sine</strong></span> 
     </span>
     <span class='ocr_line' id='line_1_30' title="bbox 756 2276 2254 2360; baseline -0.001 -22"><span class='ocrx_word' id='word_1_170' title='bbox 756 2278 1021 2339; x_wconf 89' lang='lat' dir='ltr'><strong>materia</strong></span> <span class='ocrx_word' id='word_1_171' title='bbox 1070 2278 1292 2360; x_wconf 90' lang='lat' dir='ltr'><strong>nequit</strong></span> <span class='ocrx_word' id='word_1_172' title='bbox 1337 2296 1476 2340; x_wconf 90' lang='lat' dir='ltr'><strong>esse</strong></span> <span class='ocrx_word' id='word_1_173' title='bbox 1533 2277 1807 2358; x_wconf 89' lang='lat' dir='ltr'><strong>alicujus</strong></span> <span class='ocrx_word' id='word_1_174' title='bbox 1863 2276 2254 2340; x_wconf 85' lang='lat' dir='ltr'><strong>alterationis</strong></span> 
     </span>
     <span class='ocr_line' id='line_1_31' title="bbox 755 2373 2256 2456; baseline -0.002 -18"><span class='ocrx_word' id='word_1_175' title='bbox 755 2375 1137 2455; x_wconf 88' lang='lat' dir='ltr'><strong>subjectum.</strong></span> <span class='ocrx_word' id='word_1_176' title='bbox 1193 2376 1452 2450; x_wconf 80' lang='lat' dir='ltr'><strong>RursuS,</strong></span> <span class='ocrx_word' id='word_1_177' title='bbox 1503 2376 1669 2438; x_wconf 89' lang='lat' dir='ltr'><strong>sicut</strong></span> <span class='ocrx_word' id='word_1_178' title='bbox 1729 2375 1991 2438; x_wconf 88' lang='lat' dir='ltr'><strong>materia</strong></span> <span class='ocrx_word' id='word_1_179' title='bbox 2048 2373 2256 2456; x_wconf 88' lang='lat' dir='ltr'><strong>prima</strong></span> 
     </span>
     <span class='ocr_line' id='line_1_32' title="bbox 755 2473 2251 2556; baseline -0.001 -20"><span class='ocrx_word' id='word_1_180' title='bbox 755 2481 854 2536; x_wconf 90' lang='lat' dir='ltr'><strong>est</strong></span> <span class='ocrx_word' id='word_1_181' title='bbox 884 2473 1275 2556; x_wconf 89' lang='lat' dir='ltr'><strong>principium</strong></span> <span class='ocrx_word' id='word_1_182' title='bbox 1307 2474 1516 2536; x_wconf 91' lang='lat' dir='ltr'><strong>omnis</strong></span> <span class='ocrx_word' id='word_1_183' title='bbox 1545 2473 1936 2536; x_wconf 84' lang='lat' dir='ltr'><strong>alterationis</strong></span> <span class='ocrx_word' id='word_1_184' title='bbox 1966 2473 2251 2554; x_wconf 73' lang='lat' dir='ltr'><strong>passiyae,</strong></span> 
     </span>
     <span class='ocr_line' id='line_1_33' title="bbox 754 2570 2253 2655; baseline 0 -22"><span class='ocrx_word' id='word_1_185' title='bbox 754 2571 848 2634; x_wconf 90' lang='lat' dir='ltr'><strong>sic</strong></span> <span class='ocrx_word' id='word_1_186' title='bbox 886 2571 1093 2635; x_wconf 90' lang='lat' dir='ltr'><strong>forma</strong></span> <span class='ocrx_word' id='word_1_187' title='bbox 1133 2573 1525 2655; x_wconf 88' lang='lat' dir='ltr'><strong>principium</strong></span> <span class='ocrx_word' id='word_1_188' title='bbox 1567 2581 1663 2636; x_wconf 92' lang='lat' dir='ltr'><strong>est</strong></span> <span class='ocrx_word' id='word_1_189' title='bbox 1691 2572 1900 2635; x_wconf 91' lang='lat' dir='ltr'><strong>omnis</strong></span> <span class='ocrx_word' id='word_1_190' title='bbox 1939 2570 2253 2634; x_wconf 89' lang='lat' dir='ltr'><strong>alteratio-</strong></span> 
     </span>
     <span class='ocr_line' id='line_1_34' title="bbox 755 2669 2253 2753; baseline -0.001 -21"><span class='ocrx_word' id='word_1_191' title='bbox 755 2670 856 2732; x_wconf 91' lang='lat' dir='ltr'><strong>nis</strong></span> <span class='ocrx_word' id='word_1_192' title='bbox 886 2670 1127 2734; x_wconf 83' lang='lat' dir='ltr'><strong>activae.</strong></span> <span class='ocrx_word' id='word_1_193' title='bbox 1161 2671 1369 2746; x_wconf 87' lang='lat' dir='ltr'><strong>Quum</strong></span> <span class='ocrx_word' id='word_1_194' title='bbox 1397 2689 1549 2753; x_wconf 90' lang='lat' dir='ltr'><strong>ergo</strong></span> <span class='ocrx_word' id='word_1_195' title='bbox 1579 2691 1696 2734; x_wconf 91' lang='lat' dir='ltr'><strong>nec</strong></span> <span class='ocrx_word' id='word_1_196' title='bbox 1727 2670 1933 2734; x_wconf 89' lang='lat' dir='ltr'><strong>forma</strong></span> <span class='ocrx_word' id='word_1_197' title='bbox 1961 2669 2253 2733; x_wconf 90' lang='lat' dir='ltr'><strong>substan-</strong></span> 
     </span>
     <span class='ocr_line' id='line_1_35' title="bbox 753 2767 2253 2853; baseline 0 -23"><span class='ocrx_word' id='word_1_198' title='bbox 753 2769 926 2832; x_wconf 88' lang='lat' dir='ltr'><strong>tialis</strong></span> <span class='ocrx_word' id='word_1_199' title='bbox 967 2769 1170 2852; x_wconf 87' lang='lat' dir='ltr'><strong>ipsius</strong></span> <span class='ocrx_word' id='word_1_200' title='bbox 1208 2770 1392 2853; x_wconf 88' lang='lat' dir='ltr'><strong>panis</strong></span> <span class='ocrx_word' id='word_1_201' title='bbox 1431 2789 1506 2833; x_wconf 92' lang='lat' dir='ltr'><strong>ac</strong></span> <span class='ocrx_word' id='word_1_202' title='bbox 1534 2771 1692 2844; x_wconf 90' lang='lat' dir='ltr'><strong>vini,</strong></span> <span class='ocrx_word' id='word_1_203' title='bbox 1726 2769 1892 2833; x_wconf 87' lang='lat' dir='ltr'><strong>facta</strong></span> <span class='ocrx_word' id='word_1_204' title='bbox 1927 2767 2253 2832; x_wconf 90' lang='lat' dir='ltr'><strong>transsub-</strong></span> 
     </span>
     <span class='ocr_line' id='line_1_36' title="bbox 754 2867 2253 2950; baseline -0.001 -21"><span class='ocrx_word' id='word_1_205' title='bbox 754 2867 1160 2931; x_wconf 86' lang='lat' dir='ltr'><strong>stantiatione</strong></span> <span class='ocrx_word' id='word_1_206' title='bbox 1200 2875 1590 2950; x_wconf 87' lang='lat' dir='ltr'><strong>permaneat,</strong></span> <span class='ocrx_word' id='word_1_207' title='bbox 1633 2869 1886 2931; x_wconf 88' lang='lat' dir='ltr'><strong>videtur</strong></span> <span class='ocrx_word' id='word_1_208' title='bbox 1923 2868 2092 2950; x_wconf 92' lang='lat' dir='ltr'><strong>quod</strong></span> <span class='ocrx_word' id='word_1_209' title='bbox 2135 2885 2253 2929; x_wconf 88' lang='lat' dir='ltr'><strong>nec</strong></span> 
     </span>
     <span class='ocr_line' id='line_1_37' title="bbox 755 2964 2257 3048; baseline -0.001 -21"><span class='ocrx_word' id='word_1_210' title='bbox 755 2964 1088 3046; x_wconf 88' lang='lat' dir='ltr'><strong>qualitates</strong></span> <span class='ocrx_word' id='word_1_211' title='bbox 1121 2975 1520 3028; x_wconf 89' lang='lat' dir='ltr'><strong>remanentes</strong></span> <span class='ocrx_word' id='word_1_212' title='bbox 1553 2967 1616 3028; x_wconf 91' lang='lat' dir='ltr'><strong>in</strong></span> <span class='ocrx_word' id='word_1_213' title='bbox 1649 2985 1812 3048; x_wconf 89' lang='lat' dir='ltr'><strong>pane</strong></span> <span class='ocrx_word' id='word_1_214' title='bbox 1843 2975 1906 3028; x_wconf 88' lang='lat' dir='ltr'><strong>et</strong></span> <span class='ocrx_word' id='word_1_215' title='bbox 1935 2967 2086 3028; x_wconf 89' lang='lat' dir='ltr'><strong>vino</strong></span> <span class='ocrx_word' id='word_1_216' title='bbox 2117 2982 2257 3028; x_wconf 91' lang='lat' dir='ltr'><strong>con-</strong></span> 
     </span>
    </p>
   </div>
   <div class='ocr_carea' id='block_1_10' title="bbox 2364 1979 3877 3049">
    <p class='ocr_par' dir='ltr' id='par_1_11' title="bbox 2364 1979 3877 3049">
     <span class='ocr_line' id='line_1_38' title="bbox 2370 1979 3876 2065; baseline -0.003 -20"><span class='ocrx_word' id='word_1_217' title='bbox 2370 2002 2529 2046; x_wconf 88' lang='lat' dir='ltr'><strong>mus.</strong></span> <span class='ocrx_word' id='word_1_218' title='bbox 2584 1983 2814 2058; x_wconf 87' lang='lat' dir='ltr'><strong>Primo,</strong></span> <span class='ocrx_word' id='word_1_219' title='bbox 2867 2000 2983 2065; x_wconf 89' lang='lat' dir='ltr'><strong>per</strong></span> <span class='ocrx_word' id='word_1_220' title='bbox 3032 1980 3531 2044; x_wconf 86' lang='lat' dir='ltr'><strong>subtractionem</strong></span> <span class='ocrx_word' id='word_1_221' title='bbox 3587 1979 3876 2059; x_wconf 79' lang='lat' dir='ltr'><strong>alicujus</strong></span> 
     </span>
     <span class='ocr_line' id='line_1_39' title="bbox 2365 2077 3869 2165; baseline -0.002 -22"><span class='ocrx_word' id='word_1_222' title='bbox 2365 2081 2586 2165; x_wconf 91' lang='lat' dir='ltr'><strong>partis,</strong></span> <span class='ocrx_word' id='word_1_223' title='bbox 2620 2099 2731 2143; x_wconf 92' lang='lat' dir='ltr'><strong>seu</strong></span> <span class='ocrx_word' id='word_1_224' title='bbox 2774 2100 2888 2164; x_wconf 92' lang='lat' dir='ltr'><strong>per</strong></span> <span class='ocrx_word' id='word_1_225' title='bbox 2915 2080 3306 2143; x_wconf 88' lang='lat' dir='ltr'><strong>additionem</strong></span> <span class='ocrx_word' id='word_1_226' title='bbox 3346 2096 3526 2142; x_wconf 83' lang='lat' dir='ltr'><strong>novae</strong></span> <span class='ocrx_word' id='word_1_227' title='bbox 3558 2077 3869 2152; x_wconf 62' lang='lat' dir='ltr'><strong>materiae,</strong></span> 
     </span>
     <span class='ocr_line' id='line_1_40' title="bbox 2366 2175 3871 2250; baseline -0.003 -8"><span class='ocrx_word' id='word_1_228' title='bbox 2366 2180 2533 2242; x_wconf 91' lang='lat' dir='ltr'><strong>sicut</strong></span> <span class='ocrx_word' id='word_1_229' title='bbox 2591 2180 2656 2241; x_wconf 92' lang='lat' dir='ltr'><strong>in</strong></span> <span class='ocrx_word' id='word_1_230' title='bbox 2716 2179 3064 2242; x_wconf 88' lang='lat' dir='ltr'><strong>nutritione</strong></span> <span class='ocrx_word' id='word_1_231' title='bbox 3122 2178 3501 2250; x_wconf 88' lang='lat' dir='ltr'><strong>viventium,</strong></span> <span class='ocrx_word' id='word_1_232' title='bbox 3552 2184 3618 2240; x_wconf 92' lang='lat' dir='ltr'><strong>et</strong></span> <span class='ocrx_word' id='word_1_233' title='bbox 3666 2175 3871 2239; x_wconf 89' lang='lat' dir='ltr'><strong>etiam</strong></span> 
     </span>
     <span class='ocr_line' id='line_1_41' title="bbox 2365 2276 3871 2360; baseline -0.003 -20"><span class='ocrx_word' id='word_1_234' title='bbox 2365 2278 2836 2360; x_wconf 90' lang='lat' dir='ltr'><strong>quodammodo</strong></span> <span class='ocrx_word' id='word_1_235' title='bbox 2876 2277 3167 2340; x_wconf 86' lang='lat' dir='ltr'><strong>aliorum.</strong></span> <span class='ocrx_word' id='word_1_236' title='bbox 3212 2276 3524 2350; x_wconf 90' lang='lat' dir='ltr'><strong>Secundo,</strong></span> <span class='ocrx_word' id='word_1_237' title='bbox 3557 2293 3671 2357; x_wconf 92' lang='lat' dir='ltr'><strong>per</strong></span> <span class='ocrx_word' id='word_1_238' title='bbox 3712 2290 3871 2337; x_wconf 88' lang='lat' dir='ltr'><strong>con-</strong></span> 
     </span>
     <span class='ocr_line' id='line_1_42' title="bbox 2366 2374 3872 2440; baseline -0.003 -2"><span class='ocrx_word' id='word_1_239' title='bbox 2366 2377 2803 2440; x_wconf 86' lang='lat' dir='ltr'><strong>densationem</strong></span> <span class='ocrx_word' id='word_1_240' title='bbox 2838 2383 2902 2438; x_wconf 90' lang='lat' dir='ltr'><strong>et</strong></span> <span class='ocrx_word' id='word_1_241' title='bbox 2935 2374 3441 2438; x_wconf 80' lang='lat' dir='ltr'><strong>rarefactionem,</strong></span> <span class='ocrx_word' id='word_1_242' title='bbox 3474 2374 3742 2437; x_wconf 90' lang='lat' dir='ltr'><strong>Possunt</strong></span> <span class='ocrx_word' id='word_1_243' title='bbox 3772 2380 3872 2434; x_wconf 89' lang='lat' dir='ltr'><strong>et-</strong></span> 
     </span>
     <span class='ocr_line' id='line_1_43' title="bbox 2366 2471 3874 2556; baseline -0.003 -20"><span class='ocrx_word' id='word_1_244' title='bbox 2366 2474 2539 2536; x_wconf 88' lang='lat' dir='ltr'><strong>enim</strong></span> <span class='ocrx_word' id='word_1_245' title='bbox 2569 2475 2703 2536; x_wconf 90' lang='lat' dir='ltr'><strong>vini</strong></span> <span class='ocrx_word' id='word_1_246' title='bbox 2745 2475 3013 2556; x_wconf 81' lang='lat' dir='ltr'><strong>specieS,</strong></span> <span class='ocrx_word' id='word_1_247' title='bbox 3048 2473 3170 2536; x_wconf 91' lang='lat' dir='ltr'><strong>sub</strong></span> <span class='ocrx_word' id='word_1_248' title='bbox 3209 2472 3445 2555; x_wconf 90' lang='lat' dir='ltr'><strong>quibus</strong></span> <span class='ocrx_word' id='word_1_249' title='bbox 3479 2479 3577 2534; x_wconf 92' lang='lat' dir='ltr'><strong>est</strong></span> <span class='ocrx_word' id='word_1_250' title='bbox 3606 2471 3874 2552; x_wconf 83' lang='lat' dir='ltr'><strong>sanguis</strong></span> 
     </span>
     <span class='ocr_line' id='line_1_44' title="bbox 2365 2569 3868 2654; baseline -0.003 -19"><span class='ocrx_word' id='word_1_251' title='bbox 2365 2573 2619 2646; x_wconf 87' lang='lat' dir='ltr'><strong>Christi,</strong></span> <span class='ocrx_word' id='word_1_252' title='bbox 2671 2572 2907 2654; x_wconf 82' lang='lat' dir='ltr'><strong>frigore</strong></span> <span class='ocrx_word' id='word_1_253' title='bbox 2966 2572 3283 2653; x_wconf 87' lang='lat' dir='ltr'><strong>congelari</strong></span> <span class='ocrx_word' id='word_1_254' title='bbox 3341 2579 3405 2634; x_wconf 89' lang='lat' dir='ltr'><strong>et</strong></span> <span class='ocrx_word' id='word_1_255' title='bbox 3462 2569 3868 2642; x_wconf 87' lang='lat' dir='ltr'><strong>condensari,</strong></span> 
     </span>
     <span class='ocr_line' id='line_1_45' title="bbox 2364 2671 3872 2754; baseline -0.003 -20"><span class='ocrx_word' id='word_1_256' title='bbox 2364 2671 2585 2754; x_wconf 92' lang='lat' dir='ltr'><strong>sicque</strong></span> <span class='ocrx_word' id='word_1_257' title='bbox 2630 2671 2843 2735; x_wconf 89' lang='lat' dir='ltr'><strong>locum</strong></span> <span class='ocrx_word' id='word_1_258' title='bbox 2884 2689 3198 2754; x_wconf 88' lang='lat' dir='ltr'><strong>occupare</strong></span> <span class='ocrx_word' id='word_1_259' title='bbox 3238 2671 3574 2743; x_wconf 89' lang='lat' dir='ltr'><strong>minorem,</strong></span> <span class='ocrx_word' id='word_1_260' title='bbox 3607 2677 3671 2732; x_wconf 89' lang='lat' dir='ltr'><strong>et</strong></span> <span class='ocrx_word' id='word_1_261' title='bbox 3706 2675 3872 2730; x_wconf 89' lang='lat' dir='ltr'><strong>tuuc</strong></span> 
     </span>
     <span class='ocr_line' id='line_1_46' title="bbox 2365 2769 3873 2833; baseline -0.001 -1"><span class='ocrx_word' id='word_1_262' title='bbox 2365 2769 2485 2832; x_wconf 93' lang='lat' dir='ltr'><strong>sub</strong></span> <span class='ocrx_word' id='word_1_263' title='bbox 2534 2769 3043 2833; x_wconf 89' lang='lat' dir='ltr'><strong>dimensionibus</strong></span> <span class='ocrx_word' id='word_1_264' title='bbox 3102 2769 3459 2832; x_wconf 89' lang='lat' dir='ltr'><strong>minoribus</strong></span> <span class='ocrx_word' id='word_1_265' title='bbox 3507 2775 3675 2831; x_wconf 90' lang='lat' dir='ltr'><strong>esset</strong></span> <span class='ocrx_word' id='word_1_266' title='bbox 3718 2787 3873 2830; x_wconf 86' lang='lat' dir='ltr'><strong>san-</strong></span> 
     </span>
     <span class='ocr_line' id='line_1_47' title="bbox 2364 2867 3877 2950; baseline -0.003 -20"><span class='ocrx_word' id='word_1_267' title='bbox 2364 2868 2506 2949; x_wconf 93' lang='lat' dir='ltr'><strong>guis</strong></span> <span class='ocrx_word' id='word_1_268' title='bbox 2543 2868 2797 2931; x_wconf 89' lang='lat' dir='ltr'><strong>Christi.</strong></span> <span class='ocrx_word' id='word_1_269' title='bbox 2830 2869 2945 2930; x_wconf 92' lang='lat' dir='ltr'><strong>Per</strong></span> <span class='ocrx_word' id='word_1_270' title='bbox 2985 2867 3259 2930; x_wconf 89' lang='lat' dir='ltr'><strong>calorem</strong></span> <span class='ocrx_word' id='word_1_271' title='bbox 3300 2885 3555 2950; x_wconf 91' lang='lat' dir='ltr'><strong>quoque</strong></span> <span class='ocrx_word' id='word_1_272' title='bbox 3599 2872 3877 2949; x_wconf 83' lang='lat' dir='ltr'><strong>possunt</strong></span> 
     </span>
     <span class='ocr_line' id='line_1_48' title="bbox 2366 2965 3871 3049; baseline -0.002 -21"><span class='ocrx_word' id='word_1_273' title='bbox 2366 2965 2653 3029; x_wconf 87' lang='lat' dir='ltr'><strong>rarefieri</strong></span> <span class='ocrx_word' id='word_1_274' title='bbox 2711 2966 2959 3049; x_wconf 91' lang='lat' dir='ltr'><strong>species</strong></span> <span class='ocrx_word' id='word_1_275' title='bbox 3024 2966 3169 3041; x_wconf 80' lang='lat' dir='ltr'><strong>illae,</strong></span> <span class='ocrx_word' id='word_1_276' title='bbox 3218 2975 3283 3028; x_wconf 90' lang='lat' dir='ltr'><strong>et</strong></span> <span class='ocrx_word' id='word_1_277' title='bbox 3330 2966 3423 3028; x_wconf 89' lang='lat' dir='ltr'><strong>sic</strong></span> <span class='ocrx_word' id='word_1_278' title='bbox 3478 2971 3871 3046; x_wconf 88' lang='lat' dir='ltr'><strong>occuparent</strong></span> 
     </span>
    </p>
   </div>
   <div class='ocr_carea' id='block_1_11' title="bbox 757 3060 3873 3148">
    <p class='ocr_par' dir='ltr' id='par_1_12' title="bbox 757 3060 3873 3148">
     <span class='ocr_line' id='line_1_49' title="bbox 757 3060 3873 3148; baseline -0.001 -22"><span class='ocrx_word' id='word_1_279' title='bbox 757 3071 1022 3140; x_wconf 84' lang='lat' dir='ltr'><strong>secrato,</strong></span> <span class='ocrx_word' id='word_1_280' title='bbox 1057 3070 1357 3146; x_wconf 88' lang='lat' dir='ltr'><strong>poterunt</strong></span> <span class='ocrx_word' id='word_1_281' title='bbox 1389 3064 1670 3148; x_wconf 90' lang='lat' dir='ltr'><strong>aliquam</strong></span> <span class='ocrx_word' id='word_1_282' title='bbox 1707 3064 2023 3128; x_wconf 89' lang='lat' dir='ltr'><strong>actionem</strong></span> <span class='ocrx_word' id='word_1_283' title='bbox 2062 3062 2253 3127; x_wconf 89' lang='lat' dir='ltr'><strong>habe·</strong></span> <span class='ocrx_word' id='word_1_284' title='bbox 2289 3068 2333 3131; x_wconf 95' lang='lat' dir='ltr'><strong>C</strong></span> <span class='ocrx_word' id='word_1_285' title='bbox 2368 3064 2578 3129; x_wconf 89' lang='lat' dir='ltr'><strong>locum</strong></span> <span class='ocrx_word' id='word_1_286' title='bbox 2644 3065 2976 3148; x_wconf 89' lang='lat' dir='ltr'><strong>majorem,</strong></span> <span class='ocrx_word' id='word_1_287' title='bbox 3048 3065 3135 3128; x_wconf 85' lang='lat' dir='ltr'><strong>ita</strong></span> <span class='ocrx_word' id='word_1_288' title='bbox 3196 3065 3365 3148; x_wconf 90' lang='lat' dir='ltr'><strong>quod</strong></span> <span class='ocrx_word' id='word_1_289' title='bbox 3424 3062 3682 3145; x_wconf 84' lang='lat' dir='ltr'><strong>sanguis</strong></span> <span class='ocrx_word' id='word_1_290' title='bbox 3742 3060 3873 3125; x_wconf 89' lang='lat' dir='ltr'><strong>sub</strong></span> 
     </span>
    </p>
   </div>
   <div class='ocr_carea' id='block_1_12' title="bbox 755 3163 2259 4135">
    <p class='ocr_par' dir='ltr' id='par_1_13' title="bbox 755 3163 2259 4135">
     <span class='ocr_line' id='line_1_50' title="bbox 756 3163 2255 3245; baseline 0 -20"><span class='ocrx_word' id='word_1_291' title='bbox 756 3181 844 3225; x_wconf 90' lang='lat' dir='ltr'><strong>re.</strong></span> <span class='ocrx_word' id='word_1_292' title='bbox 890 3163 1121 3245; x_wconf 92' lang='lat' dir='ltr'><strong>Sicque</strong></span> <span class='ocrx_word' id='word_1_293' title='bbox 1167 3163 1394 3227; x_wconf 91' lang='lat' dir='ltr'><strong>albedo</strong></span> <span class='ocrx_word' id='word_1_294' title='bbox 1441 3164 1664 3228; x_wconf 86' lang='lat' dir='ltr'><strong>hostiae</strong></span> <span class='ocrx_word' id='word_1_295' title='bbox 1708 3165 1918 3227; x_wconf 90' lang='lat' dir='ltr'><strong>visum</strong></span> <span class='ocrx_word' id='word_1_296' title='bbox 1966 3181 2094 3226; x_wconf 92' lang='lat' dir='ltr'><strong>non</strong></span> <span class='ocrx_word' id='word_1_297' title='bbox 2142 3163 2255 3226; x_wconf 90' lang='lat' dir='ltr'><strong>im-</strong></span> 
     </span>
     <span class='ocr_line' id='line_1_51' title="bbox 757 3263 2256 3344; baseline 0.001 -21"><span class='ocrx_word' id='word_1_298' title='bbox 757 3268 1048 3337; x_wconf 89' lang='lat' dir='ltr'><strong>mutaret,</strong></span> <span class='ocrx_word' id='word_1_299' title='bbox 1062 3280 1182 3325; x_wconf 89' lang='lat' dir='ltr'><strong>nec</strong></span> <span class='ocrx_word' id='word_1_300' title='bbox 1210 3280 1398 3344; x_wconf 90' lang='lat' dir='ltr'><strong>sapor</strong></span> <span class='ocrx_word' id='word_1_301' title='bbox 1426 3263 1561 3325; x_wconf 89' lang='lat' dir='ltr'><strong>vini</strong></span> <span class='ocrx_word' id='word_1_302' title='bbox 1590 3270 1861 3344; x_wconf 89' lang='lat' dir='ltr'><strong>gustum,</strong></span> <span class='ocrx_word' id='word_1_303' title='bbox 1877 3282 1996 3326; x_wconf 91' lang='lat' dir='ltr'><strong>nec</strong></span> <span class='ocrx_word' id='word_1_304' title='bbox 2024 3263 2256 3326; x_wconf 91' lang='lat' dir='ltr'><strong>humor</strong></span> 
     </span>
     <span class='ocr_line' id='line_1_52' title="bbox 757 3360 2255 3445; baseline 0.002 -23"><span class='ocrx_word' id='word_1_305' title='bbox 757 3360 900 3441; x_wconf 91' lang='lat' dir='ltr'><strong>ejus</strong></span> <span class='ocrx_word' id='word_1_306' title='bbox 937 3360 1179 3442; x_wconf 90' lang='lat' dir='ltr'><strong>aliquid</strong></span> <span class='ocrx_word' id='word_1_307' title='bbox 1215 3360 1611 3424; x_wconf 88' lang='lat' dir='ltr'><strong>humectaret</strong></span> <span class='ocrx_word' id='word_1_308' title='bbox 1643 3380 1658 3426; x_wconf 90' lang='lat'>:</span> <span class='ocrx_word' id='word_1_309' title='bbox 1693 3379 1966 3443; x_wconf 91' lang='lat' dir='ltr'><strong>quorum</strong></span> <span class='ocrx_word' id='word_1_310' title='bbox 2004 3363 2255 3445; x_wconf 89' lang='lat' dir='ltr'><strong>opposi-</strong></span> 
     </span>
     <span class='ocr_line' id='line_1_53' title="bbox 757 3458 2252 3543; baseline 0.002 -22"><span class='ocrx_word' id='word_1_311' title='bbox 757 3467 895 3521; x_wconf 91' lang='lat' dir='ltr'><strong>tum</strong></span> <span class='ocrx_word' id='word_1_312' title='bbox 928 3458 1111 3521; x_wconf 90' lang='lat' dir='ltr'><strong>docet</strong></span> <span class='ocrx_word' id='word_1_313' title='bbox 1139 3459 1550 3542; x_wconf 85' lang='lat' dir='ltr'><strong>experientia.</strong></span> <span class='ocrx_word' id='word_1_314' title='bbox 1575 3496 1656 3507; x_wconf 93' lang='lat'><em>-</em></span> <span class='ocrx_word' id='word_1_315' title='bbox 1685 3460 2058 3535; x_wconf 89' lang='lat' dir='ltr'><strong>Dicendum,</strong></span> <span class='ocrx_word' id='word_1_316' title='bbox 2083 3462 2252 3543; x_wconf 88' lang='lat' dir='ltr'><strong>quod</strong></span> 
     </span>
     <span class='ocr_line' id='line_1_54' title="bbox 759 3558 2255 3642; baseline 0.001 -23"><span class='ocrx_word' id='word_1_317' title='bbox 759 3575 950 3619; x_wconf 89' lang='lat' dir='ltr'><strong>causa</strong></span> <span class='ocrx_word' id='word_1_318' title='bbox 991 3576 1105 3620; x_wconf 88' lang='lat' dir='ltr'><strong>cur</strong></span> <span class='ocrx_word' id='word_1_319' title='bbox 1147 3558 1464 3640; x_wconf 87' lang='lat' dir='ltr'><strong>quantitas</strong></span> <span class='ocrx_word' id='word_1_320' title='bbox 1508 3558 1732 3642; x_wconf 90' lang='lat' dir='ltr'><strong>nequit</strong></span> <span class='ocrx_word' id='word_1_321' title='bbox 1772 3577 1910 3621; x_wconf 89' lang='lat' dir='ltr'><strong>esse</strong></span> <span class='ocrx_word' id='word_1_322' title='bbox 1953 3559 2255 3621; x_wconf 86' lang='lat' dir='ltr'><strong>naturali-</strong></span> 
     </span>
     <span class='ocr_line' id='line_1_55' title="bbox 755 3655 2253 3738; baseline 0.002 -20"><span class='ocrx_word' id='word_1_323' title='bbox 755 3664 856 3719; x_wconf 88' lang='lat' dir='ltr'><strong>ter</strong></span> <span class='ocrx_word' id='word_1_324' title='bbox 901 3655 1265 3738; x_wconf 88' lang='lat' dir='ltr'><strong>subjectum</strong></span> <span class='ocrx_word' id='word_1_325' title='bbox 1322 3658 1868 3721; x_wconf 86' lang='lat' dir='ltr'><strong>transmutationis</strong></span> <span class='ocrx_word' id='word_1_326' title='bbox 1925 3659 2064 3721; x_wconf 91' lang='lat' dir='ltr'><strong>sine</strong></span> <span class='ocrx_word' id='word_1_327' title='bbox 2124 3677 2253 3721; x_wconf 90' lang='lat' dir='ltr'><strong>ma-</strong></span> 
     </span>
     <span class='ocr_line' id='line_1_56' title="bbox 758 3754 2255 3840; baseline 0.001 -23"><span class='ocrx_word' id='word_1_328' title='bbox 758 3754 919 3817; x_wconf 89' lang='lat' dir='ltr'><strong>teria</strong></span> <span class='ocrx_word' id='word_1_329' title='bbox 974 3762 1038 3817; x_wconf 88' lang='lat' dir='ltr'><strong>et</strong></span> <span class='ocrx_word' id='word_1_330' title='bbox 1093 3755 1234 3836; x_wconf 91' lang='lat' dir='ltr'><strong>ejus</strong></span> <span class='ocrx_word' id='word_1_331' title='bbox 1292 3755 1738 3832; x_wconf 87' lang='lat' dir='ltr'><strong>substratione,</strong></span> <span class='ocrx_word' id='word_1_332' title='bbox 1798 3764 1894 3820; x_wconf 91' lang='lat' dir='ltr'><strong>est</strong></span> <span class='ocrx_word' id='word_1_333' title='bbox 1949 3758 2255 3840; x_wconf 88' lang='lat' dir='ltr'><strong>quoniam</strong></span> 
     </span>
     <span class='ocr_line' id='line_1_57' title="bbox 759 3854 2256 3938; baseline 0.003 -24"><span class='ocrx_word' id='word_1_334' title='bbox 759 3854 1077 3936; x_wconf 85' lang='lat' dir='ltr'><strong>quantitas</strong></span> <span class='ocrx_word' id='word_1_335' title='bbox 1120 3854 1491 3917; x_wconf 88' lang='lat' dir='ltr'><strong>naturaliter</strong></span> <span class='ocrx_word' id='word_1_336' title='bbox 1533 3874 1672 3917; x_wconf 90' lang='lat' dir='ltr'><strong>esse</strong></span> <span class='ocrx_word' id='word_1_337' title='bbox 1715 3872 1842 3917; x_wconf 91' lang='lat' dir='ltr'><strong>non</strong></span> <span class='ocrx_word' id='word_1_338' title='bbox 1888 3863 2095 3938; x_wconf 89' lang='lat' dir='ltr'><strong>potest</strong></span> <span class='ocrx_word' id='word_1_339' title='bbox 2138 3875 2256 3918; x_wconf 88' lang='lat' dir='ltr'><strong>nec</strong></span> 
     </span>
     <span class='ocr_line' id='line_1_58' title="bbox 758 3952 2259 4036; baseline 0.001 -21"><span class='ocrx_word' id='word_1_340' title='bbox 758 3952 1120 4016; x_wconf 88' lang='lat' dir='ltr'><strong>conservari</strong></span> <span class='ocrx_word' id='word_1_341' title='bbox 1170 3953 1237 4016; x_wconf 92' lang='lat' dir='ltr'><strong>in</strong></span> <span class='ocrx_word' id='word_1_342' title='bbox 1287 3971 1425 4016; x_wconf 89' lang='lat' dir='ltr'><strong>esse</strong></span> <span class='ocrx_word' id='word_1_343' title='bbox 1472 3952 1713 4036; x_wconf 89' lang='lat' dir='ltr'><strong>absque</strong></span> <span class='ocrx_word' id='word_1_344' title='bbox 1763 3955 2048 4017; x_wconf 87' lang='lat' dir='ltr'><strong>materia.</strong></span> <span class='ocrx_word' id='word_1_345' title='bbox 2102 3955 2259 4018; x_wconf 86' lang='lat' dir='ltr'><strong>Con·</strong></span> 
     </span>
     <span class='ocr_line' id='line_1_59' title="bbox 760 4050 2257 4135; baseline 0.002 -22"><span class='ocrx_word' id='word_1_346' title='bbox 760 4050 1072 4125; x_wconf 83' lang='lat' dir='ltr'><strong>formiter,</strong></span> <span class='ocrx_word' id='word_1_347' title='bbox 1104 4051 1275 4133; x_wconf 89' lang='lat' dir='ltr'><strong>quod</strong></span> <span class='ocrx_word' id='word_1_348' title='bbox 1313 4051 1648 4133; x_wconf 87' lang='lat' dir='ltr'><strong>qualitates</strong></span> <span class='ocrx_word' id='word_1_349' title='bbox 1685 4053 1908 4116; x_wconf 81' lang='lat' dir='ltr'><strong>activae</strong></span> <span class='ocrx_word' id='word_1_350' title='bbox 1947 4070 2074 4117; x_wconf 91' lang='lat' dir='ltr'><strong>uon</strong></span> <span class='ocrx_word' id='word_1_351' title='bbox 2115 4071 2257 4135; x_wconf 92' lang='lat' dir='ltr'><strong>pos-</strong></span> 
     </span>
    </p>
   </div>
   <div class='ocr_carea' id='block_1_13' title="bbox 2366 3163 3877 4117">
    <p class='ocr_par' dir='ltr' id='par_1_14' title="bbox 2366 3163 3877 4117">
     <span class='ocr_line' id='line_1_60' title="bbox 2367 3163 3865 3245; baseline -0.002 -18"><span class='ocrx_word' id='word_1_352' title='bbox 2367 3164 2719 3245; x_wconf 89' lang='lat' dir='ltr'><strong>majoribus</strong></span> <span class='ocrx_word' id='word_1_353' title='bbox 2757 3163 3266 3227; x_wconf 89' lang='lat' dir='ltr'><strong>dimensionibus</strong></span> <span class='ocrx_word' id='word_1_354' title='bbox 3306 3164 3427 3226; x_wconf 86' lang='lat' dir='ltr'><strong>erit</strong></span> <span class='ocrx_word' id='word_1_355' title='bbox 3464 3182 3657 3245; x_wconf 89' lang='lat' dir='ltr'><strong>quam</strong></span> <span class='ocrx_word' id='word_1_356' title='bbox 3694 3170 3865 3225; x_wconf 90' lang='lat' dir='ltr'><strong>ante.</strong></span> 
     </span>
     <span class='ocr_line' id='line_1_61' title="bbox 2366 3260 3867 3344; baseline -0.002 -19"><span class='ocrx_word' id='word_1_357' title='bbox 2366 3264 2542 3338; x_wconf 89' lang='lat' dir='ltr'><strong>Quod</strong></span> <span class='ocrx_word' id='word_1_358' title='bbox 2592 3272 2837 3327; x_wconf 88' lang='lat' dir='ltr'><strong>certum</strong></span> <span class='ocrx_word' id='word_1_359' title='bbox 2888 3271 2985 3327; x_wconf 89' lang='lat' dir='ltr'><strong>est</strong></span> <span class='ocrx_word' id='word_1_360' title='bbox 3031 3262 3199 3337; x_wconf 87' lang='lat' dir='ltr'><strong>fieri,</strong></span> <span class='ocrx_word' id='word_1_361' title='bbox 3246 3262 3357 3325; x_wconf 88' lang='lat' dir='ltr'><strong>sed</strong></span> <span class='ocrx_word' id='word_1_362' title='bbox 3402 3262 3678 3344; x_wconf 88' lang='lat' dir='ltr'><strong>qualiter</strong></span> <span class='ocrx_word' id='word_1_363' title='bbox 3723 3260 3867 3335; x_wconf 88' lang='lat' dir='ltr'><strong>fiat,</strong></span> 
     </span>
     <span class='ocr_line' id='line_1_62' title="bbox 2366 3360 3873 3443; baseline -0.002 -19"><span class='ocrx_word' id='word_1_364' title='bbox 2366 3362 2639 3425; x_wconf 86' lang='lat' dir='ltr'><strong>difficile</strong></span> <span class='ocrx_word' id='word_1_365' title='bbox 2678 3369 2776 3425; x_wconf 90' lang='lat' dir='ltr'><strong>est</strong></span> <span class='ocrx_word' id='word_1_366' title='bbox 2805 3362 3044 3425; x_wconf 87' lang='lat' dir='ltr'><strong>videre.</strong></span> <span class='ocrx_word' id='word_1_367' title='bbox 3078 3361 3459 3424; x_wconf 88' lang='lat' dir='ltr'><strong>Naturaliter</strong></span> <span class='ocrx_word' id='word_1_368' title='bbox 3496 3360 3739 3443; x_wconf 88' lang='lat' dir='ltr'><strong>quippe</strong></span> <span class='ocrx_word' id='word_1_369' title='bbox 3782 3360 3873 3422; x_wconf 92' lang='lat' dir='ltr'><strong>lo-</strong></span> 
     </span>
     <span class='ocr_line' id='line_1_63' title="bbox 2366 3459 3871 3545; baseline -0.003 -21"><span class='ocrx_word' id='word_1_370' title='bbox 2366 3463 2781 3545; x_wconf 91' lang='lat' dir='ltr'><strong>quendo,non</strong></span> <span class='ocrx_word' id='word_1_371' title='bbox 2809 3470 2907 3524; x_wconf 89' lang='lat' dir='ltr'><strong>est</strong></span> <span class='ocrx_word' id='word_1_372' title='bbox 2934 3461 3083 3524; x_wconf 91' lang='lat' dir='ltr'><strong>dare</strong></span> <span class='ocrx_word' id='word_1_373' title='bbox 3111 3460 3389 3543; x_wconf 88' lang='lat' dir='ltr'><strong>aliquam</strong></span> <span class='ocrx_word' id='word_1_374' title='bbox 3423 3459 3871 3532; x_wconf 89' lang='lat' dir='ltr'><strong>mutationem,</strong></span> 
     </span>
     <span class='ocr_line' id='line_1_64' title="bbox 2366 3556 3871 3641; baseline -0.003 -18"><span class='ocrx_word' id='word_1_375' title='bbox 2366 3560 2491 3623; x_wconf 91' lang='lat' dir='ltr'><strong>nisi</strong></span> <span class='ocrx_word' id='word_1_376' title='bbox 2541 3561 2623 3622; x_wconf 89' lang='lat' dir='ltr'><strong>sit</strong></span> <span class='ocrx_word' id='word_1_377' title='bbox 2670 3560 3032 3641; x_wconf 87' lang='lat' dir='ltr'><strong>subjectum</strong></span> <span class='ocrx_word' id='word_1_378' title='bbox 3083 3559 3341 3622; x_wconf 89' lang='lat' dir='ltr'><strong>tertium</strong></span> <span class='ocrx_word' id='word_1_379' title='bbox 3399 3557 3571 3641; x_wconf 90' lang='lat' dir='ltr'><strong>quod</strong></span> <span class='ocrx_word' id='word_1_380' title='bbox 3628 3556 3871 3636; x_wconf 87' lang='lat' dir='ltr'><strong>subjici</strong></span> 
     </span>
     <span class='ocr_line' id='line_1_65' title="bbox 2368 3655 3873 3741; baseline -0.003 -20"><span class='ocrx_word' id='word_1_381' title='bbox 2368 3660 2568 3741; x_wconf 91' lang='lat' dir='ltr'><strong>possit</strong></span> <span class='ocrx_word' id='word_1_382' title='bbox 2596 3659 2843 3722; x_wconf 91' lang='lat' dir='ltr'><strong>duabus</strong></span> <span class='ocrx_word' id='word_1_383' title='bbox 2884 3657 3110 3721; x_wconf 87' lang='lat' dir='ltr'><strong>formis</strong></span> <span class='ocrx_word' id='word_1_384' title='bbox 3148 3657 3481 3740; x_wconf 80' lang='lat' dir='ltr'><strong>oppositiS‚</strong></span> <span class='ocrx_word' id='word_1_385' title='bbox 3515 3656 3617 3719; x_wconf 91' lang='lat' dir='ltr'><strong>vel</strong></span> <span class='ocrx_word' id='word_1_386' title='bbox 3657 3655 3873 3738; x_wconf 88' lang='lat' dir='ltr'><strong>priva·</strong></span> 
     </span>
     <span class='ocr_line' id='line_1_66' title="bbox 2366 3757 3872 3822; baseline -0.001 -3"><span class='ocrx_word' id='word_1_387' title='bbox 2366 3758 2526 3820; x_wconf 88' lang='lat' dir='ltr'><strong>tioni</strong></span> <span class='ocrx_word' id='word_1_388' title='bbox 2555 3777 2629 3820; x_wconf 89' lang='lat' dir='ltr'><strong>ac</strong></span> <span class='ocrx_word' id='word_1_389' title='bbox 2663 3757 2901 3822; x_wconf 86' lang='lat' dir='ltr'><strong>formae.</strong></span> <span class='ocrx_word' id='word_1_390' title='bbox 2936 3757 3073 3820; x_wconf 92' lang='lat' dir='ltr'><strong>Non</strong></span> <span class='ocrx_word' id='word_1_391' title='bbox 3105 3757 3280 3819; x_wconf 90' lang='lat' dir='ltr'><strong>enim</strong></span> <span class='ocrx_word' id='word_1_392' title='bbox 3316 3764 3483 3819; x_wconf 90' lang='lat' dir='ltr'><strong>esset</strong></span> <span class='ocrx_word' id='word_1_393' title='bbox 3512 3762 3723 3818; x_wconf 89' lang='lat' dir='ltr'><strong>motus</strong></span> <span class='ocrx_word' id='word_1_394' title='bbox 3756 3762 3872 3817; x_wconf 90' lang='lat' dir='ltr'><strong>aut</strong></span> 
     </span>
     <span class='ocr_line' id='line_1_67' title="bbox 2368 3854 3877 3929; baseline -0.003 -10"><span class='ocrx_word' id='word_1_395' title='bbox 2368 3856 2634 3920; x_wconf 87' lang='lat' dir='ltr'><strong>mutatio</strong></span> <span class='ocrx_word' id='word_1_396' title='bbox 2664 3856 3015 3919; x_wconf 91' lang='lat' dir='ltr'><strong>secundum</strong></span> <span class='ocrx_word' id='word_1_397' title='bbox 3047 3854 3745 3929; x_wconf 89' lang='lat' dir='ltr'><strong>illuminationem,nisi</strong></span> <span class='ocrx_word' id='word_1_398' title='bbox 3776 3871 3877 3915; x_wconf 90' lang='grc' dir='ltr'><strong>θε-</strong></span> 
     </span>
     <span class='ocr_line' id='line_1_68' title="bbox 2370 3952 3877 4037; baseline -0.002 -20"><span class='ocrx_word' id='word_1_399' title='bbox 2370 3963 2465 4018; x_wconf 82' lang='grc' dir='ltr'><strong>εθι</strong></span> <span class='ocrx_word' id='word_1_400' title='bbox 2494 3956 2885 4037; x_wconf 91' lang='lat' dir='ltr'><strong>diaphanum</strong></span> <span class='ocrx_word' id='word_1_401' title='bbox 2916 3974 2984 4019; x_wconf 91' lang='lat' dir='ltr'><strong>se</strong></span> <span class='ocrx_word' id='word_1_402' title='bbox 3014 3954 3440 4018; x_wconf 88' lang='lat' dir='ltr'><strong>diversimode</strong></span> <span class='ocrx_word' id='word_1_403' title='bbox 3471 3952 3877 4016; x_wconf 80' lang='lat' dir='ltr'><strong>habensJux·</strong></span> 
     </span>
     <span class='ocr_line' id='line_1_69' title="bbox 2369 4050 3876 4117; baseline -0.002 -1"><span class='ocrx_word' id='word_1_404' title='bbox 2369 4062 2433 4116; x_wconf 89' lang='lat' dir='ltr'><strong>ta</strong></span> <span class='ocrx_word' id='word_1_405' title='bbox 2472 4054 2645 4116; x_wconf 89' lang='lat' dir='ltr'><strong>hunc</strong></span> <span class='ocrx_word' id='word_1_406' title='bbox 2688 4055 2946 4117; x_wconf 90' lang='lat' dir='ltr'><strong>modum</strong></span> <span class='ocrx_word' id='word_1_407' title='bbox 2993 4053 3310 4117; x_wconf 90' lang='lat' dir='ltr'><strong>salvamus</strong></span> <span class='ocrx_word' id='word_1_408' title='bbox 3354 4053 3421 4115; x_wconf 90' lang='lat' dir='ltr'><strong>iu</strong></span> <span class='ocrx_word' id='word_1_409' title='bbox 3462 4050 3876 4116; x_wconf 76' lang='lat' dir='ltr'><strong>Sacramenta</strong></span> 
     </span>
    </p>
   </div>
   <div class='ocr_carea' id='block_1_14' title="bbox 759 4149 3877 4334">
    <p class='ocr_par' dir='ltr' id='par_1_15' title="bbox 759 4149 3877 4334">
     <span class='ocr_line' id='line_1_70' title="bbox 759 4149 3875 4241; baseline 0 -29"><span class='ocrx_word' id='word_1_410' title='bbox 759 4157 906 4212; x_wconf 89' lang='lat' dir='ltr'><strong>sunt</strong></span> <span class='ocrx_word' id='word_1_411' title='bbox 926 4167 1066 4212; x_wconf 90' lang='lat' dir='ltr'><strong>esse</strong></span> <span class='ocrx_word' id='word_1_412' title='bbox 1094 4150 1300 4211; x_wconf 92' lang='lat' dir='ltr'><strong>activa</strong></span> <span class='ocrx_word' id='word_1_413' title='bbox 1331 4150 1644 4232; x_wconf 88' lang='lat' dir='ltr'><strong>principia</strong></span> <span class='ocrx_word' id='word_1_414' title='bbox 1664 4150 2096 4214; x_wconf 90' lang='lat' dir='ltr'><strong>alterationum</strong></span> <span class='ocrx_word' id='word_1_415' title='bbox 2125 4152 2262 4215; x_wconf 90' lang='lat' dir='ltr'><strong>sine</strong></span> <span class='ocrx_word' id='word_1_416' title='bbox 2372 4160 2614 4216; x_wconf 90' lang='lat' dir='ltr'><strong>motum</strong></span> <span class='ocrx_word' id='word_1_417' title='bbox 2648 4153 2913 4216; x_wconf 88' lang='lat' dir='ltr'><strong>localem</strong></span> <span class='ocrx_word' id='word_1_418' title='bbox 2945 4160 3010 4215; x_wconf 92' lang='lat' dir='ltr'><strong>et</strong></span> <span class='ocrx_word' id='word_1_419' title='bbox 3038 4152 3477 4215; x_wconf 89' lang='lat' dir='ltr'><strong>alterationem</strong></span> <span class='ocrx_word' id='word_1_420' title='bbox 3513 4168 3528 4213; x_wconf 89' lang='lat'>:</span> <span class='ocrx_word' id='word_1_421' title='bbox 3560 4149 3875 4241; x_wconf 83' lang='lat' dir='ltr'><strong>quoniam</strong></span> 
     </span>
     <span class='ocr_line' id='line_1_71' title="bbox 759 4247 3877 4334; baseline 0 -25"><span class='ocrx_word' id='word_1_422' title='bbox 759 4248 966 4310; x_wconf 86' lang='lat' dir='ltr'><strong>forma</strong></span> <span class='ocrx_word' id='word_1_423' title='bbox 995 4247 1412 4321; x_wconf 88' lang='lat' dir='ltr'><strong>substantiali,</strong></span> <span class='ocrx_word' id='word_1_424' title='bbox 1427 4256 1524 4310; x_wconf 90' lang='lat' dir='ltr'><strong>est</strong></span> <span class='ocrx_word' id='word_1_425' title='bbox 1552 4249 1855 4330; x_wconf 88' lang='lat' dir='ltr'><strong>quoniam</strong></span> <span class='ocrx_word' id='word_1_426' title='bbox 1887 4250 2263 4313; x_wconf 87' lang='lat' dir='ltr'><strong>naturaliter</strong></span> <span class='ocrx_word' id='word_1_427' title='bbox 2291 4250 2340 4312; x_wconf 90' lang='lat' dir='ltr'>D</span> <span class='ocrx_word' id='word_1_428' title='bbox 2370 4251 2577 4314; x_wconf 88' lang='lat' dir='ltr'><strong>hostia</strong></span> <span class='ocrx_word' id='word_1_429' title='bbox 2607 4251 2845 4314; x_wconf 91' lang='lat' dir='ltr'><strong>moveri</strong></span> <span class='ocrx_word' id='word_1_430' title='bbox 2878 4258 3082 4334; x_wconf 84' lang='lat' dir='ltr'><strong>potest</strong></span> <span class='ocrx_word' id='word_1_431' title='bbox 3118 4249 3421 4324; x_wconf 87' lang='lat' dir='ltr'><strong>localiter,</strong></span> <span class='ocrx_word' id='word_1_432' title='bbox 3445 4250 3597 4332; x_wconf 89' lang='lat' dir='ltr'><strong>quia</strong></span> <span class='ocrx_word' id='word_1_433' title='bbox 3625 4248 3877 4311; x_wconf 80' lang='lat' dir='ltr'><strong>dimen-</strong></span> 
     </span>
    </p>
   </div>
   <div class='ocr_carea' id='block_1_15' title="bbox 758 4346 2262 4527">
    <p class='ocr_par' dir='ltr' id='par_1_16' title="bbox 758 4346 2262 4527">
     <span class='ocr_line' id='line_1_72' title="bbox 761 4346 2262 4429; baseline 0.002 -22"><span class='ocrx_word' id='word_1_434' title='bbox 761 4364 901 4409; x_wconf 84' lang='grc' dir='ltr'>θεεθ</span> <span class='ocrx_word' id='word_1_435' title='bbox 941 4353 1050 4409; x_wconf 87' lang='lat' dir='ltr'><strong>aut</strong></span> <span class='ocrx_word' id='word_1_436' title='bbox 1088 4346 1447 4409; x_wconf 90' lang='lat' dir='ltr'><strong>conservari</strong></span> <span class='ocrx_word' id='word_1_437' title='bbox 1498 4364 1624 4409; x_wconf 92' lang='lat' dir='ltr'><strong>non</strong></span> <span class='ocrx_word' id='word_1_438' title='bbox 1667 4356 1913 4429; x_wconf 89' lang='lat' dir='ltr'><strong>queunt</strong></span> <span class='ocrx_word' id='word_1_439' title='bbox 1959 4350 2098 4411; x_wconf 90' lang='lat' dir='ltr'><strong>sine</strong></span> <span class='ocrx_word' id='word_1_440' title='bbox 2148 4349 2262 4410; x_wconf 90' lang='lat' dir='ltr'><strong>hu-</strong></span> 
     </span>
     <span class='ocr_line' id='line_1_73' title="bbox 758 4444 2262 4527; baseline 0.003 -21"><span class='ocrx_word' id='word_1_441' title='bbox 758 4444 1042 4525; x_wconf 82' lang='lat' dir='ltr'><strong>jusmodi</strong></span> <span class='ocrx_word' id='word_1_442' title='bbox 1081 4444 1302 4507; x_wconf 86' lang='lat' dir='ltr'><strong>forma.</strong></span> <span class='ocrx_word' id='word_1_443' title='bbox 1339 4444 1544 4518; x_wconf 87' lang='lat' dir='ltr'><strong>Quum</strong></span> <span class='ocrx_word' id='word_1_444' title='bbox 1583 4464 1735 4527; x_wconf 91' lang='lat' dir='ltr'><strong>ergo</strong></span> <span class='ocrx_word' id='word_1_445' title='bbox 1771 4446 2005 4509; x_wconf 90' lang='lat' dir='ltr'><strong>virtute</strong></span> <span class='ocrx_word' id='word_1_446' title='bbox 2043 4447 2262 4510; x_wconf 86' lang='lat' dir='ltr'><strong>divina</strong></span> 
     </span>
    </p>
   </div>
   <div class='ocr_carea' id='block_1_16' title="bbox 2369 4344 3875 4526">
    <p class='ocr_par' dir='ltr' id='par_1_17' title="bbox 2369 4344 3875 4526">
     <span class='ocr_line' id='line_1_74' title="bbox 2369 4344 3875 4427; baseline 0 -18"><span class='ocrx_word' id='word_1_447' title='bbox 2369 4347 2580 4410; x_wconf 91' lang='lat' dir='ltr'><strong>siones</strong></span> <span class='ocrx_word' id='word_1_448' title='bbox 2624 4348 2845 4412; x_wconf 83' lang='lat' dir='ltr'><strong>hostiae</strong></span> <span class='ocrx_word' id='word_1_449' title='bbox 2891 4347 3267 4410; x_wconf 88' lang='lat' dir='ltr'><strong>exsistentes</strong></span> <span class='ocrx_word' id='word_1_450' title='bbox 3314 4344 3875 4427; x_wconf 84' lang='lat' dir='ltr'><strong>circumscriptive</strong></span> 
     </span>
     <span class='ocr_line' id='line_1_75' title="bbox 2371 4444 3874 4526; baseline -0.001 -20"><span class='ocrx_word' id='word_1_451' title='bbox 2371 4444 2436 4506; x_wconf 91' lang='lat' dir='ltr'><strong>in</strong></span> <span class='ocrx_word' id='word_1_452' title='bbox 2486 4446 2645 4519; x_wconf 90' lang='lat' dir='ltr'><strong>loco,</strong></span> <span class='ocrx_word' id='word_1_453' title='bbox 2700 4453 2968 4526; x_wconf 87' lang='lat' dir='ltr'><strong>possunt</strong></span> <span class='ocrx_word' id='word_1_454' title='bbox 3016 4445 3377 4507; x_wconf 89' lang='lat' dir='ltr'><strong>successive</strong></span> <span class='ocrx_word' id='word_1_455' title='bbox 3426 4464 3494 4506; x_wconf 89' lang='lat' dir='ltr'><strong>se</strong></span> <span class='ocrx_word' id='word_1_456' title='bbox 3542 4461 3874 4507; x_wconf 90' lang='lat' dir='ltr'><strong>commen-</strong></span> 
     </span>
    </p>
   </div>
   <div class='ocr_carea' id='block_1_17' title="bbox 762 4541 3876 4625">
    <p class='ocr_par' dir='ltr' id='par_1_18' title="bbox 762 4541 3876 4625">
     <span class='ocr_line' id='line_1_76' title="bbox 762 4541 3876 4625; baseline 0 -20"><span class='ocrx_word' id='word_1_457' title='bbox 762 4542 1330 4625; x_wconf 89' lang='lat' dir='ltr'><strong>supernaturaliter</strong></span> <span class='ocrx_word' id='word_1_458' title='bbox 1359 4541 1723 4605; x_wconf 88' lang='lat' dir='ltr'><strong>conferatur</strong></span> <span class='ocrx_word' id='word_1_459' title='bbox 1761 4544 1826 4605; x_wconf 92' lang='lat' dir='ltr'><strong>in</strong></span> <span class='ocrx_word' id='word_1_460' title='bbox 1860 4544 2263 4608; x_wconf 88' lang='lat' dir='ltr'><strong>Sacramento</strong></span> <span class='ocrx_word' id='word_1_461' title='bbox 2368 4563 2585 4607; x_wconf 89' lang='lat' dir='ltr'><strong>surare</strong></span> <span class='ocrx_word' id='word_1_462' title='bbox 2634 4543 2790 4607; x_wconf 90' lang='lat' dir='ltr'><strong>locis</strong></span> <span class='ocrx_word' id='word_1_463' title='bbox 2838 4544 3128 4608; x_wconf 89' lang='lat' dir='ltr'><strong>diversis.</strong></span> <span class='ocrx_word' id='word_1_464' title='bbox 3183 4543 3287 4607; x_wconf 89' lang='lat' dir='ltr'><strong>Sic</strong></span> <span class='ocrx_word' id='word_1_465' title='bbox 3334 4544 3529 4607; x_wconf 89' lang='lat' dir='ltr'><strong>etiam</strong></span> <span class='ocrx_word' id='word_1_466' title='bbox 3577 4542 3876 4606; x_wconf 89' lang='lat' dir='ltr'><strong>alteratio</strong></span> 
     </span>
    </p>
   </div>
   <div class='ocr_carea' id='block_1_18' title="bbox 762 4640 2263 4725">
    <p class='ocr_par' dir='ltr' id='par_1_19' title="bbox 762 4640 2263 4725">
     <span class='ocr_line' id='line_1_77' title="bbox 762 4640 2263 4725; baseline 0.002 -22"><span class='ocrx_word' id='word_1_467' title='bbox 762 4641 1097 4723; x_wconf 86' lang='lat' dir='ltr'><strong>quantitati</strong></span> <span class='ocrx_word' id='word_1_468' title='bbox 1139 4641 1277 4703; x_wconf 92' lang='lat' dir='ltr'><strong>sine</strong></span> <span class='ocrx_word' id='word_1_469' title='bbox 1315 4640 1608 4722; x_wconf 90' lang='lat' dir='ltr'><strong>subjecto</strong></span> <span class='ocrx_word' id='word_1_470' title='bbox 1645 4642 1970 4717; x_wconf 86' lang='lat' dir='ltr'><strong>exsistere,</strong></span> <span class='ocrx_word' id='word_1_471' title='bbox 2003 4643 2263 4725; x_wconf 90' lang='lat' dir='ltr'><strong>qualita-</strong></span> 
     </span>
    </p>
   </div>
   <div class='ocr_carea' id='block_1_19' title="bbox 762 4738 2261 5405">
    <p class='ocr_par' dir='ltr' id='par_1_20' title="bbox 762 4738 2261 5405">
     <span class='ocr_line' id='line_1_78' title="bbox 764 4738 2259 4822; baseline 0.003 -22"><span class='ocrx_word' id='word_1_472' title='bbox 764 4738 936 4801; x_wconf 88' lang='lat' dir='ltr'><strong>tibus</strong></span> <span class='ocrx_word' id='word_1_473' title='bbox 965 4756 1221 4821; x_wconf 90' lang='lat' dir='ltr'><strong>quoque</strong></span> <span class='ocrx_word' id='word_1_474' title='bbox 1251 4740 1390 4801; x_wconf 89' lang='lat' dir='ltr'><strong>sine</strong></span> <span class='ocrx_word' id='word_1_475' title='bbox 1423 4739 1779 4803; x_wconf 89' lang='lat' dir='ltr'><strong>substantia</strong></span> <span class='ocrx_word' id='word_1_476' title='bbox 1810 4740 1877 4803; x_wconf 92' lang='lat' dir='ltr'><strong>in</strong></span> <span class='ocrx_word' id='word_1_477' title='bbox 1907 4741 2259 4822; x_wconf 89' lang='lat' dir='ltr'><strong>quantitate</strong></span> 
     </span>
     <span class='ocr_line' id='line_1_79' title="bbox 764 4838 2259 4921; baseline 0.002 -22"><span class='ocrx_word' id='word_1_478' title='bbox 764 4838 1124 4902; x_wconf 87' lang='lat' dir='ltr'><strong>conservari</strong></span> <span class='ocrx_word' id='word_1_479' title='bbox 1177 4856 1251 4899; x_wconf 91' lang='lat' dir='ltr'><strong>ac</strong></span> <span class='ocrx_word' id='word_1_480' title='bbox 1304 4856 1700 4920; x_wconf 87' lang='lat' dir='ltr'><strong>permanere,</strong></span> <span class='ocrx_word' id='word_1_481' title='bbox 1752 4846 1961 4920; x_wconf 89' lang='lat' dir='ltr'><strong>potest</strong></span> <span class='ocrx_word' id='word_1_482' title='bbox 2009 4840 2259 4921; x_wconf 89' lang='lat' dir='ltr'><strong>quanti-</strong></span> 
     </span>
     <span class='ocr_line' id='line_1_80' title="bbox 763 4936 2259 5019; baseline 0.002 -20"><span class='ocrx_word' id='word_1_483' title='bbox 763 4944 858 4999; x_wconf 85' lang='lat' dir='ltr'><strong>tas</strong></span> <span class='ocrx_word' id='word_1_484' title='bbox 908 4937 1045 5019; x_wconf 89' lang='lat' dir='ltr'><strong>ipsa</strong></span> <span class='ocrx_word' id='word_1_485' title='bbox 1082 4954 1161 4999; x_wconf 86' lang='lat' dir='ltr'><strong>ex</strong></span> <span class='ocrx_word' id='word_1_486' title='bbox 1198 4936 1663 5019; x_wconf 88' lang='lat' dir='ltr'><strong>omnipotentia</strong></span> <span class='ocrx_word' id='word_1_487' title='bbox 1710 4937 1821 5000; x_wconf 91' lang='lat' dir='ltr'><strong>Dei</strong></span> <span class='ocrx_word' id='word_1_488' title='bbox 1865 4956 2006 5001; x_wconf 88' lang='lat' dir='ltr'><strong>esse</strong></span> <span class='ocrx_word' id='word_1_489' title='bbox 2043 4938 2259 5019; x_wconf 92' lang='lat' dir='ltr'><strong>subje-</strong></span> 
     </span>
     <span class='ocr_line' id='line_1_81' title="bbox 764 5035 2258 5112; baseline 0.002 -14"><span class='ocrx_word' id='word_1_490' title='bbox 764 5044 938 5098; x_wconf 89' lang='lat' dir='ltr'><strong>ctum</strong></span> <span class='ocrx_word' id='word_1_491' title='bbox 968 5035 1572 5099; x_wconf 87' lang='lat' dir='ltr'><strong>transmutationum</strong></span> <span class='ocrx_word' id='word_1_492' title='bbox 1601 5045 1665 5099; x_wconf 89' lang='lat' dir='ltr'><strong>et</strong></span> <span class='ocrx_word' id='word_1_493' title='bbox 1693 5036 2162 5112; x_wconf 89' lang='lat' dir='ltr'><strong>alterationum,</strong></span> <span class='ocrx_word' id='word_1_494' title='bbox 2184 5058 2258 5101; x_wconf 93' lang='lat' dir='ltr'><strong>ac</strong></span> 
     </span>
     <span class='ocr_line' id='line_1_82' title="bbox 762 5133 2259 5218; baseline 0.001 -20"><span class='ocrx_word' id='word_1_495' title='bbox 762 5136 816 5198; x_wconf 92' lang='lat' dir='ltr'><strong>si</strong></span> <span class='ocrx_word' id='word_1_496' title='bbox 867 5134 1157 5198; x_wconf 88' lang='lat' dir='ltr'><strong>subesset</strong></span> <span class='ocrx_word' id='word_1_497' title='bbox 1203 5134 1264 5197; x_wconf 90' lang='lat' dir='ltr'><strong>ei</strong></span> <span class='ocrx_word' id='word_1_498' title='bbox 1313 5134 1579 5198; x_wconf 88' lang='lat' dir='ltr'><strong>materia</strong></span> <span class='ocrx_word' id='word_1_499' title='bbox 1619 5152 1633 5197; x_wconf 75' lang='grc' dir='ltr'>ε</span> <span class='ocrx_word' id='word_1_500' title='bbox 1678 5133 1770 5198; x_wconf 89' lang='lat' dir='ltr'><strong>sic</strong></span> <span class='ocrx_word' id='word_1_501' title='bbox 1818 5142 1881 5198; x_wconf 91' lang='lat' dir='ltr'><strong>et</strong></span> <span class='ocrx_word' id='word_1_502' title='bbox 1923 5136 2259 5218; x_wconf 88' lang='lat' dir='ltr'><strong>qualitates</strong></span> 
     </span>
     <span class='ocr_line' id='line_1_83' title="bbox 763 5233 2261 5316; baseline 0.002 -21"><span class='ocrx_word' id='word_1_503' title='bbox 763 5241 1092 5296; x_wconf 88' lang='lat' dir='ltr'><strong>manentes</strong></span> <span class='ocrx_word' id='word_1_504' title='bbox 1142 5251 1438 5297; x_wconf 88' lang='lat' dir='ltr'><strong>exercere</strong></span> <span class='ocrx_word' id='word_1_505' title='bbox 1486 5233 1703 5297; x_wconf 89' lang='lat' dir='ltr'><strong>valent</strong></span> <span class='ocrx_word' id='word_1_506' title='bbox 1747 5252 1892 5297; x_wconf 88' lang='lat' dir='ltr'><strong>suas</strong></span> <span class='ocrx_word' id='word_1_507' title='bbox 1951 5234 2261 5316; x_wconf 89' lang='lat' dir='ltr'><strong>operatio-</strong></span> 
     </span>
     <span class='ocr_line' id='line_1_84' title="bbox 765 5331 2252 5405; baseline 0.002 -12"><span class='ocrx_word' id='word_1_508' title='bbox 765 5348 900 5405; x_wconf 91' lang='lat' dir='ltr'><strong>nes,</strong></span> <span class='ocrx_word' id='word_1_509' title='bbox 932 5350 1005 5393; x_wconf 88' lang='lat' dir='ltr'><strong>ac</strong></span> <span class='ocrx_word' id='word_1_510' title='bbox 1035 5332 1087 5393; x_wconf 91' lang='lat' dir='ltr'><strong>si</strong></span> <span class='ocrx_word' id='word_1_511' title='bbox 1118 5340 1405 5395; x_wconf 89' lang='lat' dir='ltr'><strong>maneret</strong></span> <span class='ocrx_word' id='word_1_512' title='bbox 1433 5332 1524 5395; x_wconf 92' lang='lat' dir='ltr'><strong>ibi</strong></span> <span class='ocrx_word' id='word_1_513' title='bbox 1557 5331 1763 5394; x_wconf 86' lang='lat' dir='ltr'><strong>forma</strong></span> <span class='ocrx_word' id='word_1_514' title='bbox 1797 5332 2252 5396; x_wconf 82' lang='lat' dir='ltr'><strong>substantialis,</strong></span> 
     </span>
    </p>
   </div>
   <div class='ocr_carea' id='block_1_20' title="bbox 2368 4641 3880 4822">
    <p class='ocr_par' dir='ltr' id='par_1_21' title="bbox 2368 4641 3880 4822">
     <span class='ocr_line' id='line_1_85' title="bbox 2369 4641 3874 4725; baseline -0.001 -21"><span class='ocrx_word' id='word_1_515' title='bbox 2369 4642 2460 4705; x_wconf 89' lang='lat' dir='ltr'><strong>ibi</strong></span> <span class='ocrx_word' id='word_1_516' title='bbox 2499 4662 2638 4706; x_wconf 90' lang='lat' dir='ltr'><strong>esse</strong></span> <span class='ocrx_word' id='word_1_517' title='bbox 2679 4649 2906 4725; x_wconf 85' lang='lat' dir='ltr'><strong>potest,</strong></span> <span class='ocrx_word' id='word_1_518' title='bbox 2941 4642 3245 4725; x_wconf 90' lang='lat' dir='ltr'><strong>quoniam</strong></span> <span class='ocrx_word' id='word_1_519' title='bbox 3284 4643 3505 4705; x_wconf 90' lang='lat' dir='ltr'><strong>eadem</strong></span> <span class='ocrx_word' id='word_1_520' title='bbox 3545 4641 3874 4723; x_wconf 88' lang='lat' dir='ltr'><strong>quantitas</strong></span> 
     </span>
     <span class='ocr_line' id='line_1_86' title="bbox 2368 4738 3880 4822; baseline -0.001 -20"><span class='ocrx_word' id='word_1_521' title='bbox 2368 4740 2781 4822; x_wconf 85' lang='lat' dir='ltr'><strong>qualitatibus</strong></span> <span class='ocrx_word' id='word_1_522' title='bbox 2810 4740 3256 4803; x_wconf 81' lang='lat' dir='ltr'><strong>differentibus</strong></span> <span class='ocrx_word' id='word_1_523' title='bbox 3285 4740 3699 4803; x_wconf 87' lang='lat' dir='ltr'><strong>contrariisve</strong></span> <span class='ocrx_word' id='word_1_524' title='bbox 3728 4738 3880 4801; x_wconf 89' lang='lat' dir='ltr'><strong>sub-</strong></span> 
     </span>
    </p>
   </div>
   <div class='ocr_carea' id='block_1_21' title="bbox 2363 4838 3875 4921">
    <p class='ocr_par' dir='ltr' id='par_1_22' title="bbox 2363 4838 3875 4921">
     <span class='ocr_line' id='line_1_87' title="bbox 2363 4838 3875 4921; baseline -0.001 -19"><span class='ocrx_word' id='word_1_525' title='bbox 2363 4839 2603 4920; x_wconf 82' lang='lat' dir='ltr'><strong>jicitur.</strong></span> <span class='ocrx_word' id='word_1_526' title='bbox 2650 4840 2840 4902; x_wconf 90' lang='lat' dir='ltr'><strong>Porro</strong></span> <span class='ocrx_word' id='word_1_527' title='bbox 2889 4840 2956 4901; x_wconf 90' lang='lat' dir='ltr'><strong>in</strong></span> <span class='ocrx_word' id='word_1_528' title='bbox 3007 4846 3305 4921; x_wconf 70' lang='lat' dir='ltr'><strong>praetacta</strong></span> <span class='ocrx_word' id='word_1_529' title='bbox 3352 4838 3875 4919; x_wconf 84' lang='lat' dir='ltr'><strong>augmentatione</strong></span> 
     </span>
    </p>
   </div>
   <div class='ocr_carea' id='block_1_22' title="bbox 2366 4937 3877 5417">
    <p class='ocr_par' dir='ltr' id='par_1_23' title="bbox 2366 4937 3877 5297">
     <span class='ocr_line' id='line_1_88' title="bbox 2366 4937 3877 5020; baseline 0 -19"><span class='ocrx_word' id='word_1_530' title='bbox 2366 4946 2431 5001; x_wconf 88' lang='lat' dir='ltr'><strong>et</strong></span> <span class='ocrx_word' id='word_1_531' title='bbox 2477 4938 2902 5001; x_wconf 89' lang='lat' dir='ltr'><strong>diminutione</strong></span> <span class='ocrx_word' id='word_1_532' title='bbox 2949 4958 3091 5020; x_wconf 81' lang='lat' dir='ltr'><strong>quae</strong></span> <span class='ocrx_word' id='word_1_533' title='bbox 3148 4937 3226 5000; x_wconf 89' lang='lat' dir='ltr'><strong>fit</strong></span> <span class='ocrx_word' id='word_1_534' title='bbox 3272 4956 3388 5019; x_wconf 91' lang='lat' dir='ltr'><strong>per</strong></span> <span class='ocrx_word' id='word_1_535' title='bbox 3436 4938 3877 5001; x_wconf 87' lang='lat' dir='ltr'><strong>condensatio-</strong></span> 
     </span>
     <span class='ocr_line' id='line_1_89' title="bbox 2368 5035 3877 5116; baseline 0 -17"><span class='ocrx_word' id='word_1_536' title='bbox 2368 5056 2515 5099; x_wconf 90' lang='lat' dir='ltr'><strong>nem</strong></span> <span class='ocrx_word' id='word_1_537' title='bbox 2554 5046 2619 5101; x_wconf 90' lang='lat' dir='ltr'><strong>et</strong></span> <span class='ocrx_word' id='word_1_538' title='bbox 2656 5037 3164 5109; x_wconf 89' lang='lat' dir='ltr'><strong>rarefactionem,</strong></span> <span class='ocrx_word' id='word_1_539' title='bbox 3198 5036 3362 5099; x_wconf 90' lang='lat' dir='ltr'><strong>nihil</strong></span> <span class='ocrx_word' id='word_1_540' title='bbox 3401 5035 3743 5116; x_wconf 90' lang='lat' dir='ltr'><strong>subjicitur</strong></span> <span class='ocrx_word' id='word_1_541' title='bbox 3776 5036 3877 5099; x_wconf 91' lang='lat' dir='ltr'><strong>di-</strong></span> 
     </span>
     <span class='ocr_line' id='line_1_90' title="bbox 2369 5134 3875 5218; baseline 0.001 -21"><span class='ocrx_word' id='word_1_542' title='bbox 2369 5137 2809 5200; x_wconf 90' lang='lat' dir='ltr'><strong>mensionibus</strong></span> <span class='ocrx_word' id='word_1_543' title='bbox 2840 5136 3023 5218; x_wconf 91' lang='lat' dir='ltr'><strong>panis</strong></span> <span class='ocrx_word' id='word_1_544' title='bbox 3053 5142 3164 5198; x_wconf 91' lang='lat' dir='ltr'><strong>aut</strong></span> <span class='ocrx_word' id='word_1_545' title='bbox 3192 5134 3689 5209; x_wconf 87' lang='lat' dir='ltr'><strong>vini.Quomodo</strong></span> <span class='ocrx_word' id='word_1_546' title='bbox 3716 5153 3875 5217; x_wconf 88' lang='lat' dir='ltr'><strong>ergo</strong></span> 
     </span>
     <span class='ocr_line' id='line_1_91' title="bbox 2371 5233 2727 5297; baseline 0.003 -1"><span class='ocrx_word' id='word_1_547' title='bbox 2371 5233 2539 5297; x_wconf 85' lang='lat' dir='ltr'><strong>fiunt</strong></span> <span class='ocrx_word' id='word_1_548' title='bbox 2580 5235 2727 5297; x_wconf 67' lang='lat' dir='ltr'><strong>ibi?</strong></span> 
     </span>
    </p>

    <p class='ocr_par' dir='ltr' id='par_1_24' title="bbox 2449 5334 3875 5417">
     <span class='ocr_line' id='line_1_92' title="bbox 2449 5334 3875 5417; baseline 0.001 -22"><span class='ocrx_word' id='word_1_549' title='bbox 2449 5334 2667 5417; x_wconf 87' lang='lat' dir='ltr'><strong>ltaque</strong></span> <span class='ocrx_word' id='word_1_550' title='bbox 2723 5335 3204 5411; x_wconf 88' lang='lat' dir='ltr'><strong>advertendum,</strong></span> <span class='ocrx_word' id='word_1_551' title='bbox 3257 5334 3429 5417; x_wconf 89' lang='lat' dir='ltr'><strong>quod</strong></span> <span class='ocrx_word' id='word_1_552' title='bbox 3487 5334 3553 5396; x_wconf 89' lang='lat' dir='ltr'><strong>in</strong></span> <span class='ocrx_word' id='word_1_553' title='bbox 3602 5334 3875 5397; x_wconf 82' lang='lat' dir='ltr'><strong>materia</strong></span> 
     </span>
    </p>
   </div>
   <div class='ocr_carea' id='block_1_23' title="bbox 3916 1311 4251 1367">
    <p class='ocr_par' dir='ltr' id='par_1_25' title="bbox 3916 1311 4251 1367">
     <span class='ocr_line' id='line_1_93' title="bbox 3916 1311 4251 1367; baseline -0.006 -12"><span class='ocrx_word' id='word_1_554' title='bbox 3916 1311 4181 1367; x_wconf 70' lang='lat' dir='ltr'><strong>Cs.p-26·.&#39;</strong></span> <span class='ocrx_word' id='word_1_555' title='bbox 4194 1312 4251 1360; x_wconf 83' lang='grc' dir='ltr'><strong>Ι),</strong></span> 
     </span>
    </p>
   </div>
   <div class='ocr_carea' id='block_1_24' title="bbox 3910 1374 4111 1418">
    <p class='ocr_par' dir='ltr' id='par_1_26' title="bbox 3910 1374 4111 1418">
     <span class='ocr_line' id='line_1_94' title="bbox 3910 1374 4111 1418; baseline 0 0"><span class='ocrx_word' id='word_1_556' title='bbox 3910 1374 4111 1418; x_wconf 50' lang='lat'><strong>3210&amp;</strong></span> 
     </span>
    </p>
   </div>
  </div>
 </body>
</html>
