4267 6250
916 515 1007 563 An
1044 514 1333 563 mu
1370 516 1577 563 108811·
1614 515 1697 563 At:
1734 515 1973 563 Dm?
2010 515 2346 573 eunoun
2383 516 2900 567 “mmm

3335 499 3458 563 513

348 684 653 759 cendum,
686 686 859 767 quod
896 685 1209 769 suffragia
1242 686 1437 749 unius
1473 694 1743 769 prosunt
1768 686 1859 749 al-
1884 686 1939 749 A
1966 685 2206 769 duplex
2239 696 2358 751 aet.
2401 688 2534 751 Una
2573 707 2720 771 quai
2753 687 2922 751 sistit
2959 687 3026 749 in
3065 687 3236 751 malo
3273 687 3458 751 alteri

348 782 469 844 teri
514 783 877 845 secundum
920 785 1094 865 quod
1136 785 1199 846 ei
1244 786 1717 875 continuant-qn
1748 785 1859 847 Po-
1966 784 2336 867 imprecato,
2361 794 2434 849 ut
2459 786 2514 848 si
2542 787 2998 849 dicas:Pereas
3027 786 3096 848 in
3123 794 3454 849 aeternum.

350 888 473 943 test
516 888 741 944 autem
788 882 957 945 actio
1016 882 1209 945 unius
1257 882 1441 944 alteri
1498 881 1855 945 continuari

348 978 717 1060 dupliciter.
776 978 1013 1053 Primo,
1064 980 1303 1042 virtute
1358 980 1661 1053 caritatiS,
1710 998 1855 1061 quai

348 1092 575 1139 omnoe
613 1075 845 1139 fideles
886 1078 1213 1139 connectit
1254 1084 1323 1139 ut
1364 1078 1497 1142 sint
1542 1095 1743 1141 unum
1786 1077 1855 1139 in

306 1223 323 1243 ,
346 1174 497 1247 Deo,
527 1173 717 1255 juxta
759 1174 919 1237 illud
954 1192 971 1236 ε
1002 1175 1323 1257 Particeps
1362 1192 1483 1255 ego
1528 1194 1671 1236 sum
1718 1192 1854 1237 om-

348 1273 531 1334 nium
572 1272 943 1335 timentium
982 1280 1066 1335 te.
1096 1273 1271 1335 Hanc
1308 1273 1853 1335 continuationem

348 1370 937 1433 excommunicatio
972 1388 1105 1435 non
1142 1371 1469 1453 intercipit
1502 1386 1519 1431 ε
1550 1372 1853 1452 quoniam

344 1467 515 1550 juste
544 1468 1093 1531 excommunicari
1122 1485 1315 1532 nemo
1344 1476 1551 1552 potest
1580 1470 1705 1531 nisi
1734 1487 1851 1551 pro

346 1566 537 1648 culpa
568 1567 845 1641 mortali,
880 1586 997 1650 per
1022 1586 1217 1650 quam
1245 1586 1284 1628 a
1314 1568 1575 1629 caritate
1602 1567 1849 1629 divisus

343 1672 461 1738 est,
497 1665 755 1728 etiamsi
784 1683 915 1727 non
952 1666 1582 1743 excommunicetur;
1614 1664 1853 1746 injusta

340 1770 555 1826 autem
620 1764 1203 1827 excommunicatio
1263 1764 1593 1826 caritatem
1654 1763 1847 1826 alicui

1964 882 2043 944 Et
2090 883 2178 946 ita
2222 901 2350 947 non
2398 884 2566 947 licet.
2597 884 2740 948 Alia
2783 904 2928 967 quae
2975 884 3168 947 infert
3213 883 3456 947 malum

1964 979 2121 1042 illud
2151 981 2232 1043 ad
2263 981 2504 1045 bonum
2531 982 2674 1063 ejus
2701 983 2808 1045 cui
2839 982 3202 1045 maledictio
3231 981 3342 1043 illa
3369 981 3462 1043 in-

1962 1076 2186 1140 fertur.
2219 1078 2452 1161 Sicque
2495 1080 3074 1143 excommunicatio
3119 1088 3218 1143 est
3263 1079 3457 1143 male—

1960 1175 2162 1239 dictio
2201 1178 2516 1260 quaedam,
2559 1186 2624 1241 et
2665 1179 2754 1241 ita
2793 1187 2892 1240 est
2929 1178 3124 1241 licita.

2028 1275 2318 1358 Denique
2345 1293 2425 1337 ex
2457 1275 2576 1339 boc
2607 1278 2778 1359 quod
2807 1276 2954 1359 quis
2981 1275 3308 1357 suffragiis
3337 1277 3460 1358 pri-

1959 1380 2146 1436 vatur
2173 1372 2495 1447 Ecclesiae,
2527 1374 2762 1458 triplex
2803 1373 3072 1437 incurrit
3109 1375 3458 1438 incommo-

1958 1471 2138 1544 dum,
2175 1489 2255 1533 ex
2303 1472 2600 1555 opposito
2641 1472 2724 1535 ad
2768 1472 3000 1554 triplex
3047 1473 3458 1536 commodum

1958 1570 2129 1651 quod
2189 1588 2267 1631 ex
2313 1569 2642 1651 suffragiis
2699 1569 3000 1633 Ecclesia
3043 1570 3458 1652 consequitur

1958 1666 2171 1729 homo.
2205 1666 2430 1729 Valent
2457 1686 2736 1750 namque
2763 1668 2843 1730 ad
2871 1674 3286 1749 augmentum
3317 1686 3456 1749 gra-

1956 1765 2061 1828 tiae
2090 1766 2188 1827 eis
2215 1766 2325 1848 qui
2356 1766 2626 1847 gratiam
2665 1766 2924 1840 babent,
2953 1774 3146 1848 atque
3179 1766 3262 1828 ad
3289 1766 3454 1830 obti-

338 1861 597 1924 auferre
626 1880 757 1925 non
796 1870 1023 1945 potest.
1058 1863 1373 1937 Secunde,
1406 1882 1523 1946 per
1550 1862 1846 1926 intentio-
1876 1863 1923 1925 B
1958 1864 2240 1926 nendum
2279 1883 2420 1927 cam
2459 1866 2554 1926 eis
2591 1864 2704 1947 qui
2741 1883 2883 1927 eam
2921 1882 3053 1927 non
3083 1864 3342 1927 babent.
3377 1865 3455 1927 Et

340 1980 489 2023 nem
530 1961 829 2023 facientis
866 1961 1197 2043 suffragia,
1228 1981 1371 2044 quae
1413 1962 1685 2025 intentio
1721 1961 1845 2023 fer·

339 2068 447 2122 tur
488 2059 559 2122 in
596 2078 748 2121 eum
787 2077 905 2141 pro
942 2078 1073 2142 quo
1108 2060 1415 2141 suffragia
1454 2060 1641 2123 fiunt.
1672 2060 1845 2123 Hanc

338 2156 891 2221 continuationem
954 2158 1533 2221 excommunicatio
1592 2157 1845 2220 interci-

338 2258 436 2338 pit
466 2273 483 2317 :
514 2256 675 2338 quia
700 2254 989 2317 Ecclesia
1023 2274 1141 2337 per
1166 2255 1845 2318 excommunicationis

338 2355 727 2417 sententiam
796 2361 1049 2436 separat
1112 2354 1697 2416 excommunicatos
1760 2354 1844 2415 ab

340 2454 759 2515 universitate
806 2452 1127 2525 fidelium,
1166 2470 1285 2535 pro
1330 2452 1569 2535 quibus
1614 2451 1845 2515 suffra-

338 2550 442 2633 gia
488 2550 659 2613 facit.
692 2552 857 2614 Hinc
900 2550 1211 2632 suffragia
1251 2550 1553 2613 Ecclesiae
1592 2566 1843 2613 excom-

342 2650 673 2713 municato
700 2666 829 2713 non
861 2658 1131 2731 prosunt
1156 2669 1301 2732 quae
1330 2667 1449 2731 pro
1474 2656 1605 2711 tota
1634 2648 1847 2710 Eccle-

338 2749 431 2811 sia
468 2748 681 2828 fiunt3
717 2767 837 2811 nec
876 2767 957 2811 ex
996 2766 1265 2831 persona
1304 2748 1605 2811 Ecclesiae
1642 2747 1845 2810 oratio

340 2864 457 2929 pro
499 2865 579 2910 eo
626 2848 795 2910 inter
840 2847 1133 2911 membra
1178 2846 1480 2910 Ecclesia>
1534 2845 1682 2909 fieri
1737 2864 1845 2929 po·

340 2952 485 3021 test,
519 2946 817 3028 quamvis
864 2964 1137 3028 persona
1184 2946 1432 3028 privata
1478 2945 1681 3027 possit
1725 2962 1845 3027 pm

338 3043 453 3107 illo
492 3061 696 3108 orare.

415 3143 709 3224 Denique
765 3145 819 3206 si
877 3151 1219 3225 quaeratur,
1278 3161 1397 3205 cur
1450 3152 1516 3206 et
1568 3142 1843 3226 qualiter

336 3241 679 3304 conveniat
738 3241 1043 3305 Ecclesiae
1098 3241 1381 3323 aliquem
1441 3241 1839 3304 credentium

337 3339 935 3419 excommunicare3
978 3339 1347 3414 dicendum,
1390 3341 1562 3422 quod
1606 3339 1839 3420 judici-

336 3457 447 3500 um
480 3437 783 3502 Ecclesia
812 3437 1191 3501 conformari
1220 3437 1411 3500 debet
1435 3437 1681 3518 judicio
1703 3437 1835 3499 Dei.

336 3536 507 3598 Deus
554 3542 771 3598 autem
819 3544 1187 3618 peccatores
1236 3535 1681 3618 multipliciter
1728 3554 1841 3617 pu·

336 3635 453 3709 nit,
488 3640 563 3696 ut
604 3651 713 3697 eos
758 3633 839 3696 ad
888 3632 1130 3696 bonum
1173 3633 1429 3696 trahat:
1460 3632 1693 3715 primo,
1724 3633 1840 3696 fla-

336 3731 525 3812 gellis
570 3732 971 3814 castigand03
1001 3731 1305 3806 secundo,
1336 3731 1664 3794 hominem
1712 3731 1839 3794 sibi

336 3829 461 3911 ipsi
494 3829 941 3911 relinquendo,
962 3837 1279 3912 quatenus
1308 3829 1631 3912 propriam
1663 3828 1843 3892 infir-

336 3926 627 3991 mitatem
686 3928 1071 4010 experiatur,
1121 3934 1189 3989 et
1236 3927 1322 3990 ita
1366 3928 1444 3989 ad
1494 3927 1839 3990 Dominum

334 4029 695 4088 revertatur
740 4039 757 4084 ε
803 4022 871 4085 in
918 4039 1192 4104 quorum
1241 4029 1509 4104 utroque
1558 4022 1841 4086 Ecclesia

334 4122 629 4185 imitatur
658 4121 860 4184 Deum
889 4121 1563 4184 excommunicationis
1592 4131 1840 4186 senten-

1956 1970 2266 2043 quantum
2295 1964 2376 2026 ad
2413 1963 2534 2025 hoc
2571 1964 2729 2026 dicit
2763 1963 3078 2044 Magister,
3111 1965 3282 2045 quod
3317 1982 3456 2045 gra-

1953 2060 2043 2122 tia
2088 2080 2204 2143 per
2249 2062 2974 2124 excommunicationem
3033 2061 3450 2125 subtrahitur.

1954 2158 2248 2221 Secundo
2289 2159 2502 2222 valent
2541 2161 2622 2223 ad
2665 2160 2918 2222 virtutis
2965 2159 3340 2223 custodiam.
3375 2160 3454 2223 Et

1954 2267 2266 2337 quantum
2295 2258 2376 2320 ad
2409 2258 2528 2320 boc
2565 2259 2812 2331 asserit,
2844 2260 3016 2340 quod
3055 2277 3172 2340 per
3197 2277 3450 2321 excom-

1955 2356 2454 2419 municationem
2485 2358 2794 2436 protectio
2823 2357 2934 2419 Dei
2971 2356 3300 2420 aufertur:
3324 2376 3448 2421 non

1952 2453 2121 2534 quod
2169 2455 2760 2517 excommunicatus
2807 2475 2846 2517 a
2887 2456 3290 2536 providentia
3341 2456 3452 2519 Dei

1953 2551 2230 2613 totaliter
2274 2552 2656 2626 excluditur,
2689 2552 2799 2615 sed
2845 2552 2928 2615 ab
2979 2553 3090 2616 illa
3135 2554 3454 2617 defensio-

1952 2668 2033 2711 ne
2062 2668 2190 2731 qua
2217 2648 2633 2731 Omnipotens
2661 2650 2836 2715 filios
2875 2650 3175 2714 Ecclesiae
3207 2653 3452 2734 specia-

1954 2746 2096 2809 liori
2136 2748 2326 2811 modo
2361 2753 2595 2810 tuetur.
2628 2748 2840 2811 Tertio
2869 2748 3083 2811 valent
3119 2749 3202 2811 ad
3229 2748 3449 2812 defen·

1950 2844 2197 2908 sionem
2223 2844 2306 2907 ab
2335 2846 2536 2909 hoste.
2553 2846 2630 2909 Et
2656 2854 2968 2929 quantum
2995 2847 3076 2909 ad
3105 2847 3227 2910 hoc
3253 2847 3448 2921 addit,

1952 2944 2121 3025 quod
2173 2943 2377 3024 major
2413 2952 2690 3027 potestas
2737 2945 3040 3009 saeviendi
3089 2945 3154 3007 in
3201 2964 3453 3009 excom-

1870 3042 1917 3105 C
1952 3041 2350 3104 municatum
2379 3042 2633 3105 diabolo
2659 3043 2864 3117 datur,
2876 3051 3006 3106 tam
3035 3043 3454 3127 spiritualiter

1949 3158 2145 3221 quam
2201 3141 2632 3224 corporaliter.
2693 3143 2938 3205 Idcirco
2993 3143 3061 3204 in
3123 3143 3452 3225 primitiva

1950 3238 2254 3313 Ecclesia,
2286 3241 2541 3321 quando
2577 3258 2694 3322 per
2721 3241 2902 3322 signa
2937 3239 3232 3304 homines
3271 3250 3453 3305 erant

1950 3335 2294 3398 inducendi
2323 3337 2404 3398 ad
2443 3337 2664 3411 fidem,
2697 3336 2864 3398 sicut
2902 3338 3144 3400 donum
3173 3338 3450 3421 Spiritus

1949 3433 2162 3497 Sancti
2201 3452 2318 3516 per
2353 3433 2657 3496 sensibile
2699 3434 2956 3516 signum
3001 3434 3447 3498 manifestaba-

1950 3541 2075 3607 tur,
2108 3533 2202 3595 sic
2249 3533 2453 3596 virtus
2499 3533 3180 3596 excommunicationis
3227 3551 3448 3616 corpo-

1948 3631 2065 3693 rali
2108 3631 2442 3693 vexatione
2477 3631 3016 3694 excommunicati
3057 3650 3096 3694 a
3133 3632 3443 3695 daemone.

1946 3730 2075 3793 Nec
2105 3737 2318 3792 tamen
2359 3728 2641 3792 Ecclesia
2667 3729 2748 3792 de
2784 3730 3320 3792 excommunicati
3353 3750 3448 3793 sa·

1950 3827 2080 3890 lute
2147 3828 2460 3910 desperat,
2523 3827 2655 3890 imo
2717 3827 3446 3891 excommunicationem

1948 3927 2202 3991 ordinat
2249 3926 2330 3988 ad
2385 3925 2589 4008 ipsius
2645 3926 3182 3989 excommunicati
3239 3925 3445 3990 salva-

1948 4025 2210 4088 tionem.

2026 4122 2338 4196 Quaeritur
2367 4139 2736 4204 quoque,an
2767 4139 2884 4204 pro
2909 4122 3249 4205 temporali
3276 4123 3448 4187 dam·

332 4221 493 4284 tiam
542 4220 915 4301 infligendo.
948 4222 1021 4282 In
1058 4229 1369 4303 quantum
1410 4220 1586 4282 enim
1634 4222 1838 4284 homi·
1867 4221 1919 4285 D
1949 4239 2032 4284 no
2078 4220 2730 4284 excommunicandus
2777 4220 2862 4282 sit
2919 4220 3129 4284 bomo.
3181 4221 3446 4285 Videtur

334 4338 487 4383 nem
516 4337 555 4382 a
581 4318 1037 4382 communione
1074 4317 1369 4381 fidelium
1406 4327 1657 4401 separat
1694 4340 1841 4402 qua-

334 4427 522 4482 tenus
582 4416 925 4480 salubriter
981 4417 1333 4493 erubescat,
1384 4417 1669 4480 imitatur
1724 4421 1835 4482 Dei

330 4517 653 4600 judicium
683 4533 807 4598 quo
833 4534 949 4598 per
977 4515 1231 4597 flagella
1259 4517 1535 4597 castigat.
1554 4517 1621 4578 ln
1652 4537 1839 4599 quan-

334 4623 474 4679 tum
504 4635 659 4680 vero
686 4621 939 4698 separat
964 4615 1149 4677 illum
1178 4634 1217 4678 a
1245 4614 1565 4697 suffragiis
1592 4635 1665 4678 ac
1694 4616 1837 4679 aliis

334 4713 783 4798 spiritualibus
823 4712 1032 4787 bonis,
1066 4713 1352 4776 imitatur
1374 4713 1695 4794 judicium
1724 4714 1837 4778 Dei

333 4831 464 4896 quo
492 4813 825 4876 hominem
856 4811 981 4874 sibi
1014 4812 1138 4893 ipsi
1170 4811 1497 4894 relinquit,
1523 4820 1837 4894 quatenus

334 4933 451 4996 per
488 4913 923 4976 humilitatem
962 4931 1031 4974 se
1062 4912 1275 4994 ipsum
1317 4929 1725 4992 cognoscens,
1758 4913 1835 4975 ad

338 5014 543 5076 Deum
591 5019 1019 5093 compunctus
1060 5017 1366 5074 recurrat.
1398 5045 1479 5055 —
1508 5010 1575 5073 Si
1624 5018 1837 5074 autem

337 5111 703 5191 objiciatur,
735 5111 907 5193 quod
950 5108 1527 5173 excommunicatio
1568 5115 1665 5171 est
1708 5128 1836 5171 ma-

338 5209 596 5273 ledictio
625 5208 940 5291 quaedam,
973 5225 1101 5271 non
1138 5215 1355 5271 autem
1396 5207 1548 5270 licet
1578 5206 1837 5270 maledi-

336 5325 480 5372 cere
526 5305 811 5387 homini3
850 5305 1219 5382 dicendum,
1260 5305 1432 5388 quod
1470 5305 1835 5370 maledictio

588 5441 655 5493 T.
690 5440 771 5493 24.

1946 4319 2119 4402 quod
2162 4336 2312 4394 non,
2357 4318 2508 4400 quia
2555 4319 2650 4381 sic
2697 4337 2888 4401 poena
2931 4319 3267 4384 excederet
3314 4321 3447 4382 cul·

1948 4437 2111 4502 pam,
2126 4436 2246 4480 nec
2277 4417 2428 4480 licet
2457 4417 2698 4481 malum
2729 4436 2846 4501 pro
2875 4418 3044 4482 malo
3073 4420 3440 4502 rependere.

1945 4553 2026 4563 —
2071 4516 2634 4600 Respondendum‚
2682 4516 2851 4598 quod
2909 4536 3026 4599 per
3079 4535 3448 4581 excommu-

1946 4615 2288 4678 nicationis
2335 4615 2716 4678 senteutiam
2769 4614 3130 4677 excluditur
3172 4615 3364 4679 homo
3407 4635 3446 4678 a

1946 4731 2144 4795 regno
2171 4713 2708 4795 quodammodo,a
2735 4730 2866 4795 quo
2903 4730 3088 4776 nemo
3115 4721 3214 4775 est
3241 4714 3448 4776 exclu-

1944 4813 2194 4877 dendus
2223 4812 2349 4875 nisi
2379 4829 2496 4895 pro
2525 4811 2776 4874 mortali
2805 4818 3085 4892 peccato.
3110 4812 3448 4894 Quumque

1947 4930 2113 4974 unus
2157 4910 2354 4973 alium
2404 4909 2472 4972 in
2519 4907 2981 4990 temporalibus
3027 4908 3448 4972 damnifican-

1946 5010 2051 5085 do,
2106 5008 2480 5090 frequenter
2530 5013 2754 5090 peccet
2803 5006 3176 5082 mortaliter,
3235 5016 3448 5090 potest

1947 5126 2064 5190 pro
2093 5107 2204 5170 tali
2237 5106 2572 5170 malefacto
2601 5104 3163 5168 excommunicari.
3184 5105 3444 5181 Verum,

1947 5227 2150 5289 quum
2189 5203 2767 5269 excommunicatio
2800 5203 3178 5285 gravissima
3205 5204 3290 5267 sit
3319 5223 3449 5288 poe-

1948 5324 2199 5382 narum,
2231 5313 2296 5369 et
2333 5321 2538 5387 poenae
2578 5301 2990 5365 medicinales
3035 5301 3308 5366 debeant
3354 5321 3450 5366 es-

3134 5438 3196 5492 33
