<?xml version="1.0" encoding="UTF-8"?>
<!DOCTYPE html PUBLIC "-//W3C//DTD XHTML 1.0 Transitional//EN"
    "http://www.w3.org/TR/xhtml1/DTD/xhtml1-transitional.dtd">
<html xmlns="http://www.w3.org/1999/xhtml" xml:lang="en" lang="en">
 <head>
  <title>
</title>
<meta http-equiv="Content-Type" content="text/html;charset=utf-8" />
  <meta name='ocr-system' content='tesseract 3.04.00' />
  <meta name='ocr-capabilities' content='ocr_page ocr_carea ocr_par ocr_line ocrx_word'/>
</head>
<body>
  <div class='ocr_page' id='page_1' title='image "./doctorisecstati04unkngoog_0019.png"; bbox 0 0 4267 6250; ppageno 0'>
   <div class='ocr_carea' id='block_1_1' title="bbox 1451 516 3421 580">
    <p class='ocr_par' dir='ltr' id='par_1_1' title="bbox 1451 516 3421 580">
     <span class='ocr_line' id='line_1_1' title="bbox 1451 516 3421 580; baseline 0.001 -2"><span class='ocrx_word' id='word_1_1' title='bbox 1451 533 1740 580; x_wconf 69' lang='lat' dir='ltr'><strong>aris-rom</strong></span> <span class='ocrx_word' id='word_1_2' title='bbox 1779 531 2247 580; x_wconf 61' lang='lat' dir='ltr'><strong>nuncuparem</strong></span> <span class='ocrx_word' id='word_1_3' title='bbox 3380 516 3421 580; x_wconf 87' lang='lat'><strong>3</strong></span> 
     </span>
    </p>
   </div>
   <div class='ocr_carea' id='block_1_2' title="bbox 311 702 3432 5406">
    <p class='ocr_par' dir='ltr' id='par_1_2' title="bbox 311 702 3432 4650">
     <span class='ocr_line' id='line_1_2' title="bbox 323 702 3429 790; baseline 0.002 -24"><span class='ocrx_word' id='word_1_4' title='bbox 323 702 654 768; x_wconf 85' lang='lat' dir='ltr'><strong>credentes</strong></span> <span class='ocrx_word' id='word_1_5' title='bbox 689 704 764 768; x_wconf 91' lang='lat' dir='ltr'><strong>in</strong></span> <span class='ocrx_word' id='word_1_6' title='bbox 811 722 990 768; x_wconf 89' lang='lat' dir='ltr'><strong>eum.</strong></span> <span class='ocrx_word' id='word_1_7' title='bbox 1032 706 1102 770; x_wconf 90' lang='lat' dir='ltr'><strong>Si</strong></span> <span class='ocrx_word' id='word_1_8' title='bbox 1149 706 1372 769; x_wconf 88' lang='lat' dir='ltr'><strong>autem</strong></span> <span class='ocrx_word' id='word_1_9' title='bbox 1420 705 1578 770; x_wconf 86' lang='lat' dir='ltr'><strong>facit</strong></span> <span class='ocrx_word' id='word_1_10' title='bbox 1623 708 1764 772; x_wconf 86' lang='lat' dir='ltr'><strong>haec</strong></span> <span class='ocrx_word' id='word_1_11' title='bbox 1813 709 2036 771; x_wconf 90' lang='lat' dir='ltr'><strong>omnia</strong></span> <span class='ocrx_word' id='word_1_12' title='bbox 2081 707 2474 772; x_wconf 88' lang='lat' dir='ltr'><strong>scholastica</strong></span> <span class='ocrx_word' id='word_1_13' title='bbox 2520 707 2875 790; x_wconf 84' lang='lat' dir='ltr'><strong>theologia,</strong></span> <span class='ocrx_word' id='word_1_14' title='bbox 2916 708 3249 790; x_wconf 90' lang='lat' dir='ltr'><strong>quomodo</strong></span> <span class='ocrx_word' id='word_1_15' title='bbox 3305 708 3429 772; x_wconf 88' lang='lat' dir='ltr'><strong>erit</strong></span> 
     </span>
     <span class='ocr_line' id='line_1_3' title="bbox 319 811 3432 897; baseline 0.002 -25"><span class='ocrx_word' id='word_1_16' title='bbox 319 827 355 872; x_wconf 90' lang='lat' dir='ltr'><strong>a</strong></span> <span class='ocrx_word' id='word_1_17' title='bbox 389 811 588 874; x_wconf 90' lang='lat' dir='ltr'><strong>verbo</strong></span> <span class='ocrx_word' id='word_1_18' title='bbox 627 811 756 874; x_wconf 91' lang='lat' dir='ltr'><strong>Dei</strong></span> <span class='ocrx_word' id='word_1_19' title='bbox 794 811 1012 875; x_wconf 90' lang='lat' dir='ltr'><strong>aliena</strong></span> <span class='ocrx_word' id='word_1_20' title='bbox 1029 811 1060 873; x_wconf 67' lang='lat' dir='ltr'><strong>‘i</strong></span> <span class='ocrx_word' id='word_1_21' title='bbox 1097 812 1446 886; x_wconf 88' lang='lat' dir='ltr'><strong>Quomodo</strong></span> <span class='ocrx_word' id='word_1_22' title='bbox 1483 813 1892 895; x_wconf 82' lang='lat' dir='ltr'><strong>separabitur</strong></span> <span class='ocrx_word' id='word_1_23' title='bbox 1909 814 1940 876; x_wconf 67' lang='lat' dir='ltr'><strong>‘i</strong></span> <span class='ocrx_word' id='word_1_24' title='bbox 1975 813 2217 877; x_wconf 88' lang='lat' dir='ltr'><strong>Annon</strong></span> <span class='ocrx_word' id='word_1_25' title='bbox 2254 815 2353 878; x_wconf 91' lang='lat' dir='ltr'><strong>est</strong></span> <span class='ocrx_word' id='word_1_26' title='bbox 2381 815 2610 879; x_wconf 90' lang='lat' dir='ltr'><strong>eadem</strong></span> <span class='ocrx_word' id='word_1_27' title='bbox 2648 832 2819 897; x_wconf 91' lang='lat' dir='ltr'><strong>aqua</strong></span> <span class='ocrx_word' id='word_1_28' title='bbox 2849 832 2999 896; x_wconf 84' lang='lat' dir='ltr'><strong>quae</strong></span> <span class='ocrx_word' id='word_1_29' title='bbox 3027 832 3107 878; x_wconf 85' lang='lat' dir='ltr'><strong>ex</strong></span> <span class='ocrx_word' id='word_1_30' title='bbox 3138 813 3432 878; x_wconf 87' lang='lat' dir='ltr'><strong>fontibus</strong></span> 
     </span>
     <span class='ocr_line' id='line_1_4' title="bbox 316 916 3430 1002; baseline 0.002 -24"><span class='ocrx_word' id='word_1_31' title='bbox 316 916 631 996; x_wconf 81' lang='lat' dir='ltr'><strong>derivata,</strong></span> <span class='ocrx_word' id='word_1_32' title='bbox 666 918 906 982; x_wconf 89' lang='lat' dir='ltr'><strong>crescit</strong></span> <span class='ocrx_word' id='word_1_33' title='bbox 942 920 1011 982; x_wconf 92' lang='lat' dir='ltr'><strong>in</strong></span> <span class='ocrx_word' id='word_1_34' title='bbox 1041 918 1210 982; x_wconf 88' lang='lat' dir='ltr'><strong>latos</strong></span> <span class='ocrx_word' id='word_1_35' title='bbox 1247 919 1512 1000; x_wconf 76' lang='lat' dir='ltr'><strong>fluvioS,</strong></span> <span class='ocrx_word' id='word_1_36' title='bbox 1553 922 1620 984; x_wconf 88' lang='lat' dir='ltr'><strong>et</strong></span> <span class='ocrx_word' id='word_1_37' title='bbox 1647 920 1830 984; x_wconf 89' lang='lat' dir='ltr'><strong>lacus</strong></span> <span class='ocrx_word' id='word_1_38' title='bbox 1865 921 2135 985; x_wconf 90' lang='lat' dir='ltr'><strong>demum</strong></span> <span class='ocrx_word' id='word_1_39' title='bbox 2178 919 2413 1002; x_wconf 82' lang='lat' dir='ltr'><strong>implet</strong></span> <span class='ocrx_word' id='word_1_40' title='bbox 2453 922 2519 984; x_wconf 89' lang='lat' dir='ltr'><strong>et</strong></span> <span class='ocrx_word' id='word_1_41' title='bbox 2554 921 2808 984; x_wconf 77' lang='lat' dir='ltr'><strong>maria?</strong></span> <span class='ocrx_word' id='word_1_42' title='bbox 2836 921 3078 986; x_wconf 84' lang='lat' dir='ltr'><strong>Annon</strong></span> <span class='ocrx_word' id='word_1_43' title='bbox 3116 922 3217 985; x_wconf 90' lang='lat' dir='ltr'><strong>est</strong></span> <span class='ocrx_word' id='word_1_44' title='bbox 3251 921 3430 985; x_wconf 91' lang='lat' dir='ltr'><strong>idem</strong></span> 
     </span>
     <span class='ocr_line' id='line_1_5' title="bbox 315 1017 3431 1110; baseline 0.002 -25"><span class='ocrx_word' id='word_1_45' title='bbox 315 1023 504 1103; x_wconf 88' lang='lat' dir='ltr'><strong>panis</strong></span> <span class='ocrx_word' id='word_1_46' title='bbox 549 1042 756 1104; x_wconf 90' lang='lat' dir='ltr'><strong>quem</strong></span> <span class='ocrx_word' id='word_1_47' title='bbox 803 1024 1106 1090; x_wconf 90' lang='lat' dir='ltr'><strong>Christus</strong></span> <span class='ocrx_word' id='word_1_48' title='bbox 1151 1027 1220 1089; x_wconf 92' lang='lat' dir='ltr'><strong>in</strong></span> <span class='ocrx_word' id='word_1_49' title='bbox 1270 1026 1528 1091; x_wconf 87' lang='lat' dir='ltr'><strong>deserto</strong></span> <span class='ocrx_word' id='word_1_50' title='bbox 1569 1017 1834 1108; x_wconf 77' lang='lat' dir='ltr'><strong>frangit,</strong></span> <span class='ocrx_word' id='word_1_51' title='bbox 1867 1027 2171 1109; x_wconf 87' lang='lat' dir='ltr'><strong>Apostoli</strong></span> <span class='ocrx_word' id='word_1_52' title='bbox 2224 1027 2717 1108; x_wconf 86' lang='lat' dir='ltr'><strong>circumferunt,</strong></span> <span class='ocrx_word' id='word_1_53' title='bbox 2758 1029 3111 1092; x_wconf 88' lang='lat' dir='ltr'><strong>manducat</strong></span> <span class='ocrx_word' id='word_1_54' title='bbox 3154 1027 3380 1110; x_wconf 89' lang='lat' dir='ltr'><strong>plebes</strong></span> <span class='ocrx_word' id='word_1_55' title='bbox 3400 1027 3431 1090; x_wconf 73' lang='lat' dir='ltr'><strong>‘I</strong></span> 
     </span>
     <span class='ocr_line' id='line_1_6' title="bbox 315 1130 3426 1216; baseline 0.002 -24"><span class='ocrx_word' id='word_1_56' title='bbox 315 1130 598 1195; x_wconf 81' lang='lat' dir='ltr'><strong>Prorsus</strong></span> <span class='ocrx_word' id='word_1_57' title='bbox 646 1130 854 1212; x_wconf 90' lang='lat' dir='ltr'><strong>idem,</strong></span> <span class='ocrx_word' id='word_1_58' title='bbox 895 1134 1052 1213; x_wconf 87' lang='lat' dir='ltr'><strong>quia</strong></span> <span class='ocrx_word' id='word_1_59' title='bbox 1096 1135 1162 1198; x_wconf 91' lang='lat' dir='ltr'><strong>et</strong></span> <span class='ocrx_word' id='word_1_60' title='bbox 1209 1134 1574 1214; x_wconf 87' lang='lat' dir='ltr'><strong>fragmenta</strong></span> <span class='ocrx_word' id='word_1_61' title='bbox 1611 1152 1760 1216; x_wconf 87' lang='lat' dir='ltr'><strong>quae</strong></span> <span class='ocrx_word' id='word_1_62' title='bbox 1797 1136 2158 1215; x_wconf 80' lang='lat' dir='ltr'><strong>remanent,</strong></span> <span class='ocrx_word' id='word_1_63' title='bbox 2200 1152 2333 1198; x_wconf 91' lang='lat' dir='ltr'><strong>non</strong></span> <span class='ocrx_word' id='word_1_64' title='bbox 2380 1134 2573 1214; x_wconf 81' lang='lat' dir='ltr'><strong>aliuS,</strong></span> <span class='ocrx_word' id='word_1_65' title='bbox 2616 1134 2733 1199; x_wconf 88' lang='lat' dir='ltr'><strong>sed</strong></span> <span class='ocrx_word' id='word_1_66' title='bbox 2781 1136 2957 1199; x_wconf 90' lang='lat' dir='ltr'><strong>idem</strong></span> <span class='ocrx_word' id='word_1_67' title='bbox 3004 1135 3195 1216; x_wconf 91' lang='lat' dir='ltr'><strong>panis</strong></span> <span class='ocrx_word' id='word_1_68' title='bbox 3248 1137 3426 1198; x_wconf 90' lang='lat' dir='ltr'><strong>sunt.</strong></span> 
     </span>
     <span class='ocr_line' id='line_1_7' title="bbox 315 1236 3430 1322; baseline 0.003 -24"><span class='ocrx_word' id='word_1_69' title='bbox 315 1236 562 1301; x_wconf 81' lang='lat' dir='ltr'><strong>Verum</strong></span> <span class='ocrx_word' id='word_1_70' title='bbox 603 1239 724 1320; x_wconf 89' lang='lat' dir='ltr'><strong>qui</strong></span> <span class='ocrx_word' id='word_1_71' title='bbox 759 1239 953 1320; x_wconf 89' lang='lat' dir='ltr'><strong>panis</strong></span> <span class='ocrx_word' id='word_1_72' title='bbox 981 1241 1050 1303; x_wconf 91' lang='lat' dir='ltr'><strong>in</strong></span> <span class='ocrx_word' id='word_1_73' title='bbox 1087 1239 1330 1304; x_wconf 85' lang='lat' dir='ltr'><strong>Christi</strong></span> <span class='ocrx_word' id='word_1_74' title='bbox 1361 1242 1668 1306; x_wconf 89' lang='lat' dir='ltr'><strong>manibus</strong></span> <span class='ocrx_word' id='word_1_75' title='bbox 1702 1242 1922 1306; x_wconf 89' lang='lat' dir='ltr'><strong>brevis</strong></span> <span class='ocrx_word' id='word_1_76' title='bbox 1966 1245 2066 1306; x_wconf 87' lang='lat' dir='ltr'><strong>est</strong></span> <span class='ocrx_word' id='word_1_77' title='bbox 2112 1245 2179 1307; x_wconf 87' lang='lat' dir='ltr'><strong>et</strong></span> <span class='ocrx_word' id='word_1_78' title='bbox 2215 1244 2540 1322; x_wconf 89' lang='lat' dir='ltr'><strong>modicus,</strong></span> <span class='ocrx_word' id='word_1_79' title='bbox 2580 1237 2656 1304; x_wconf 82' lang='lat' dir='ltr'><strong>fit</strong></span> <span class='ocrx_word' id='word_1_80' title='bbox 2705 1242 2957 1306; x_wconf 85' lang='lat' dir='ltr'><strong>multus</strong></span> <span class='ocrx_word' id='word_1_81' title='bbox 2996 1243 3067 1304; x_wconf 92' lang='lat' dir='ltr'><strong>in</strong></span> <span class='ocrx_word' id='word_1_82' title='bbox 3121 1241 3430 1306; x_wconf 88' lang='lat' dir='ltr'><strong>manibus</strong></span> 
     </span>
     <span class='ocr_line' id='line_1_8' title="bbox 315 1344 3425 1430; baseline 0.002 -24"><span class='ocrx_word' id='word_1_83' title='bbox 315 1344 800 1425; x_wconf 88' lang='lat' dir='ltr'><strong>discipulorum</strong></span> <span class='ocrx_word' id='word_1_84' title='bbox 829 1347 1326 1428; x_wconf 81' lang='lat' dir='ltr'><strong>apponentium,</strong></span> <span class='ocrx_word' id='word_1_85' title='bbox 1365 1349 1694 1428; x_wconf 87' lang='lat' dir='ltr'><strong>plurimus</strong></span> <span class='ocrx_word' id='word_1_86' title='bbox 1722 1367 1878 1413; x_wconf 89' lang='lat' dir='ltr'><strong>vero</strong></span> <span class='ocrx_word' id='word_1_87' title='bbox 1915 1350 1986 1413; x_wconf 91' lang='lat' dir='ltr'><strong>in</strong></span> <span class='ocrx_word' id='word_1_88' title='bbox 2023 1368 2135 1413; x_wconf 90' lang='lat' dir='ltr'><strong>ore</strong></span> <span class='ocrx_word' id='word_1_89' title='bbox 2174 1350 2685 1428; x_wconf 86' lang='lat' dir='ltr'><strong>comedentium,</strong></span> <span class='ocrx_word' id='word_1_90' title='bbox 2726 1350 2792 1413; x_wconf 91' lang='lat' dir='ltr'><strong>et</strong></span> <span class='ocrx_word' id='word_1_91' title='bbox 2832 1365 2951 1430; x_wconf 90' lang='lat' dir='ltr'><strong>pro</strong></span> <span class='ocrx_word' id='word_1_92' title='bbox 2988 1348 3425 1430; x_wconf 87' lang='lat' dir='ltr'><strong>cophinorum</strong></span> 
     </span>
     <span class='ocr_line' id='line_1_9' title="bbox 315 1453 3424 1536; baseline 0.001 -22"><span class='ocrx_word' id='word_1_93' title='bbox 315 1467 627 1515; x_wconf 84' lang='lat' dir='ltr'><strong>mensura</strong></span> <span class='ocrx_word' id='word_1_94' title='bbox 665 1455 821 1534; x_wconf 88' lang='lat' dir='ltr'><strong>post</strong></span> <span class='ocrx_word' id='word_1_95' title='bbox 847 1471 942 1532; x_wconf 89' lang='lat' dir='ltr'><strong>se,</strong></span> <span class='ocrx_word' id='word_1_96' title='bbox 985 1455 1120 1517; x_wconf 91' lang='lat' dir='ltr'><strong>imo</strong></span> <span class='ocrx_word' id='word_1_97' title='bbox 1150 1471 1232 1517; x_wconf 86' lang='lat' dir='ltr'><strong>ex</strong></span> <span class='ocrx_word' id='word_1_98' title='bbox 1265 1471 1360 1533; x_wconf 91' lang='lat' dir='ltr'><strong>se,</strong></span> <span class='ocrx_word' id='word_1_99' title='bbox 1401 1453 1768 1536; x_wconf 87' lang='lat' dir='ltr'><strong>fragmenta</strong></span> <span class='ocrx_word' id='word_1_100' title='bbox 1796 1455 2130 1536; x_wconf 87' lang='lat' dir='ltr'><strong>relinquit.</strong></span> <span class='ocrx_word' id='word_1_101' title='bbox 2174 1455 2353 1518; x_wconf 89' lang='lat' dir='ltr'><strong>Talis</strong></span> <span class='ocrx_word' id='word_1_102' title='bbox 2385 1457 2575 1536; x_wconf 92' lang='lat' dir='ltr'><strong>panis</strong></span> <span class='ocrx_word' id='word_1_103' title='bbox 2604 1455 2877 1518; x_wconf 90' lang='lat' dir='ltr'><strong>verbum</strong></span> <span class='ocrx_word' id='word_1_104' title='bbox 2914 1456 3036 1519; x_wconf 93' lang='lat' dir='ltr'><strong>Dei</strong></span> <span class='ocrx_word' id='word_1_105' title='bbox 3080 1456 3201 1534; x_wconf 88' lang='lat' dir='ltr'><strong>est,</strong></span> <span class='ocrx_word' id='word_1_106' title='bbox 3246 1455 3424 1536; x_wconf 89' lang='lat' dir='ltr'><strong>quod</strong></span> 
     </span>
     <span class='ocr_line' id='line_1_10' title="bbox 313 1558 3428 1645; baseline 0.001 -23"><span class='ocrx_word' id='word_1_107' title='bbox 313 1558 772 1623; x_wconf 87' lang='lat' dir='ltr'><strong>abbreviatum</strong></span> <span class='ocrx_word' id='word_1_108' title='bbox 804 1559 961 1623; x_wconf 86' lang='lat' dir='ltr'><strong>fecit</strong></span> <span class='ocrx_word' id='word_1_109' title='bbox 985 1561 1166 1624; x_wconf 93' lang='lat' dir='ltr'><strong>Deus</strong></span> <span class='ocrx_word' id='word_1_110' title='bbox 1192 1562 1262 1624; x_wconf 92' lang='lat' dir='ltr'><strong>in</strong></span> <span class='ocrx_word' id='word_1_111' title='bbox 1291 1579 1492 1625; x_wconf 90' lang='lat' dir='ltr'><strong>manu</strong></span> <span class='ocrx_word' id='word_1_112' title='bbox 1520 1562 1766 1626; x_wconf 88' lang='lat' dir='ltr'><strong>Christi</strong></span> <span class='ocrx_word' id='word_1_113' title='bbox 1795 1581 1994 1645; x_wconf 91' lang='lat' dir='ltr'><strong>super</strong></span> <span class='ocrx_word' id='word_1_114' title='bbox 2019 1565 2261 1628; x_wconf 89' lang='lat' dir='ltr'><strong>terram</strong></span> <span class='ocrx_word' id='word_1_115' title='bbox 2288 1563 2837 1643; x_wconf 85' lang='lat' dir='ltr'><strong>:multiplicatum</strong></span> <span class='ocrx_word' id='word_1_116' title='bbox 2870 1564 2971 1625; x_wconf 87' lang='lat' dir='ltr'><strong>est</strong></span> <span class='ocrx_word' id='word_1_117' title='bbox 2996 1579 3113 1643; x_wconf 88' lang='lat' dir='ltr'><strong>per</strong></span> <span class='ocrx_word' id='word_1_118' title='bbox 3140 1561 3428 1643; x_wconf 89' lang='lat' dir='ltr'><strong>Aposto-</strong></span> 
     </span>
     <span class='ocr_line' id='line_1_11' title="bbox 313 1665 3425 1752; baseline 0.002 -25"><span class='ocrx_word' id='word_1_119' title='bbox 313 1665 530 1728; x_wconf 86' lang='lat' dir='ltr'><strong>lorum</strong></span> <span class='ocrx_word' id='word_1_120' title='bbox 565 1667 1018 1748; x_wconf 85' lang='lat' dir='ltr'><strong>traditionem,</strong></span> <span class='ocrx_word' id='word_1_121' title='bbox 1058 1669 1124 1731; x_wconf 90' lang='lat' dir='ltr'><strong>et</strong></span> <span class='ocrx_word' id='word_1_122' title='bbox 1165 1670 1400 1732; x_wconf 87' lang='lat' dir='ltr'><strong>crescit</strong></span> <span class='ocrx_word' id='word_1_123' title='bbox 1438 1671 1735 1752; x_wconf 90' lang='lat' dir='ltr'><strong>quotidie</strong></span> <span class='ocrx_word' id='word_1_124' title='bbox 1773 1672 1842 1734; x_wconf 91' lang='lat' dir='ltr'><strong>in</strong></span> <span class='ocrx_word' id='word_1_125' title='bbox 1891 1670 2163 1750; x_wconf 89' lang='lat' dir='ltr'><strong>scholis,</strong></span> <span class='ocrx_word' id='word_1_126' title='bbox 2205 1670 2319 1733; x_wconf 92' lang='lat' dir='ltr'><strong>ubi</strong></span> <span class='ocrx_word' id='word_1_127' title='bbox 2366 1671 2742 1750; x_wconf 89' lang='lat' dir='ltr'><strong>apponitur,</strong></span> <span class='ocrx_word' id='word_1_128' title='bbox 2775 1669 3244 1749; x_wconf 74' lang='lat' dir='ltr'><strong>exsatiatisque</strong></span> <span class='ocrx_word' id='word_1_129' title='bbox 3281 1685 3425 1732; x_wconf 91' lang='lat' dir='ltr'><strong>om-</strong></span> 
     </span>
     <span class='ocr_line' id='line_1_12' title="bbox 311 1773 3424 1858; baseline 0.002 -23"><span class='ocrx_word' id='word_1_130' title='bbox 311 1773 532 1852; x_wconf 80' lang='lat' dir='ltr'><strong>nibuS,</strong></span> <span class='ocrx_word' id='word_1_131' title='bbox 571 1775 758 1855; x_wconf 89' lang='lat' dir='ltr'><strong>pleni</strong></span> <span class='ocrx_word' id='word_1_132' title='bbox 806 1775 1073 1857; x_wconf 79' lang='lat' dir='ltr'><strong>cophini</strong></span> <span class='ocrx_word' id='word_1_133' title='bbox 1127 1776 1342 1840; x_wconf 78' lang='lat' dir='ltr'><strong>adhuc</strong></span> <span class='ocrx_word' id='word_1_134' title='bbox 1377 1776 1722 1841; x_wconf 89' lang='lat' dir='ltr'><strong>tolluntur.</strong></span> <span class='ocrx_word' id='word_1_135' title='bbox 1773 1777 1936 1842; x_wconf 85' lang='lat' dir='ltr'><strong>Haec</strong></span> <span class='ocrx_word' id='word_1_136' title='bbox 1971 1777 2365 1841; x_wconf 90' lang='lat' dir='ltr'><strong>scholastica</strong></span> <span class='ocrx_word' id='word_1_137' title='bbox 2400 1778 2501 1840; x_wconf 90' lang='lat' dir='ltr'><strong>est</strong></span> <span class='ocrx_word' id='word_1_138' title='bbox 2544 1777 2897 1858; x_wconf 87' lang='lat' dir='ltr'><strong>theologia,</strong></span> <span class='ocrx_word' id='word_1_139' title='bbox 2939 1795 3087 1858; x_wconf 85' lang='lat' dir='ltr'><strong>quae</strong></span> <span class='ocrx_word' id='word_1_140' title='bbox 3134 1794 3169 1840; x_wconf 90' lang='lat' dir='ltr'><strong>e</strong></span> <span class='ocrx_word' id='word_1_141' title='bbox 3222 1776 3424 1840; x_wconf 89' lang='lat' dir='ltr'><strong>verbo</strong></span> 
     </span>
     <span class='ocr_line' id='line_1_13' title="bbox 313 1879 3427 1966; baseline 0.002 -23"><span class='ocrx_word' id='word_1_142' title='bbox 313 1879 559 1944; x_wconf 88' lang='lat' dir='ltr'><strong>Christi</strong></span> <span class='ocrx_word' id='word_1_143' title='bbox 587 1884 768 1963; x_wconf 89' lang='lat' dir='ltr'><strong>nata,</strong></span> <span class='ocrx_word' id='word_1_144' title='bbox 805 1884 1094 1964; x_wconf 89' lang='lat' dir='ltr'><strong>parentis</strong></span> <span class='ocrx_word' id='word_1_145' title='bbox 1122 1884 1229 1947; x_wconf 89' lang='lat' dir='ltr'><strong>sui</strong></span> <span class='ocrx_word' id='word_1_146' title='bbox 1263 1902 1397 1948; x_wconf 91' lang='lat' dir='ltr'><strong>non</strong></span> <span class='ocrx_word' id='word_1_147' title='bbox 1434 1887 1653 1966; x_wconf 89' lang='lat' dir='ltr'><strong>potest</strong></span> <span class='ocrx_word' id='word_1_148' title='bbox 1683 1903 1816 1949; x_wconf 88' lang='lat' dir='ltr'><strong>non</strong></span> <span class='ocrx_word' id='word_1_149' title='bbox 1853 1886 2094 1949; x_wconf 89' lang='lat' dir='ltr'><strong>referre</strong></span> <span class='ocrx_word' id='word_1_150' title='bbox 2129 1888 2433 1948; x_wconf 87' lang='lat' dir='ltr'><strong>naturam</strong></span> <span class='ocrx_word' id='word_1_151' title='bbox 2471 1885 3058 1966; x_wconf 82' lang='lat' dir='ltr'><strong>substantiamque.</strong></span> <span class='ocrx_word' id='word_1_152' title='bbox 3102 1885 3285 1948; x_wconf 89' lang='lat' dir='ltr'><strong>Idem</strong></span> <span class='ocrx_word' id='word_1_153' title='bbox 3325 1887 3427 1948; x_wconf 89' lang='lat' dir='ltr'><strong>est</strong></span> 
     </span>
     <span class='ocr_line' id='line_1_14' title="bbox 314 1989 3420 2074; baseline 0.001 -23"><span class='ocrx_word' id='word_1_154' title='bbox 314 2007 466 2070; x_wconf 90' lang='lat' dir='ltr'><strong>ergo</strong></span> <span class='ocrx_word' id='word_1_155' title='bbox 506 1989 789 2054; x_wconf 88' lang='lat' dir='ltr'><strong>verbum</strong></span> <span class='ocrx_word' id='word_1_156' title='bbox 839 1991 988 2072; x_wconf 90' lang='lat' dir='ltr'><strong>Dei,</strong></span> <span class='ocrx_word' id='word_1_157' title='bbox 1027 1992 1207 2074; x_wconf 88' lang='lat' dir='ltr'><strong>quod</strong></span> <span class='ocrx_word' id='word_1_158' title='bbox 1242 1993 1634 2056; x_wconf 88' lang='lat' dir='ltr'><strong>scholastica</strong></span> <span class='ocrx_word' id='word_1_159' title='bbox 1679 1993 2037 2074; x_wconf 83' lang='lat' dir='ltr'><strong>theologia,</strong></span> <span class='ocrx_word' id='word_1_160' title='bbox 2079 1993 2387 2074; x_wconf 90' lang='lat' dir='ltr'><strong>quodque</strong></span> <span class='ocrx_word' id='word_1_161' title='bbox 2445 1993 2808 2072; x_wconf 86' lang='lat' dir='ltr'><strong>Dionysius</strong></span> <span class='ocrx_word' id='word_1_162' title='bbox 2856 1993 3080 2056; x_wconf 91' lang='lat' dir='ltr'><strong>noster</strong></span> <span class='ocrx_word' id='word_1_163' title='bbox 3130 1992 3420 2055; x_wconf 88' lang='lat' dir='ltr'><strong>tradidit.</strong></span> 
     </span>
     <span class='ocr_line' id='line_1_15' title="bbox 313 2096 3429 2180; baseline 0.002 -22"><span class='ocrx_word' id='word_1_164' title='bbox 313 2096 669 2160; x_wconf 86' lang='lat' dir='ltr'><strong>Testantur</strong></span> <span class='ocrx_word' id='word_1_165' title='bbox 715 2098 881 2178; x_wconf 84' lang='lat' dir='ltr'><strong>haec,</strong></span> <span class='ocrx_word' id='word_1_166' title='bbox 923 2101 1543 2164; x_wconf 87' lang='lat' dir='ltr'><strong>commentariorum</strong></span> <span class='ocrx_word' id='word_1_167' title='bbox 1589 2100 1734 2180; x_wconf 77' lang='lat' dir='ltr'><strong>eJus</strong></span> <span class='ocrx_word' id='word_1_168' title='bbox 1783 2101 1853 2163; x_wconf 90' lang='lat' dir='ltr'><strong>in</strong></span> <span class='ocrx_word' id='word_1_169' title='bbox 1899 2117 2155 2164; x_wconf 88' lang='lat' dir='ltr'><strong>sacram</strong></span> <span class='ocrx_word' id='word_1_170' title='bbox 2208 2100 2613 2180; x_wconf 89' lang='lat' dir='ltr'><strong>Scripturam</strong></span> <span class='ocrx_word' id='word_1_171' title='bbox 2664 2101 2799 2162; x_wconf 89' lang='lat' dir='ltr'><strong>tam</strong></span> <span class='ocrx_word' id='word_1_172' title='bbox 2845 2100 3117 2180; x_wconf 86' lang='lat' dir='ltr'><strong>grandia</strong></span> <span class='ocrx_word' id='word_1_173' title='bbox 3162 2100 3429 2180; x_wconf 88' lang='lat' dir='ltr'><strong>tamque</strong></span> 
     </span>
     <span class='ocr_line' id='line_1_16' title="bbox 315 2205 3429 2288; baseline 0.001 -23"><span class='ocrx_word' id='word_1_174' title='bbox 315 2221 672 2268; x_wconf 85' lang='lat' dir='ltr'><strong>numerosa</strong></span> <span class='ocrx_word' id='word_1_175' title='bbox 696 2205 1058 2270; x_wconf 89' lang='lat' dir='ltr'><strong>volumina.</strong></span> <span class='ocrx_word' id='word_1_176' title='bbox 1077 2206 1427 2270; x_wconf 87' lang='lat' dir='ltr'><strong>Testantur</strong></span> <span class='ocrx_word' id='word_1_177' title='bbox 1453 2207 1940 2272; x_wconf 85' lang='lat' dir='ltr'><strong>Sententiarum</strong></span> <span class='ocrx_word' id='word_1_178' title='bbox 1969 2208 2181 2271; x_wconf 91' lang='lat' dir='ltr'><strong>divini</strong></span> <span class='ocrx_word' id='word_1_179' title='bbox 2209 2206 2844 2288; x_wconf 89' lang='lat' dir='ltr'><strong>elaboratissimique</strong></span> <span class='ocrx_word' id='word_1_180' title='bbox 2872 2207 3062 2270; x_wconf 87' lang='lat' dir='ltr'><strong>libri:</strong></span> <span class='ocrx_word' id='word_1_181' title='bbox 3087 2207 3157 2269; x_wconf 92' lang='lat' dir='ltr'><strong>in</strong></span> <span class='ocrx_word' id='word_1_182' title='bbox 3186 2206 3429 2288; x_wconf 92' lang='lat' dir='ltr'><strong>quibus</strong></span> 
     </span>
     <span class='ocr_line' id='line_1_17' title="bbox 315 2313 3431 2397; baseline 0 -23"><span class='ocrx_word' id='word_1_183' title='bbox 315 2313 476 2392; x_wconf 86' lang='lat' dir='ltr'><strong>quid</strong></span> <span class='ocrx_word' id='word_1_184' title='bbox 511 2313 699 2376; x_wconf 87' lang='lat' dir='ltr'><strong>aliud</strong></span> <span class='ocrx_word' id='word_1_185' title='bbox 727 2313 1128 2378; x_wconf 88' lang='lat' dir='ltr'><strong>christianus</strong></span> <span class='ocrx_word' id='word_1_186' title='bbox 1162 2314 1368 2378; x_wconf 90' lang='lat' dir='ltr'><strong>lector</strong></span> <span class='ocrx_word' id='word_1_187' title='bbox 1403 2331 1604 2396; x_wconf 89' lang='lat' dir='ltr'><strong>quam</strong></span> <span class='ocrx_word' id='word_1_188' title='bbox 1642 2333 1914 2379; x_wconf 91' lang='lat' dir='ltr'><strong>succum</strong></span> <span class='ocrx_word' id='word_1_189' title='bbox 1954 2319 2020 2380; x_wconf 90' lang='lat' dir='ltr'><strong>et</strong></span> <span class='ocrx_word' id='word_1_190' title='bbox 2055 2315 2416 2380; x_wconf 91' lang='lat' dir='ltr'><strong>medullam</strong></span> <span class='ocrx_word' id='word_1_191' title='bbox 2447 2332 2650 2397; x_wconf 91' lang='lat' dir='ltr'><strong>prope</strong></span> <span class='ocrx_word' id='word_1_192' title='bbox 2689 2315 2989 2378; x_wconf 90' lang='lat' dir='ltr'><strong>omnium</strong></span> <span class='ocrx_word' id='word_1_193' title='bbox 3029 2331 3177 2394; x_wconf 84' lang='lat' dir='ltr'><strong>quae</strong></span> <span class='ocrx_word' id='word_1_194' title='bbox 3220 2313 3431 2377; x_wconf 89' lang='lat' dir='ltr'><strong>sancti</strong></span> 
     </span>
     <span class='ocr_line' id='line_1_18' title="bbox 316 2416 3429 2506; baseline 0.002 -25"><span class='ocrx_word' id='word_1_195' title='bbox 316 2419 545 2483; x_wconf 89' lang='lat' dir='ltr'><strong>Patres</strong></span> <span class='ocrx_word' id='word_1_196' title='bbox 581 2420 664 2483; x_wconf 90' lang='lat' dir='ltr'><strong>de</strong></span> <span class='ocrx_word' id='word_1_197' title='bbox 694 2416 822 2484; x_wconf 89' lang='lat' dir='ltr'><strong>fide</strong></span> <span class='ocrx_word' id='word_1_198' title='bbox 862 2424 927 2484; x_wconf 91' lang='lat' dir='ltr'><strong>et</strong></span> <span class='ocrx_word' id='word_1_199' title='bbox 954 2422 1195 2503; x_wconf 87' lang='lat' dir='ltr'><strong>pietate</strong></span> <span class='ocrx_word' id='word_1_200' title='bbox 1224 2421 1579 2486; x_wconf 88' lang='lat' dir='ltr'><strong>christiana</strong></span> <span class='ocrx_word' id='word_1_201' title='bbox 1615 2424 2046 2504; x_wconf 89' lang='lat' dir='ltr'><strong>tradiderunt,</strong></span> <span class='ocrx_word' id='word_1_202' title='bbox 2067 2424 2398 2506; x_wconf 83' lang='lat' dir='ltr'><strong>reperiat?</strong></span> <span class='ocrx_word' id='word_1_203' title='bbox 2436 2425 2521 2486; x_wconf 88' lang='lat' dir='ltr'><strong>Et</strong></span> <span class='ocrx_word' id='word_1_204' title='bbox 2556 2423 3113 2504; x_wconf 84' lang='lat' dir='ltr'><strong>quemadmodum</strong></span> <span class='ocrx_word' id='word_1_205' title='bbox 3152 2423 3429 2504; x_wconf 82' lang='lat' dir='ltr'><strong>apiculae</strong></span> 
     </span>
     <span class='ocr_line' id='line_1_19' title="bbox 317 2527 3428 2612; baseline 0.001 -22"><span class='ocrx_word' id='word_1_206' title='bbox 317 2529 588 2590; x_wconf 87' lang='lat' dir='ltr'><strong>exsucta</strong></span> <span class='ocrx_word' id='word_1_207' title='bbox 623 2527 904 2592; x_wconf 87' lang='lat' dir='ltr'><strong>floribus</strong></span> <span class='ocrx_word' id='word_1_208' title='bbox 931 2528 1301 2609; x_wconf 85' lang='lat' dir='ltr'><strong>omnigenis</strong></span> <span class='ocrx_word' id='word_1_209' title='bbox 1337 2529 1536 2593; x_wconf 88' lang='lat' dir='ltr'><strong>mella</strong></span> <span class='ocrx_word' id='word_1_210' title='bbox 1571 2531 1865 2595; x_wconf 88' lang='lat' dir='ltr'><strong>inferunt</strong></span> <span class='ocrx_word' id='word_1_211' title='bbox 1893 2532 2287 2610; x_wconf 88' lang='lat' dir='ltr'><strong>alvearibus,</strong></span> <span class='ocrx_word' id='word_1_212' title='bbox 2323 2532 2416 2594; x_wconf 89' lang='lat' dir='ltr'><strong>ita</strong></span> <span class='ocrx_word' id='word_1_213' title='bbox 2451 2531 2563 2594; x_wconf 92' lang='lat' dir='ltr'><strong>ille</strong></span> <span class='ocrx_word' id='word_1_214' title='bbox 2592 2531 2916 2612; x_wconf 89' lang='lat' dir='ltr'><strong>quidquid</strong></span> <span class='ocrx_word' id='word_1_215' title='bbox 2950 2531 3211 2611; x_wconf 89' lang='lat' dir='ltr'><strong>uspiam</strong></span> <span class='ocrx_word' id='word_1_216' title='bbox 3251 2528 3428 2611; x_wconf 90' lang='lat' dir='ltr'><strong>apud</strong></span> 
     </span>
     <span class='ocr_line' id='line_1_20' title="bbox 317 2633 3422 2720; baseline 0.001 -24"><span class='ocrx_word' id='word_1_217' title='bbox 317 2633 544 2698; x_wconf 87' lang='lat' dir='ltr'><strong>Patres</strong></span> <span class='ocrx_word' id='word_1_218' title='bbox 579 2635 879 2717; x_wconf 88' lang='lat' dir='ltr'><strong>doctum,</strong></span> <span class='ocrx_word' id='word_1_219' title='bbox 911 2637 1121 2717; x_wconf 90' lang='lat' dir='ltr'><strong>pium,</strong></span> <span class='ocrx_word' id='word_1_220' title='bbox 1153 2637 1316 2700; x_wconf 86' lang='lat' dir='ltr'><strong>utile</strong></span> <span class='ocrx_word' id='word_1_221' title='bbox 1352 2639 1418 2700; x_wconf 90' lang='lat' dir='ltr'><strong>et</strong></span> <span class='ocrx_word' id='word_1_222' title='bbox 1451 2637 1728 2718; x_wconf 88' lang='lat' dir='ltr'><strong>dignum</strong></span> <span class='ocrx_word' id='word_1_223' title='bbox 1757 2639 1937 2720; x_wconf 91' lang='lat' dir='ltr'><strong>quod</strong></span> <span class='ocrx_word' id='word_1_224' title='bbox 1963 2639 2325 2702; x_wconf 87' lang='lat' dir='ltr'><strong>disceretur</strong></span> <span class='ocrx_word' id='word_1_225' title='bbox 2350 2639 2754 2719; x_wconf 89' lang='lat' dir='ltr'><strong>legereturve</strong></span> <span class='ocrx_word' id='word_1_226' title='bbox 2791 2637 3091 2700; x_wconf 87' lang='lat' dir='ltr'><strong>futurum</strong></span> <span class='ocrx_word' id='word_1_227' title='bbox 3127 2636 3422 2718; x_wconf 89' lang='lat' dir='ltr'><strong>putabat,</strong></span> 
     </span>
     <span class='ocr_line' id='line_1_21' title="bbox 315 2741 3427 2827; baseline 0.001 -21"><span class='ocrx_word' id='word_1_228' title='bbox 315 2743 442 2806; x_wconf 88' lang='lat' dir='ltr'><strong>huc</strong></span> <span class='ocrx_word' id='word_1_229' title='bbox 481 2741 764 2806; x_wconf 89' lang='lat' dir='ltr'><strong>velutin</strong></span> <span class='ocrx_word' id='word_1_230' title='bbox 794 2743 1053 2807; x_wconf 88' lang='lat' dir='ltr'><strong>alveare</strong></span> <span class='ocrx_word' id='word_1_231' title='bbox 1083 2745 1435 2825; x_wconf 82' lang='lat' dir='ltr'><strong>congessit,</strong></span> <span class='ocrx_word' id='word_1_232' title='bbox 1478 2747 1544 2808; x_wconf 89' lang='lat' dir='ltr'><strong>et</strong></span> <span class='ocrx_word' id='word_1_233' title='bbox 1578 2745 1772 2827; x_wconf 90' lang='lat' dir='ltr'><strong>plane</strong></span> <span class='ocrx_word' id='word_1_234' title='bbox 1809 2746 1994 2810; x_wconf 92' lang='lat' dir='ltr'><strong>visus</strong></span> <span class='ocrx_word' id='word_1_235' title='bbox 2023 2748 2124 2811; x_wconf 89' lang='lat' dir='ltr'><strong>est</strong></span> <span class='ocrx_word' id='word_1_236' title='bbox 2162 2763 2305 2810; x_wconf 91' lang='lat' dir='ltr'><strong>esse</strong></span> <span class='ocrx_word' id='word_1_237' title='bbox 2333 2745 2549 2827; x_wconf 92' lang='lat' dir='ltr'><strong>qualis</strong></span> <span class='ocrx_word' id='word_1_238' title='bbox 2586 2745 2698 2808; x_wconf 91' lang='lat' dir='ltr'><strong>ille</strong></span> <span class='ocrx_word' id='word_1_239' title='bbox 2720 2745 2836 2825; x_wconf 90' lang='lat' dir='ltr'><strong>qui</strong></span> <span class='ocrx_word' id='word_1_240' title='bbox 2873 2744 3130 2808; x_wconf 89' lang='lat' dir='ltr'><strong>dicebat</strong></span> <span class='ocrx_word' id='word_1_241' title='bbox 3161 2765 3175 2806; x_wconf 79' lang='grc' dir='ltr'><strong><em>ε</em></strong></span> <span class='ocrx_word' id='word_1_242' title='bbox 3210 2744 3427 2818; x_wconf 89' lang='lat' dir='ltr'><strong>Quam</strong></span> 
     </span>
     <span class='ocr_line' id='line_1_22' title="bbox 315 2849 3423 2934; baseline 0.001 -22"><span class='ocrx_word' id='word_1_243' title='bbox 315 2849 534 2912; x_wconf 89' lang='lat' dir='ltr'><strong>dulcia</strong></span> <span class='ocrx_word' id='word_1_244' title='bbox 592 2849 898 2914; x_wconf 86' lang='lat' dir='ltr'><strong>faucibus</strong></span> <span class='ocrx_word' id='word_1_245' title='bbox 943 2851 1110 2914; x_wconf 90' lang='lat' dir='ltr'><strong>meis</strong></span> <span class='ocrx_word' id='word_1_246' title='bbox 1165 2851 1428 2932; x_wconf 89' lang='lat' dir='ltr'><strong>eloquia</strong></span> <span class='ocrx_word' id='word_1_247' title='bbox 1467 2855 1604 2933; x_wconf 89' lang='lat' dir='ltr'><strong>tua,</strong></span> <span class='ocrx_word' id='word_1_248' title='bbox 1651 2871 1849 2934; x_wconf 90' lang='lat' dir='ltr'><strong>super</strong></span> <span class='ocrx_word' id='word_1_249' title='bbox 1899 2853 2032 2918; x_wconf 91' lang='lat' dir='ltr'><strong>mel</strong></span> <span class='ocrx_word' id='word_1_250' title='bbox 2073 2855 2174 2917; x_wconf 89' lang='lat' dir='ltr'><strong>ori</strong></span> <span class='ocrx_word' id='word_1_251' title='bbox 2227 2869 2398 2917; x_wconf 90' lang='lat' dir='ltr'><strong>meo.</strong></span> <span class='ocrx_word' id='word_1_252' title='bbox 2432 2853 2493 2915; x_wconf 92' lang='lat' dir='ltr'>A</span> <span class='ocrx_word' id='word_1_253' title='bbox 2539 2851 2869 2916; x_wconf 91' lang='lat' dir='ltr'><strong>mandatis</strong></span> <span class='ocrx_word' id='word_1_254' title='bbox 2912 2853 3048 2916; x_wconf 91' lang='lat' dir='ltr'><strong>tuis</strong></span> <span class='ocrx_word' id='word_1_255' title='bbox 3104 2851 3423 2932; x_wconf 82' lang='lat' dir='ltr'><strong>intellexi,</strong></span> 
     </span>
     <span class='ocr_line' id='line_1_23' title="bbox 315 2957 3426 3042; baseline 0.001 -22"><span class='ocrx_word' id='word_1_256' title='bbox 315 2959 662 3038; x_wconf 88' lang='lat' dir='ltr'><strong>propterea</strong></span> <span class='ocrx_word' id='word_1_257' title='bbox 703 2958 883 3020; x_wconf 86' lang='lat' dir='ltr'><strong>odivi</strong></span> <span class='ocrx_word' id='word_1_258' title='bbox 922 2975 1186 3022; x_wconf 91' lang='lat' dir='ltr'><strong>omnem</strong></span> <span class='ocrx_word' id='word_1_259' title='bbox 1215 2959 1390 3021; x_wconf 90' lang='lat' dir='ltr'><strong>viam</strong></span> <span class='ocrx_word' id='word_1_260' title='bbox 1431 2960 1822 3040; x_wconf 89' lang='lat' dir='ltr'><strong>iniquitatis.</strong></span> <span class='ocrx_word' id='word_1_261' title='bbox 1858 2961 1995 3025; x_wconf 90' lang='lat' dir='ltr'><strong>Sub</strong></span> <span class='ocrx_word' id='word_1_262' title='bbox 2029 2960 2267 3024; x_wconf 90' lang='lat' dir='ltr'><strong>umbra</strong></span> <span class='ocrx_word' id='word_1_263' title='bbox 2298 2960 2480 3024; x_wconf 90' lang='lat' dir='ltr'><strong>illius</strong></span> <span class='ocrx_word' id='word_1_264' title='bbox 2509 2977 2706 3040; x_wconf 90' lang='lat' dir='ltr'><strong>quem</strong></span> <span class='ocrx_word' id='word_1_265' title='bbox 2738 2957 3211 3038; x_wconf 89' lang='lat' dir='ltr'><strong>desiderabam,</strong></span> <span class='ocrx_word' id='word_1_266' title='bbox 3247 2959 3426 3042; x_wconf 84' lang='lat' dir='ltr'><strong>sedi3</strong></span> 
     </span>
     <span class='ocr_line' id='line_1_24' title="bbox 319 3063 3430 3148; baseline 0.001 -21"><span class='ocrx_word' id='word_1_267' title='bbox 319 3065 383 3128; x_wconf 90' lang='lat' dir='ltr'><strong>et</strong></span> <span class='ocrx_word' id='word_1_268' title='bbox 419 3063 680 3129; x_wconf 85' lang='lat' dir='ltr'><strong>fructus</strong></span> <span class='ocrx_word' id='word_1_269' title='bbox 717 3065 864 3147; x_wconf 90' lang='lat' dir='ltr'><strong>ejus</strong></span> <span class='ocrx_word' id='word_1_270' title='bbox 898 3065 1112 3131; x_wconf 88' lang='lat' dir='ltr'><strong>dulcis</strong></span> <span class='ocrx_word' id='word_1_271' title='bbox 1151 3068 1250 3131; x_wconf 88' lang='lat' dir='ltr'><strong>est</strong></span> <span class='ocrx_word' id='word_1_272' title='bbox 1277 3067 1528 3148; x_wconf 88' lang='lat' dir='ltr'><strong>gutturi</strong></span> <span class='ocrx_word' id='word_1_273' title='bbox 1558 3084 1728 3131; x_wconf 91' lang='lat' dir='ltr'><strong>meo.</strong></span> <span class='ocrx_word' id='word_1_274' title='bbox 1771 3068 2150 3137; x_wconf 83' lang='lat' dir='ltr'><strong>Introduxit</strong></span> <span class='ocrx_word' id='word_1_275' title='bbox 2175 3086 2285 3133; x_wconf 90' lang='lat' dir='ltr'><strong>me</strong></span> <span class='ocrx_word' id='word_1_276' title='bbox 2321 3085 2439 3133; x_wconf 81' lang='lat' dir='ltr'><strong>rex</strong></span> <span class='ocrx_word' id='word_1_277' title='bbox 2480 3069 2550 3131; x_wconf 91' lang='lat' dir='ltr'><strong>in</strong></span> <span class='ocrx_word' id='word_1_278' title='bbox 2588 3067 2821 3131; x_wconf 90' lang='lat' dir='ltr'><strong>cellam</strong></span> <span class='ocrx_word' id='word_1_279' title='bbox 2863 3065 3210 3147; x_wconf 88' lang='lat' dir='ltr'><strong>vinariam,</strong></span> <span class='ocrx_word' id='word_1_280' title='bbox 3253 3067 3430 3130; x_wconf 86' lang='lat' dir='ltr'><strong>ordi-</strong></span> 
     </span>
     <span class='ocr_line' id='line_1_25' title="bbox 319 3173 3429 3257; baseline 0.001 -22"><span class='ocrx_word' id='word_1_281' title='bbox 319 3173 502 3235; x_wconf 87' lang='lat' dir='ltr'><strong>navit</strong></span> <span class='ocrx_word' id='word_1_282' title='bbox 529 3174 602 3236; x_wconf 91' lang='lat' dir='ltr'><strong>in</strong></span> <span class='ocrx_word' id='word_1_283' title='bbox 631 3190 739 3237; x_wconf 90' lang='lat' dir='ltr'><strong>me</strong></span> <span class='ocrx_word' id='word_1_284' title='bbox 765 3174 1127 3238; x_wconf 86' lang='lat' dir='ltr'><strong>caritatem.</strong></span> <span class='ocrx_word' id='word_1_285' title='bbox 1144 3175 1230 3238; x_wconf 90' lang='lat' dir='ltr'><strong>Et</strong></span> <span class='ocrx_word' id='word_1_286' title='bbox 1256 3191 1461 3256; x_wconf 92' lang='lat' dir='ltr'><strong>quum</strong></span> <span class='ocrx_word' id='word_1_287' title='bbox 1488 3175 1601 3239; x_wconf 90' lang='lat' dir='ltr'><strong>ille</strong></span> <span class='ocrx_word' id='word_1_288' title='bbox 1630 3177 1854 3240; x_wconf 87' lang='lat' dir='ltr'><strong>tantus</strong></span> <span class='ocrx_word' id='word_1_289' title='bbox 1891 3178 2084 3255; x_wconf 89' lang='lat' dir='ltr'><strong>esset,</strong></span> <span class='ocrx_word' id='word_1_290' title='bbox 2109 3177 2398 3257; x_wconf 89' lang='lat' dir='ltr'><strong>taliaque</strong></span> <span class='ocrx_word' id='word_1_291' title='bbox 2436 3192 2557 3239; x_wconf 92' lang='lat' dir='ltr'><strong>suo</strong></span> <span class='ocrx_word' id='word_1_292' title='bbox 2594 3174 2859 3255; x_wconf 88' lang='lat' dir='ltr'><strong>ingenio</strong></span> <span class='ocrx_word' id='word_1_293' title='bbox 2890 3192 2965 3237; x_wconf 90' lang='lat' dir='ltr'><strong>ac</strong></span> <span class='ocrx_word' id='word_1_294' title='bbox 3001 3174 3429 3238; x_wconf 88' lang='lat' dir='ltr'><strong>meditatione</strong></span> 
     </span>
     <span class='ocr_line' id='line_1_26' title="bbox 319 3278 3428 3365; baseline 0.001 -24"><span class='ocrx_word' id='word_1_295' title='bbox 319 3278 744 3358; x_wconf 85' lang='lat' dir='ltr'><strong>elaborasset,</strong></span> <span class='ocrx_word' id='word_1_296' title='bbox 789 3279 1000 3344; x_wconf 87' lang='lat' dir='ltr'><strong>voluit</strong></span> <span class='ocrx_word' id='word_1_297' title='bbox 1037 3284 1256 3345; x_wconf 87' lang='lat' dir='ltr'><strong>tamen</strong></span> <span class='ocrx_word' id='word_1_298' title='bbox 1307 3281 1411 3364; x_wconf 90' lang='lat' dir='ltr'><strong>(ut</strong></span> <span class='ocrx_word' id='word_1_299' title='bbox 1454 3282 1716 3346; x_wconf 87' lang='lat' dir='ltr'><strong>Christo</strong></span> <span class='ocrx_word' id='word_1_300' title='bbox 1762 3283 2075 3365; x_wconf 89' lang='lat' dir='ltr'><strong>placeret)</strong></span> <span class='ocrx_word' id='word_1_301' title='bbox 2115 3283 2440 3346; x_wconf 90' lang='lat' dir='ltr'><strong>mundum</strong></span> <span class='ocrx_word' id='word_1_302' title='bbox 2476 3282 2700 3361; x_wconf 89' lang='lat' dir='ltr'><strong>latere,</strong></span> <span class='ocrx_word' id='word_1_303' title='bbox 2742 3282 2807 3345; x_wconf 89' lang='lat' dir='ltr'><strong>et</strong></span> <span class='ocrx_word' id='word_1_304' title='bbox 2852 3282 3138 3345; x_wconf 89' lang='lat' dir='ltr'><strong>secretos</strong></span> <span class='ocrx_word' id='word_1_305' title='bbox 3186 3283 3428 3344; x_wconf 84' lang='lat' dir='ltr'><strong>nostrae</strong></span> 
     </span>
     <span class='ocr_line' id='line_1_27' title="bbox 319 3386 3426 3471; baseline 0 -22"><span class='ocrx_word' id='word_1_306' title='bbox 319 3386 660 3467; x_wconf 87' lang='lat' dir='ltr'><strong>religionis</strong></span> <span class='ocrx_word' id='word_1_307' title='bbox 712 3404 1010 3451; x_wconf 90' lang='lat' dir='ltr'><strong>secessus</strong></span> <span class='ocrx_word' id='word_1_308' title='bbox 1059 3390 1375 3471; x_wconf 88' lang='lat' dir='ltr'><strong>tanquam</strong></span> <span class='ocrx_word' id='word_1_309' title='bbox 1419 3407 1716 3453; x_wconf 90' lang='lat' dir='ltr'><strong>eremum</strong></span> <span class='ocrx_word' id='word_1_310' title='bbox 1763 3390 2094 3453; x_wconf 90' lang='lat' dir='ltr'><strong>adamavit</strong></span> <span class='ocrx_word' id='word_1_311' title='bbox 2153 3390 2487 3470; x_wconf 90' lang='lat' dir='ltr'><strong>coluitque</strong></span> <span class='ocrx_word' id='word_1_312' title='bbox 2522 3409 2536 3452; x_wconf 74' lang='grc' dir='ltr'>ε</span> <span class='ocrx_word' id='word_1_313' title='bbox 2582 3388 2697 3451; x_wconf 92' lang='lat' dir='ltr'><strong>ubi</strong></span> <span class='ocrx_word' id='word_1_314' title='bbox 2742 3390 3059 3452; x_wconf 90' lang='lat' dir='ltr'><strong>hactenus</strong></span> <span class='ocrx_word' id='word_1_315' title='bbox 3104 3387 3426 3469; x_wconf 90' lang='lat' dir='ltr'><strong>quidquid</strong></span> 
     </span>
     <span class='ocr_line' id='line_1_28' title="bbox 317 3494 3427 3579; baseline 0.001 -24"><span class='ocrx_word' id='word_1_316' title='bbox 317 3494 671 3574; x_wconf 86' lang='lat' dir='ltr'><strong>congessit,</strong></span> <span class='ocrx_word' id='word_1_317' title='bbox 717 3494 862 3574; x_wconf 89' lang='lat' dir='ltr'><strong>ipso</strong></span> <span class='ocrx_word' id='word_1_318' title='bbox 901 3494 1080 3558; x_wconf 87' lang='lat' dir='ltr'><strong>haud</strong></span> <span class='ocrx_word' id='word_1_319' title='bbox 1121 3495 1400 3559; x_wconf 89' lang='lat' dir='ltr'><strong>dubium</strong></span> <span class='ocrx_word' id='word_1_320' title='bbox 1441 3498 1534 3560; x_wconf 91' lang='lat' dir='ltr'><strong>ita</strong></span> <span class='ocrx_word' id='word_1_321' title='bbox 1571 3499 1648 3561; x_wconf 91' lang='lat' dir='ltr'><strong>ut</strong></span> <span class='ocrx_word' id='word_1_322' title='bbox 1681 3498 1867 3561; x_wconf 87' lang='lat' dir='ltr'><strong>fieret</strong></span> <span class='ocrx_word' id='word_1_323' title='bbox 1907 3499 2320 3579; x_wconf 87' lang='lat' dir='ltr'><strong>procurante,</strong></span> <span class='ocrx_word' id='word_1_324' title='bbox 2362 3496 2625 3560; x_wconf 90' lang='lat' dir='ltr'><strong>delituit</strong></span> <span class='ocrx_word' id='word_1_325' title='bbox 2668 3512 3099 3576; x_wconf 88' lang='lat' dir='ltr'><strong>suppressum</strong></span> <span class='ocrx_word' id='word_1_326' title='bbox 3136 3496 3201 3558; x_wconf 89' lang='lat' dir='ltr'><strong>et</strong></span> <span class='ocrx_word' id='word_1_327' title='bbox 3241 3496 3427 3558; x_wconf 90' lang='lat' dir='ltr'><strong>inco-</strong></span> 
     </span>
     <span class='ocr_line' id='line_1_29' title="bbox 316 3599 3426 3686; baseline 0 -23"><span class='ocrx_word' id='word_1_328' title='bbox 316 3601 601 3680; x_wconf 89' lang='lat' dir='ltr'><strong>gnitum.</strong></span> <span class='ocrx_word' id='word_1_329' title='bbox 639 3599 960 3665; x_wconf 87' lang='lat' dir='ltr'><strong>Videlicet</strong></span> <span class='ocrx_word' id='word_1_330' title='bbox 987 3601 1376 3666; x_wconf 88' lang='lat' dir='ltr'><strong>abhorrebat</strong></span> <span class='ocrx_word' id='word_1_331' title='bbox 1404 3604 1474 3666; x_wconf 91' lang='lat' dir='ltr'><strong>in</strong></span> <span class='ocrx_word' id='word_1_332' title='bbox 1503 3604 1847 3686; x_wconf 88' lang='lat' dir='ltr'><strong>publicum</strong></span> <span class='ocrx_word' id='word_1_333' title='bbox 1874 3604 2158 3686; x_wconf 87' lang='lat' dir='ltr'><strong>prodire,</strong></span> <span class='ocrx_word' id='word_1_334' title='bbox 2184 3621 2266 3667; x_wconf 92' lang='lat' dir='ltr'><strong>ne</strong></span> <span class='ocrx_word' id='word_1_335' title='bbox 2296 3602 2401 3667; x_wconf 92' lang='lat' dir='ltr'><strong>vel</strong></span> <span class='ocrx_word' id='word_1_336' title='bbox 2436 3602 2762 3666; x_wconf 90' lang='lat' dir='ltr'><strong>bonorum</strong></span> <span class='ocrx_word' id='word_1_337' title='bbox 2800 3601 2993 3664; x_wconf 89' lang='lat' dir='ltr'><strong>laude</strong></span> <span class='ocrx_word' id='word_1_338' title='bbox 3031 3604 3097 3665; x_wconf 92' lang='lat' dir='ltr'><strong>et</strong></span> <span class='ocrx_word' id='word_1_339' title='bbox 3131 3602 3426 3665; x_wconf 87' lang='lat' dir='ltr'><strong>assenta-</strong></span> 
     </span>
     <span class='ocr_line' id='line_1_30' title="bbox 313 3706 3425 3792; baseline 0.001 -24"><span class='ocrx_word' id='word_1_340' title='bbox 313 3708 492 3770; x_wconf 86' lang='lat' dir='ltr'><strong>tione</strong></span> <span class='ocrx_word' id='word_1_341' title='bbox 519 3707 628 3787; x_wconf 87' lang='lat' dir='ltr'><strong>(ut</strong></span> <span class='ocrx_word' id='word_1_342' title='bbox 661 3706 762 3790; x_wconf 90' lang='lat' dir='ltr'><strong>fit)</strong></span> <span class='ocrx_word' id='word_1_343' title='bbox 785 3708 854 3771; x_wconf 91' lang='lat' dir='ltr'><strong>in</strong></span> <span class='ocrx_word' id='word_1_344' title='bbox 881 3709 1284 3790; x_wconf 90' lang='lat' dir='ltr'><strong>superbiam,</strong></span> <span class='ocrx_word' id='word_1_345' title='bbox 1307 3711 1422 3774; x_wconf 91' lang='lat' dir='ltr'><strong>aut</strong></span> <span class='ocrx_word' id='word_1_346' title='bbox 1449 3710 1890 3792; x_wconf 91' lang='lat' dir='ltr'><strong>pessimorum</strong></span> <span class='ocrx_word' id='word_1_347' title='bbox 1920 3711 2034 3791; x_wconf 91' lang='lat' dir='ltr'><strong>qui</strong></span> <span class='ocrx_word' id='word_1_348' title='bbox 2058 3710 2227 3773; x_wconf 92' lang='lat' dir='ltr'><strong>nihil</strong></span> <span class='ocrx_word' id='word_1_349' title='bbox 2266 3727 2396 3773; x_wconf 89' lang='lat' dir='ltr'><strong>non</strong></span> <span class='ocrx_word' id='word_1_350' title='bbox 2426 3709 2932 3790; x_wconf 89' lang='lat' dir='ltr'><strong>reprehendunt,</strong></span> <span class='ocrx_word' id='word_1_351' title='bbox 2955 3707 3425 3772; x_wconf 89' lang='lat' dir='ltr'><strong>obtrectatione</strong></span> 
     </span>
     <span class='ocr_line' id='line_1_31' title="bbox 317 3814 3418 3899; baseline 0.001 -24"><span class='ocrx_word' id='word_1_352' title='bbox 317 3814 382 3875; x_wconf 91' lang='lat' dir='ltr'><strong>in</strong></span> <span class='ocrx_word' id='word_1_353' title='bbox 429 3815 920 3879; x_wconf 90' lang='lat' dir='ltr'><strong>contentionem</strong></span> <span class='ocrx_word' id='word_1_354' title='bbox 966 3818 1303 3897; x_wconf 89' lang='lat' dir='ltr'><strong>raperetur</strong></span> <span class='ocrx_word' id='word_1_355' title='bbox 1343 3838 1358 3879; x_wconf 79' lang='lat' dir='ltr'><strong><em>z</em></strong></span> <span class='ocrx_word' id='word_1_356' title='bbox 1405 3818 1762 3899; x_wconf 87' lang='lat' dir='ltr'><strong>utrumque</strong></span> <span class='ocrx_word' id='word_1_357' title='bbox 1808 3817 1982 3880; x_wconf 90' lang='lat' dir='ltr'><strong>sicut</strong></span> <span class='ocrx_word' id='word_1_358' title='bbox 2027 3816 2221 3880; x_wconf 91' lang='lat' dir='ltr'><strong>bonis</strong></span> <span class='ocrx_word' id='word_1_359' title='bbox 2267 3816 2507 3881; x_wconf 88' lang='lat' dir='ltr'><strong>studiis</strong></span> <span class='ocrx_word' id='word_1_360' title='bbox 2553 3814 2888 3879; x_wconf 84' lang='lat' dir='ltr'><strong>exitiabile</strong></span> <span class='ocrx_word' id='word_1_361' title='bbox 2939 3814 3418 3896; x_wconf 84' lang='lat' dir='ltr'><strong>exsecrabatur,</strong></span> 
     </span>
     <span class='ocr_line' id='line_1_32' title="bbox 319 3920 3425 4006; baseline 0 -22"><span class='ocrx_word' id='word_1_362' title='bbox 319 3922 564 4003; x_wconf 87' lang='lat' dir='ltr'><strong>quippe</strong></span> <span class='ocrx_word' id='word_1_363' title='bbox 601 3922 718 4003; x_wconf 92' lang='lat' dir='ltr'><strong>qui</strong></span> <span class='ocrx_word' id='word_1_364' title='bbox 745 3922 916 3985; x_wconf 91' lang='lat' dir='ltr'><strong>nihil</strong></span> <span class='ocrx_word' id='word_1_365' title='bbox 960 3940 1118 4003; x_wconf 87' lang='lat' dir='ltr'><strong>pace</strong></span> <span class='ocrx_word' id='word_1_366' title='bbox 1157 3925 1222 3986; x_wconf 90' lang='lat' dir='ltr'><strong>et</strong></span> <span class='ocrx_word' id='word_1_367' title='bbox 1257 3924 1632 3988; x_wconf 88' lang='lat' dir='ltr'><strong>humilitate</strong></span> <span class='ocrx_word' id='word_1_368' title='bbox 1669 3924 1856 4006; x_wconf 88' lang='lat' dir='ltr'><strong>prius</strong></span> <span class='ocrx_word' id='word_1_369' title='bbox 1886 3923 2213 4004; x_wconf 86' lang='lat' dir='ltr'><strong>habuerit,</strong></span> <span class='ocrx_word' id='word_1_370' title='bbox 2252 3942 2374 3988; x_wconf 87' lang='lat' dir='ltr'><strong>nec</strong></span> <span class='ocrx_word' id='word_1_371' title='bbox 2410 3922 2694 3987; x_wconf 90' lang='lat' dir='ltr'><strong>voluerit</strong></span> <span class='ocrx_word' id='word_1_372' title='bbox 2730 3938 3023 4003; x_wconf 89' lang='lat' dir='ltr'><strong>unquam</strong></span> <span class='ocrx_word' id='word_1_373' title='bbox 3061 3938 3181 4002; x_wconf 89' lang='lat' dir='ltr'><strong>per</strong></span> <span class='ocrx_word' id='word_1_374' title='bbox 3214 3920 3425 3985; x_wconf 89' lang='lat' dir='ltr'><strong>infru-</strong></span> 
     </span>
     <span class='ocr_line' id='line_1_33' title="bbox 317 4028 3415 4113; baseline 0.001 -22"><span class='ocrx_word' id='word_1_375' title='bbox 317 4030 544 4094; x_wconf 85' lang='lat' dir='ltr'><strong>ctuosa</strong></span> <span class='ocrx_word' id='word_1_376' title='bbox 572 4030 954 4111; x_wconf 88' lang='lat' dir='ltr'><strong>certamina,</strong></span> <span class='ocrx_word' id='word_1_377' title='bbox 977 4029 1350 4093; x_wconf 88' lang='lat' dir='ltr'><strong>studiorum</strong></span> <span class='ocrx_word' id='word_1_378' title='bbox 1377 4048 1652 4095; x_wconf 91' lang='lat' dir='ltr'><strong>suorum</strong></span> <span class='ocrx_word' id='word_1_379' title='bbox 1680 4032 2132 4113; x_wconf 87' lang='lat' dir='ltr'><strong>temporisque</strong></span> <span class='ocrx_word' id='word_1_380' title='bbox 2161 4032 2426 4095; x_wconf 90' lang='lat' dir='ltr'><strong>interim</strong></span> <span class='ocrx_word' id='word_1_381' title='bbox 2454 4029 2804 4093; x_wconf 89' lang='lat' dir='ltr'><strong>dilabentis</strong></span> <span class='ocrx_word' id='word_1_382' title='bbox 2825 4028 3151 4110; x_wconf 90' lang='lat' dir='ltr'><strong>jacturam</strong></span> <span class='ocrx_word' id='word_1_383' title='bbox 3182 4028 3415 4094; x_wconf 88' lang='lat' dir='ltr'><strong>facere.</strong></span> 
     </span>
     <span class='ocr_line' id='line_1_34' title="bbox 318 4137 3418 4221; baseline 0.001 -20"><span class='ocrx_word' id='word_1_384' title='bbox 318 4140 536 4213; x_wconf 90' lang='lat' dir='ltr'><strong>Quum</strong></span> <span class='ocrx_word' id='word_1_385' title='bbox 597 4154 752 4201; x_wconf 87' lang='lat' dir='ltr'><strong>vero</strong></span> <span class='ocrx_word' id='word_1_386' title='bbox 804 4138 892 4201; x_wconf 90' lang='lat' dir='ltr'><strong>sit</strong></span> <span class='ocrx_word' id='word_1_387' title='bbox 951 4137 1064 4201; x_wconf 92' lang='lat' dir='ltr'><strong>ille</strong></span> <span class='ocrx_word' id='word_1_388' title='bbox 1114 4155 1290 4202; x_wconf 90' lang='lat' dir='ltr'><strong>nunc</strong></span> <span class='ocrx_word' id='word_1_389' title='bbox 1343 4139 1534 4203; x_wconf 90' lang='lat' dir='ltr'><strong>beata</strong></span> <span class='ocrx_word' id='word_1_390' title='bbox 1590 4141 1662 4203; x_wconf 91' lang='lat' dir='ltr'><strong>in</strong></span> <span class='ocrx_word' id='word_1_391' title='bbox 1714 4140 1977 4204; x_wconf 90' lang='lat' dir='ltr'><strong>Christo</strong></span> <span class='ocrx_word' id='word_1_392' title='bbox 2025 4140 2164 4202; x_wconf 89' lang='lat' dir='ltr'><strong>vita</strong></span> <span class='ocrx_word' id='word_1_393' title='bbox 2228 4138 2638 4221; x_wconf 78' lang='lat' dir='ltr'><strong>perfunctuS,</strong></span> <span class='ocrx_word' id='word_1_394' title='bbox 2688 4137 2983 4219; x_wconf 88' lang='lat' dir='ltr'><strong>adeoque</strong></span> <span class='ocrx_word' id='word_1_395' title='bbox 3042 4138 3227 4201; x_wconf 87' lang='lat' dir='ltr'><strong>extra</strong></span> <span class='ocrx_word' id='word_1_396' title='bbox 3272 4155 3418 4203; x_wconf 91' lang='lat' dir='ltr'><strong>eam</strong></span> 
     </span>
     <span class='ocr_line' id='line_1_35' title="bbox 317 4244 3419 4329; baseline 0 -20"><span class='ocrx_word' id='word_1_397' title='bbox 317 4247 583 4324; x_wconf 87' lang='lat' dir='ltr'><strong>sortem,</strong></span> <span class='ocrx_word' id='word_1_398' title='bbox 621 4245 701 4307; x_wconf 91' lang='lat' dir='ltr'><strong>ut</strong></span> <span class='ocrx_word' id='word_1_399' title='bbox 734 4244 842 4308; x_wconf 90' lang='lat' dir='ltr'><strong>vel</strong></span> <span class='ocrx_word' id='word_1_400' title='bbox 877 4247 1320 4309; x_wconf 89' lang='lat' dir='ltr'><strong>assentatione</strong></span> <span class='ocrx_word' id='word_1_401' title='bbox 1359 4247 1474 4310; x_wconf 91' lang='lat' dir='ltr'><strong>aut</strong></span> <span class='ocrx_word' id='word_1_402' title='bbox 1508 4248 1966 4312; x_wconf 87' lang='lat' dir='ltr'><strong>maledicentia</strong></span> <span class='ocrx_word' id='word_1_403' title='bbox 2015 4247 2197 4329; x_wconf 89' lang='lat' dir='ltr'><strong>tangi</strong></span> <span class='ocrx_word' id='word_1_404' title='bbox 2235 4246 2301 4310; x_wconf 93' lang='lat' dir='ltr'><strong>et</strong></span> <span class='ocrx_word' id='word_1_405' title='bbox 2336 4245 2589 4309; x_wconf 90' lang='lat' dir='ltr'><strong>moveri</strong></span> <span class='ocrx_word' id='word_1_406' title='bbox 2626 4244 2860 4326; x_wconf 91' lang='lat' dir='ltr'><strong>possit,</strong></span> <span class='ocrx_word' id='word_1_407' title='bbox 2900 4261 3023 4308; x_wconf 91' lang='lat' dir='ltr'><strong>nos</strong></span> <span class='ocrx_word' id='word_1_408' title='bbox 3070 4244 3419 4327; x_wconf 90' lang='lat' dir='ltr'><strong>indignum</strong></span> 
     </span>
     <span class='ocr_line' id='line_1_36' title="bbox 317 4351 3420 4433; baseline 0.001 -18"><span class='ocrx_word' id='word_1_409' title='bbox 317 4352 434 4415; x_wconf 88' lang='lat' dir='ltr'><strong>rati</strong></span> <span class='ocrx_word' id='word_1_410' title='bbox 470 4352 612 4414; x_wconf 90' lang='lat' dir='ltr'><strong>tam</strong></span> <span class='ocrx_word' id='word_1_411' title='bbox 648 4351 1014 4432; x_wconf 87' lang='lat' dir='ltr'><strong>pretiosum</strong></span> <span class='ocrx_word' id='word_1_412' title='bbox 1051 4352 1438 4417; x_wconf 89' lang='lat' dir='ltr'><strong>thesaurum</strong></span> <span class='ocrx_word' id='word_1_413' title='bbox 1474 4354 1726 4418; x_wconf 90' lang='lat' dir='ltr'><strong>diutius</strong></span> <span class='ocrx_word' id='word_1_414' title='bbox 1763 4354 1962 4419; x_wconf 88' lang='lat' dir='ltr'><strong>latere</strong></span> <span class='ocrx_word' id='word_1_415' title='bbox 2007 4356 2074 4419; x_wconf 89' lang='lat' dir='ltr'><strong>et</strong></span> <span class='ocrx_word' id='word_1_416' title='bbox 2112 4354 2311 4419; x_wconf 89' lang='lat' dir='ltr'><strong>tineis</strong></span> <span class='ocrx_word' id='word_1_417' title='bbox 2351 4369 2568 4417; x_wconf 91' lang='lat' dir='ltr'><strong>escam</strong></span> <span class='ocrx_word' id='word_1_418' title='bbox 2609 4352 2775 4433; x_wconf 89' lang='lat' dir='ltr'><strong>fieri,</strong></span> <span class='ocrx_word' id='word_1_419' title='bbox 2816 4352 2917 4415; x_wconf 93' lang='lat' dir='ltr'><strong>tot</strong></span> <span class='ocrx_word' id='word_1_420' title='bbox 2954 4352 3158 4432; x_wconf 89' lang='lat' dir='ltr'><strong>gratis</strong></span> <span class='ocrx_word' id='word_1_421' title='bbox 3196 4354 3420 4417; x_wconf 88' lang='lat' dir='ltr'><strong>exant-</strong></span> 
     </span>
     <span class='ocr_line' id='line_1_37' title="bbox 317 4458 3420 4543; baseline 0.002 -22"><span class='ocrx_word' id='word_1_422' title='bbox 317 4459 481 4525; x_wconf 90' lang='lat' dir='ltr'><strong>latos</strong></span> <span class='ocrx_word' id='word_1_423' title='bbox 517 4459 778 4523; x_wconf 88' lang='lat' dir='ltr'><strong>labores</strong></span> <span class='ocrx_word' id='word_1_424' title='bbox 815 4458 1060 4523; x_wconf 85' lang='lat' dir='ltr'><strong>frustra</strong></span> <span class='ocrx_word' id='word_1_425' title='bbox 1096 4462 1330 4542; x_wconf 84' lang='lat' dir='ltr'><strong>perire,</strong></span> <span class='ocrx_word' id='word_1_426' title='bbox 1374 4478 1448 4525; x_wconf 89' lang='lat' dir='ltr'><strong>ac</strong></span> <span class='ocrx_word' id='word_1_427' title='bbox 1499 4463 1681 4526; x_wconf 92' lang='lat' dir='ltr'><strong>nullo</strong></span> <span class='ocrx_word' id='word_1_428' title='bbox 1728 4462 1860 4543; x_wconf 89' lang='lat' dir='ltr'><strong>piis</strong></span> <span class='ocrx_word' id='word_1_429' title='bbox 1904 4463 2289 4528; x_wconf 89' lang='lat' dir='ltr'><strong>hominibus</strong></span> <span class='ocrx_word' id='word_1_430' title='bbox 2340 4479 2483 4526; x_wconf 91' lang='lat' dir='ltr'><strong>esse</strong></span> <span class='ocrx_word' id='word_1_431' title='bbox 2525 4461 2701 4543; x_wconf 90' lang='lat' dir='ltr'><strong>usui,</strong></span> <span class='ocrx_word' id='word_1_432' title='bbox 2752 4460 3059 4525; x_wconf 89' lang='lat' dir='ltr'><strong>eumdem</strong></span> <span class='ocrx_word' id='word_1_433' title='bbox 3099 4477 3134 4523; x_wconf 93' lang='lat' dir='ltr'><strong>e</strong></span> <span class='ocrx_word' id='word_1_434' title='bbox 3170 4461 3301 4525; x_wconf 93' lang='lat' dir='ltr'><strong>situ</strong></span> <span class='ocrx_word' id='word_1_435' title='bbox 3354 4465 3420 4527; x_wconf 91' lang='lat' dir='ltr'><strong>et</strong></span> 
     </span>
     <span class='ocr_line' id='line_1_38' title="bbox 319 4568 3411 4650; baseline 0 -17"><span class='ocrx_word' id='word_1_436' title='bbox 319 4568 582 4649; x_wconf 80' lang='lat' dir='ltr'><strong>pulvere</strong></span> <span class='ocrx_word' id='word_1_437' title='bbox 627 4568 699 4630; x_wconf 90' lang='lat' dir='ltr'><strong>in</strong></span> <span class='ocrx_word' id='word_1_438' title='bbox 746 4568 1054 4645; x_wconf 87' lang='lat' dir='ltr'><strong>nitorem,</strong></span> <span class='ocrx_word' id='word_1_439' title='bbox 1105 4586 1141 4632; x_wconf 93' lang='lat' dir='ltr'><strong>e</strong></span> <span class='ocrx_word' id='word_1_440' title='bbox 1178 4568 1465 4632; x_wconf 87' lang='lat' dir='ltr'><strong>tenebris</strong></span> <span class='ocrx_word' id='word_1_441' title='bbox 1511 4570 1579 4633; x_wconf 92' lang='lat' dir='ltr'><strong>in</strong></span> <span class='ocrx_word' id='word_1_442' title='bbox 1625 4570 1864 4650; x_wconf 90' lang='lat' dir='ltr'><strong>lucem,</strong></span> <span class='ocrx_word' id='word_1_443' title='bbox 1917 4588 1952 4634; x_wconf 93' lang='lat' dir='ltr'><strong>e</strong></span> <span class='ocrx_word' id='word_1_444' title='bbox 1990 4588 2243 4635; x_wconf 90' lang='lat' dir='ltr'><strong>carcere</strong></span> <span class='ocrx_word' id='word_1_445' title='bbox 2294 4570 2365 4633; x_wconf 90' lang='lat' dir='ltr'><strong>in</strong></span> <span class='ocrx_word' id='word_1_446' title='bbox 2411 4569 2651 4633; x_wconf 89' lang='lat' dir='ltr'><strong>liberas</strong></span> <span class='ocrx_word' id='word_1_447' title='bbox 2698 4587 2891 4633; x_wconf 88' lang='lat' dir='ltr'><strong>auras</strong></span> <span class='ocrx_word' id='word_1_448' title='bbox 2934 4569 3411 4634; x_wconf 86' lang='lat' dir='ltr'><strong>revocavimus.</strong></span> 
     </span>
    </p>

    <p class='ocr_par' dir='ltr' id='par_1_3' title="bbox 321 4675 3420 5406">
     <span class='ocr_line' id='line_1_39' title="bbox 443 4675 3416 4760; baseline -0 -19"><span class='ocrx_word' id='word_1_449' title='bbox 443 4677 732 4741; x_wconf 87' lang='lat' dir='ltr'><strong>Proinde</strong></span> <span class='ocrx_word' id='word_1_450' title='bbox 768 4677 946 4741; x_wconf 91' lang='lat' dir='ltr'><strong>hunc</strong></span> <span class='ocrx_word' id='word_1_451' title='bbox 968 4675 1213 4741; x_wconf 87' lang='lat' dir='ltr'><strong>librum</strong></span> <span class='ocrx_word' id='word_1_452' title='bbox 1241 4695 1516 4742; x_wconf 91' lang='lat' dir='ltr'><strong>numero</strong></span> <span class='ocrx_word' id='word_1_453' title='bbox 1552 4680 1987 4760; x_wconf 89' lang='lat' dir='ltr'><strong>postremum,</strong></span> <span class='ocrx_word' id='word_1_454' title='bbox 2019 4678 2135 4742; x_wconf 89' lang='lat' dir='ltr'><strong>sed</strong></span> <span class='ocrx_word' id='word_1_455' title='bbox 2176 4678 2393 4742; x_wconf 88' lang='lat' dir='ltr'><strong>fructu</strong></span> <span class='ocrx_word' id='word_1_456' title='bbox 2421 4678 2739 4759; x_wconf 89' lang='lat' dir='ltr'><strong>primum,</strong></span> <span class='ocrx_word' id='word_1_457' title='bbox 2782 4679 2996 4742; x_wconf 88' lang='lat' dir='ltr'><strong>vestro</strong></span> <span class='ocrx_word' id='word_1_458' title='bbox 3027 4676 3416 4759; x_wconf 88' lang='lat' dir='ltr'><strong>patrocinio,</strong></span> 
     </span>
     <span class='ocr_line' id='line_1_40' title="bbox 321 4784 3417 4867; baseline -0.001 -18"><span class='ocrx_word' id='word_1_459' title='bbox 321 4788 430 4867; x_wconf 89' lang='lat' dir='ltr'><strong>qui</strong></span> <span class='ocrx_word' id='word_1_460' title='bbox 481 4788 788 4851; x_wconf 88' lang='lat' dir='ltr'><strong>omnium</strong></span> <span class='ocrx_word' id='word_1_461' title='bbox 844 4786 1218 4851; x_wconf 83' lang='lat' dir='ltr'><strong>Germaniae</strong></span> <span class='ocrx_word' id='word_1_462' title='bbox 1273 4787 1793 4851; x_wconf 89' lang='lat' dir='ltr'><strong>Universitatum</strong></span> <span class='ocrx_word' id='word_1_463' title='bbox 1858 4787 2019 4851; x_wconf 91' lang='lat' dir='ltr'><strong>estis</strong></span> <span class='ocrx_word' id='word_1_464' title='bbox 2077 4786 2552 4866; x_wconf 87' lang='lat' dir='ltr'><strong>florentissimi,</strong></span> <span class='ocrx_word' id='word_1_465' title='bbox 2607 4784 2976 4849; x_wconf 88' lang='lat' dir='ltr'><strong>subdimus.</strong></span> <span class='ocrx_word' id='word_1_466' title='bbox 3037 4785 3183 4858; x_wconf 88' lang='lat' dir='ltr'><strong>Quo</strong></span> <span class='ocrx_word' id='word_1_467' title='bbox 3240 4786 3417 4849; x_wconf 92' lang='lat' dir='ltr'><strong>enim</strong></span> 
     </span>
     <span class='ocr_line' id='line_1_41' title="bbox 325 4893 3419 4977; baseline 0 -20"><span class='ocrx_word' id='word_1_468' title='bbox 325 4898 522 4977; x_wconf 84' lang='lat' dir='ltr'><strong>magis</strong></span> <span class='ocrx_word' id='word_1_469' title='bbox 574 4896 870 4959; x_wconf 80' lang='lat' dir='ltr'><strong>haeretici</strong></span> <span class='ocrx_word' id='word_1_470' title='bbox 913 4895 1221 4975; x_wconf 83' lang='lat' dir='ltr'><strong>saeviunt,</strong></span> <span class='ocrx_word' id='word_1_471' title='bbox 1274 4895 1400 4957; x_wconf 91' lang='lat' dir='ltr'><strong>hoc</strong></span> <span class='ocrx_word' id='word_1_472' title='bbox 1455 4896 1740 4976; x_wconf 89' lang='lat' dir='ltr'><strong>majores</strong></span> <span class='ocrx_word' id='word_1_473' title='bbox 1785 4896 2309 4977; x_wconf 86' lang='lat' dir='ltr'><strong>insignioresque</strong></span> <span class='ocrx_word' id='word_1_474' title='bbox 2363 4898 2678 4976; x_wconf 90' lang='lat' dir='ltr'><strong>patronos</strong></span> <span class='ocrx_word' id='word_1_475' title='bbox 2732 4894 3054 4974; x_wconf 86' lang='lat' dir='ltr'><strong>Dionysio</strong></span> <span class='ocrx_word' id='word_1_476' title='bbox 3103 4893 3419 4957; x_wconf 84' lang='lat' dir='ltr'><strong>duximus</strong></span> 
     </span>
     <span class='ocr_line' id='line_1_42' title="bbox 322 5000 3420 5083; baseline -0.001 -18"><span class='ocrx_word' id='word_1_477' title='bbox 322 5002 796 5066; x_wconf 79' lang='lat' dir='ltr'><strong>adsciscendos,</strong></span> <span class='ocrx_word' id='word_1_478' title='bbox 829 5002 968 5065; x_wconf 91' lang='lat' dir='ltr'><strong>Vos</strong></span> <span class='ocrx_word' id='word_1_479' title='bbox 1005 5020 1158 5066; x_wconf 90' lang='lat' dir='ltr'><strong>eum</strong></span> <span class='ocrx_word' id='word_1_480' title='bbox 1197 5018 1405 5083; x_wconf 90' lang='lat' dir='ltr'><strong>prono</strong></span> <span class='ocrx_word' id='word_1_481' title='bbox 1435 5001 1798 5083; x_wconf 90' lang='lat' dir='ltr'><strong>dignemini</strong></span> <span class='ocrx_word' id='word_1_482' title='bbox 1827 5003 2066 5066; x_wconf 84' lang='lat' dir='ltr'><strong>affectu</strong></span> <span class='ocrx_word' id='word_1_483' title='bbox 2102 5000 2458 5082; x_wconf 89' lang='lat' dir='ltr'><strong>suscipere,</strong></span> <span class='ocrx_word' id='word_1_484' title='bbox 2491 5017 2701 5080; x_wconf 92' lang='lat' dir='ltr'><strong>quum</strong></span> <span class='ocrx_word' id='word_1_485' title='bbox 2730 5000 2911 5081; x_wconf 88' lang='lat' dir='ltr'><strong>quod</strong></span> <span class='ocrx_word' id='word_1_486' title='bbox 2938 5000 3065 5063; x_wconf 88' lang='lat' dir='ltr'><strong>viri</strong></span> <span class='ocrx_word' id='word_1_487' title='bbox 3101 5001 3312 5082; x_wconf 89' lang='lat' dir='ltr'><strong>pietas</strong></span> <span class='ocrx_word' id='word_1_488' title='bbox 3354 5002 3420 5064; x_wconf 91' lang='lat' dir='ltr'><strong>et</strong></span> 
     </span>
     <span class='ocr_line' id='line_1_43' title="bbox 323 5106 3419 5188; baseline 0 -19"><span class='ocrx_word' id='word_1_489' title='bbox 323 5110 604 5172; x_wconf 87' lang='lat' dir='ltr'><strong>veritatis</strong></span> <span class='ocrx_word' id='word_1_490' title='bbox 652 5108 837 5173; x_wconf 90' lang='lat' dir='ltr'><strong>zelus</strong></span> <span class='ocrx_word' id='word_1_491' title='bbox 885 5110 1180 5173; x_wconf 87' lang='lat' dir='ltr'><strong>vestrum</strong></span> <span class='ocrx_word' id='word_1_492' title='bbox 1231 5108 1605 5172; x_wconf 90' lang='lat' dir='ltr'><strong>mereantur</strong></span> <span class='ocrx_word' id='word_1_493' title='bbox 1643 5106 2106 5188; x_wconf 88' lang='lat' dir='ltr'><strong>patrocinium,</strong></span> <span class='ocrx_word' id='word_1_494' title='bbox 2148 5108 2291 5170; x_wconf 91' lang='lat' dir='ltr'><strong>tum</strong></span> <span class='ocrx_word' id='word_1_495' title='bbox 2344 5106 2520 5187; x_wconf 91' lang='lat' dir='ltr'><strong>quod</strong></span> <span class='ocrx_word' id='word_1_496' title='bbox 2573 5108 2791 5171; x_wconf 91' lang='lat' dir='ltr'><strong>vestro</strong></span> <span class='ocrx_word' id='word_1_497' title='bbox 2836 5106 2965 5170; x_wconf 87' lang='lat' dir='ltr'><strong>civi</strong></span> <span class='ocrx_word' id='word_1_498' title='bbox 3015 5125 3148 5171; x_wconf 92' lang='lat' dir='ltr'><strong>non</strong></span> <span class='ocrx_word' id='word_1_499' title='bbox 3196 5108 3419 5170; x_wconf 91' lang='lat' dir='ltr'><strong>minus</strong></span> 
     </span>
     <span class='ocr_line' id='line_1_44' title="bbox 322 5213 3416 5299; baseline 0.001 -20"><span class='ocrx_word' id='word_1_500' title='bbox 322 5215 622 5299; x_wconf 89' lang='lat' dir='ltr'><strong>debeatis,</strong></span> <span class='ocrx_word' id='word_1_501' title='bbox 655 5216 942 5299; x_wconf 87' lang='lat' dir='ltr'><strong>patriam</strong></span> <span class='ocrx_word' id='word_1_502' title='bbox 978 5232 1164 5279; x_wconf 89' lang='lat' dir='ltr'><strong>suam</strong></span> <span class='ocrx_word' id='word_1_503' title='bbox 1195 5216 1378 5279; x_wconf 89' lang='lat' dir='ltr'><strong>tanto</strong></span> <span class='ocrx_word' id='word_1_504' title='bbox 1408 5214 1753 5297; x_wconf 86' lang='lat' dir='ltr'><strong>splendore</strong></span> <span class='ocrx_word' id='word_1_505' title='bbox 1779 5213 2155 5278; x_wconf 88' lang='lat' dir='ltr'><strong>illustranti.</strong></span> <span class='ocrx_word' id='word_1_506' title='bbox 2190 5214 2436 5279; x_wconf 90' lang='lat' dir='ltr'><strong>Genuit</strong></span> <span class='ocrx_word' id='word_1_507' title='bbox 2472 5214 2649 5277; x_wconf 90' lang='lat' dir='ltr'><strong>enim</strong></span> <span class='ocrx_word' id='word_1_508' title='bbox 2687 5214 2879 5278; x_wconf 90' lang='lat' dir='ltr'><strong>nobis</strong></span> <span class='ocrx_word' id='word_1_509' title='bbox 2906 5215 3124 5279; x_wconf 91' lang='lat' dir='ltr'><strong>virum</strong></span> <span class='ocrx_word' id='word_1_510' title='bbox 3162 5217 3416 5281; x_wconf 85' lang='lat' dir='ltr'><strong>tantum</strong></span> 
     </span>
     <span class='ocr_line' id='line_1_45' title="bbox 326 5319 3415 5406; baseline 0 -18"><span class='ocrx_word' id='word_1_511' title='bbox 326 5326 665 5391; x_wconf 84' lang='lat' dir='ltr'><strong>comitatus</strong></span> <span class='ocrx_word' id='word_1_512' title='bbox 701 5322 1080 5404; x_wconf 84' lang='lat' dir='ltr'><strong>Hasbaniae,</strong></span> <span class='ocrx_word' id='word_1_513' title='bbox 1111 5322 1183 5386; x_wconf 89' lang='lat' dir='ltr'><strong>in</strong></span> <span class='ocrx_word' id='word_1_514' title='bbox 1209 5322 1358 5386; x_wconf 88' lang='lat' dir='ltr'><strong>vico</strong></span> <span class='ocrx_word' id='word_1_515' title='bbox 1395 5319 1651 5402; x_wconf 88' lang='lat' dir='ltr'><strong>Rickel,</strong></span> <span class='ocrx_word' id='word_1_516' title='bbox 1692 5320 1872 5383; x_wconf 90' lang='lat' dir='ltr'><strong>haud</strong></span> <span class='ocrx_word' id='word_1_517' title='bbox 1899 5320 1992 5383; x_wconf 90' lang='lat' dir='ltr'><strong>ita</strong></span> <span class='ocrx_word' id='word_1_518' title='bbox 2018 5320 2247 5402; x_wconf 88' lang='lat' dir='ltr'><strong>procul</strong></span> <span class='ocrx_word' id='word_1_519' title='bbox 2288 5320 2371 5385; x_wconf 89' lang='lat' dir='ltr'><strong>ab</strong></span> <span class='ocrx_word' id='word_1_520' title='bbox 2408 5322 2651 5403; x_wconf 89' lang='lat' dir='ltr'><strong>oppido</strong></span> <span class='ocrx_word' id='word_1_521' title='bbox 2693 5322 2832 5385; x_wconf 85' lang='lat' dir='ltr'><strong>divi</strong></span> <span class='ocrx_word' id='word_1_522' title='bbox 2859 5322 3189 5388; x_wconf 90' lang='lat' dir='ltr'><strong>Trudonis</strong></span> <span class='ocrx_word' id='word_1_523' title='bbox 3220 5344 3235 5386; x_wconf 74' lang='grc' dir='ltr'><strong>ε</strong></span> <span class='ocrx_word' id='word_1_524' title='bbox 3268 5341 3415 5406; x_wconf 84' lang='lat' dir='ltr'><strong>quae</strong></span> 
     </span>
    </p>
   </div>
  </div>
 </body>
</html>
