4267 6250
865 501 982 566 176

1725 517 1790 564 m
1831 516 2052 564 mulum
2096 516 2158 563 lv
2200 513 2682 562 smmunuu.
2723 533 2804 544 —
2843 516 2996 562 msr.
3038 517 3102 562 vl

858 688 1185 753 confertur
1229 687 1461 771 triplex
1521 687 1845 750 character
1895 686 1961 749 in
2007 685 2217 749 tribus
2264 705 2359 748 sa·
2386 683 2437 748 Α
2468 703 2713 748 sacram
2749 686 3109 769 passionem
3144 691 3254 748 aut
3282 685 3623 761 actionem,
3656 685 3723 746 in
3751 703 3973 748 susce-

856 787 1221 862 cramentiS,
1269 786 1624 849 secundum
1667 784 1990 868 triplicem
2036 784 2191 847 fidei
2234 790 2357 847 sta-

855 893 1018 961 tum,
1053 885 1358 968 quoniam
1387 891 1586 947 status
1621 883 1776 946 fidei
1819 884 1884 946 in
1927 882 2210 945 Ecclesia
2240 881 2357 945 mi-

856 983 1064 1046 litanti
1101 991 1199 1045 est
1243 982 1498 1064 triplex.
1545 982 1622 1044 Et
1671 982 2028 1044 secundum
2076 980 2219 1054 hoc,
2261 987 2357 1042 est

855 1081 1088 1164 triplex
1129 1081 1456 1143 distinctio
1499 1097 1513 1142 ε
1557 1079 2098 1162 quemadmodum
2140 1079 2207 1141 in
2252 1097 2357 1140 ex-

855 1179 1082 1253 ercitu,
1121 1179 1330 1261 prima
1363 1178 1690 1241 distinctio
1734 1176 2096 1241 communis
2129 1183 2229 1240 est
2268 1183 2360 1239 to-

853 1278 983 1340 tius
1031 1277 1306 1358 alicujus
1355 1276 1670 1340 exercitus
1717 1275 1799 1338 ab
1855 1274 2143 1339 exercitu
2188 1273 2355 1354 alio;

857 1375 1136 1440 secunda
1192 1382 1290 1438 est
1347 1375 1674 1438 distinctio
1729 1372 2026 1456 specialis
2077 1372 2355 1436 militum

855 1494 892 1537 a
923 1473 1340 1556 popularibus
1364 1491 1381 1552 3
1414 1474 1600 1536 tertia
1629 1471 2092 1555 specialissima
2119 1471 2358 1534 ducum

856 1571 938 1634 ab
984 1572 1292 1654 utrisque.
1327 1571 1535 1634 Prima
1573 1570 1901 1632 distinctio
1939 1569 2203 1652 respicit
2240 1575 2361 1632 sta-

857 1678 996 1734 tum
1027 1671 1183 1734 fidei
1215 1671 1662 1734 conservandae
1693 1668 1760 1731 in
1793 1687 1861 1731 se
1893 1668 2054 1751 ipso,
2079 1686 2193 1730 seu
2224 1687 2358 1730 sus-

857 1769 1168 1851 cipiendae
1212 1767 1278 1830 in
1323 1785 1432 1848 se;
1478 1775 1541 1830 et
1593 1767 1716 1831 hoc
1756 1766 1836 1829 fit
1885 1785 1999 1849 per
2048 1765 2357 1848 Baptismi

2467 783 2685 866 ptione
2715 783 3061 866 cujuslibet
3087 784 3467 847 sacramenti
3498 783 3977 866 imprimeretur

2467 882 2795 946 character
2845 900 2860 944 ε
2912 883 3082 965 quod
3133 889 3232 945 est
3283 882 3538 945 falsum.
3589 882 3750 944 Hinc
3795 882 3973 956 dico,

2468 981 2638 1063 quod
2686 981 2771 1043 sit
2823 981 2979 1063 quid
3026 981 3414 1055 absolutum,
3463 982 3529 1043 in
3578 998 3705 1063 quo
3752 987 3975 1043 tamen

2467 1079 2773 1142 fundatur
2810 1087 3157 1161 respectus.
3192 1079 3271 1140 Et
3307 1099 3510 1161 quum
3550 1080 3634 1144 sit
3675 1080 3975 1162 quiedam

2466 1177 2969 1260 supernaturalis
3018 1177 3322 1259 potentia,
3368 1177 3698 1239 reducitur
3742 1177 3820 1240 ad
3870 1196 3977 1240 se-

2468 1277 2741 1338 cundam
2782 1274 3063 1357 speciem
3105 1275 3451 1357 qualitatis,
3487 1294 3629 1357 quae
3666 1283 3763 1338 est
3790 1283 3976 1338 natu-

2467 1374 2619 1436 ralis
2649 1374 2933 1457 potentia
2960 1372 3065 1436 vel
3106 1372 3501 1455 impotentia.
3536 1374 3745 1436 Potest
3772 1375 3971 1437 etiam

2467 1473 2619 1547 dici,
2671 1473 2841 1555 quod
2892 1472 2959 1534 in
3008 1479 3318 1554 quantum
3364 1479 3463 1534 est
3509 1472 3841 1554 dispositio
3888 1473 3973 1535 ad

2466 1572 2757 1652 gratiam,
2804 1570 2997 1633 habet
3034 1568 3523 1632 similitudinem
3567 1589 3716 1632 cum
3760 1570 3979 1654 prima

2468 1670 2682 1752 specie
2724 1669 3084 1752 qualitatis3
3134 1677 3199 1731 et
3246 1668 3313 1730 in
3357 1677 3669 1750 quantum
3711 1677 3809 1732 est
3848 1670 3980 1751 spi·

2468 1768 2718 1831 ritualis
2762 1767 3187 1848 configuratio
3226 1767 3479 1842 animae,
3523 1767 3713 1849 cujus
3750 1775 3848 1830 est
3888 1768 3975 1830 si-

857 1868 1306 1930 characterem.
1363 1867 1652 1930 Secunda
1700 1865 1962 1948 respicit
2003 1871 2239 1952 statum
2285 1860 2434 1925 fi·B
2468 1884 2665 1949 gnum
2723 1865 3188 1941 distinctivum,
3238 1865 3731 1928 similitudinem
3778 1865 3975 1928 habet

856 1966 956 2028 dei
989 1965 1406 2028 defendendae
1435 1971 1654 2027 contra
1693 1962 2054 2026 incredulos
2079 1980 2096 2041 ;
2127 1969 2193 2024 et
2220 1961 2356 2024 haec

856 2063 935 2126 fit
963 2082 1077 2146 per
1107 2063 1538 2125 characterem
1574 2060 2114 2125 confirmationis.
2151 2059 2358 2122 Tertia

856 2161 1119 2244 respicit
1147 2167 1380 2223 statum
1408 2159 1565 2222 fidei
1595 2158 2093 2240 multiplicandae
2121 2176 2196 2220 ac
2226 2157 2363 2220 edo-

856 2259 1074 2322 cendae
1104 2258 1170 2320 in
1199 2258 1342 2322 aliis
1367 2276 1384 2336 3
1417 2265 1481 2321 et
1509 2259 1644 2321 haec
1675 2257 1754 2319 fit
1783 2276 1900 2339 per
1927 2256 2359 2319 characterem

859 2357 1132 2421 Ordinis.
1166 2392 1247 2403 —
1273 2357 1510 2420 Verum
1549 2355 1649 2418 his
1688 2355 1883 2436 objici
1925 2362 2156 2437 potest,
2188 2355 2358 2437 quod

845 2456 1051 2540 etiam
1103 2455 1168 2517 in
1219 2454 1420 2518 veteri
1469 2455 1870 2516 Testamento
1920 2460 2102 2516 erant
2146 2453 2361 2534 aliqua

857 2560 1251 2618 sacramenta
1282 2571 1410 2615 non
1445 2551 1782 2626 iterabilia,
1817 2559 1888 2615 ut
1925 2551 2355 2625 circumcisiO,

857 2660 923 2716 et
951 2651 1344 2716 consecratio
1375 2649 1758 2733 pontificum
1795 2667 1810 2712 ε
1843 2667 1996 2733 ergo
2033 2649 2259 2712 saltem
2291 2649 2357 2711 in

855 2752 986 2814 illis
1035 2749 1527 2833 imprimebatur
1576 2748 1921 2812 character.
1979 2748 2355 2822 Dicendum,

855 2850 1025 2932 quod
1066 2847 1510 2911 initerabilitas
1551 2846 1661 2909 illa
1700 2865 1828 2910 non
1859 2846 1984 2909 fuit
2009 2853 2141 2909 tota
2167 2853 2357 2928 atque

855 2946 1190 3010 sufficiens
1237 2945 1400 3009 ratio
1457 2944 1898 3027 impressionis
1950 2943 2355 3018 characteris,

2468 1983 2613 2026 cum
2660 1965 2875 2047 specie
2917 1972 3160 2046 quarta.
3204 1963 3347 2028 Haec
3390 1964 3760 2027 RicharduS.

2548 2064 2665 2137 Qui
2704 2069 3169 2145 consequenter
3207 2062 3671 2145 respondendo,
3704 2082 3786 2125 an
3826 2063 3975 2126 cha-

2469 2169 2672 2224 racter
2694 2161 2778 2224 sit
2802 2160 3181 2236 indelebiliS,
3196 2161 3420 2224 recitat
3442 2162 3751 2224 rationem
3775 2179 3971 2244 quam

2468 2257 2739 2320 'l'homas
2781 2258 3060 2338 assignat
3096 2257 3175 2319 ad
3214 2257 3357 2332 hoc,
3394 2257 3530 2338 jam
3570 2276 3963 2340 expressam.

2468 2356 2615 2430 Quae
2645 2356 2805 2418 ratio
2844 2373 2973 2419 non
3011 2356 3266 2419 videtur
3304 2356 3363 2419 ei
3394 2355 3731 2420 sufficiens
3764 2375 3779 2420 :
3812 2359 3971 2439 quia

2467 2473 2545 2517 ex
2575 2454 3050 2517 consecratione
3079 2454 3201 2517 olei
3232 2461 3296 2516 et
3324 2453 3688 2518 chrismatis
3718 2473 3795 2518 ac
3824 2473 3974 2519 con·

2468 2552 2779 2616 similium
2830 2553 3346 2628 inanimatorum,
3390 2570 3517 2617 non
3564 2561 3863 2617 causatur
3900 2554 3971 2616 in

2468 2651 2561 2713 eis
2588 2650 2833 2733 aliquid
2862 2649 3250 2726 absolutum,
3284 2650 3396 2714 sed
3426 2651 3559 2714 sola
3586 2652 3828 2715 relatio.
3852 2653 3973 2716 Ve-

2467 2759 2825 2813 rumtamen
2880 2750 3041 2813 ratio
3098 2751 3206 2813 illa
3251 2769 3445 2833 quam
3496 2751 3767 2816 Thomas
3814 2753 3975 2816 assi-

2467 2856 2638 2929 gnat,
2670 2848 2883 2911 verior
2918 2848 3253 2930 aptiorque
3289 2848 3545 2911 videtur
3587 2868 3781 2931 quam
3824 2851 3972 2915 aliae

2467 2966 2610 3029 quae
2639 2946 2997 3021 traduntur,
3021 2947 3323 3028 quoniam
3354 2955 3665 3029 quantum
3694 2948 3775 3011 ad
3806 2949 3971 3012 illud

855 3045 966 3108 sed
1024 3044 1236 3128 potius
1295 3043 1456 3107 ratio
1511 3043 1942 3106 distinctionis
2000 3042 2355 3105 secundum
2387 3049 2430 3114 C
2468 3045 2867 3128 propositum
2894 3045 2973 3107 ad
3005 3046 3173 3128 quod
3206 3044 3475 3108 Thomas
3505 3045 3752 3109 inducit
3786 3066 3974 3130 argu-

854 3150 1092 3206 statum
1122 3141 1280 3205 fidei
1313 3148 1721 3225 perpetuum,
1755 3159 1882 3205 non
1912 3141 2355 3222 temporalem,

855 3250 920 3305 et
965 3241 1390 3324 spiritualem,
1441 3258 1570 3303 non
1618 3240 1960 3303 carnalem.
2003 3239 2215 3303 Status
2254 3258 2361 3303 au-

854 3348 986 3403 tem
1033 3340 1268 3403 veteris
1325 3338 1709 3402 Testamenti
1769 3346 1904 3402 erat
1954 3337 2227 3401 carnalis
2285 3355 2357 3400 ac

856 3438 1244 3520 temporalis,
1285 3438 1429 3501 Haec
1469 3437 1709 3499 Petrus.

934 3535 1286 3599 Richardus
1315 3553 1570 3617 quoque
1601 3552 1717 3617 pro
1748 3533 1974 3615 majori
2003 3541 2183 3616 parte
2214 3550 2361 3597 con-

853 3641 1038 3697 sonat
1092 3632 1523 3716 praeinductis.
1577 3632 1654 3695 Et
1709 3639 1928 3696 contra
1984 3631 2355 3713 opinionem

854 3733 1230 3808 dicentium,
1262 3732 1431 3815 quod
1464 3732 1790 3795 character
1817 3749 1946 3796 non
1985 3732 2069 3794 sit
2107 3731 2235 3793 nisi
2266 3748 2359 3793 re-

853 3832 1028 3907 latio,
1059 3830 1289 3912 arguit,
1321 3831 1474 3914 quia
1506 3830 1688 3911 juxta
1728 3846 2139 3893 communem
2179 3828 2356 3893 theo-

854 3931 1144 4012 logorum
1175 3929 1556 4003 doctrinam,
1589 3934 1654 3991 et
1681 3928 2034 3991 secundum
2068 3927 2240 4009 quod
2277 3946 2355 3990 ex

851 4030 1042 4092 dictis
1091 4028 1296 4092 divini
1347 4026 1631 4109 Dionysii
1691 4025 2164 4108 comprobatur,
2215 4025 2357 4088 cha·

853 4134 1060 4190 racter
1111 4125 1456 4207 significat,
1501 4125 1806 4205 disponit,
1856 4124 2214 4204 distinguit,
2260 4142 2356 4185 as-

2468 3151 2780 3217 mentum‚
2830 3152 2928 3206 est
2976 3144 3190 3207 simile
3236 3145 3406 3226 quod
3457 3145 3971 3209 consecrationes

2466 3244 2698 3305 durant
2739 3249 3065 3326 perpetue.

2545 3340 2842 3404 Albertus
2890 3358 3145 3423 quoque
3186 3340 3293 3403 hic
3332 3339 3579 3414 scribit,
3612 3343 3784 3425 quod
3824 3342 3971 3407 cha-

2466 3448 2673 3503 racter
2711 3446 2941 3521 praeter
2977 3438 3349 3502 relationem
3389 3439 3549 3502 dicit
3582 3440 3827 3523 aliquid
3859 3441 3974 3503 ab·

2466 3538 2747 3601 solutum
2806 3537 2872 3599 in
2930 3555 3161 3620 genere
3210 3537 3557 3618 qualitatis„
3608 3537 3851 3601 habens
3900 3558 3973 3602 se

2467 3653 2582 3718 per
2612 3636 2873 3700 modum
2902 3634 3159 3699 habitus
3186 3652 3203 3715 ;
3234 3642 3300 3697 et
3338 3643 3435 3699 est
3470 3636 3709 3701 donum
3748 3638 3972 3718 gratiae

2465 3734 2659 3814 gratis
2698 3734 2881 3809 datae,
2922 3752 2997 3796 ac
3034 3733 3251 3796 lumen
3290 3734 3771 3817 supernaturale
3812 3736 3971 3798 assi-

2468 3832 2699 3895 milans
2739 3831 3031 3895 Trinitati
3070 3838 3343 3907 aeternae,
3386 3832 3451 3895 in
3496 3849 3625 3914 quo
3663 3832 3975 3896 fundatur

2468 3930 2690 3993 relatio
2748 3930 2866 3992 ista
2924 3929 3330 4005 characteriS,
3387 3929 3555 3992 sicut
3611 3929 3973 3995 similitudo

2464 4026 2770 4090 fundatur
2805 4026 2870 4089 in
2907 4027 3229 4109 qualitate.
3260 4060 3342 4073 —
3368 4027 3560 4091 Porro
3587 4028 3668 4091 de
3698 4046 3973 4092 numero

2467 4132 2531 4188 et
2559 4126 2781 4188 ordine
2808 4124 3250 4211 characterum
3288 4125 3466 4199 dicit,
3498 4127 3667 4208 quod
3698 4146 3737 4189 a
3765 4127 3973 4191 diver-

854 4224 1113 4287 similat.
1168 4223 1503 4305 Significat
1559 4222 1734 4285 enim
1789 4221 2056 4303 gratiam
2089 4228 2357 4302 ‘gratum
2386 4227 2437 4289 D
2468 4223 2555 4286 sis
2595 4222 3021 4285 diversimode
3062 4222 3338 4285 sumitur
3376 4242 3681 4287 numerus
3720 4244 3837 4287 seu
3874 4226 3971 4288 di·

855 4322 1222 4397 facientem,
1273 4320 1684 4404 disponitque
1739 4321 2021 4383 animam
2079 4319 2159 4382 ad
2220 4320 2361 4401 ejus

855 4420 1372 4503 susceptionem3
1413 4418 1750 4501 distinguit
1787 4435 2042 4500 quoque
2086 4417 2361 4500 baptiza-

854 4530 992 4583 tum
1033 4538 1072 4583 a
1109 4537 1237 4583 non
1279 4518 1618 4601 baptizato,
1651 4526 1842 4601 atque
1880 4517 2191 4580 assimilat
2228 4518 2360 4580 ani-

857 4638 1028 4682 mam
1073 4619 1221 4693 Deo,
1255 4636 1455 4700 quum
1497 4617 1582 4679 sit
1620 4615 1910 4699 quaedam
1955 4615 2357 4698 participatio

856 4717 1186 4802 potestatis
1217 4716 1473 4790 divinae,
1505 4716 1629 4778 alia
1667 4715 1748 4778 ab
1789 4714 1898 4777 illa
1935 4733 2080 4796 quae
2117 4720 2214 4777 est
2243 4733 2359 4796 per

853 4824 1168 4889 naturam,
1209 4824 1275 4879 et
1319 4815 1402 4878 ab
1444 4814 1554 4878 illa
1597 4831 1739 4896 quae
1781 4820 1880 4876 est
1924 4830 2040 4895 per
2084 4812 2355 4894 gratiam

851 4923 1104 4998 gratum
1155 4912 1518 4978 facientem.
1563 4914 1706 4977 Haec
1753 4918 1968 4975 autem
2006 4909 2357 4974 attribuere

853 5014 973 5077 soli
1005 5013 1322 5087 relationi,
1353 5030 1482 5075 non
1511 5018 1608 5075 est
1637 5011 1723 5073 ita
1763 5008 2152 5074 conveniens
2190 5009 2358 5071 sicut

852 5113 1076 5177 formae
1113 5112 1439 5175 absolutae.
1473 5111 1799 5183 Praeterea,
1833 5127 2032 5190 quum
2070 5124 2186 5190 per
2220 5127 2355 5171 sus-

853 5210 1218 5294 ceptionem
1249 5208 1598 5291 cujuslibet
1627 5206 2110 5280 sacramenti,in
2142 5206 2357 5270 anima

855 5308 1266 5394 suscipientis
1316 5317 1612 5373 causetur
1668 5306 1892 5370 relatio
1946 5304 2027 5368 ad
2073 5304 2355 5387 aliquam

2470 4318 2728 4383 stinctio
2784 4320 3243 4382 characterum.
3305 4319 3698 4384 Probabilior
3752 4330 3970 4387 autem

2468 4419 2720 4481 videtur
2774 4418 3064 4501 acceptio
3110 4436 3309 4501 penes
3353 4437 3700 4483 numerum
3746 4421 3972 4484 distin·

2468 4516 2696 4581 ctionis
2744 4518 3097 4580 secundum
3147 4516 3303 4581 fidei
3350 4524 3586 4581 statum
3627 4536 3642 4580 :
3684 4520 3853 4582 sicut
3898 4520 3965 4583 in

2464 4616 2712 4679 familia
2760 4614 2959 4678 David
3016 4614 3277 4678 fuerunt
3324 4624 3453 4679 tres
3498 4616 3960 4682 distinctiones.

2463 4715 2673 4778 Prima
2702 4713 3038 4795 generalis,
3073 4714 3295 4796 populi
3330 4714 3441 4778 Dei
3478 4715 3559 4778 ab
3591 4716 3959 4779 incredulis

2464 4812 2758 4877 Secunda
2804 4811 3066 4874 fortium
3115 4812 3336 4886 David,
3391 4812 3502 4894 qui
3552 4821 3811 4877 strenue
3856 4816 3965 4878 de·
3998 4835 4231 4892 uncam

2461 4912 2810 4976 fendebant
2848 4912 3093 4975 cultum
3124 4930 3198 4974 ac
3236 4912 3548 4995 populum
3588 4913 3721 4978 Dei.
3754 4914 3964 4978 Tertia
3994 4902 4041 4943 ⁸·

2464 5011 2871 5094 praelatorum
2918 5029 2992 5073 ac
3038 5010 3459 5074 sacerdotum.
3502 5012 3571 5073 In
3617 5013 3845 5095 primis
3884 5014 3967 5077 si-

2461 5108 2808 5191 gnificatur
2846 5108 3172 5171 character
3201 5109 3531 5191 Baptismi,
3566 5110 3631 5172 in
3662 5112 3963 5175 secundis

2462 5208 2789 5271 character
2826 5205 3365 5283 confirmationiS‚
3400 5208 3465 5270 in
3503 5209 3709 5272 tertiis
3748 5210 3963 5273 chara·

2462 5313 2596 5369 cter
2646 5304 3063 5368 excellentior
3119 5304 3392 5369 Ordinis.
3444 5306 3731 5390 Denique
3788 5307 3965 5372 Chri-
