4267 6250
568 2563 699 2607 Bom.
721 2576 808 2615 xiv,

539 2627 610 2672 22.

542 3061 746 3119 Cs.p.129
758 3062 807 3107 θ’

841 489 960 554 132

1445 506 1511 552 m
1552 505 1774 552 LIBRUM
1816 504 1876 551 1v
1920 500 2404 550 SENTENTIARUU.
2444 518 2526 529 —
2563 500 2717 547 msr.
2757 500 2859 564 1v;
2903 500 3128 557 QUAEST.
3167 500 3228 557 V,
3265 499 3330 545 vt

839 678 1011 741 niam
1040 676 1387 758 unicuique
1417 675 1561 758 plus
1592 674 1976 757 suffragatur
2004 673 2170 738 fides
2201 691 2339 756 pro·
2367 669 2421 733 A
2447 672 2560 735 dos
2600 691 2871 755 puerum
2910 670 3106 735 sacris
3145 668 3475 754 symbolis,
3509 668 3571 731 id
3609 674 3707 731 est
3737 684 3954 729 sacra-

838 777 980 859 pria
1009 795 1203 859 quam
1232 774 1461 848 aliena,
1484 773 1706 848 adulti,
1726 774 1834 856 qui
1867 793 1981 856 per
2012 772 2332 856 propriam

836 875 1037 939 fidem
1086 875 1164 937 ad
1212 873 1607 957 Baptismum
1658 891 1725 934 se
1773 880 2149 955 praeparant‚
2193 871 2337 954 plus

838 974 1055 1055 gratiae
1084 973 1151 1035 in
1180 972 1564 1056 Baptismate
1596 971 1949 1035 sortiuntur
1978 990 2170 1052 quam
2201 989 2340 1053 par-

837 1072 995 1147 vuli,
1028 1073 1138 1154 qui
1178 1089 1306 1135 non
1348 1070 1478 1133 fide
1519 1070 1797 1153 propria,
1832 1071 1941 1133 sed
1982 1088 2095 1152 per
2139 1068 2336 1131 fidem

839 1170 1138 1235 Ecclesiae
1167 1171 1244 1233 ad
1274 1169 1681 1252 Baptismatis
1709 1168 1975 1250 gratiam
2008 1167 2340 1250 disponun-

838 1277 962 1331 tur.
1004 1270 1149 1333 Haec
1191 1268 1561 1332 Richardus,
1595 1303 1676 1313 —
1704 1266 2100 1331 concordant
2139 1266 2339 1331 Bona-

839 1375 1129 1443 ventura,
1161 1365 1458 1430 Albcrtus
1500 1365 1738 1449 aliique
1779 1366 2222 1429 communiter.

1285 1684 1762 1763 QUAESTIO
1830 1684 1890 1747 V

985 1959 1170 2022 Uinto
1200 1957 1529 2041 quaeritur,
1562 1957 1853 2024 ‘Utrum
1883 1951 2337 2022 carentibus

1012 2072 1163 2125 usu
1199 2056 1536 2124 rationis
1565 2054 2026 2135 Baptismus
2062 2052 2174 2119 sit
2208 2067 2337 2118 ex-

837 2153 928 2222 111
1028 2157 1257 2237 udus,
1288 2156 1569 2236 utpote
1616 2152 2062 2233 infantuIiS,
2092 2150 2337 2218 inrio-

838 2254 975 2336 sis,
1009 2254 1521 2335 phreneticis,
1552 2253 1857 2319 stultia.

918 2352 1182 2415 Videtur
1223 2351 1393 2433 quod
1436 2368 1585 2425 non,
1629 2349 1931 2431 quoniam
1982 2347 2336 2429 spiritualis

839 2450 1157 2523 medicina
1184 2449 1378 2512 fidem
1412 2447 1679 2531 requirit
1704 2447 1769 2509 in
1796 2444 2338 2529 recipientezquia

838 2555 908 2611 ut
936 2549 1025 2611 ait
1052 2547 1413 2631 Apostolus,
1437 2546 1608 2628 quod
1639 2562 1767 2607 non
1797 2551 1895 2607 est
1923 2563 2001 2607 ex
2031 2542 2164 2606 fide
2194 2562 2337 2626 pec-

836 2655 1047 2711 catum
1086 2653 1201 2710 est.
1234 2682 1315 2692 —
1343 2646 1605 2719 RursuS,
1640 2644 1705 2706 in
1744 2643 2069 2726 Baptismo
2106 2650 2204 2705 est
2238 2642 2338 2723 ju-

835 2746 1137 2809 stificatio
1179 2745 1513 2828 quaedam;
1556 2743 1667 2806 sed
1711 2742 2063 2823 Augustino
2104 2748 2336 2804 testan-

834 2851 919 2918 te,
952 2844 1065 2927 qui
1110 2844 1349 2907 creavit
1391 2849 1452 2904 te
1496 2842 1633 2904 sine
1678 2848 1763 2916 te,
1798 2841 1859 2902 id
1905 2846 2001 2904 est
2044 2840 2183 2902 sine
2226 2847 2335 2902 tua

836 2942 1302 3026 cooperatione,
1346 2958 1473 3003 non
1518 2937 1902 3021 justificabit
1950 2946 2011 3001 te
2058 2939 2199 3001 sine
2246 2946 2327 3000 te.

2447 770 2831 833 mentalibus
2863 771 3082 853 signis,
3108 778 3178 832 ut
3206 788 3354 832 cum
3385 768 3479 831 eis
3509 774 3951 839 conversetur,

2447 877 2511 931 et
2537 888 2656 932 nec
2693 870 2977 933 imitetur
3013 870 3275 932 alteram
3307 868 3506 931 vitam
3547 865 3673 928 nisi
3708 865 3956 947 jugiter

2446 968 2663 1031 divina
2707 967 3262 1051 contemplantem.
3307 966 3386 1029 Et
3427 966 3658 1028 iterum
3701 963 3954 1025 ibidem

2447 1066 2703 1128 divinus
2741 1066 3078 1149 Dionysius
3118 1072 3502 1147 protestatur
3535 1080 3549 1125 τ
3585 1061 3793 1126 Divini
3835 1080 3952 1124 no·

2447 1163 2559 1227 stri
2600 1165 2794 1227 duces
2823 1166 3006 1248 (puta
3036 1163 3350 1247 Apostoli)
3379 1161 3806 1245 probaverunt
3849 1160 3951 1222 in-

2446 1260 2651 1325 fantes
2686 1261 2885 1344 recipi
2921 1262 2997 1323 ad
3028 1262 3444 1344 Baptismum.
3477 1296 3560 1305 —
3587 1260 3664 1321 Et
3691 1259 3747 1321 si
3775 1258 3951 1340 obji-

2445 1360 2670 1435 ciatur,
2704 1360 3007 1442 quoniam
3051 1358 3252 1440 magis
3299 1357 3587 1422 afficitur
3629 1357 3823 1420 homo
3865 1356 3950 1419 ad

2445 1476 2520 1520 ea
2549 1478 2690 1542 quae
2719 1476 2797 1521 ex
2831 1478 2898 1521 se
2935 1458 3210 1541 acquirit
3249 1464 3313 1519 et
3350 1464 3575 1540 sponte
3609 1454 3951 1538 consequi-

2444 1563 2570 1632 tur,
2594 1576 2785 1640 quam
2815 1557 2894 1620 ad
2925 1575 2999 1619 ea
3026 1576 3169 1639 quae
3195 1556 3434 1639 accipit
3459 1555 3716 1618 aliunde
3749 1574 3764 1619 :
3799 1572 3952 1637 pro-

2445 1662 2587 1736 pter
2623 1654 2793 1737 quod
2831 1653 2896 1715 hi
2937 1654 3050 1736 qui
3087 1672 3166 1717 ex
3203 1653 3464 1736 propria
3497 1651 3948 1736 acquisitione,

2447 1752 2777 1833 diligentia
2825 1759 2888 1815 et
2936 1751 3150 1815 labore
3199 1750 3440 1814 habent
3483 1750 3762 1827 divitias,
3813 1766 3950 1813 non

2371 1854 2418 1917 B
2447 1860 2598 1913 sunt
2635 1850 3062 1914 communiter
3098 1857 3228 1912 tam
3269 1848 3564 1913 liberales
3602 1856 3674 1911 ut
3710 1848 3824 1931 qui
3861 1848 3949 1911 ab

2445 1950 2590 2013 aliis
2637 1969 2742 2012 eas
2793 1949 2995 2012 sortiti
3043 1958 3194 2012 sunt
3238 1967 3252 2013 ε
3301 1966 3451 2031 ergo
3497 1948 3828 2030 expediret
3875 1948 3946 2010 in

2446 2049 2730 2130 parvulis
2760 2056 3014 2131 tempus
3051 2048 3284 2111 adultae
3315 2054 3684 2130 exspectare
3713 2047 3942 2110 aetatis.

2445 2146 2821 2221 Dicendum,
2854 2147 3024 2229 quod
3055 2166 3278 2210 verum
3308 2154 3497 2219 esset,
3531 2144 3654 2208 nisi
3682 2145 3948 2207 aliunde

2444 2253 2538 2308 tot
2565 2252 2630 2307 et
2657 2252 2831 2307 tanta
2859 2245 3190 2308 obviarent
3219 2244 3504 2327 pericula
3527 2244 3766 2326 quibus
3793 2244 3947 2307 sub-

2442 2344 2664 2425 jicitur
2693 2344 2821 2405 vita
2859 2344 3139 2406 humana
3169 2361 3183 2405 τ
3218 2343 3362 2406 ideo
3395 2342 3678 2406 securior
3706 2343 3810 2405 via
3843 2350 3948 2406 est

2444 2441 2753 2523 eligenda.
2795 2442 2923 2505 Nec
2965 2460 3190 2505 verum
3232 2448 3329 2504 est
3371 2442 3540 2523 quod
3589 2441 3948 2524 spiritualis

2445 2539 2566 2601 ista
2600 2540 2908 2622 Baptismi
2951 2540 3270 2603 medicina
3305 2556 3433 2601 non
3473 2540 3557 2601 sit
3595 2558 3715 2603 usu
3753 2538 3948 2602 ratio-

2446 2639 2547 2701 nis
2597 2638 2960 2702 carentibus
3015 2637 3412 2721 applicanda.
3463 2637 3706 2720 Nempe
3753 2644 3826 2699 ut
3875 2638 3947 2700 in

2444 2736 2609 2800 libro
2649 2736 2940 2799 LXXXIII
2973 2736 3402 2811 Quaestionum
3441 2743 3698 2799 sanctus
3737 2735 3946 2818 loqui-

2442 2844 2548 2898 tur
2575 2836 2989 2917 AugustinuS,
3021 2836 3256 2897 diversi
3297 2842 3494 2897 status
3529 2834 3752 2898 mundi
3783 2834 3946 2897 assi-

2443 2934 2748 2996 milantur
2799 2933 3067 2997 diversis
3117 2933 3397 2996 hominis
3445 2933 3736 3014 ejusdem
3791 2940 3943 2998 aeta-

885 3040 1146 3103 ‚Verum
1198 3038 1277 3100 de
1326 3038 1445 3100 hac
1493 3037 1761 3099 materia
1805 3036 2048 3099 dictum
2094 3044 2193 3099 est
2234 3054 2334 3098 su·
2362 3038 2406 3103 C
2441 3032 2634 3094 tibus.
2691 3031 2852 3094 Hinc
2908 3031 3075 3094 sicut
3131 3031 3197 3093 in
3253 3030 3433 3093 nullo
3487 3037 3653 3093 statu
3713 3032 3943 3095 mundi

837 3157 972 3221 pra,
1006 3138 1149 3200 ideo
1191 3154 1317 3200 non
1363 3136 1489 3198 nisi
1533 3155 1734 3219 pauca
1774 3135 2080 3198 addenda.

914 3238 1133 3319 Itaque
1192 3235 1545 3299 secundum
1594 3234 1922 3308 Thomam,
1972 3233 2327 3310 Alhertum‚

834 3335 1341 3399 Bonaventuram
1370 3353 1443 3396 ac
1472 3333 1629 3396 alios
1660 3333 1885 3414 plureS,
1901 3332 2177 3395 infantes
2207 3333 2332 3396 cito

834 3441 986 3496 sunt
1025 3431 1411 3516 baptizandi,
1453 3430 1755 3514 quoniam
1797 3430 1966 3493 circa
2006 3449 2115 3494 eos
2164 3431 2330 3513 peri-

836 3533 1055 3595 culum
1088 3531 1440 3594 maximum
1470 3537 1569 3593 est
1597 3529 1664 3593 in
1694 3547 1889 3593 mora.
1922 3529 2154 3606 Primo,
2175 3547 2331 3612 quo·

833 3630 1008 3693 niam
1039 3638 1300 3713 propter
1328 3629 1833 3692 imbecillitatem
1865 3636 2105 3694 naturae
2133 3630 2214 3693 de
2244 3629 2333 3692 fa-

832 3728 941 3792 cili
988 3729 1151 3792 mori
1200 3735 1501 3811 poterunt
1538 3747 1611 3790 ac
1660 3727 1967 3791 damnari.
2013 3728 2326 3803 Secunde,

826 3828 976 3910 quia
1003 3829 1314 3892 minorem
1340 3834 1712 3912 potestatem
1742 3827 2061 3891 daemones
2091 3827 2330 3891 habent

827 3926 892 3989 in
938 3927 1157 4010 pueris
1200 3926 1557 4010 baptizatis,
1592 3945 1710 3989 nec
1749 3926 2167 4008 spiritualiter
2209 3945 2329 3990 nec

828 4027 1241 4109 corporaliter
1269 4033 1537 4109 possunt
1567 4025 1661 4087 eis
1690 4031 1895 4087 tantas
1926 4023 2164 4088 inferre
2197 4043 2328 4089 mo-

824 4123 1188 4188 lestationes
1233 4131 1304 4186 ut
1338 4124 1481 4186 aliis
1525 4122 1743 4206 pueris
1780 4140 1793 4184 :
1828 4122 1957 4184 imo
1996 4123 2180 4204 pueri
2221 4123 2328 4186 ba-

824 4222 1041 4304 ptizati
1073 4229 1223 4285 sunt
1254 4221 1498 4302 angelis
1530 4220 1765 4284 sanctis
1794 4219 2214 4296 amabiliores,
2227 4228 2324 4284 ut-
2354 4221 2407 4286 D

824 4326 972 4401 pote
1001 4337 1117 4401 per
1155 4318 1661 4401 supernaturalia
1692 4317 2072 4381 charismata
2106 4320 2323 4400 gratiae

824 4425 889 4480 et
920 4417 1233 4480 donorum
1272 4425 1461 4500 atque
1505 4417 1813 4479 virtutum
1858 4416 2017 4498 ipsis
2057 4417 2322 4481 similio-

823 4534 946 4590 ωε,
981 4523 1239 4598 propter
1267 4515 1438 4597 quod
1472 4514 1841 4595 diligentius
1876 4515 2324 4578 custodiuntur

821 4612 904 4676 ab
932 4613 1356 4696 ipsis.'l'ertio,
1372 4613 1523 4695 quia
1551 4611 1630 4674 ab
1663 4611 1929 4675 infantia
1957 4619 2020 4675 et
2048 4615 2324 4696 pueritia

822 4711 1014 4775 homo
1060 4710 1311 4774 facilius
1359 4711 1438 4774 ad
1488 4711 1653 4774 bona
1702 4711 2044 4787 inducitur,
2090 4712 2320 4775 melius

821 4810 1150 4882 assuescit,
1202 4809 1586 4892 firmiusque
1642 4810 1936 4874 adhaeret.
1990 4810 2167 4874 Unde
2219 4829 2319 4874 se-

822 4909 1031 4972 cundo
1062 4909 1430 4972 Ethicorum
1461 4909 1549 4972 ait
1578 4909 1995 4992 Philosophus
2017 4910 2186 4973 :Non
2217 4930 2319 4993 pa-

822 5027 962 5070 rum
997 5007 1255 5082 refert,a
1276 5008 1607 5088 juventute
1640 5007 1973 5072 confestim
2001 5009 2186 5074 bonis
2216 5011 2319 5073 vel

824 5105 1008 5169 malis
1036 5105 1388 5170 assuefieri.
1426 5106 1502 5168 Et
1531 5105 1693 5168 hanc
1724 5107 2033 5170 rationem
2063 5116 2319 5172 sanctus

822 5205 1104 5286 assignat
1149 5204 1485 5288 Dionysius
1546 5205 1611 5266 in
1670 5205 1802 5267 fine
1860 5205 2320 5270 Ecclesiasticae

582 5333 772 5380 capsa.
826 5303 1219 5379 hierarchiae,
1251 5302 1471 5366 dicens
1505 5322 1519 5366 :
1552 5302 1766 5366 Tradit
1793 5322 2085 5367 summus
2116 5323 2321 5367 sacer-

2440 3131 2752 3214 praeclusa
2791 3130 2914 3193 fuit
2959 3131 3238 3193 humano
3279 3130 3496 3212 generi
3539 3131 3642 3193 via
3687 3131 3938 3207 salutis,

2441 3231 2528 3292 ita
2573 3231 2638 3292 in
2682 3229 2859 3292 nulla
2899 3230 3187 3311 ejusdem
3234 3229 3516 3292 hominis
3557 3236 3738 3293 aetate
3775 3249 3942 3313 prae-

2441 3329 2723 3392 cluditur
2761 3336 2868 3391 aut
2907 3335 3172 3410 negatur
3213 3327 3275 3392 ei
3317 3327 3540 3391 salutis
3577 3328 3684 3390 via
3715 3347 3729 3392 :
3764 3331 3942 3393 unde

2441 3446 2559 3490 nec
2600 3428 2666 3489 in
2707 3427 2979 3491 infantia
3017 3427 3300 3510 parvulis
3339 3425 3633 3507 originali
3671 3436 3942 3509 peccato

2440 3525 2751 3590 obnoxiis.

2862 3845 3337 3920 QUAESTIO
3401 3843 3506 3908 VI

2559 4120 2716 4183 Exto
2783 4121 3110 4203 quaeritur,
3178 4121 3472 4188 'Utrum
3541 4121 3714 4189 Sine
3781 4123 3928 4190 Ba·

2585 4220 2905 4301 ptism0,
2947 4223 3304 4302 tempore
3346 4220 3765 4299 Evangelii
3811 4222 3925 4287 di-

2435 4318 2771 4400 vulgati,
2830 4333 3062 4385 nemo
3123 4320 3365 4400 queat
3427 4319 3784 4402 salvar13
3847 4321 3931 4386 et

2435 4417 2531 4482 de
2572 4416 3012 4497 multiplici
3049 4430 3338 4495 genere
3375 4411 3801 4498 Baptismi,
3831 4429 3927 4483 ac

2434 4514 3026 4597 comparatione
3079 4529 3353 4582 eorum
3401 4515 3501 4581 ad
3548 4513 3925 4583 invicem.

2512 4612 2776 4675 Videtur
2819 4612 2987 4695 quod
3036 4613 3174 4675 sine
3221 4611 3544 4694 Baptismo
3584 4631 3766 4694 aquae
3811 4631 3927 4675 scu

2431 4711 2724 4774 fluminis
2753 4712 2970 4774 nullus
2999 4710 3227 4774 salvari
3263 4729 3434 4773 nunc
3464 4711 3690 4786 valeat,
3719 4731 3924 4793 quum

2430 4811 2600 4872 dicat
2627 4810 2911 4873 Salvator
2939 4816 3003 4873 et
3029 4809 3227 4890 judex
3263 4827 3276 4871 :
3309 4809 3443 4873 Nisi
3483 4817 3739 4873 renatus
3775 4811 3924 4891 quis
3949 4836 4232 4892 10...,.,.„‚5‚

2431 4909 2626 4970 fuerit
2666 4927 2743 4971 ex
2785 4927 2950 4991 aqua
2989 4915 3055 4971 et
3095 4907 3336 4990 Spiritu
3381 4908 3628 4984 Sancto,
3660 4916 3780 4971 etc.

2511 5009 2581 5071 In
2621 5009 2986 5090 oppositum
3032 5016 3148 5082 est,
3185 5009 3354 5090 quod
3395 5009 3578 5071 multi
3615 5015 3927 5093 martyres

2431 5109 2570 5171 sine
2618 5108 2728 5170 tali
2783 5107 3108 5191 Baptismo
3165 5107 3294 5170 sint
3340 5109 3638 5172 coronati.
3692 5109 3813 5172 Sed
3863 5116 3930 5172 et

2430 5207 2598 5270 bona
2627 5206 2989 5289 efficaxque
3017 5207 3330 5283 voluntas,
3363 5226 3401 5270 a
3431 5206 3558 5270 Deo
3588 5226 3706 5290 pro
3733 5226 3928 5291 opere

2433 5312 2776 5388 reputatur.
2798 5306 2956 5368 Item
2988 5305 3054 5368 in
3087 5305 3294 5369 littera
3324 5325 3451 5370 non
3483 5305 3606 5368 nisi
3636 5314 3764 5369 tres
3793 5329 3934 5392 spe-
