4267 6250
308 506 508 564 chsr.
547 507 570 552 ι
612 507 627 552 :
671 507 876 555 uranu
914 505 982 554 m
1015 506 1238 553 noem
1275 504 1501 554 caurus
1539 505 1614 552 m·
1651 501 1910 552 sanctus
1945 502 2185 551 cnmsn
2218 503 2519 552 annum
2552 502 3037 562 commum-un,
3077 501 3205 549 arc.
3251 481 3367 548 251

305 698 430 742 rum
467 677 808 742 verborum
847 697 1072 743 verum
1117 686 1180 741 et
1220 678 1603 742 catholicum
1641 695 1780 740 sen·
1805 674 1859 739 Α
1886 675 2151 739 edamus
2180 682 2245 738 et
2272 675 2645 757 sanguinem
2674 675 2817 758 ejus
2857 683 3168 759 potemus.
3201 673 3378 738 Unde

301 799 428 841 sum
456 778 798 841 introducit
825 777 1138 860 Magister,
1171 784 1236 840 et
1264 776 1460 840 verba
1485 776 1776 858 quaedam

300 878 358 940 B.
397 877 722 959 Augustini
765 877 1042 941 obscura
1085 875 1385 949 elucidat,
1425 893 1498 937 ac
1546 874 1776 938 deinde

297 975 760 1039 auctoritatibus
809 976 1152 1058 Scripturae
1209 975 1530 1038 canonicae
1585 980 1777 1055 atque

299 1075 646 1137 Sanctorum
698 1073 948 1157 probat,
1000 1074 1065 1137 in
1125 1079 1344 1136 sancto
1390 1079 1458 1136 et
1501 1071 1777 1154 glorioso

299 1181 670 1236 sacramento
727 1171 1310 1236 innumerabilibus
1369 1169 1777 1254 praeclarissi-

301 1271 408 1334 mis
455 1273 800 1346 miraculis,
842 1270 1322 1354 gratiosissimis
1370 1286 1625 1352 quoque
1673 1288 1775 1331 su-

299 1370 788 1451 pernaturalibus
817 1369 1184 1442 effectibuS,
1215 1367 1672 1451 experimentis
1701 1385 1776 1430 ac

299 1469 677 1531 sentimentis
725 1470 1005 1552 desuper
1051 1466 1466 1550 comprobato
1507 1485 1581 1530 ac
1630 1484 1771 1530 con-

299 1565 551 1641 firmato,
611 1584 848 1650 corpus
904 1575 967 1629 et
1023 1565 1398 1647 sanguinem
1463 1564 1772 1646 unigeniti

299 1664 423 1726 Filii
469 1665 576 1728 Dei
619 1665 956 1728 verissime
1000 1684 1076 1728 ac
1124 1683 1386 1747 prorsus
1433 1662 1775 1726 ineffabili-

297 1770 381 1824 ter
415 1782 484 1826 ac
526 1762 1264 1845 incomprehensibiliter
1304 1761 1638 1825 contineri.

583 2079 1062 2156 QUAESTIO
1128 2078 1460 2143 PRIMA

425 2355 484 2416 lc
531 2355 844 2436 quaeritur
885 2354 1119 2437 prim0‚
1161 2355 1457 2421 ‘Utrum
1500 2356 1586 2421 in
1633 2354 1772 2422 ho·

448 2455 604 2520 etia
630 2454 716 2519 et
743 2453 1256 2521 sacramento
1285 2454 1594 2534 altaria,
1623 2452 1770 2520 sub

294 2551 682 2630 speciebus
727 2553 962 2633 pams
999 2566 1285 2632 corpus
1326 2552 1472 2617 Del
1514 2552 1769 2619 incar·

294 2651 468 2730 nati,
524 2653 610 2716 et
669 2649 822 2717 sub
891 2648 1306 2732 speciebus
1364 2647 1539 2716 vini
1603 2664 1771 2716 san-

293 2749 453 2824 guis
493 2747 778 2830 ipsius,
819 2747 1149 2815 realiter
1190 2749 1768 2828 contineantur,

295 2848 365 2909 et
403 2847 744 2926 qualiter
785 2846 900 2913 1b1
945 2848 1134 2913 sint.

351 2943 598 3007 Videtur
621 2945 794 3027 quod
825 2943 1294 3025 non,qu0niam
1324 2961 1514 3006 omne
1543 2959 1772 3025 corpus

1887 783 1950 840 et
1977 775 2310 850 AverroeS,
2346 775 2411 838 in
2453 776 2858 859 philosophia
2890 774 3256 858 praeclaruS,
3289 773 3381 836 di-

1885 875 1980 938 xit
2010 894 2024 938 :
2057 875 2363 937 Mundum
2395 875 2745 957 peragravi,
2776 883 2840 938 et
2867 874 3152 937 diversas
3180 879 3383 936 sectas

1887 974 2127 1048 inveni,
2161 982 2226 1036 et
2252 992 2581 1055 nunquam
2623 974 2829 1056 reperi
2858 981 2989 1036 tam
3020 973 3254 1035 fatuam
3287 989 3383 1034 se·

1885 1079 2052 1134 ctam
2092 1079 2157 1134 et
2200 1072 2405 1152 legem
2456 1079 2527 1134 ut
2566 1078 2803 1134 sectam
2853 1070 3379 1146 Christianorum,

1885 1171 2187 1253 quoniam
2232 1170 2433 1233 Deum
2476 1189 2689 1244 suum,
2729 1189 2921 1252 quem
2960 1168 3201 1243 colunt,
3243 1187 3383 1252 pro-

1885 1268 2044 1352 priis
2085 1268 2384 1332 dentibus
2425 1269 2748 1331 devorant.

1963 1368 2033 1430 ln
2072 1367 2433 1449 oppositum
2478 1374 2575 1430 est
2606 1385 2784 1429 sacra
2813 1366 3159 1449 Scriptura,
3190 1384 3264 1429 ac
3305 1366 3382 1428 ri-

1883 1465 1986 1528 dei
2019 1465 2380 1529 christianae
2410 1465 2719 1540 doctrina,
2752 1484 2825 1528 ac
2857 1465 3051 1528 totius
3082 1464 3381 1529 Ecclesiae

1883 1582 2134 1627 summa
2172 1563 2535 1627 auctoritas,

1964 1761 2143 1825 Circa
2181 1762 2316 1824 haec
2345 1760 2571 1824 scribit
2600 1760 2981 1825 Guillelmus
3012 1761 3381 1825 parisiensis

1806 1864 1855 1927 Β
1887 1860 1949 1922 in
1992 1877 2108 1922 suo
2138 1859 2588 1923 Sacramentali
2626 1878 2642 1923 ι
2674 1858 3087 1922 Tentabimus
3124 1859 3383 1922 demon-

1882 1967 2104 2032 strare,
2159 1958 2327 2040 quod
2387 1957 2571 2040 panis
2617 1958 2784 2033 vitm,
2838 1957 3124 2021 Christus
3172 1957 3381 2021 Domi-

1881 2077 2026 2131 nus,
2073 2057 2139 2120 in
2180 2057 2388 2120 forma
2429 2056 2843 2120 humanitatis
2892 2075 3082 2139 quam
3136 2075 3380 2120 assum-

1881 2155 2010 2238 psit
2039 2173 2156 2238 pro
2185 2154 2393 2230 nobis,
2426 2173 2503 2218 ex
2533 2155 2909 2219 necessitate
2938 2163 3035 2218 est
3062 2155 3129 2219 in
3164 2175 3383 2218 mensa

1878 2253 2117 2328 altaris,
2158 2252 2324 2316 sacta
2373 2254 2817 2317 benedictione
2865 2253 3273 2334 sacerdotali3
3318 2261 3382 2316 et

1880 2352 2051 2434 quod
2110 2368 2258 2414 caro
2314 2350 2457 2433 ejus
2514 2351 2699 2414 cibus
2756 2352 2841 2415 sit
2886 2352 3267 2426 animarum,
3317 2360 3382 2415 et

1879 2450 2139 2532 sanguis
2189 2450 2331 2532 ejus
2381 2457 2569 2532 potus
2618 2451 2701 2512 sit
2750 2470 2991 2526 earum,
3044 2451 3379 2514 faciemus-

1880 2567 2006 2631 que
2048 2548 2199 2611 sciri
2242 2548 2515 2630 qualiter
2563 2549 2683 2612 hoc
2728 2549 2827 2612 sit.
2871 2548 3181 2624 Quoniam
3228 2565 3381 2630 ergo

1880 2647 1946 2709 in
1997 2654 2267 2709 tractatu
2316 2645 2443 2709 Cur
2498 2647 2665 2709 Deus
2723 2647 2935 2720 home,
2986 2647 3381 2711 ostendimus

1879 2745 2110 2807 Filium
2143 2743 2255 2807 Dei
2296 2762 2411 2827 pro
2441 2744 2628 2809 nobis
2666 2744 3089 2826 assumpsisse
3117 2752 3182 2807 et
3210 2763 3381 2809 exer·

1880 2842 2090 2906 cuisse
2138 2843 2502 2926 specialiter
2550 2843 2670 2905 tria
2722 2842 2963 2917 officia,
3016 2850 3236 2925 utpote
3285 2863 3380 2906 sa-

1881 2941 2155 3003 cerdotis
2202 2948 2267 3004 et
2310 2941 2596 3004 advocati
2654 2960 2727 3004 ac
2778 2941 3007 3004 medici
3058 2942 3380 3022 (sacerdos

297 3041 585 3105 exsistens
633 3043 700 3104 in
746 3042 986 3125 aliquo,
1033 3041 1586 3105 circumscribitur
1634 3040 1772 3104 loco
1806 3040 1851 3104 C
1881 3039 2053 3101 enim
2103 3038 2352 3102 Christo
2402 3037 2667 3103 inferior
2712 3057 2839 3102 non
2889 3047 3134 3123 poterat
3180 3059 3383 3104 sacra-

300 3147 352 3201 et
392 3149 940 3205 commensuratur
987 3142 1220 3217 eidem,
1271 3160 1389 3205 nec
1441 3149 1648 3224 potest
1695 3141 1775 3205 si-

301 3239 416 3300 mul
447 3240 508 3302 in
550 3239 848 3322 pluribus
879 3259 1018 3303 esse
1049 3241 1207 3304 locis
1241 3258 1256 3303 ε
1291 3242 1511 3324 sicque
1541 3258 1773 3323 corpus

301 3335 503 3402 Christi
547 3346 719 3402 esset
758 3338 941 3403 valde
986 3340 1234 3422 pusillae
1277 3339 1669 3423 quantitatis,
1711 3346 1775 3402 et

299 3436 402 3498 sub
427 3436 652 3500 formis
692 3437 1111 3502 modicissimi
1152 3438 1336 3521 panis
1371 3439 1775 3502 concludere-

299 3526 402 3609 tur‘,
433 3536 515 3598 ita
553 3536 726 3618 quod
765 3535 1074 3599 terminos
1115 3536 1337 3601 hostiae
1380 3554 1507 3599 non
1551 3536 1768 3599 exiret.

295 3667 364 3677 —
381 3634 644 3717 Insuper
673 3635 876 3698 multa
903 3633 1199 3709 absurda,
1227 3634 1684 3698 irrationabilia
1711 3642 1776 3697 et

299 3750 532 3812 prorsus
579 3731 982 3796 incredibilia
1025 3740 1462 3815 sequerentur,
1495 3739 1566 3794 ut
1604 3734 1771 3814 quod

296 3830 508 3912 aliquid
535 3838 1013 3895 converteretur
1037 3831 1099 3894 in
1132 3831 1590 3914 praeexsistenS,
1606 3831 1773 3913 quod

299 3928 446 3992 idem
471 3930 669 3993 simul
699 3938 766 3993 et
792 3929 992 3993 semel
1021 3936 1386 3993 moveretur
1412 3936 1604 4012 atque
1634 3930 1772 4012 qui-

296 4038 534 4105 esceret,
573 4035 637 4090 et
673 4028 752 4091 ad
792 4028 1076 4091 diversos
1115 4027 1276 4090 situs
1312 4028 1659 4090 accederet.
1694 4064 1775 4073 —

297 4124 454 4201 ltem,
493 4129 664 4211 quod
716 4145 948 4208 corpus
998 4126 1231 4189 Christi
1277 4126 1412 4208 jam
1458 4126 1774 4207 glorifica-

1883 3137 2225 3202 mcntando
2258 3137 2561 3202 sulficere
2599 3139 2817 3221 generi
2854 3139 3135 3203 humano
3168 3159 3242 3203 ac
3272 3159 3382 3203 cu-

1883 3255 1968 3300 rae
2015 3237 2211 3300 totius
2269 3237 2609 3316 Ecclesiae3
2660 3256 2781 3301 nec
2839 3258 2953 3322 per
3001 3240 3376 3303 advocatum

1884 3335 2131 3399 Christo
2173 3336 2485 3399 minorem
2526 3355 2715 3399 causa
2745 3338 2939 3401 totius
2977 3337 3231 3419 generis
3266 3339 3382 3401 hu-

1884 3434 2056 3496 mani
2088 3441 2335 3516 poterat
2367 3434 2500 3516 agi3
2535 3435 2822 3499 laesiones
2862 3454 3140 3519 quoque,
3175 3435 3382 3500 morbi

1881 3552 1956 3595 ac
2004 3533 2291 3607 vulnera,
2344 3532 2473 3597 imo
2522 3542 2586 3596 et
2634 3542 2869 3599 mortes
2919 3536 3207 3617 ejusdem
3267 3554 3383 3620 per

1884 3632 2205 3695 medicum
2258 3640 2322 3694 et
2372 3631 2753 3695 medicinam
2806 3634 3120 3697 minorem
3171 3634 3382 3697 curari

1883 3729 2285 3812 nequibant),
2308 3748 2637 3811 quumque
2669 3730 2736 3792 in
2765 3730 2988 3793 ol’l'icio
3016 3732 3218 3795 Missae
3247 3732 3381 3795 haec

1883 3829 2005 3892 tria
2051 3835 2317 3909 agantur
2358 3836 2423 3891 et
2470 3827 3091 3909 comprehendantur
3136 3828 3377 3903 officia,

1884 3926 2159 4010 ipsemet
2187 3926 2471 3991 Christus
2509 3926 2575 3989 in
2611 3925 2834 3989 officio
2860 3926 3063 3991 Missae
3093 3946 3379 3989 neccssa-

1883 4025 1979 4088 rio
2016 4025 2147 4106 agit
2184 4025 2319 4087 haec
2364 4024 2485 4086 tria
2524 4023 2763 4087 ol'l'icia.
2805 4023 2977 4087 Nulli
3020 4024 3261 4108 quippe
3302 4024 3379 4087 si—

1885 4122 2125 4186 delium
2156 4123 2425 4185 dubium
2457 4130 2571 4197 est,
2607 4122 2821 4205 ipsum
2854 4123 3057 4186 Missae
3086 4122 3378 4187 officium

295 4230 435 4300 tum,
464 4226 660 4290 variis
702 4224 1342 4289 'transmutationibus
1387 4225 1769 4305 subjaceret,
1800 4225 1850 4287 D
1885 4240 2024 4285 esse
2052 4221 2685 4284 sacramentationem
2716 4230 2780 4283 et
2808 4221 3381 4285 sanctificationem

297 4334 352 4385 et
399 4328 560 4408 quod
624 4325 942 4407 inciperet
995 4343 1068 4387 ac
1127 4324 1447 4387 desineret
1503 4344 1642 4389 esse
1705 4326 1770 4389 in

295 4423 466 4487 variis
504 4424 664 4487 locis
700 4422 944 4505 absque
983 4422 1082 4485 sui
1127 4421 1496 4498 mutatione,
1530 4423 1660 4487 imo
1694 4425 1774 4487 si-

298 4538 366 4583 ne
397 4540 506 4586 suo
551 4540 818 4585 accessu
855 4528 919 4583 et
959 4538 1214 4584 recessu
1257 4538 1272 4583 ε
1313 4522 1484 4604 quod
1534 4531 1775 4586 contra—

295 4615 616 4683 dictionem
659 4619 918 4682 videtur
958 4618 1302 4681 includere.
1335 4654 1418 4665 —-
1445 4620 1768 4694 Praeterea,

297 4734 474 4795 quum
503 4718 776 4781 intentio
803 4716 948 4779 Filii
977 4717 1088 4780 Dei
1119 4716 1451 4791 exstiterit,
1480 4717 1770 4781 homines

295 4812 362 4875 ad
397 4814 879 4878 saluberrimam
925 4813 1226 4877 inducere
1266 4813 1487 4888 fidem,
1519 4816 1772 4878 videtur

297 4914 444 4992 quod
481 4932 606 4977 non
640 4912 862 4977 decuit
889 4932 1037 4975 eum
1078 4912 1197 4975 ista
1228 4913 1454 4976 docere
1488 4932 1600 4995 per
1629 4933 1770 4996 quae

295 5008 562 5075 homines
601 5018 980 5075 avertuntur
1007 5030 1045 5073 a
1077 5009 1228 5085 fide,
1263 5017 1326 5074 et
1354 5030 1496 5093 quae
1537 5010 1771 5075 irrisio-

296 5126 423 5171 nem
465 5116 814 5191 provocant
849 5108 1212 5173 infidelium
1257 5116 1476 5172 contra
1517 5108 1714 5173 fidem
1750 5128 1765 5173 :

294 5204 406 5269 imo
432 5208 874 5271 crudelitatem
915 5207 1360 5289 insaniamque
1390 5207 1643 5269 videtur
1671 5225 1768 5269 so-

295 5321 444 5379 nare,
487 5314 556 5368 ut
604 5306 775 5388 quod
828 5322 1058 5388 corpus
1108 5303 1360 5368 Domini
1410 5303 1520 5367 Dei
1571 5305 1768 5368 nostri

1884 4320 2079 4383 totius
2110 4319 2332 4402 populi
2364 4319 2496 4381 Dei.
2524 4319 2601 4381 Et
2628 4319 2778 4401 quia
2806 4319 3259 4384 fidelissimum
3291 4340 3384 4386 sa-

1883 4418 2207 4481 cerdotem
2246 4434 2507 4479 necesse
2541 4424 2638 4479 est
2666 4417 2988 4494 advenire,
3022 4418 3075 4482 si
3109 4438 3386 4485 commo·

1884 4518 1962 4580 de
2013 4515 2163 4579 fieri
2220 4515 2443 4598 possit,
2493 4515 2572 4578 ad
2631 4517 3008 4580 sacrandum
3068 4520 3381 4601 populum

1883 4614 2018 4688 Dei,
2054 4621 2318 4677 vocatur
2345 4632 2635 4675 summus
2666 4613 2783 4677 iste
2812 4615 3105 4679 sacerdos
3136 4617 3215 4679 ad
3248 4636 3384 4679 mu-

1882 4733 2002 4776 nus
2051 4732 2167 4796 per
2216 4712 2732 4776 insinuationem.
2775 4713 3045 4777 Necesse
3093 4723 3190 4777 est
3230 4732 3381 4796 ergo

1881 4812 2094 4894 ipsum
2132 4810 2433 4874 advenire
2477 4811 2542 4873 in
2584 4810 2807 4874 officio
2846 4812 3070 4885 Missae,
3104 4819 3175 4873 ut
3204 4812 3269 4874 in
3308 4834 3383 4877 ea

1879 4910 2227 4993 adimpleat
2256 4908 2623 4974 sacrationis
2653 4916 2717 4971 et
2746 4908 3268 4973 sanctificationis
3296 4912 3385 4975 of-

1879 5008 2031 5072 ficia
2078 5026 2094 5071 :
2146 5009 2387 5083 venire,
2440 5008 2724 5090 inquam,
2778 5007 2840 5070 in
2893 5026 2971 5072 eo
3016 5025 3129 5071 seu
3179 5028 3378 5091 quan-

1878 5116 2015 5171 tum
2055 5108 2133 5171 ad
2175 5107 2238 5170 id
2280 5107 2449 5189 quod
2494 5106 2785 5170 sacerdos
2825 5113 2941 5169 est.
2975 5107 3113 5170 Non
3150 5115 3247 5171 est
3275 5128 3381 5172 au-

1879 5213 2007 5269 tem
2050 5206 2342 5268 sacerdos
2382 5203 2507 5266 nisi
2549 5204 2611 5266 in
2652 5222 2729 5267 eo
2763 5204 2933 5287 quod
2972 5205 3185 5280 homo,
3216 5205 3376 5269 etin

1879 5303 2086 5366 forma
2130 5303 2409 5366 humana
2460 5321 2474 5367 :
2528 5300 2764 5365 idcirco
2810 5302 3162 5367 secundum
3212 5302 3374 5371 hanc
