4267 6250
832 480 952 545 452
1471 497 1534 544 m
1575 496 1796 543 uenum
1838 496 1900 543 rv
1941 494 2423 542 samnnrlmun.
2464 510 2545 522 —
2586 494 2739 540 msr.
2779 493 2949 556 xv113
2992 493 3219 550 cums-r.
3259 494 3305 540 11

829 675 1038 743 tuum,
1097 668 1450 732 secundum
1512 676 1758 751 partem
1816 687 1945 751 qua
2001 673 2327 731 mortuum
2357 666 2410 730 A
2436 665 2651 747 gratiae
2695 664 3066 728 naturaliter
3106 665 3282 747 prior
3320 670 3433 727 est.
3466 662 3727 745 Pr0pter
3760 662 3941 745 quod

830 773 948 841 est,
997 765 1117 829 fiat
1162 766 1402 829 vivum.
1457 767 1534 829 Et
1581 767 1702 831 hoc
1761 765 2161 849 impossihile
2210 772 2325 839 est,

831 865 1134 948 quoniam
1185 865 1296 927 illa
1344 885 1488 948 pars
1538 873 1748 929 motus
1797 863 2050 927 transiit
2097 872 2161 926 et
2207 864 2333 926 fuit

831 961 1140 1039 informis„
1154 981 1274 1026 nec
1306 982 1587 1046 unquam
1620 962 1946 1026 formatur.
1962 962 2139 1036 Quod
2170 980 2332 1024 narn·

832 1078 959 1142 que
995 1061 1301 1143 praeteriit
1329 1081 1403 1124 ac
1433 1061 1678 1125 destitit
1706 1079 1868 1135 esse,
1902 1077 2028 1123 non
2065 1060 2331 1122 resumi—

829 1166 936 1221 tur
976 1178 1246 1223 numero
1290 1160 1480 1222 idem.
1513 1195 1594 1206 —-
1623 1160 1769 1223 Haec
1811 1160 2270 1222 Bonaventura.

911 1258 1177 1341 Insuper
1223 1258 1495 1321 Thomas
1551 1258 1630 1321 ad
1679 1258 1812 1320 haec
1863 1257 2255 1339 respondens
2308 1276 2323 1321 ε

829 1354 1052 1418 Omnis
1095 1356 1366 1438 (inquit)
1412 1356 1706 1438 prioritas
1753 1355 2107 1418 secundum
2155 1354 2327 1417 ordi-

830 1472 979 1516 nem
1041 1462 1283 1517 naturae
1339 1452 1553 1535 aliquo
1618 1454 1806 1517 modo
1863 1453 2191 1515 reducitur
2246 1454 2325 1516 ad

827 1552 1118 1615 ordinem
1163 1570 1369 1614 causae
1414 1558 1478 1613 et
1519 1552 1780 1625 causati,
1823 1551 1975 1634 quia
2017 1550 2327 1633 principi·

828 1668 938 1712 um
973 1656 1036 1711 et
1065 1666 1254 1711 causa
1295 1655 1445 1712 sunt
1484 1650 1674 1713 idem.
1711 1650 1780 1711 ln
1820 1649 2028 1712 causis
2067 1668 2323 1732 quoque

825 1746 1156 1827 contingit,
1200 1746 1370 1827 quod
1420 1744 1590 1808 idem
1641 1745 1725 1807 sit
1769 1764 1960 1808 causa
2005 1754 2070 1807 et
2108 1765 2324 1809 causa—

2438 771 2777 847 utrumque
2808 763 3124 827 interdum
3154 763 3391 827 dicitur
3420 780 3611 825 causa
3638 761 3937 825 alterius:

2436 863 2589 945 quia
2631 861 2865 926 infusio
2909 862 3127 943 gratiae
3170 870 3269 926 est
3306 880 3497 925 eausa
3540 859 3941 943 expulsionis

2436 960 2961 1044 remissionisque
2996 961 3223 1043 culpae,
3267 979 3380 1043 per
3424 960 3685 1023 modum
3727 976 3941 1023 causae

2435 1059 2762 1140 formalis3
2812 1067 2876 1123 et
2921 1059 3293 1142 exstirpatio
3340 1058 3642 1121 vitiorum
3701 1058 3941 1120 dicitur

2436 1160 2686 1241 operari
2735 1159 3044 1221 virtutum
3094 1158 3475 1239 ingressum,
3519 1176 3633 1239 per
3672 1156 3938 1219 modum

2436 1274 2642 1320 causae
2685 1256 3032 1319 materialis
3073 1274 3148 1318 ac
3190 1255 3599 1337 dispositivae.

2514 1355 2819 1418 Praeterea
2848 1355 3003 1416 dum
3034 1354 3361 1437 quaeritur‚
3393 1372 3476 1415 an
3506 1358 3715 1415 motus
3748 1350 3936 1413 liberi

2433 1451 2681 1514 arbitrii
2729 1453 3045 1535 praecedat
3089 1452 3305 1534 gratiae
3364 1450 3789 1529 infusionem;
3840 1449 3937 1511 di-

2435 1551 2733 1625 cendum,
2766 1550 2936 1634 quod
2976 1551 3055 1613 de
3099 1550 3322 1612 ordine
3368 1555 3657 1612 motuum
3701 1548 3933 1611 horum

2436 1648 2620 1711 liberi
2660 1648 2909 1712 arbitrii
2948 1649 3026 1711 ad
3064 1648 3280 1729 gratiae
3320 1646 3709 1710 infusionem
3747 1654 3813 1708 et
3850 1647 3935 1709 ad

2434 1748 2641 1829 culpae
2680 1747 3147 1821 remissionem,
3182 1745 3520 1828 multiplex
3554 1752 3756 1807 exstat
3796 1745 3936 1826 opi·

826 1851 965 1906 tum
1015 1844 1371 1907 secundum
1419 1844 1746 1907 diversum
1793 1862 1995 1925 genus
2043 1864 2251 1908 causae
2302 1862 2316 1907 ε
2357 1845 2404 1907 Β
2434 1846 2561 1909 nio.
2614 1846 2772 1909 Nam
2820 1844 3020 1928 aliqui
3066 1845 3313 1919 dicunt,
3357 1843 3528 1926 quod
3579 1851 3789 1906 motus
3838 1841 3935 1905 illi

823 1942 1364 2025 quemadmodum
1412 1940 1762 2005 ambulatio
1808 1949 1907 2004 est
1946 1960 2136 2005 eausa
2183 1942 2326 2006 effi-

825 2040 1002 2103 ciens
1042 2040 1352 2114 sanitatiS‚
1386 2047 1451 2102 et
1478 2040 1714 2102 sanitas
1753 2047 1850 2101 est
1879 2058 2070 2103 causa
2106 2040 2323 2103 finalis

825 2136 1298 2200 ambulationis.
1344 2136 1775 2201 Consimiliter
1821 2145 1919 2199 est
1957 2138 2038 2199 de
2075 2137 2326 2200 habitu-

825 2237 976 2300 dine
1018 2256 1160 2319 quae
1200 2244 1296 2299 est
1326 2237 1494 2299 inter
1535 2237 1865 2299 materiam
1905 2244 1967 2299 et
1994 2236 2269 2300 formam
2304 2253 2317 2299 :

823 2334 976 2417 quia
1035 2336 1296 2397 materia
1342 2342 1443 2397 est
1497 2333 1768 2398 formam
1825 2342 2209 2409 sustentanS,
2260 2342 2324 2397 et

821 2430 1030 2495 forma
1076 2440 1173 2495 est
1218 2432 1549 2495 materiam
1599 2432 1666 2495 in
1714 2452 1856 2495 esse
1903 2432 2316 2495 constituens

821 2529 912 2593 Ex
953 2539 1130 2614 parte
1168 2538 1383 2594 autem
1423 2550 1628 2595 causae
1671 2530 2018 2594 materialis
2049 2538 2225 2593 tenet
2253 2549 2322 2593 se

819 2648 936 2711 per
963 2629 1306 2711 quamdam
1337 2629 1768 2692 reductionem
1799 2647 1988 2692 omne
2019 2628 2173 2690 illud
2207 2647 2322 2711 per

817 2728 988 2809 quod
1035 2728 1298 2791 materia
1338 2727 1626 2791 efficitur
1667 2727 1924 2809 propria
1962 2726 2157 2808 hujus
2198 2726 2321 2789 for-

818 2844 960 2900 mae,
1006 2826 1174 2888 sicut
1220 2825 1670 2908 dispositiones
1719 2832 1782 2887 et
1830 2825 2321 2907 impedimento-

817 2943 962 2985 rum
1007 2923 1410 2987 remotiones.
1455 2924 1602 2986 ldeo
1653 2924 1717 2985 in
1763 2924 2172 3005 generatione
2214 2943 2319 2986 na-

2432 1944 2822 2029 praecedunt,
2864 1951 2929 2006 et
2969 1944 3140 2026 quod
3192 1950 3399 2005 motus
3449 1940 3636 2004 liberi
3684 1940 3935 2004 arbitrii

2435 2044 2501 2105 in
2551 2044 2776 2117 Deum,
2818 2050 2917 2105 est
2955 2048 3165 2104 motus
3213 2040 3372 2103 fidei
3428 2057 3559 2103 non
3605 2039 3933 2119 formatoe3

2433 2147 2643 2203 motus
2672 2157 2928 2222 quoque
2970 2138 3154 2202 liberi
3188 2137 3437 2201 arbitrii
3469 2138 3538 2200 in
3570 2144 3932 2221 peccatum,

2430 2245 2528 2301 est
2560 2237 2801 2301 attritio
2836 2255 2851 2299 :
2894 2238 3049 2319 quia
3090 2237 3260 2318 quod
3295 2236 3566 2317 gratiam
3604 2235 3931 2317 praecedit,

2430 2353 2557 2399 non
2597 2342 2806 2419 potest
2842 2353 2985 2397 esse
3025 2353 3139 2416 per
3180 2333 3446 2415 gratiam
3490 2332 3929 2396 informatum.

2430 2434 2551 2496 Sed
2581 2434 2701 2497 hoc
2732 2452 2871 2496 esse
2901 2450 3030 2496 non
3060 2431 3249 2505 valet,
3284 2431 3437 2513 quia
3474 2432 3541 2493 in
3577 2438 3755 2494 motu
3786 2449 3935 2494 con-

2426 2531 2706 2595 tritionis
2737 2531 3057 2615 poenitens
3082 2529 3500 2611 justificatur,
3533 2530 3701 2592 sicut
3730 2528 3796 2591 in
3824 2548 3933 2591 ac—

2427 2636 2495 2691 tu
2525 2628 2873 2692 ablutionis
2913 2627 3313 2711 baptismalis
3352 2626 3657 2709 parvulus
3691 2626 3933 2708 justifi—

2427 2735 2645 2808 catur3
2707 2735 2989 2810 tuncque
3046 2727 3239 2790 homo
3292 2725 3709 2807 justificatur,
3771 2726 3931 2788 dum

2426 2826 2656 2908 recipit
2682 2826 2947 2907 gratiam
2984 2844 2999 2889 ε
3033 2825 3255 2907 sicque
3288 2824 3482 2887 simul
3522 2842 3669 2887 cum
3707 2824 3931 2905 gratiae

2424 2924 2745 2987 infusione
2788 2932 2852 2987 et
2885 2922 3347 3005 justificatione
3390 2930 3487 2986 est
3526 2928 3738 2985 motus
3782 2940 3933 2985 con-

815 3022 1286 3104 turali,quando
1314 3022 1638 3104 generatio
1667 3023 1856 3085 unius
1887 3030 1982 3085 est
2011 3023 2319 3106 corruptio
2347 3021 2390 3084 C
2424 3023 2722 3086 tritionis.
2776 3024 2979 3085 Motus
3029 3040 3179 3085 vero
3225 3020 3567 3085 attritionis
3624 3022 3933 3103 praecedit

815 3120 1080 3184 alterius
1120 3140 1235 3203 per
1278 3121 1397 3184 hoc
1437 3120 1607 3203 quod
1645 3119 1850 3185 forma
1889 3142 2015 3185 una
2053 3121 2315 3205 expelli—

815 3225 922 3282 tur
950 3226 1015 3282 et
1041 3219 1166 3281 alia
1206 3218 1552 3294 inducitur,
1585 3220 1854 3283 remotio
1887 3219 2110 3284 formae
2150 3221 2317 3302 prio-

819 3317 908 3379 ris
957 3336 1026 3380 se
1075 3325 1250 3380 tenet
1297 3337 1376 3380 ex
1424 3325 1603 3400 parte
1653 3337 1862 3382 causae
1905 3318 2254 3381 materialis
2296 3336 2310 3381 :

816 3415 968 3478 hinc
998 3417 1352 3478 secundum
1382 3417 1672 3480 ordinem
1707 3436 1912 3481 causae
1943 3418 2311 3493 materialiS,

814 3514 1116 3595 praecedit
1143 3515 1512 3578 naturaliter
1541 3515 2071 3580 introductionem
2102 3517 2315 3581 formae

813 3612 1110 3693 alterius;
1159 3615 1511 3678 secundum
1569 3615 1858 3678 ordinem
1907 3633 2060 3678 vero
2109 3635 2315 3679 causae

814 3709 1124 3786 formalis,
1170 3719 1268 3774 est
1313 3730 1678 3776 econverso.
1726 3713 2062 3796 Quumque
2109 3714 2315 3777 forma

815 3816 881 3872 et
918 3809 1070 3872 finis
1113 3828 1187 3872 ac
1225 3829 1417 3891 agens
1466 3811 1827 3874 coincidant
1865 3813 1932 3874 in
1975 3813 2147 3874 idem
2196 3833 2312 3875 nu-

816 3924 993 3970 mero
1021 3907 1123 3970 vel
1154 3908 1386 3990 specie,
1404 3909 1641 3973 idcirco
1669 3917 1732 3972 et
1759 3910 1823 3972 in
1854 3910 2077 3974 ordine
2107 3929 2313 3975 causae

813 4005 1162 4069 efficientis
1212 4007 1598 4070 introductio
1645 4007 1868 4072 formae
1919 4017 2018 4073 est
2066 4011 2242 4093 prior
2292 4031 2307 4074 ε

813 4105 1116 4187 quoniam
1155 4104 1363 4169 forma
1402 4105 1780 4181 introducta,
1814 4115 1910 4170 est
1957 4109 2311 4172 similitudo

2425 3130 2727 3204 tanquam
2772 3119 3277 3204 praeparatorius.
3313 3119 3495 3183 Nunc
3537 3128 3753 3183 autem
3794 3139 3929 3184 non

2424 3220 2751 3303 loquimur
2788 3219 2867 3282 de
2907 3219 3373 3303 praeparatoriis
3408 3218 3484 3282 ad
3520 3217 3931 3301 justificatio-

2424 3338 2594 3393 nem,
2646 3320 2758 3382 sed
2816 3319 2894 3381 de
2953 3317 3461 3399 ingredientibus
3512 3318 3653 3399 ejus
3712 3336 3931 3380 essen—

2422 3417 2598 3480 tiam.
2632 3453 2711 3464 -·
2740 3418 2887 3480 Ideo
2920 3416 3178 3499 quidam
3218 3409 3463 3491 dieunt,
3495 3417 3666 3498 quod
3704 3417 3929 3497 gratiae

2423 3514 2662 3578 infusio
2701 3515 3004 3598 praecedit
3043 3523 3286 3578 motum
3330 3513 3519 3578 liberi
3557 3514 3809 3577 arbitrii
3854 3515 3925 3576 in

2423 3615 2623 3677 Deum
2654 3622 2718 3676 et
2748 3613 2811 3676 in
2854 3621 3212 3696 peccatum,
3245 3619 3319 3674 ut
3345 3629 3453 3676 eos
3483 3611 3691 3675 valeat
3725 3611 3926 3676 infor-

2422 3730 2628 3793 mare;
2662 3713 2867 3795 culpae
2911 3730 3063 3775 vero
3110 3711 3406 3775 remissio
3454 3711 3745 3794 sequitur
3786 3729 3919 3775 eos.

2422 3813 2655 3875 Verum
2686 3831 2805 3874 nec
2836 3812 2957 3874 hoc
2987 3829 3128 3875 esse
3157 3817 3385 3893 potest,
3419 3810 3723 3893 quoniam
3754 3811 3927 3874 inter

2419 3911 2635 3993 gratiae
2686 3909 3076 3974 infusionem
3118 3917 3183 3972 et
3224 3909 3431 3991 culpae
3472 3909 3924 3973 remissionem

2419 4027 2547 4072 non
2578 4009 2748 4072 cadit
2776 4009 3059 4072 medium
3090 4025 3104 4070 ε
3138 4007 3291 4091 quia
3318 4008 3438 4070 hoc
3468 4015 3565 4070 est
3592 4007 3735 4088 ejus
3764 4006 3927 4070 effe·

2418 4115 2558 4170 ctus
2588 4108 2836 4190 primus
2865 4126 2939 4170 ac
2968 4106 3377 4190 principalis;
3410 4113 3475 4168 et
3502 4125 3745 4182 rursus,
3769 4125 3928 4189 quo-

810 4201 1034 4267 formae
1090 4203 1335 4285 agentis
1396 4223 1511 4286 per
1557 4224 1750 4287 quam
1803 4206 1950 4287 agit.
2001 4207 2312 4272 Similiter
2339 4212 2389 4275 D
2417 4207 2590 4269 niam
2640 4207 2806 4269 sicut
2845 4207 2924 4268 ad
2974 4213 3218 4269 motum
3262 4204 3661 4268 contritionis
3708 4205 3924 4287 requi-

813 4301 1006 4364 habet
1033 4320 1101 4364 se
1134 4302 1202 4364 in
1239 4302 1463 4364 ordine
1501 4321 1706 4367 causae
1745 4303 1982 4378 finaliS‚
2016 4306 2168 4387 quia
2206 4326 2311 4368 na-

810 4406 954 4461 tura
990 4399 1433 4482 principaliter
1469 4400 1741 4463 intendit
1769 4402 2308 4468 introductionem

808 4496 1256 4580 formae,atque
1285 4499 1363 4560 ad
1395 4499 1558 4561 banc
1586 4500 1836 4563 ordinat
1863 4501 2306 4582 expulsionem

808 4594 1020 4657 omnis
1062 4595 1154 4657 rei
1199 4613 1346 4658 cum
1385 4615 1513 4679 qua
1553 4605 1716 4660 stare
1762 4615 1889 4661 non
1933 4606 2143 4681 potest
2178 4600 2305 4663 for-

808 4713 914 4756 ma
943 4694 1203 4757 intenta.
1238 4695 1573 4777 Quumque
1603 4695 1842 4760 infusio
1870 4698 2086 4779 gratiae
2115 4706 2182 4762 et
2211 4719 2305 4762 re-

805 4791 1032 4856 missio
1069 4793 1274 4875 culpae
1308 4812 1375 4856 se
1414 4794 1691 4858 habeant
1720 4795 1887 4859 sicut
1915 4797 2304 4861 introductio

803 4891 998 4954 unius
1039 4891 1261 4955 formae
1301 4900 1367 4954 et
1401 4893 1696 4975 expulsio
1737 4895 2023 4969 alteriuS,
2057 4904 2303 4958 constat

801 4990 974 5073 quod
1013 4991 1366 5053 secundum
1395 4992 1686 5055 ordinem
1717 5011 1923 5057 causae
1955 4993 2301 5058 materialis

801 5089 1098 5152 remissio
1143 5089 1348 5171 culpae
1405 5091 1721 5172 praecedat
1764 5092 1982 5173 gratiae
2037 5092 2300 5157 infusio-

801 5205 988 5266 nem;
1020 5188 1372 5250 secundum
1412 5189 1702 5252 ordinem
1743 5209 1894 5254 vero
1933 5211 2141 5255 causae
2173 5191 2297 5255 for-

801 5285 986 5348 malis
1034 5293 1099 5347 et
1145 5285 1490 5350 efficientis
1536 5296 1728 5371 atque
1775 5288 2013 5366 finalis,
2057 5290 2297 5354 infusio

2415 4304 2580 4366 ritur
2633 4305 2804 4387 quod
2861 4304 3029 4366 adsit
3086 4304 3309 4385 gratia,
3370 4303 3459 4365 ita
3513 4303 3685 4385 quod
3745 4302 3921 4365 absit

2415 4403 2621 4485 culpa.
2674 4439 2756 4448 —
2798 4403 2959 4465 Hinc
3014 4402 3125 4464 alii
3172 4403 3417 4476 dicunt,
3466 4402 3637 4484 quod
3692 4402 3919 4482 gratiae

2416 4500 2651 4564 infusio
2686 4508 2751 4564 et
2780 4501 2985 4583 culpae
3024 4500 3319 4564 remissio
3358 4500 3727 4583 praecedunt
3762 4500 3918 4564 sim-

2414 4599 2666 4682 pliciter
2698 4607 2907 4663 motus
2938 4600 3295 4682 praedictos.
3328 4599 3505 4673 Quod
3534 4605 3751 4661 tamen
3780 4617 3915 4663 non

2412 4698 2665 4761 videtur
2702 4698 3041 4762 omnifarie
3071 4716 3322 4774 verum,
3354 4697 3657 4780 quoniam
3700 4704 3915 4762 motus

2412 4796 2505 4859 illi
2550 4814 2677 4860 non
2718 4797 3195 4880 requirerentur
3234 4797 3313 4859 ad
3353 4795 3911 4877 justificationem,

2410 4896 2535 4959 nisi
2572 4896 2853 4979 aliquam
2892 4896 3325 4960 causalitatem
3366 4902 3658 4978 respectu
3702 4896 3913 4978 ipsius

2407 4995 2733 5058 haberent.

2485 5093 2727 5157 Idcirco
2774 5093 3143 5169 dicendum,
3186 5094 3357 5177 quod
3401 5093 3619 5174 gratiae
3668 5091 3911 5157 infusio

2406 5199 2471 5254 et
2499 5191 2703 5274 culpae
2734 5191 3027 5255 remissio
3054 5192 3272 5275 aliquo
3302 5191 3491 5255 modo
3519 5191 3907 5274 praecedunt,

2406 5297 2471 5352 et
2498 5289 2713 5372 aliquo
2744 5290 2933 5354 modo
2964 5297 3322 5373 sequuntur
3352 5297 3561 5353 motus
3592 5289 3907 5374 praefatos.
