4267 6250
608 1004 683 1061 Cf.
708 1004 847 1061 lingo,

580 1068 635 1111 de
654 1066 843 1111 Smen-

580 1129 653 1173 lib.
666 1143 743 1183 nup
748 1142 847 1181 .....

580 1204 622 1235 c.
643 1195 684 1235 8.

580 1580 849 1633 Matutam,

584 1646 782 1762 1ῗρὶιθε.

585 1772 651 1813 ss.

608 2152 774 2198 loann-

582 2219 651 2267 4³.
664 2219 731 2259 “-

582 2858 849 2909 Ibid.xx‚23.

870 466 997 535 492
1774 484 1951 533 mmm
1989 485 2053 533 tv
2092 484 2578 534 smmmnun.
2617 504 2700 517 —
2738 488 2895 535 msr.
2933 488 3088 536 xvm

1319 734 1402 799 D.
1452 737 1535 799 Si
1576 739 1931 800 sacerdos
1968 736 2206 811 possit
2249 737 2624 800 dimittere
2670 741 2788 801 vel
2829 738 3159 802 retinere
3198 739 3534 814 peccata.

1009 976 1139 1043 Sed
1174 978 1515 1060 quaeritur,
1557 979 1779 1041 utrum
1816 995 1856 1041 a
1891 978 2158 1059 peccato
2196 977 2451 1041 solvere
2487 976 2702 1042 valeat
2737 978 3063 1060 sacerdos,
3103 980 3174 1042 id
3210 981 3311 1043 est
3337 997 3378 1043 a
3411 980 3626 1063 culpa,
3659 982 3738 1043 ut
3771 980 3991 1065 culpae

878 1095 1207 1159 maculam
1266 1093 1617 1175 abstergat,
1658 1093 1762 1158 vel
1815 1094 2111 1159 debitum
2168 1095 2428 1159 aeternae
2475 1095 2712 1159 mortis
2765 1094 3019 1160 solvere
3069 1096 3305 1161 valeat.
3347 1096 3632 1171 Quidam
3687 1096 3992 1163 arbitrati

878 1212 1056 1291 sunt,
1090 1228 1299 1292 quum
1348 1212 1651 1292 peccator
1686 1209 2035 1291 dupliciter
2076 1210 2319 1292 ligatus
2365 1211 2686 1291 teneatur,
2730 1214 2805 1275 ut
2840 1212 3232 1293 praedictum
3277 1214 3400 1294 est,
3441 1213 3694 1279 scilicet
3741 1216 3992 1279 mentis

880 1328 1267 1410 contagione
1303 1344 1379 1389 ac
1419 1326 1733 1407 caecitate,
1776 1327 1842 1389 et
1877 1325 2097 1389 debito
2136 1326 2378 1391 futurae
2413 1344 2665 1410 poenae3
2697 1328 2978 1393 alterum
3017 1330 3231 1392 curari
3273 1346 3390 1411 per
3427 1329 3670 1411 Deum,
3701 1330 3990 1395 alterum

878 1444 1049 1509 solvi
1089 1460 1209 1525 per
1256 1442 1684 1507 sacerdotem.
1716 1442 1977 1507 Patitur
2030 1442 2208 1506 enim
2265 1460 2384 1524 per
2429 1446 2772 1525 peccatum
2823 1445 3142 1525 quasdam
3185 1444 3489 1509 tenebras
3535 1446 3879 1511 interiores
3922 1450 3994 1512 et

878 1559 1195 1641 maculas,
1238 1578 1277 1623 a
1331 1558 1573 1641 quibus
1617 1558 1748 1622 nisi
1794 1556 2130 1639 liberetur,
2174 1558 2561 1640 projicietur
2604 1560 2675 1622 in
2717 1558 3019 1625 tenebras
3056 1561 3457 1643 exteriores;
3495 1579 3706 1643 quum
3758 1564 3990 1628 autem

806 1720 849 1759 v,
879 1676 1192 1740 liberatur
1227 1674 1309 1739 ab
1346 1674 1474 1754 his,
1507 1675 1863 1739 suscitatur
1896 1692 1936 1737 a
1972 1676 2185 1739 morte
2219 1676 2492 1756 peccati.
2527 1677 2716 1741 Unde
2753 1676 3114 1759 Apostolus
3149 1697 3164 1739 ε
3205 1678 3437 1760 Surge,
3471 1678 3586 1759 qui
3613 1678 3889 1757 dormiS‚
3923 1682 3997 1744 et

878 1792 1281 1857 illuminabit
1326 1792 1390 1855 te
1440 1792 1761 1855 Christus.
1804 1790 2000 1855 Solus
2037 1792 2216 1856 enim
2253 1791 2578 1874 Christus,
2622 1808 2758 1857 non
2793 1793 3121 1874 sacerdOS,
3169 1794 3461 1857 animam
3509 1794 3879 1875 resuscitat,
3913 1813 3994 1860 ac

878 1910 1091 1993 pulsis
1116 1908 1404 1973 tenebris
1444 1908 1867 1972 interioribus
1903 1909 1969 1972 et
2004 1908 2308 1988 maculiS‚
2349 1925 2496 1972 eam
2533 1908 2868 1973 illuminat
2894 1910 2961 1974 et
3004 1909 3302 1991 mundat,
3324 1910 3440 1992 qui
3475 1910 3716 1975 animae
3748 1910 3993 1975 faciem

877 2025 1079 2091 lavat.
1111 2024 1423 2089 Debitum
1462 2041 1618 2088 vero
1652 2025 1912 2088 aeternae
1940 2041 2152 2105 poenae
2190 2024 2444 2088 solvere
2487 2025 2810 2089 concessit
2849 2023 3318 2090 sacerdotibus.
3359 2024 3553 2099 Quod
3582 2025 3651 2088 in
3688 2044 3994 2092 resurre-

791 2166 851 2204 ιι,
878 2140 1095 2205 ctione
1143 2140 1372 2203 Lazari
1427 2138 1759 2221 signatum
1816 2140 2139 2220 asserunt,
2173 2156 2373 2220 quem
2418 2139 2720 2203 Christus
2769 2139 2955 2222 prius
3004 2156 3122 2221 per
3155 2157 3228 2203 se
3283 2138 3562 2205 interius
3595 2136 3990 2225 vivificavit,

878 2257 1113 2322 deinde
1151 2257 1327 2321 foras
1356 2257 1534 2321 exire
1557 2255 1781 2337 jussit,
1815 2273 2099 2338 eumque
2127 2256 2342 2319 adhuc
2369 2255 2648 2338 ligatum
2675 2255 2931 2321 solvere
2959 2255 3299 2339 Apostolis
3327 2256 3640 2339 praecepit
3669 2277 3684 2319 ε
3717 2258 3877 2339 quia
3913 2260 3998 2323 ut

880 2374 1086 2454 aiunt,
1131 2372 1275 2453 ipse
1322 2371 1599 2435 interius
1652 2372 1943 2434 animam
2000 2387 2039 2432 a
2093 2371 2371 2452 caligine
2425 2371 2814 2453 maculaque
2861 2371 3112 2451 peccati
3169 2371 3505 2451 emundat,
3537 2370 3998 2437 sacerdotibus

877 2507 1034 2554 vero
1077 2489 1259 2553 dedit
1284 2487 1626 2551 vinculum
1664 2488 1924 2551 aeternae
1954 2486 2189 2550 mortis
2225 2486 2500 2551 solvere.
2541 2521 2631 2533 —-
2657 2486 2793 2549 Alii
2834 2503 2989 2551 vero
3025 2486 3275 2567 dicunt,
3315 2486 3534 2551 solum
3571 2488 3814 2567 Deum,
3850 2505 3998 2553 non

878 2607 1308 2687 sacerdotem,
1357 2602 1653 2669 debitum
1710 2605 1971 2668 aeternae
2026 2603 2262 2667 mortis
2316 2602 2670 2684 dimittere,
2721 2603 2895 2667 sicut
2949 2604 3013 2666 et
3059 2602 3351 2666 animam
3401 2602 3681 2668 interius
3739 2621 3855 2686 per
3915 2624 3996 2670 se

878 2722 1207 2804 vivificat3
1244 2739 1364 2787 nec
1392 2722 1614 2786 tamen
1646 2719 2025 2800 diffitentur,
2060 2719 2510 2785 sacerdotibus
2545 2719 2854 2783 traditam
2893 2720 3288 2802 potestatem
3316 2721 3583 2800 peccata
3606 2720 3998 2786 dimittendi

880 2842 946 2904 et
982 2838 1329 2919 retinendi,
1370 2837 1613 2918 quibus
1649 2837 1902 2901 dictum
1930 2837 2031 2901 est
2064 2857 2079 2897 ε
2113 2836 2414 2910 Quorum
2453 2836 2843 2900 remiseritis
2878 2838 3164 2917 peccata,
3198 2836 3320 2899 etc.
3353 2836 3540 2901 Sicut
3577 2837 3756 2901 enim
3789 2836 3996 2902 Chri-

774 2960 781 2966 ’
878 2958 1024 3020 stus
1072 2954 1345 3019 retinuit
1397 2952 1525 3016 sibi
1581 2953 1972 3035 potestatem
2023 2951 2372 3033 Baptismi‚
2413 2952 2507 3015 ita
2557 2952 2622 3015 et
2671 2950 3127 3034 Poenitentiae3
3174 2953 3241 3015 et
3285 2951 3456 3033 ideo,
3489 2952 3662 3016 sicut
3705 2954 4000 3019 interius

879 3072 1088 3155 gratia
1123 3088 1245 3135 sua
1272 3069 1562 3134 animam
1598 3066 1954 3148 illuminat,
1986 3068 2079 3132 ita
2109 3069 2175 3133 et
2209 3066 2412 3132 simul
2447 3068 2742 3133 debitum
2772 3070 3032 3134 aeternae
3060 3068 3296 3132 mortis
3321 3067 3594 3134 relaxat.
3627 3069 3777 3150 Ipse
3806 3070 4000 3135 enim

879 3208 997 3272 per
1043 3207 1113 3254 se
1168 3189 1392 3269 ipsum
1445 3189 1709 3268 peccata
1758 3186 2222 3268 poenitentium
2277 3184 2482 3267 tegit3
2527 3186 2593 3248 et
2637 3186 2795 3249 tunc
2849 3184 3034 3267 tegit,
3084 3185 3347 3266 quando
3395 3185 3477 3247 ad
3534 3203 3796 3267 poenam
3849 3205 4000 3252 non

882 3309 1171 3372 reservat
1212 3328 1227 3368 ε
1268 3308 1426 3370 tunc
1474 3321 1627 3386 ergo
1672 3305 1858 3386 tegit,
1903 3303 2166 3385 quando
2217 3302 2515 3367 debitum
2563 3320 2774 3384 poenae
2825 3302 3045 3366 solvit.
3087 3301 3279 3376 Quod
3317 3303 3540 3366 autem
3589 3303 3732 3384 ipse
3781 3305 3996 3388 tegat,

840 3478 851 3490 .
883 3426 1104 3507 aperte
1145 3423 1307 3486 dicit
1349 3421 1784 3503 Augustinus,
1826 3437 2161 3503 exponens
2198 3418 2390 3482 illum
2427 3418 2650 3482 locum
2694 3419 2945 3483 Psalmi
2991 3439 3006 3480 :
3045 3418 3234 3483 Beati
3280 3436 3565 3500 quorum
3611 3420 3782 3484 tecta
3829 3425 4000 3486 sunt

840 3540 852 3614 ζ
882 3541 1169 3622 peccata,
1211 3538 1279 3601 id
1308 3538 1407 3601 est
1445 3534 1751 3616 cooperta
1788 3535 1851 3598 et
1890 3534 2155 3598 abolita.
2195 3533 2268 3599 Si
2301 3533 2478 3598 enim
2513 3533 2680 3598 texit
2717 3533 2898 3598 Deus
2936 3535 3226 3615 peccata,
3258 3533 3474 3598 noluit
3509 3533 3888 3617 advertere3
3932 3537 4000 3601 si

882 3654 1097 3718 noluit
1132 3653 1490 3731 advertere,
1521 3651 1738 3715 noluit
1773 3651 2314 3731 animadvertere,
2355 3649 2423 3713 id
2453 3651 2554 3714 est
2579 3650 2838 3731 punire,
2877 3648 2994 3715 sed
3030 3649 3389 3732 ignoscere.
3429 3650 3533 3713 Ita
3567 3666 3721 3731 ergo
3749 3651 3918 3716 dicit
3956 3671 4000 3717 a

881 3772 1021 3835 Deo
1060 3770 1253 3849 tecta,
1289 3769 1364 3832 ut
1389 3769 1571 3833 Deus
1598 3785 1730 3830 non
1758 3767 2000 3847 videat,
2033 3766 2101 3829 id
2139 3767 2260 3847 est,
2302 3766 2696 3832 aeternaliter
2731 3765 2963 3849 puniat
3003 3786 3018 3828 :
3051 3765 3274 3830 videre
3316 3765 3493 3830 enim
3531 3766 3654 3830 Dei
3691 3769 3993 3851 peccata,

882 3888 982 3951 est
1018 3885 1100 3950 ad
1131 3902 1394 3967 poenam
1443 3885 1807 3967 imputare3
1847 3884 2140 3947 avertere
2191 3882 2413 3946 autem
2461 3881 2698 3946 faciem
2740 3899 2781 3945 a
2815 3882 3123 3963 peccatiS,
3162 3881 3289 3946 hoc
3325 3883 3426 3946 est
3470 3899 3548 3945 ea
3591 3881 3674 3945 ad
3719 3900 3996 3964 poenam

878 4020 1012 4067 non
1048 4019 1401 4068 reservare.
1435 4002 1602 4065 Item
1624 4001 2076 4081 Hieronymus
2116 4019 2131 4059 ε
2175 3997 2432 4071 Quibus
2463 3997 2644 4062 Deus
2688 3998 2965 4061 dimittit
2997 3999 3286 4080 peccata,
3319 3998 3505 4079 tegit,
3529 4016 3610 4062 ne
3638 3997 3706 4060 in
3729 3998 3993 4079 judicio

812 4103 851 4132 ⁸‘
879 4119 1273 4185 revelentur.
1306 4118 1474 4181 Item
1516 4115 1945 4180 Cassiodorus
1986 4135 2000 4177 ε
2042 4114 2172 4189 Qui
2209 4113 2436 4196 gravia
2475 4112 2718 4178 habent
2757 4115 3045 4195 peccata,
3089 4113 3240 4178 aliis
3275 4115 3457 4179 Deus
3491 4115 3800 4198 imputat,
3831 4116 3994 4180 aliis

876 4253 995 4316 per
1040 4233 1561 4298 misericordiam
1598 4248 1731 4294 non
1766 4231 2073 4312 imputat.

1012 4352 1115 4414 Ex
1151 4350 1259 4413 his
1294 4349 1514 4430 aperte
1544 4346 1933 4427 ostenditur,
1964 4346 2143 4427 quod
2188 4346 2370 4411 Deus
2414 4344 2556 4429 ipse
2601 4346 3028 4428 poenitentem
3073 4347 3272 4411 solvit
3307 4364 3346 4411 a
3381 4347 3602 4411 debito
3639 4364 3878 4430 poenae,
3926 4352 3997 4414 et

878 4470 1036 4532 tunc
1072 4465 1293 4546 solvit,
1327 4463 1588 4545 quando
1619 4463 1799 4525 intus
1839 4462 2173 4526 illuminat
2214 4463 2595 4546 inspirando
2633 4480 2856 4528 veram
2895 4463 3112 4527 cordis
3149 4463 3634 4526 contritionem.
3675 4462 3798 4526 Cui
3835 4482 3994 4530 sen—

876 4585 1101 4649 tentiae
1142 4581 1308 4646 ratio
1346 4581 1770 4663 suffragatur,
1814 4582 1880 4644 et
1914 4581 2337 4644 auctoritates
2384 4581 2794 4644 attestantur.
2835 4580 3047 4645 Nemo
3099 4579 3278 4644 enim
3319 4596 3472 4644 vere
3515 4581 3996 4662 compungitur

875 4703 958 4766 de
993 4700 1285 4783 peccam,
1327 4697 1574 4762 habens
1621 4714 1733 4761 cor
1772 4696 2127 4762 contritum
2168 4698 2232 4762 et
2277 4697 2728 4777 humiliatum,
2768 4695 2899 4761 nisi
2937 4697 3011 4759 in
3055 4695 3344 4760 caritate.
3379 4695 3511 4770 Qui
3549 4698 3769 4761 autem
3807 4699 3992 4762 cari-

876 4819 1080 4882 tatem
1122 4815 1343 4894 habet,
1383 4815 1625 4896 dignus
1662 4815 1762 4878 est
1798 4812 1936 4876 vita
1972 4813 2236 4877 aeterna.
2269 4813 2481 4878 Nemo
2529 4814 2752 4877 autem
2789 4813 2992 4876 simul
3029 4811 3166 4875 vita
3202 4814 3268 4876 et
3304 4813 3516 4876 morte
3553 4811 3792 4894 dignus
3833 4817 3944 4879 est
3973 4837 3989 4878 :

876 4952 1010 4999 non
1049 4935 1149 4998 est
1185 4949 1339 5014 ergo
1369 4932 1526 4995 tunc
1555 4930 1797 5012 ligatus
1838 4929 2059 4994 debito
2098 4931 2360 4994 aeternae
2401 4929 2656 4993 mortis.
2690 4929 2902 4993 Filius
2931 4929 3110 4994 enim
3145 4929 3263 4994 irae
3300 4946 3444 4993 esse
3479 4928 3698 5008 desiit,
3730 4947 3814 4993 ex
3849 4947 3991 5012 quo

876 5051 1149 5132 diligere
1186 5050 1253 5113 et
1288 5047 1605 5130 poenitere
1642 5047 1860 5128 coepit.
1907 5047 2011 5109 Ex
2046 5047 2204 5110 tunc
2241 5063 2395 5127 ergo
2432 5046 2692 5110 solutus
2734 5046 2832 5109 est
2869 5045 2955 5109 ab
2991 5045 3113 5125 ira,
3154 5062 3304 5126 quae
3339 5062 3475 5109 non
3519 5045 3742 5110 manet
3785 5063 3994 5128 super

876 5167 1069 5232 illum
1099 5166 1213 5248 qui
1244 5165 1450 5234 credit
1484 5164 1553 5226 in
1591 5163 1950 5243 Christum,
1994 5164 2111 5228 sed
2147 5180 2347 5244 super
2383 5162 2576 5226 illum
2609 5163 2726 5244 qui
2760 5179 2893 5226 non
2923 5162 3148 5226 credit.
3177 5161 3330 5226 Non
3365 5178 3520 5243 ergo
3555 5161 3992 5244 postmodum

882 5301 999 5367 per
1039 5281 1445 5347 sacerdotem
1482 5277 1589 5345 cui
1633 5273 2001 5360 confitetur,
2041 5277 2125 5343 ab
2167 5278 2264 5342 ira
2301 5278 2542 5344 aeterna
2587 5277 2925 5358 liberatur,
2955 5293 2996 5341 a
3031 5293 3163 5359 qua
3189 5276 3332 5359 jam
3367 5275 3684 5343 liberatus
3718 5277 3820 5346 est
3865 5295 3992 5361 per
