4267 6250
857 456 980 521 382
1398 478 1462 523 m
1501 476 1724 523 ιωιιωι
1767 476 1828 521 iv
1869 473 2355 522 sturm-runnu.
2392 492 2475 502 —
2514 474 2667 522 msr.
2710 473 2793 522 xv
2836 474 3086 538 εωιιΔς
3128 474 3355 531 onais-r.
3399 475 3421 521 ι

621 668 740 713 mer.
789 668 834 711 in
860 648 978 713 tali
1014 649 1398 732 poenitentia
1433 666 1566 714 non
1604 647 1886 714 correxit
1922 648 2193 712 crimen.
2228 647 2416 712 Unde
2465 647 2915 729 Hieronymus
2956 668 2972 710 ε
3003 648 3189 712 Nihil
3222 648 3413 712 Judae
3455 645 3706 729 profuit
3746 643 3977 727 egisse

555 732 834 781 Matthxxvu.

558 798 598 837 5.

860 766 1336 847 poenitentiam,
1376 783 1494 847 per
1529 782 1728 848 quam
1779 764 1994 829 scelus
2036 765 2358 846 corrigere
2395 781 2528 827 non
2565 764 2804 846 potuit.
2846 764 2918 829 Si
2955 764 3217 846 quando
3259 764 3458 828 frater
3491 764 3588 827 sic
3632 763 3864 844 peceat
3902 761 3980 823 in

860 881 1154 961 fratrem,
1195 884 1270 946 ut
1306 882 1650 947 emendare
1686 879 1901 944 valeat
1937 881 2115 961 quod
2156 880 2475 962 peccavit,
2511 881 2729 962 potest
2768 881 2831 944 ei
2868 881 3152 963 dimitti;
3183 881 3286 944 sin
3324 881 3547 945 autem
3582 878 3987 961 permanent

566 1017 832 1067 P·.cv1··.·1.
863 1014 1082 1080 opera,
1115 998 1358 1063 frustra
1393 1014 1552 1062 voce
1589 997 1952 1061 assumitur
1988 997 2395 1079 poenitentia.
2428 996 2574 1060 Hoc
2600 998 2702 1061 est
2737 996 2916 1078 quod
2945 996 3027 1061 de
3050 1013 3128 1061 eo
3158 997 3422 1076 dicitur,
3460 996 3548 1061 Et
3583 995 3793 1059 oratio
3822 993 3985 1074 ejus

859 1114 975 1177 fiat
1005 1114 1072 1178 in
1109 1116 1452 1196 peccatum
1485 1134 1500 1175 :
1535 1114 1610 1176 ut
1645 1129 1778 1176 non
1817 1112 2036 1176 solum
2087 1112 2435 1176 emendare
2472 1112 2843 1193 nequiverit
2878 1111 3273 1193 proditionis
3312 1112 3520 1190 nefas,
3561 1110 3677 1175 sed
3713 1109 3982 1193 proprii

859 1230 1204 1293 homicidii
1233 1228 1448 1293 scelus
1483 1228 1832 1293 addiderit.
1875 1226 2047 1291 Cave
2083 1227 2367 1308 qualiter
2407 1225 2737 1307 intelligas
2780 1225 2968 1307 illud,
3010 1228 3101 1291 Ut
3141 1228 3489 1293 emendare
3531 1226 3747 1291 valeat
3784 1224 3979 1307 quod

858 1346 1175 1427 peccavit,
1220 1348 1342 1411 etc.
1374 1346 1524 1410 Non
1561 1344 1740 1409 enim
1777 1343 2149 1409 emendatio
2198 1342 2307 1405 hic
2342 1341 2767 1425 intelligenda
2819 1344 2919 1406 est
2959 1344 3053 1407 rei
3090 1344 3375 1426 demptae
3413 1342 3973 1423 recompensatiO,

860 1462 975 1525 sed
1004 1462 1225 1526 delicti
1255 1461 1670 1543 exprobratio
1701 1462 1766 1525 et
1793 1459 2196 1524 abominatio
2221 1476 2373 1522 cum
2400 1457 2872 1522 satisfactionis
2901 1459 3247 1525 desiderio,
3266 1460 3492 1524 Demit
3512 1458 3689 1523 enim
3718 1458 3979 1538 injuste

861 1580 1012 1661 quis
1048 1579 1269 1659 alicui,
1292 1578 1469 1660 quod
1499 1578 1840 1643 restituere
1877 1593 2012 1641 non
2040 1576 2237 1656 valet,
2270 1577 2345 1639 ut
2381 1575 2645 1640 oculum
2679 1575 2782 1639 vel
2818 1577 3047 1656 vitam,
3086 1578 3153 1640 et
3187 1575 3612 1658 hujusmodi3
3643 1576 3709 1639 et
3742 1576 3979 1637 tamen

861 1695 919 1758 si
957 1695 1336 1777 poenituerit
1383 1693 1633 1776 peccati
1683 1710 1836 1757 cum
1885 1705 2108 1757 amore
2156 1692 2499 1773 condignae
2548 1691 3041 1774 satisfactionis,
3083 1692 3346 1756 veniam
3388 1692 3606 1756 habet.
3636 1691 3773 1755 Nec
3813 1690 3977 1753 ideo

821 1870 832 1881 .
863 1813 1214 1894 quisquam
1266 1812 1475 1893 putet,
1508 1811 1621 1892 qui
1661 1810 1805 1883 frem
1851 1810 2134 1875 alienam
2174 1809 2419 1889 injuste
2468 1807 2811 1872 abstulerit
2848 1827 3049 1891 quam
3096 1809 3367 1874 reddere
3422 1810 3664 1891 potest,
3718 1808 3801 1872 de
3847 1807 3977 1871 illo

823 1930 1128 2011 ’peccato
1175 1928 1491 2010 poenitere
1547 1945 1622 1991 ac
1669 1927 1930 1991 veniam
1977 1925 2315 2006 consequi,
2364 1923 2495 1987 nisi
2544 1924 2849 1987 restituat
2897 1925 3212 1989 ablatum.
3254 1924 3589 1999 Quamdiu
3636 1924 3815 1989 enim
3862 1942 3979 1989 res

862 2046 1129 2127 propter
1174 2061 1373 2126 quam
1412 2045 1752 2127 peccatum
1813 2043 1934 2123 est,
1978 2059 2110 2106 non
2159 2040 2476 2120 redditur,
2525 2040 2582 2103 si
2619 2041 2805 2104 reddi
2848 2043 3089 2124 potest,
3129 2060 3262 2105 non
3300 2042 3519 2124 agitur
3552 2042 3973 2124 poenitentia,

861 2161 978 2225 sed
1023 2156 1313 2241 fingitur.

2382 2413 2434 2477 A
2462 2430 2718 2494 poenam
2756 2420 3097 2476 evaserunt
3134 2420 3457 2477 aeternam.
3494 2414 3583 2476 De
3612 2432 3739 2495 qua
3766 2412 3974 2477 etiam

2462 2510 2727 2572 materia
2776 2511 2964 2592 plene
3012 2517 3239 2573 tractat
3288 2510 3587 2592 magister
3628 2510 3977 2575 Gratianus

2463 2608 2531 2671 in
2559 2610 2857 2689 Decreto;
2882 2595 3069 2691 cujus
3099 2610 3269 2672 dicta
3298 2610 3684 2674 concordant
3711 2610 3976 2673 his.De-

2463 2707 2628 2779 inde,
2650 2708 2821 2769 circa
2848 2707 3051 2770 finem
3080 2707 3275 2789 hujus
3304 2708 3730 2772 distinctionis
3758 2709 3979 2771 brevi-

1435 2492 1775 2558 SUMMA

954 2657 1565 2715 DISTINCTIONIS
1617 2655 2267 2722 QUINTAEDECIMAE

985 2903 1392 2970 RAEHABITA
1439 2902 1847 2966 distinctione
1899 2901 2193 2963 tractavit
2237 2902 2357 2965 Ma-

1015 3004 1210 3085 gister
1247 3003 1403 3084 quid
1443 3002 1527 3065 sit
1565 3000 1940 3083 poenitentia
1979 3000 2116 3081 ipsa
2155 3000 2220 3062 in
2264 3020 2352 3074 se,

861 3111 926 3168 et
954 3102 1033 3165 de
1063 3100 1448 3185 quibusdam
1477 3097 1976 3183 proprietatibus
2005 3098 2170 3180 ejus,
2204 3116 2357 3182 quo-

862 3201 1154 3265 rumdam
1206 3215 1459 3281 quoque
1515 3214 1761 3260 errores
1809 3197 2207 3276 excludens3
2252 3197 2359 3259 hic

862 3301 1030 3363 circa
1059 3299 1352 3362 eamdem
1385 3297 1716 3360 materiam
1758 3295 2040 3358 excludit
2069 3303 2132 3358 et
2160 3296 2358 3359 alium

859 3398 1202 3482 quemdam
1254 3413 1536 3459 errorem
1594 3395 1972 3469 dicentium,
2031 3394 2359 3457 bominem

858 3515 1044 3580 posse
1085 3495 1418 3579 poenitere,
1451 3492 1814 3556 satisfacere
1854 3500 1918 3554 et
1953 3493 2210 3556 veniam
2254 3492 2361 3555 ob-

2462 2813 2559 2868 ter
2588 2806 2864 2887 tangitur
2892 2807 2969 2869 de
3000 2806 3428 2869 satisfactione
3456 2814 3521 2869 et
3550 2808 3973 2881 restitutione,

2464 2911 2528 2966 et
2565 2905 2732 2986 quod
2772 2906 2850 2967 ad
2888 2904 3386 2969 satisfactionem
3427 2906 3791 2987 specialiter
3825 2926 3977 2989 per-

2467 3001 2673 3065 tinent
2717 3002 2938 3078 oratio,
2982 3004 3405 3086 eleemosyna,
3444 3003 3791 3084 jejunium.
3838 3005 3979 3068 Nec

2467 3100 2785 3164 relaxatur
2828 3110 3185 3185 peccatum,
3219 3101 3343 3165 nisi
3384 3102 3757 3166 restituatur
3798 3102 3981 3166 abla-

2466 3207 2625 3261 tum.
2659 3200 2865 3274 Quum
2896 3207 3232 3282 praetactus
3272 3219 3449 3264 error
3478 3200 3543 3262 in
3584 3201 3705 3264 ista
3744 3201 3980 3265 distin·

2468 3297 2678 3360 ctione
2707 3297 3079 3379 plenissime
3119 3297 3515 3381 reprobetur,
3548 3318 3691 3381 quae
3731 3318 3979 3382 paucos

2467 3403 2577 3457 aut
2616 3395 2827 3458 nullos
2866 3396 3057 3458 habet
3095 3414 3267 3458 nunc
3310 3395 3697 3472 defensores,
3730 3397 3981 3462 idcirco

2470 3493 2757 3556 doctores
2806 3493 3169 3575 specialiter
3210 3493 3503 3558 scribunt
3544 3495 3649 3558 hic
3697 3503 3762 3558 et
3804 3516 3980 3578 quae·

857 3595 1060 3657 tinere
1105 3594 1183 3656 de
1229 3609 1360 3654 uno
1403 3598 1665 3674 peccato
1713 3589 1988 3665 mortali,
2029 3590 2173 3652 aliis
2216 3608 2360 3672 pec-
2396 3593 2442 3655 Β
2472 3599 2621 3653 runt
2664 3591 2743 3654 de
2786 3590 3217 3657 satisfactione
3260 3601 3324 3656 et
3366 3594 3445 3656 de
3492 3593 3979 3678 praenominatis

857 3693 1014 3756 catis
1063 3690 1438 3756 mortalibus
1487 3689 1774 3762 retentis,
1826 3708 1940 3752 seu
1993 3707 2110 3772 per
2158 3687 2359 3771 poeni-

859 3792 1122 3855 tentiam
1181 3807 1312 3853 non
1369 3787 1618 3852 deletiS.
1681 3787 1759 3849 Et
1813 3787 1892 3849 dc
1953 3787 2077 3849 hoc
2136 3792 2361 3850 tractat

859 3889 1096 3952 diffuse
1126 3909 1201 3952 ac
1238 3888 1600 3970 diligenter,
1633 3885 1872 3949 motiva
1904 3885 2076 3948 illius
2115 3885 2361 3968 opinio-

860 3988 961 4050 nis
1019 3994 1284 4068 tangens
1343 4003 1416 4048 ac
1469 3985 1746 4058 solvenS,
1796 3991 1861 4045 et
1917 3983 2118 4045 multa
2167 3983 2363 4045 verba

861 4086 1234 4149 Sanctorum
1261 4082 1534 4147 obscura
1571 4099 1919 4164 exponenS,
1951 4080 2261 4145 catholice
2288 4101 2363 4144 ac

864 4183 1028 4246 bene
1079 4181 1429 4255 declaranS,
1481 4188 1669 4262 atque
1719 4179 2217 4242 ecclesiasticam
2266 4199 2361 4242 as-

863 4280 1207 4344 sertionem
1238 4280 1702 4352 demonstranS,
1735 4277 2034 4340 videlicet
2072 4279 2365 4341 mortalia

863 4380 1056 4443 simul
1099 4377 1536 4442 inexsistentia
1574 4393 1702 4439 non
1739 4394 1925 4458 posse
1963 4375 2044 4438 ab
2083 4376 2360 4440 invicem

864 4477 1065 4541 dividi
1107 4483 1417 4559 quantum
1456 4475 1533 4537 ad
1573 4473 2017 4556 poenitentiam
2057 4494 2131 4537 ac
2159 4477 2363 4540 veniae

865 4575 1402 4640 consecutionem.
1437 4574 1806 4654 Tanguntur
1831 4581 2044 4638 autem
2088 4575 2155 4637 in
2184 4581 2362 4638 textu

867 4675 1148 4739 materiae
1179 4674 1648 4756 Scripturarum
1680 4673 1870 4736 utiles
1900 4673 2104 4749 valde,
2127 4681 2193 4736 et
2222 4694 2362 4757 spe·

2473 3688 2763 3771 partibus
2806 3688 2969 3769 ejuS‚
3002 3699 3067 3754 et
3108 3690 3260 3754 item
3308 3691 3386 3753 de
3428 3691 3852 3755 restitutione.

2783 4006 3259 4081 QUAESTIO
3331 4008 3662 4074 PRIMA

2600 4280 2784 4345 Rimo
2812 4299 2961 4363 ergo
2990 4281 3096 4344 hic
3124 4281 3453 4364 quaritur,
3476 4281 3684 4360 Quid
3712 4285 3824 4350 sit
3850 4299 3977 4353 sa-

2617 4379 2997 4462 tisfactio,
3016 4383 3103 4448 et
3130 4395 3232 4448 an
3260 4380 3499 4448 homo
3527 4381 3799 4449 valeat
3825 4399 3976 4465 pro
4030 4415 4040 4426 ·

2476 4481 2646 4546 suis
2686 4478 3036 4561 peccatis
3074 4479 3538 4547 satisfacere
3578 4481 3767 4549 Deo,

2556 4577 2633 4639 Et
2660 4577 2826 4639 sicut
2854 4577 3216 4641 continetur
3246 4577 3312 4639 in
3343 4577 3573 4653 littera,
3605 4578 3977 4644 satisfacere

2475 4684 2572 4740 est
2610 4684 3017 4758 peccatorum
3058 4694 3169 4740 seu
3199 4675 3502 4739 vitiorum
3542 4697 3763 4740 causas
3803 4680 3977 4744 exci-

868 4775 1116 4838 cialiter
1161 4771 1358 4835 verba
1403 4771 1771 4854 Hieronymi
1820 4771 1990 4834 circa
2037 4773 2198 4835 illud
2246 4774 2362 4837 Na·
2392 4773 2436 4839 C
2475 4774 2647 4849 dere,
2681 4781 2745 4836 et
2774 4791 2995 4838 eorum
3026 4773 3538 4856 suggestionibus
3568 4775 3813 4839 aditum
3844 4795 3977 4841 non

867 4875 1025 4938 hum
1074 4873 1422 4957 prophetae,
1471 4870 1609 4934 Non
1654 4869 2007 4933 vindicabit
2055 4871 2364 4935 Dominus

827 4997 839 5010 ·
870 4973 970 5036 bis
1001 4972 1066 5034 in
1108 4971 1169 5033 id
1211 4971 1446 5053 ipsum,
1479 4969 1558 5032 de
1587 4967 1895 5051 AEgyptiis
1924 4988 1961 5030 a
1989 4969 2119 5032 Deo
2158 4971 2367 5052 plaga-

867 5073 973 5146 tis,
1023 5071 1102 5132 de
1151 5067 1490 5133 Sodomitis
1544 5067 1830 5132 sulfureo
1877 5067 2022 5149 igne
2071 5085 2367 5130 consum-

870 5171 1019 5253 ptis,
1051 5177 1115 5233 et
1157 5169 1236 5232 de
1273 5166 1576 5231 Israelitis
1614 5167 1680 5230 in
1720 5167 2064 5230 solitudine
2107 5173 2370 5250 propter

867 5288 986 5332 sua
1035 5274 1295 5352 peccata
1349 5265 1599 5341 occisis,
1649 5285 1730 5329 an
1788 5285 1902 5349 per
1949 5266 2367 5350 temporalem

2475 4871 2761 4954 praebere
2800 4880 2911 4935 aut
2952 4872 3301 4954 indulgere.

2557 4970 2786 5033 Contra
2832 4971 3002 5052 quod
3049 4971 3377 5052 objicitur,
3410 4973 3561 5054 quia
3607 4973 3975 5038 satisfacere

2474 5076 2572 5132 est
2600 5088 2715 5152 per
2743 5087 2937 5152 opera
2974 5069 3393 5134 satisfactoria
3429 5071 3743 5135 offensam
3781 5081 3973 5156 atque

2474 5167 2778 5248 injuriam
2834 5167 3026 5230 alicui
3076 5169 3412 5250 irrogatam
3462 5187 3967 5253 recompensare.

2476 5265 2553 5328 Et
2608 5266 2775 5330 sicut
2830 5265 3102 5330 habetur
3148 5266 3217 5329 in
3270 5274 3471 5344 textu,
3520 5268 3972 5334 satisfactionis
