4267 6250
578 1677 594 1721 l
615 1678 728 1733 Rea.

544 1745 609 1792 13.
626 1744 691 1784 ¹⁹.

563 2266 599 2310 ll
613 2266 728 2322 Rev.
751 2280 810 2319 vn,

541 2334 586 2382 6,
606 2333 646 2373 7.

562 3745 699 3787 Num.
725 3756 794 3787 xxi

827 479 952 547 236

1365 500 1431 549 m
1469 501 1693 550 mmm!
1734 501 1797 549 tv
1837 501 2324 548 smmum
2360 517 2451 534 -
2484 501 2639 548 msT.
2682 501 2786 565 113
2828 501 3055 558 cumr.
3096 501 3166 560 n,
3206 501 3297 560 111,
3336 501 3401 548 tv

833 671 1056 736 multis
1103 672 1486 736 sordescant.
1525 672 1604 735 Et
1649 673 1818 736 istud
1867 673 2131 736 forsitan
2182 672 2330 735 insi·
2357 668 2410 733 A
2440 672 2611 754 quod
2648 671 2947 753 tangitur.
2982 671 3227 737 Idcirco
3263 671 3548 754 pollutus
3584 669 3697 754 qui
3740 669 3951 752 tangit

831 771 1054 835 nuavit
1089 771 1646 845 AntisiodorensiS,
1677 771 1949 835 dicendo
1982 788 1998 834 ε
2029 771 2147 846 Qui
2188 789 2331 853 pro-

831 869 1130 933 babiliter
1159 870 1364 932 credit
1391 889 1460 933 se
1487 889 1628 933 esse
1657 871 1796 932 sine
1837 869 2106 932 mortali.
2141 869 2331 933 Porro

829 970 1124 1033 sacerdos
1153 976 1407 1032 tenetur
1434 987 1648 1032 coram
1681 969 1810 1032 Deo
1837 987 2093 1051 semper
2123 976 2331 1031 custo-

829 1068 1026 1144 ditus,
1075 1067 1410 1141 sollicitus,
1461 1068 1796 1131 timoratus
1853 1067 2223 1142 consistere,
2268 1075 2334 1129 θῖ

831 1173 979 1230 ante
1035 1164 1528 1230 celebrationem
1589 1183 1700 1230 cor
1744 1185 1933 1228 suum
1993 1164 2334 1246 diligenter

833 1265 1216 1328 examinare.

925 1363 1398 1445 consequenter
1453 1362 1700 1445 quaerit,
1757 1381 1836 1424 an
1895 1361 2207 1426 exsistens
2265 1362 2333 1424 in

835 1469 1098 1544 peccato
1139 1461 1390 1524 mortali
1435 1469 1659 1544 peccet
1699 1479 1930 1543 corpus
1968 1460 2201 1524 Christi
2240 1461 2333 1523 vi-

835 1559 1063 1623 dendo.
1097 1559 1362 1622 Videtur
1389 1560 1559 1642 quod
1599 1559 1752 1633 imo,
1787 1559 2090 1642 quoniam
2123 1559 2334 1642 primo

749 1691 808 1730 vu,
837 1658 1076 1740 Regum
1113 1658 1408 1740 leguntur
1438 1658 1895 1740 quinquaginta
1923 1659 2122 1721 millia
2158 1658 2340 1721 Beth-

837 1757 1209 1819 samitarum
1258 1776 1578 1838 percussa,
1619 1774 1695 1820 eo
1743 1757 1913 1839 quod
1959 1775 2172 1820 arcam
2223 1757 2335 1819 Dei

2438 787 2671 852 corpus
2728 770 3149 847 dominicum,
3208 778 3519 852 quantum
3587 769 3654 832 in
3718 788 3788 833 se
3844 777 3949 832 est

2440 869 2673 951 polluit
2716 869 2874 930 illud
2908 886 2924 930 z
2958 870 3102 932 ideo
3145 875 3367 951 peccat
3410 868 3778 933 mortaliter.
3822 867 3946 942 Qui

2439 985 2593 1030 vero
2621 986 2700 1030 ex
2729 967 2863 1031 sola
2891 967 3249 1030 reverentia
3276 968 3481 1048 tangit
3506 985 3739 1049 corpus
3768 967 3951 1030 Chri-

2441 1066 2545 1140 sti,
2578 1064 2972 1130 sublevando
2998 1067 3155 1130 dum
3186 1067 3354 1130 cadit
3380 1075 3493 1129 aut
3524 1065 3836 1130 elevando
3864 1067 3948 1129 de

2440 1173 2631 1240 terra,
2682 1182 2809 1228 non
2858 1173 3098 1248 peccat.
3150 1167 3521 1230 Sacerdotes
3566 1172 3782 1229 autem
3829 1165 3946 1248 qui

2442 1263 2689 1345 indigni
2736 1262 3083 1338 celebrant,
3134 1271 3403 1347 peccant
3448 1262 3816 1327 mortaliter.
3862 1298 3951 1308 —

2442 1364 2653 1436 Porro,
2686 1362 2765 1425 de
2806 1363 3196 1445 patientibus
3226 1363 3647 1446 pollutionem
3688 1369 3951 1426 noctur·

2444 1481 2591 1525 nam
2630 1461 3057 1524 communiter
3102 1461 3359 1536 dicitur,
3406 1461 3577 1543 quod
3619 1460 3951 1524 celebrare

2444 1579 2571 1624 non
2602 1559 2838 1623 debent
2874 1560 2999 1623 nisi
3038 1561 3169 1623 sint
3206 1561 3386 1643 prius
3424 1559 3723 1636 confessi,
3756 1569 3821 1624 et
3850 1580 3953 1623 sa-

2442 1658 2869 1721 tisfactionem
2926 1659 3209 1741 aliquam
3264 1659 3537 1722 fecerint
3589 1666 3759 1733 ante,
3820 1659 3953 1723 nisi

2445 1758 2789 1820 necessitas
2836 1765 3020 1838 cogat
3054 1777 3071 1821 ε
3103 1765 3167 1820 θῖ
3214 1765 3369 1820 tunc
3418 1757 3661 1821 conteri
3707 1757 3954 1821 debent

836 1855 1169 1930 vidissent,
1201 1875 1344 1938 quae
1374 1855 1497 1918 fuit
1523 1854 1732 1936 figura
1761 1855 2046 1938 corporis
2076 1855 2331 1930 Christi,
2370 1855 2420 1919 B
2446 1865 2512 1918 et
2546 1855 2783 1930 dolere,
2816 1856 2969 1938 quia
3008 1856 3277 1938 pollutio
3314 1856 3426 1918 illa
3462 1874 3717 1938 semper
3752 1855 3953 1919 habet

837 1960 902 2016 et
929 1953 1515 2036 incomparabiliter
1545 1953 1760 2016 minus
1787 1954 1996 2035 digna.
2031 1952 2338 2028 Quocirca

837 2052 1284 2134 interrogatur,
1312 2070 1392 2114 an
1434 2050 1744 2115 exsistens
1779 2053 1844 2114 in
1884 2052 2157 2126 mortali,
2192 2071 2335 2134 pec-

837 2157 940 2213 cet
969 2168 1200 2232 corpus
1230 2149 1461 2214 Christi
1491 2151 1824 2230 tangendo.
1857 2150 2138 2233 Apparet
2166 2151 2335 2233 quod

837 2247 989 2324 imo,
1045 2248 1350 2330 quoniam
1406 2248 1688 2310 secundo
1743 2248 1984 2329 Regum
2043 2257 2336 2311 narratur

837 2345 960 2410 Oza
1007 2363 1370 2429 percussus,
1419 2363 1496 2409 eo
1551 2347 1721 2428 quod
1767 2364 1982 2409 arcam
2037 2347 2151 2410 Dei
2198 2366 2335 2411 sus-

837 2444 1106 2508 tentavit
1153 2463 1234 2507 ne
1281 2445 1550 2507 caderet.
1599 2444 1676 2506 Et
1722 2444 1892 2507 circa
1940 2444 2060 2508 hoc
2106 2445 2335 2527 quaeri-

835 2551 961 2618 tur,
995 2562 1110 2606 cur
1151 2543 1354 2625 magis
1392 2543 1688 2606 illicitum
1732 2542 1816 2604 sit
1851 2543 2329 2608 Sacramentum

835 2650 1096 2724 tangere
1137 2659 1330 2724 quam
1371 2640 1608 2704 videre.

917 2741 994 2803 Et
1031 2740 1374 2822 respondet
1407 2757 1420 2801 :
1454 2739 1798 2821 Adspicere
1836 2757 2068 2822 corpus
2099 2740 2331 2803 Christi

836 2855 962 2900 non
1005 2845 1104 2900 est
1147 2837 1408 2910 malum,
1443 2836 1574 2898 imo
1612 2836 1851 2899 bonum
1896 2844 1993 2900 θεῖ
2025 2853 2040 2899 :
2075 2837 2228 2919 quia
2266 2845 2336 2899 ut

836 2935 1062 2998 asserit
1109 2934 1523 3016 Augustinus,
1559 2935 1787 2997 caritas
1834 2934 1987 2997 facit
2034 2936 2337 2998 desideri-

2446 1973 2704 2017 causam
2737 1953 3159 2016 inhonestam.
3178 1954 3303 2016 Aut
3330 1954 3505 2016 enim
3536 1961 3634 2016 θεῖ
3660 1972 3739 2016 ex
3768 1955 3951 2036 turpi

2448 2053 2898 2134 imaginatione
2941 2053 3361 2134 praecedente,
3392 2060 3503 2114 aut
3540 2070 3619 2114 ex
3658 2052 3949 2134 crapula,

2446 2157 2557 2212 aut
2602 2169 2681 2213 ex
2728 2158 2955 2212 natura
3000 2149 3252 2213 volente
3299 2167 3369 2212 se
3418 2167 3763 2213 exonerare
3812 2167 3831 2211 t
3884 2158 3955 2213 et

2446 2257 2601 2312 tunc
2634 2266 2762 2311 non
2800 2256 2899 2312 θεῖ
2936 2267 3014 2311 ex
3052 2255 3275 2310 natura
3314 2248 3605 2312 instituta
3650 2249 3760 2311 sed
3808 2267 3953 2312 cor-

2447 2355 2652 2430 rupta.
2686 2346 2833 2410 Ideo
2881 2346 3092 2409 locum
3136 2345 3329 2408 habet
3378 2345 3469 2408 ibi
3518 2345 3627 2408 illa
3670 2347 3952 2410 auctori-

2446 2451 2541 2506 tas
2570 2463 2585 2508 ε
2611 2445 2927 2508 Bonarum
2960 2444 3273 2509 mentium
3304 2452 3402 2508 est
3430 2444 3686 2527 culpam
3714 2445 3954 2508 timere

2446 2542 2557 2606 ubi
2590 2542 2779 2625 culpa
2817 2559 2945 2605 non
2978 2549 3095 2606 est.
3124 2577 3207 2590 —
3235 2541 3379 2606 Haec
3409 2541 3953 2606 Antisiodorensis

2447 2640 2513 2703 in
2557 2640 2819 2704 Summa
2862 2659 2997 2714 sua,
3044 2638 3209 2702 libro
3252 2647 3497 2722 quarto.

2526 2739 2686 2802 Hinc
2716 2739 2985 2802 Thomas
3008 2755 3023 2800 :
3047 2737 3349 2813 Quilibet,
3372 2737 3603 2821 inquit,
3626 2757 3773 2800 cum
3803 2755 3957 2800 con·

2446 2837 2715 2900 scientia
2755 2837 2997 2919 peccati
3042 2835 3328 2899 mortalis
3377 2835 3765 2898 manducans
3812 2854 3959 2899 cor-

2447 2956 2566 3018 pus
2599 2935 2853 3010 Christi,
2888 2943 3111 3017 peccat
3148 2935 3522 3010 mortaliter,
3554 2935 3707 3017 quia
3739 2934 3957 2997 abuti-

837 3053 948 3096 um
997 3033 1256 3096 videndi
1304 3033 1506 3094 Deum
1550 3040 1740 3114 atque
1787 3032 2040 3096 fruendi
2090 3050 2185 3096 ec.
2230 3035 2339 3096 Est
2369 3037 2413 3101 C
2446 3043 2551 3097 tur
2598 3041 3034 3114 sacrament03
3082 3043 3147 3096 et
3193 3041 3433 3116 quanto
3478 3041 3958 3096 sacramentum

838 3150 1094 3217 quoque
1125 3132 1604 3215 provocativum
1643 3132 1722 3194 ad
1761 3132 2169 3195 dilectionem
2200 3133 2335 3196 Dei.

837 3232 999 3295 Hinc
1029 3249 1144 3313 per
1172 3231 1544 3313 adspectum
1586 3232 1869 3313 corporis
1901 3231 2130 3294 Christi
2162 3250 2340 3294 exer—

839 3330 1039 3393 citant
1087 3336 1152 3391 et
1209 3336 1566 3411 praeparant
1621 3348 1690 3391 se
1745 3329 1824 3391 ad
1883 3330 2235 3405 caritatem,
2274 3337 2341 3393 θῖ

841 3428 1057 3491 multae
1105 3428 1444 3511 petitiones
1502 3428 1930 3490 exaudiuntur
1979 3428 2044 3491 in
2093 3428 2340 3492 visione

841 3526 1124 3609 corporis
1156 3524 1410 3597 Christi,
1443 3532 1507 3588 et
1535 3526 1736 3606 gratia
1768 3526 1924 3608 ipsis
1956 3525 2335 3589 infunditur.

840 3625 1018 3700 Quod
1075 3623 1508 3706 significatum
1557 3631 1656 3685 θεῖ
1703 3624 1770 3686 in
1825 3624 1990 3687 libro
2035 3624 2343 3687 Numero-

799 3742 986 3796 ‚rum
1031 3741 1145 3806 per
1187 3722 1308 3786 hoc
1353 3722 1523 3804 quod
1567 3721 1690 3784 filii
1737 3723 1928 3785 Israel
1977 3731 2341 3805 serpentem

839 3840 1090 3886 aeneum
1123 3820 1448 3895 intuendo,
1483 3819 1918 3883 liberabantur
1944 3840 1981 3883 a
2021 3821 2341 3884 morsibus

841 3920 1185 4002 ignitorum
1225 3926 1616 4002 serpentum.
1641 3919 1815 3994 Quod
1847 3926 2059 3982 autem
2091 3919 2345 3982 Bethsa-

841 4020 1014 4083 mitae
1059 4018 1317 4082 fuerunt
1362 4018 1670 4099 percussi,
1703 4036 1832 4081 non
1879 4017 2004 4080 fuit
2051 4036 2129 4080 ex
2180 4017 2343 4080 indi-

839 4118 1078 4201 gnitate
1127 4134 1372 4190 eorum,
1414 4116 1525 4178 sed
1574 4116 1726 4197 quia
1774 4116 2170 4199 prohibitum
2219 4116 2345 4178 suit

2446 3142 2543 3197 est
2580 3134 2859 3216 dignius,
2894 3141 3070 3196 tanto
3100 3133 3519 3216 periculosior
3552 3139 3649 3196 est
3685 3132 3955 3197 abusus.

2448 3233 2644 3313 Cujus
2676 3232 2837 3295 ratio
2874 3251 2954 3295 ex
2992 3232 3200 3294 tribus
3236 3231 3571 3313 accipitur.
3605 3230 3839 3305 Primo,
3878 3250 3959 3295 ex

2446 3348 2523 3394 eo
2552 3331 2722 3413 quod
2752 3338 2850 3393 est
2888 3336 3357 3393 sacramentum
3398 3336 3665 3391 tantum.
3700 3330 3791 3391 Ex
3821 3348 3959 3412 quo

2447 3434 2731 3511 apparet,
2765 3427 2934 3510 quod
2979 3428 3101 3490 hoc
3144 3435 3617 3490 sacramentum
3662 3445 3777 3509 per
3820 3446 3961 3492 mo-

2448 3527 2601 3589 dum
2652 3525 2782 3588 cibi
2834 3527 3213 3609 proponitur
3254 3542 3270 3587 :
3324 3524 3507 3588 cibus
3552 3533 3767 3588 autem
3818 3545 3957 3590 non

2450 3624 2751 3687 convenit
2778 3624 2905 3686 nisi
2934 3625 3194 3688 viventi.
3230 3622 3542 3698 Secundo,
3565 3642 3643 3686 ex
3672 3640 3750 3686 eo
3778 3626 3959 3706 quod

2450 3730 2547 3785 est
2574 3723 2664 3785 ibi
2696 3741 2797 3786 res
2827 3730 2893 3785 et
2920 3729 3414 3794 sacramentum,
3447 3721 3619 3805 quod
3648 3729 3744 3785 est
3773 3722 3960 3785 Chri-

2450 3828 2609 3896 stus,
2642 3822 2753 3904 qui
2782 3828 2881 3885 est
2914 3821 3181 3883 Sanctus
3220 3821 3594 3883 Sanctorum
3628 3836 3645 3881 ε
3678 3819 3820 3883 ideo
3860 3838 3963 3882 re-

2452 3920 2857 4002 ceptaculum
2908 3919 3099 3982 debet
3147 3936 3286 3981 esse
3344 3925 3657 3980 sanctum.
3710 3917 3962 3982 idcirco

2452 4018 2563 4099 qui
2612 4036 2760 4079 cum
2810 4016 3226 4098 dispositione
3272 4015 3589 4078 sanctitati
3640 4016 3965 4079 contraria

2452 4115 2681 4198 recipit
2710 4116 2946 4198 ipsum,
2982 4114 3327 4195 injuriatur
3352 4114 3413 4177 ei
3449 4122 3640 4196 atque
3668 4112 3965 4177 abutitur

841 4218 936 4280 eis
967 4233 1177 4280 arcam
1219 4214 1455 4278 videre.
1491 4214 1568 4276 Et
1607 4214 1750 4289 hoc,
1785 4215 1850 4277 in
1886 4215 2141 4296 signum
2172 4216 2342 4297 quod
2371 4216 2422 4279 D
2452 4234 2547 4279 eo.
2584 4214 2814 4289 Tertio,
2846 4232 2925 4276 ex
2963 4230 3042 4276 eo
3078 4214 3250 4294 quod
3290 4212 3356 4275 in
3396 4220 3795 4275 sacramento
3832 4212 3960 4276 boc

843 4314 1251 4397 simplicibus
1280 4330 1408 4376 non
1440 4311 1590 4375 licet
1629 4312 1896 4375 scrutari
1936 4331 2166 4375 arcana
2203 4313 2338 4375 Dei.

843 4448 925 4459 —
955 4413 1233 4493 Tangere
1265 4429 1416 4475 vero
1445 4427 1676 4493 corpus
1708 4411 1963 4485 Christi,
1997 4419 2094 4474 est
2122 4430 2341 4493 pecca-

844 4519 983 4574 tum
1035 4508 1334 4591 indignis.
1378 4509 1608 4584 Primo,
1641 4509 1946 4591 quoniam
1993 4510 2161 4572 Deus
2210 4510 2345 4573 odit

845 4609 1120 4691 iniquos.
1157 4608 1353 4682 Unde,
1387 4606 1555 4670 sicut
1589 4607 1818 4670 caritas
1848 4607 2046 4689 exigit
2077 4608 2343 4688 conjun-

845 4708 1148 4781 ctionem,
1182 4706 1276 4769 sic
1315 4705 1532 4769 odium
1577 4706 2044 4788 separationem
2074 4714 2139 4769 et
2169 4705 2343 4770 clon-

843 4808 1182 4891 gationem.
1235 4807 1744 4888 Praesumptuose
1793 4806 1987 4887 igitur
2033 4806 2227 4869 habet
2276 4826 2345 4870 se

843 4907 954 4989 qui
988 4906 1289 4987 indignus
1315 4904 1475 4967 adeo
1511 4903 1982 4986 appropinquat
2017 4912 2086 4967 ut
2110 4912 2341 4987 tangat.

845 5004 1159 5077 Secunde,
1191 5002 1344 5086 quia
1383 5010 1454 5065 ut
1491 5021 1685 5085 super
1712 5002 2083 5065 Malachiam
2123 5002 2349 5066 scribit

845 5102 1284 5186 Hieronymus,
1305 5118 1538 5183 panem
1567 5100 1886 5183 pollutum
1917 5101 2212 5173 comedit,
2234 5100 2347 5183 qui

845 5204 924 5266 ad
954 5202 1150 5267 altare
1183 5200 1294 5264 Dei
1330 5199 1631 5281 indignus
1668 5200 1932 5263 accedit.
1965 5200 2349 5264 Naturaliter

849 5318 1128 5384 namque
1157 5318 1236 5362 ex
1267 5303 1564 5363 contactu
1597 5298 1912 5361 immundi
1945 5298 2253 5381 polluitur
2283 5299 2348 5363 id

2451 4320 2549 4376 est
2575 4330 2676 4375 res
2706 4318 2976 4384 tantum,
3011 4309 3180 4392 quod
3208 4317 3306 4372 est
3345 4309 3688 4394 mysticum
3720 4310 3959 4374 Christi

2453 4430 2684 4494 corpus
2718 4428 2734 4473 ε
2768 4410 2919 4492 quia
2946 4428 3024 4472 ex
3055 4409 3174 4472 hcc
3206 4408 3373 4490 quod
3404 4408 3551 4490 quis
3586 4409 3667 4471 ad
3698 4408 3818 4472 hoc
3858 4428 3959 4472 sa-

2452 4518 2851 4574 cramentum
2880 4507 3144 4583 accedit,
3177 4506 3500 4589 significat
3536 4525 3607 4569 se
3634 4508 3713 4570 ad
3751 4507 3963 4571 unita-

2452 4616 2582 4671 tem
2616 4607 2871 4691 mystici
2902 4606 3187 4689 corporis
3226 4604 3547 4687 pertinere
3576 4612 3642 4668 et
3669 4605 3956 4670 tendere.

2453 4709 2809 4790 Propterea,
2844 4706 2897 4768 si
2938 4705 3002 4767 in
3042 4705 3233 4768 corde
3271 4704 3413 4785 ejus
3450 4704 3536 4766 sit
3570 4704 3801 4767 vitium
3840 4724 3963 4787 per

2454 4806 2624 4890 quod
2652 4824 2689 4867 a
2722 4804 2989 4888 mystico
3018 4820 3285 4886 corpore
3314 4810 3664 4887 separatur,
3698 4802 3959 4886 culpam

2454 4904 2737 4967 fictionis
2768 4901 3057 4977 incurrit,
3080 4907 3146 4964 et
3172 4901 3261 4963 ita
3287 4900 3573 4963 abutitur
3602 4914 3963 4965 sacramen‘-

2455 5011 2538 5066 to.
2572 5036 2653 5047 -—
2682 5000 2917 5063 Verum
2963 5000 3063 5062 his
3112 4998 3311 5081 objici
3360 5006 3589 5081 potest,
3636 4999 3790 5082 quia
3836 5000 3963 5063 hoc

2454 5106 2926 5164 sacramentum
2974 5104 3071 5160 est
3120 5096 3440 5160 medicina
3488 5112 3505 5159 t
3556 5116 3757 5179 quum
3806 5116 3963 5179 ergo

2456 5197 2777 5262 medicina
2815 5195 2981 5259 laesis
3010 5201 3075 5259 et
3110 5195 3297 5277 aegris
3334 5194 3420 5259 sit
3455 5194 3835 5271 exhibenda,
3866 5196 3961 5259 vi-

2454 5298 2643 5361 detur
2670 5295 2841 5377 quod
2882 5302 3351 5358 sacramentum
3389 5293 3509 5357 hoc
3544 5291 3811 5370 vitiosis,
3842 5292 3956 5377 qui
