4267 6250
743 443 871 512 424
1666 460 1844 509 mun
1880 461 1944 507 ιν
1983 458 2468 507 sumamma.
2508 476 2589 489 —-
2628 459 2783 506 msr.
2824 460 2931 506 xvi

753 638 1032 703 nitentia
1072 638 1250 703 enim
1286 636 1619 719 graviores
1665 634 1981 717 postulat,
2022 637 2096 697 ut
2136 633 2361 698 dolore
2408 636 2476 697 et
2520 634 2877 715 gemitibus
2922 635 3226 699 mortuus
3272 635 3581 717 impetret
3614 634 3852 699 vitam.

753 790 846 801 -
896 754 1000 819 Ex
1045 754 1152 818 his
1208 752 1597 833 ostenditur,
1648 752 1763 835 qui
1818 751 1954 815 sint
2006 751 2191 831 digni
2244 750 2499 814 fructus
2548 752 2951 832 poenitentiae
2997 750 3241 832 quibus
3287 769 3442 815 vera
3488 750 3859 815 satisfactio

757 869 1077 951 expletur,
1113 872 1179 933 et
1213 870 1388 951 quod
1427 884 1560 933 non
1598 886 1828 932 omnes
1864 867 2045 949 digni
2089 868 2343 932 fructus
2380 867 2535 931 sunt
2571 867 2755 949 digni
2792 867 3045 932 fructus
3080 868 3505 951 poenitentiae.
3546 867 3739 942 Quod
3775 868 3863 933 de

755 985 870 1049 illa
897 986 1283 1068 poenitentia
1313 984 1703 1066 intelligitur
1729 1002 1878 1067 quae
1917 984 2247 1065 majorum
2276 984 2375 1048 est
2404 984 2779 1047 criminum.
2810 984 2962 1048 Non
2999 984 3177 1048 enim
3214 984 3547 1048 sufficiunt
3573 985 3867 1066 graviter

755 1102 1312 1185 delinquentibuS,
1353 1118 1502 1183 quae
1537 1100 1872 1165 sufficiunt
1906 1100 2129 1163 minus
2165 1098 2273 1164 vel
2306 1116 2541 1181 parum
2578 1099 3022 1181 peccantibus

1725 1343 1804 1407 Β.
1851 1347 2020 1413 Quoe
2063 1346 2164 1408 sit
2203 1344 2403 1419 falsa
2450 1344 2887 1419 satisfactio.

893 1562 979 1627 Et
1014 1562 1188 1626 sicut
1221 1562 1379 1626 sunt
1410 1560 1593 1641 digni
1632 1560 1884 1624 fructus
1919 1559 2323 1642 poenitentiae
2360 1576 2437 1622 ac
2472 1576 2627 1623 vera
2662 1559 3048 1640 satisfactio,
3079 1560 3173 1622 ita
3208 1559 3275 1624 et
3308 1558 3563 1640 indigni
3600 1556 3865 1623 fructus

493 1701 556 1747 no
574 1700 732 1746 Ponit.
760 1680 826 1745 et
875 1677 1041 1743 falsa
1085 1678 1470 1757 satisfactio,
1522 1677 1590 1739 id
1635 1678 1736 1741 est
1782 1676 1947 1740 falsa
1991 1676 2397 1757 poenitentia.
2451 1675 2637 1739 Unde
2688 1675 3045 1757 Gregorius
3096 1695 3111 1736 ε
3161 1676 3389 1740 Falsas
3436 1675 3865 1757 poenitentias

466 1766 620 1817 ‘¹⁸²³'
637 1778 672 1809 ‘²
689 1767 730 1808 ⁶·
759 1795 1068 1875 dicimuS,
1099 1812 1246 1876 quae
1285 1810 1417 1857 non
1454 1792 1820 1857 seeundum
1851 1792 2273 1856 auctoritates
2309 1792 2703 1856 Sanctorum
2740 1809 2860 1874 pro
2897 1792 3213 1874 qualitate
3254 1792 3609 1855 criminum
3638 1791 3867 1873 impo-

757 1911 1026 1975 nuntur.
1074 1910 1363 1991 Ideoque
1408 1909 1624 1990 mileS‚
1661 1908 1766 1971 vel
1811 1908 2201 1989 negotiator,
2244 1908 2350 1972 vel
2395 1907 2591 1972 alicui
2630 1907 2841 1977 officio
2888 1907 3151 1972 deditus
3184 1907 3365 1989 quod
3410 1909 3552 1972 sine
3588 1910 3864 1989 peccato

759 2043 1057 2090 exercere
1095 2042 1228 2088 non
1263 2026 1498 2106 possit,
1548 2024 1608 2087 si
1653 2023 1865 2105 culpis
1902 2022 2315 2103 gravioribus
2349 2023 2642 2088 irretitus
2677 2023 2760 2086 ad
2802 2023 3253 2105 poenitentiam
3292 2023 3566 2103 venerit,
3598 2022 3703 2087 vel
3738 2023 3867 2103 qui

755 2140 930 2205 bona
974 2140 1246 2206 alterius
1296 2139 1540 2221 injuste
1586 2139 1857 2219 detinet,
1897 2138 2003 2201 vel
2048 2139 2164 2220 qui
2207 2138 2435 2202 odium
2483 2140 2552 2202 in
2589 2139 2783 2203 corde
2828 2139 3016 2220 gerit,
3062 2140 3484 2220 recognoscat
3523 2156 3595 2203 se
3632 2156 3867 2203 veram

757 2257 1212 2339 poenitentiam
1257 2273 1390 2320 non
1431 2272 1627 2337 posse
1664 2271 1996 2336 peragere,
2038 2254 2168 2319 nisi
2216 2254 2557 2335 negotium
2604 2255 2956 2336 relinquat,
2998 2256 3103 2319 vel
3147 2254 3437 2319 officium
3472 2254 3750 2333 deserat,
3794 2256 3867 2318 et

759 2372 988 2436 odium
1027 2388 1109 2435 ex
1149 2372 1341 2435 corde
1381 2370 1693 2448 dimittat,
1739 2369 1804 2433 et
1839 2368 2012 2432 bona
2053 2386 2201 2450 quae
2240 2369 2483 2451 injuste
2530 2369 2824 2450 abstulit,
2869 2372 3191 2435 restituat.
3234 2370 3333 2435 Ne
3373 2373 3594 2435 tamen
3628 2371 3869 2452 despe-

755 2490 896 2571 ret3
929 2488 1194 2552 interim
1231 2486 1556 2569 quidquid
1593 2484 1752 2549 boni
1791 2485 2001 2550 facere
2036 2486 2276 2567 potest,
2310 2487 2652 2550 hortamur
2690 2488 2766 2549 ut
2802 2487 3020 2568 faciat,
3046 2488 3123 2550 ut
3155 2488 3337 2551 Deus
3374 2504 3488 2552 cor
3522 2487 3667 2569 ejus
3696 2486 3867 2551 illu·

509 2648 514 2665 2
641 2658 646 2664 .
697 2646 700 2649 -
756 2605 920 2670 stret
955 2604 1038 2668 ad
1083 2604 1560 2686 poenitentiam.
1595 2638 1685 2649 —
1722 2602 1946 2677 Quum
1982 2602 2071 2666 sit
2106 2602 2493 2682 poenitentia
2536 2603 2807 2667 interior
2845 2604 2910 2667 et
2956 2604 3263 2682 exterior,
3306 2602 3388 2668 de
3424 2604 3702 2685 utraque
3738 2621 3867 2685 per

757 2721 1101 2802 praemissa
1143 2720 1306 2784 satis
1351 2720 1641 2802 apparet,
1683 2736 1832 2801 quae
1879 2718 1967 2782 sit
2012 2734 2190 2799 vera,
2231 2718 2296 2781 et
2339 2735 2487 2799 quae
2534 2718 2624 2781 sit
2666 2718 2853 2783 falsa.

1579 2968 1650 3031 C.
1693 2972 1793 3033 De
1839 2970 2078 3033 tribu-s·
2123 2971 2538 3035 actionibus
2576 2971 3047 3044 poenitentiae.

891 3185 1237 3250 Praedictis
1283 3200 1438 3247 vero
1493 3182 1937 3264 adjiciendum
1994 3184 2117 3264 est,
2168 3183 2349 3265 quod
2396 3183 2608 3248 tribus
2664 3184 2881 3248 modis
2935 3185 3154 3266 agitur
3206 3185 3591 3267 poenitentia
3642 3206 3658 3248 ε
3710 3188 3869 3252 ante

758 3304 1176 3387 Baptismum
1205 3300 1478 3381 scilicet,
1501 3301 1582 3364 de
1611 3301 1941 3382 prioribus
1970 3301 2291 3382 peccatis3
2322 3302 2475 3383 post
2502 3301 2942 3383 Baptismum,
2965 3301 3047 3366 de
3080 3301 3495 3384 gravioribus
3530 3322 3679 3386 quae
3709 3309 3869 3386 post

762 3421 1303 3502 committuntur;
1337 3419 1438 3482 est
1465 3418 1662 3482 etiam
1700 3417 2086 3500 poenitentia
2120 3417 2482 3481 venialium
2520 3418 2925 3498 quotidiana,
2958 3437 3105 3500 quae
3134 3419 3337 3483 etiam
3369 3420 3727 3485 humilium
3764 3425 3873 3487 est

470 3558 738 3614 Aug.s0m0
764 3539 830 3601 et
873 3537 1339 3619 perfectorum.
1385 3535 1574 3599 Unde
1619 3534 2034 3616 Augustinus
2084 3554 2098 3595 ε
2150 3535 2310 3598 Tres
2365 3536 2522 3597 sunt
2566 3535 2856 3599 actiones
2912 3535 3337 3616 poenitentiae,
3387 3553 3555 3618 quas
3602 3555 3872 3602 mecum

470 3623 565 3674 ω’
581 3634 626 3665 '²'
643 3623 685 3667 ²·
764 3653 1046 3720 eruditio
1076 3653 1295 3716 vestra
1320 3651 1749 3732 recognoscit.
1779 3651 1926 3713 Una
1954 3650 2054 3714 est
2082 3668 2230 3732 quae
2260 3668 2509 3715 novum
2539 3651 2877 3714 hominem
2914 3652 3216 3733 parturit,
3247 3651 3458 3717 donec
3493 3670 3610 3735 per
3644 3653 3876 3736 Bapti-

763 3787 984 3836 smum
1028 3769 1329 3833 omnium
1376 3766 1860 3850 praeteritorum
1902 3766 2152 3831 ablutio
2200 3762 2315 3830 fiat
2353 3769 2771 3848 peccatorum
2806 3787 2821 3829 ε
2853 3768 3011 3849 quia
3052 3768 3275 3833 nullus
3322 3786 3463 3834 suae
3506 3769 3874 3836 voluntatis

764 3886 1028 3966 arbiter,
1069 3883 1201 3948 nisi
1235 3882 1551 3965 poeniteat
1586 3898 1740 3947 eum
1778 3881 2018 3946 veteris
2047 3882 2225 3962 vitae,
2265 3899 2507 3952 novam
2546 3883 2853 3948 inchoare
2888 3885 3129 3964 potest.
3162 3884 3219 3947 A
3247 3901 3379 3966 qua
3412 3886 3673 3967 parvuli
3710 3889 3875 3951 sunt

762 4003 1118 4083 immuneS,
1145 4018 1352 4083 quum
1381 3999 1815 4081 baptizantur,
1841 3998 1998 4080 quia
2024 3998 2320 4063 nondum
2350 3999 2629 4081 possunt
2655 3999 2756 4062 uti
2783 3999 2989 4064 libero
3017 4000 3285 4064 arbitrio
3320 4021 3335 4063 :
3368 4002 3613 4082 quibus
3643 4005 3873 4068 tamen

497 4133 735 4181 uiam-1.
764 4119 848 4184 ad
891 4117 1348 4184 remissionem
1397 4114 1738 4196 originalis
1781 4115 2031 4195 peccati
2075 4114 2345 4196 prodest
2380 4131 2610 4179 eorum
2654 4115 2818 4180 fides
2859 4133 2899 4179 a
2932 4115 3176 4197 quibus
3221 4117 3604 4183 offeruntur.
3640 4119 3873 4185 Altera

766 4236 866 4301 est
901 4235 1072 4298 actio
1109 4231 1511 4315 poenitentiae
1549 4233 1701 4312 post
1726 4231 2168 4311 Baptismum,
2201 4248 2349 4312 quae
2387 4226 2463 4294 fit
2488 4248 2608 4312 pro
2647 4230 2782 4295 illis
2818 4232 3103 4314 peccatis
3130 4250 3281 4314 quae
3312 4233 3477 4315 legis
3513 4234 3872 4317 decalogus

507 4373 570 4419 m.
598 4362 736 4480 agli-2.
765 4351 1074 4415 continet.
1115 4348 1343 4430 Agunt
1378 4363 1533 4428 ergo
1571 4346 1875 4409 homines
1910 4347 2367 4428 poenitentiam
2407 4348 2558 4411 ante
2599 4347 3015 4429 Baptismum
3057 4348 3138 4412 de
3174 4349 3460 4430 peccatis
3506 4351 3865 4433 prioribuS,

469 4441 668 4545 2⁶5¹?
629 4469 734 4553 3⁸
763 4469 856 4532 ita
891 4470 1135 4545 tamen,
1167 4466 1242 4528 ut
1279 4463 1478 4527 etiam
1514 4462 1945 4543 baptizentur,
1978 4462 2150 4525 sicut
2190 4463 2428 4526 Petrus
2466 4465 2614 4526 ait:
2656 4463 2851 4545 Agite
2885 4465 3362 4546 poenitentiam,
3396 4467 3462 4529 et
3498 4465 3871 4548 baptizetur

762 4581 1217 4665 unusquisque
1267 4580 1563 4644 vestrum
1603 4579 1671 4641 in
1712 4579 1980 4642 nomine
2028 4579 2325 4658 Domini,
2374 4580 2497 4644 etc.
2550 4579 2771 4661 Agunt
2819 4581 3019 4645 etiam
3074 4581 3554 4664 poenitentiam,
3602 4583 3663 4646 si
3709 4587 3868 4664 post

465 4717 572 4773 Aug.
581 4729 680 4772 ομ
655 4716 733 4762 σει
759 4700 1177 4782 Baptismum
1205 4697 1298 4762 ita
1332 4695 1788 4778 peccaverunt,
1820 4695 1895 4759 ut
1931 4695 2489 4759 excommunicari
2519 4697 2585 4760 et
2618 4697 3025 4760 reconciliari
3053 4698 3283 4779 postea
3318 4701 3711 4762 mereantur.
3742 4699 3873 4765 Est

467 4782 554 4824 Μ
759 4819 961 4884 etiam
1007 4814 1392 4897 poenitentia
1441 4814 1768 4878 bonorum
1805 4813 1872 4877 et
1906 4811 2265 4903 humilium
2316 4808 2611 4876 fidelium
2662 4831 2828 4894 pene
2870 4813 3274 4894 quotidiana,
3318 4814 3386 4877 in
3423 4832 3557 4896 qua
3602 4817 3871 4897 pectora

481 4948 658 4997 uacca.
671 4965 729 5004 vn.
757 4934 1124 5011 tundimuS,
1167 4931 1507 4995 dicentes·
1541 4929 1818 4992 Dimitte
1854 4895 2048 4992 nobis
2084 4928 2306 4992 debita
2333 4929 2580 5009 nostra,
2614 4930 2736 4992 etc.
2779 4929 3007 5010 Neque
3046 4946 3124 4994 ea
3156 4929 3351 4994 nobis
3386 4931 3635 4994 dimitti
3672 4933 3871 4997 volu-

467 5013 533 5054 η’
756 5070 908 5115 mus
943 5067 1092 5132 quae
1133 5048 1410 5112 dimissa
1445 5045 1636 5110 nobis
1671 5046 1742 5109 in
1771 5045 2111 5127 Baptismo
2154 5063 2288 5108 non
2324 5043 2739 5127 dubitamus;
2780 5046 2895 5110 sed
2934 5045 3046 5109 illa
3080 5063 3230 5127 quae
3268 5047 3576 5113 humanae
3616 5049 3869 5131 fragili-

751 5168 894 5246 tati,
927 5166 1231 5250 quamvis
1267 5181 1492 5247 parva,
1523 5163 1745 5227 tamen
1775 5163 1998 5228 crebra
2033 5162 2397 5243 subrepunt
2431 5182 2446 5224 :
2478 5180 2626 5244 quae
2656 5163 2714 5226 si
2742 5162 3013 5227 collecta
3042 5165 3267 5227 contra
3305 5181 3429 5229 nos
3466 5164 3733 5246 fuerint,
3766 5167 3865 5231 ita

749 5301 872 5352 nos
915 5281 1282 5368 gravabunt
1316 5272 1382 5348 et
1418 5279 1793 5364 oppriment
1837 5281 2010 5345 sicut
2045 5296 2256 5344 unum
2297 5278 2567 5361 aliquod
2603 5279 2846 5360 grande
2890 5281 3257 5361 peccatum.
3302 5279 3479 5354 Quid
3524 5281 3702 5346 enim
3748 5283 3858 5346 in-
