4267 6250
550 1042 617 1085 ss».

834 474 955 541 134

1492 500 1557 546 m
1596 498 1822 547 mnium
1862 499 1924 545 IV
1966 496 2450 545 smmum.
2492 515 2573 527 ·-
2613 496 2767 545 mar.
2811 496 2915 561 1v;
2957 496 3183 554 QUAEST.
3222 496 3288 544 vt

840 665 1007 748 tyrio
1045 685 1171 731 non
1217 677 1424 752 potest
1461 671 1635 734 omni
1678 668 1998 753 supplicio
2036 668 2336 747 liberari3
2368 669 2419 732 A
2449 668 2560 751 qui
2589 668 2970 732 occiduntur
2998 686 3114 751 pro
3145 668 3413 742 Christo,
3437 666 3504 730 in
3531 683 3750 729 eorum
3783 664 3963 730 occi·

842 764 952 827 sed
992 766 1181 830 hahet
1211 769 1333 831 hoc
1363 769 1697 852 potissime
1729 788 1807 832 ex
1848 768 2202 831 imitatione
2231 768 2338 830 do-

845 863 1099 929 minicae
1138 867 1470 948 passionis.
1504 868 1665 931 Hinc
1702 868 1781 931 de
1823 865 2206 950 martyribus
2251 865 2340 927 di-

740 990 815 1030 vn,
843 962 1011 1025 citur
1049 964 1115 1026 in
1146 965 1526 1049 Apocalypsi
1560 986 1574 1031 ε
1608 966 1927 1029 Laverunt
1963 965 2155 1028 stolas
2193 983 2340 1027 suas

843 1060 909 1123 in
942 1064 1249 1144 sanguine
1280 1064 1460 1145 Agni.
1495 1064 1643 1127 Ideo
1674 1064 1854 1147 pueri
1888 1063 2180 1146 quamvis
2211 1079 2338 1124 non

841 1159 1117 1223 habeant
1146 1181 1333 1225 usum
1378 1163 1563 1225 liberi
1602 1162 1873 1237 arbitrii,
1908 1169 2121 1224 tamen
2155 1160 2209 1223 si
2239 1178 2340 1222 oc-

840 1258 1134 1322 cidantur
1170 1279 1287 1343 pro
1317 1262 1587 1336 Christo,
1624 1262 1687 1323 in
1728 1278 1845 1324 suo
1882 1260 2192 1342 sanguine
2232 1259 2336 1321 ha-

838 1358 1169 1439 ptizantur.
1186 1360 1487 1443 Denique,
1504 1361 1565 1424 in
1598 1360 1739 1423 aliis
1770 1358 2338 1443 supererogationis

837 1462 904 1518 et
942 1457 1351 1539 perfectionis
1391 1458 1695 1541 operibus
1736 1466 1847 1522 aut
1884 1457 2174 1531 statibus,
2209 1474 2336 1519 non

838 1561 935 1616 est
982 1561 1111 1617 tam
1161 1575 1460 1639 expressa
1506 1556 1918 1619 conformitas
1975 1556 2055 1618 ad
2104 1554 2337 1618 Christi

838 1652 1200 1733 passionem
1242 1664 1311 1717 ut
1352 1655 1417 1717 in
1461 1654 1783 1738 Baptismo
1822 1653 2172 1735 sanguinis,
2208 1652 2338 1715 imo

837 1768 955 1812 nec
1006 1751 1071 1813 in
1130 1752 1456 1835 Baptismo
1504 1752 1896 1835 poenitentiae
1948 1769 1962 1813 ε
2015 1751 2158 1813 ideo
2207 1768 2334 1812 non

2450 767 2628 829 sione
2679 766 3038 830 infunditur
3083 767 3305 849 gratia.
3352 802 3434 812 —
3479 764 3624 829 Haec
3672 764 3960 828 Thomas

2451 866 2516 928 in
2561 866 2828 949 Scripto.

2529 964 2832 1027 Praeterea
2862 963 2928 1026 in
2959 964 3146 1027 tertia
3175 970 3375 1045 parte,
3395 962 3742 1045 quaestione
3773 980 3960 1023 sexa-

2448 1063 2691 1143 gesima
2735 1070 2910 1126 sexta
2961 1082 2976 1127 ε
3026 1061 3490 1126 convenienter
3535 1060 3681 1141 (ait)
3725 1060 3960 1121 distin·
4041 1075 4202 1115 ιτωι.

2447 1168 2729 1242 guuntur
2756 1161 2881 1223 tria
2911 1161 3318 1243 Baptismata,
3354 1167 3592 1243 utpote,
3623 1178 3807 1242 aquae
3835 1176 3958 1220 seu

2447 1259 2762 1333 fluminiS,
2812 1267 2876 1322 et
2921 1258 3207 1321 flaminis
3253 1277 3368 1321 seu
3417 1257 3834 1340 poenitentiae,
3887 1263 3959 1317 et

2449 1357 2798 1439 sanguiniS,
2833 1364 2904 1419 ut
2939 1357 3140 1439 tangit
3177 1356 3396 1419 Glo'ssa
3437 1374 3628 1438 super
3667 1354 3828 1416 illud
3867 1352 3956 1415 ad

2449 1454 2763 1529 HebraeOS,
2823 1456 3281 1537 Baptismatum
3343 1453 3664 1517 doctrinae.
3725 1452 3955 1535 Bapti-
3987 1472 4238 1518 fleamus.

2449 1574 2626 1617 smus
2681 1573 2961 1637 namque
3017 1572 3198 1635 aqum
3253 1552 3612 1615 efficaciam
3673 1552 3868 1615 habet
3914 1570 3957 1613 a

2448 1651 2678 1716 Christi
2712 1653 3025 1736 passione,
3050 1652 3150 1714 cui
3182 1652 3373 1715 homo
3405 1671 3520 1733 per
3546 1651 3957 1734 Baptismum

2449 1750 2903 1821 conformatur,
2955 1756 3018 1812 et
3067 1748 3335 1812 ulterius
3385 1767 3457 1811 ac
3507 1747 3960 1831 principaliter

833 1856 1085 1931 oportet
1112 1852 1282 1933 quod
1324 1851 1388 1913 in
1430 1852 1556 1914 illis
1587 1850 1796 1914 omnis
1836 1868 1947 1912 seu
1982 1857 2108 1912 tota
2148 1867 2337 1930 poena
2363 1843 2412 1907 B
2447 1867 2484 1910 a
2521 1848 2761 1930 Spiritu
2803 1849 3031 1911 Sancto
3069 1855 3372 1929 tanquam
3410 1866 3448 1909 a
3488 1846 3696 1930 prima
3733 1864 3953 1907 causa.

834 1946 1210 2010 dimittatur.
1245 1948 1501 2031 Legitur
1530 1956 1742 2011 tamen
1784 1947 1851 2009 in
1882 1947 2332 2028 Vitaspatrum,

832 2046 1003 2127 quod
1054 2048 1311 2129 quidam
1363 2047 1613 2110 Patrum
1656 2046 1818 2109 vidit
1858 2045 2150 2108 eamdem
2198 2062 2336 2125 gra-

832 2144 988 2206 tiam
1034 2146 1524 2209 descendentem
1574 2164 1767 2228 super
1810 2164 1960 2208 eum
2005 2144 2115 2226 qui
2159 2142 2336 2204 hahi-

832 2248 970 2303 tum
1010 2243 1337 2325 religionis
1375 2244 1664 2317 assumit,
1699 2251 1763 2305 et
1801 2261 1993 2325 super
2032 2260 2182 2303 eum
2219 2240 2332 2323 qui

832 2338 1205 2421 baptizatur.
1234 2341 1355 2405 Sed
1384 2342 1505 2405 hoc
1534 2359 1662 2405 non
1694 2348 1791 2404 est
1823 2341 1973 2423 quia
2001 2340 2146 2402 talis
2176 2358 2213 2400 a
2243 2357 2334 2401 sa-

829 2438 1189 2503 tisfactione
1216 2440 1595 2514 absolvatur,
1609 2441 1719 2503 sed
1752 2439 2051 2521 quoniam
2085 2455 2162 2501 eo
2193 2437 2332 2518 ipso

830 2538 1000 2620 quod
1032 2557 1213 2600 suam
1241 2539 1635 2601 voluntatem
1667 2538 1731 2601 in
1764 2537 2139 2600 servitutem
2171 2535 2332 2598 redi-

830 2637 923 2718 git
952 2643 1211 2720 propter
1238 2637 1464 2711 Deum,
1498 2636 1781 2719 plenarie
1816 2636 1950 2717 jam
1994 2652 2110 2718 pro
2153 2632 2330 2697 omni

831 2743 1092 2819 peccato
1148 2735 1479 2810 satisfecit,
1533 2754 1726 2818 quam
1776 2735 2086 2797 cariorem
2139 2732 2331 2796 habet

831 2834 1133 2897 omnibus
1192 2835 1383 2897 rebus
1442 2834 1688 2908 mundi,
1750 2834 1829 2896 de
1897 2832 2135 2916 quihus
2196 2840 2329 2895 tan-

831 2940 971 2995 tum
1017 2941 1230 3016 posset
1270 2934 1442 3007 dare,
1490 2933 1660 3015 quod
1705 2932 2129 3014 eleemosynis
2180 2949 2331 2992 cun-

2447 1947 2521 2009 Et
2552 1946 2849 2029 quamvis
2881 1945 3152 2009 effectus
3182 1966 3219 2008 a
3250 1945 3460 2028 prima
3493 1963 3683 2007 causa
3711 1945 3958 2026 depen-

2446 2046 2611 2119 deat,
2657 2064 2847 2109 causa
2893 2053 3105 2109 tamen
3157 2045 3406 2108 excedit
3453 2044 3782 2119 effectum,
3827 2063 3960 2107 nee

2445 2145 2763 2226 dependet
2791 2144 2872 2207 ab
2909 2145 3068 2228 ipso.
3101 2145 3250 2207 Ideo
3289 2152 3520 2226 praeter
3548 2142 3956 2225 Baptismum

2443 2262 2624 2325 aquae
2665 2250 2871 2325 potest
2907 2244 3052 2326 quis
3095 2243 3400 2325 consequi
3440 2234 3828 2305 sacramenti
3856 2242 3960 2303 ef-

2442 2340 2684 2404 fectum
2734 2361 2812 2405 ex
2861 2342 3156 2425 passione
3205 2341 3461 2415 Christi,
3515 2342 3580 2403 in
3628 2348 3948 2424 quantum

2439 2440 2585 2522 quis
2643 2440 2702 2503 ei
2761 2439 3194 2503 conformatur
3252 2439 3549 2522 patiendo
3605 2456 3720 2521 pro
3779 2438 3946 2521 ipso.

2441 2539 2616 2603 Unde
2661 2538 2727 2601 in
2770 2539 3150 2622 Apocalypsi
3197 2537 3479 2620 legitur:
3516 2537 3592 2599 Hi
3636 2546 3786 2601 sunt
3827 2539 3948 2620 qui
4017 2556 4242 2611 ηψπ,

2439 2643 2754 2700 venerunt
2795 2656 2873 2699 ex
2923 2656 3151 2719 magna
3194 2636 3629 2710 tribulatione,
3669 2644 3734 2699 et
3775 2636 3952 2699 lave·
3987 2623 4056 2662 ¹⁸·

2441 2743 2592 2798 runt
2639 2736 2830 2799 stolas
2879 2756 3047 2809 suaS,
3099 2743 3163 2798 et
3209 2735 3675 2799 dealbaverunt
3719 2754 3826 2798 eas
3873 2736 3950 2798 in

2441 2834 2750 2917 sanguine
2794 2834 2974 2917 Agni.
3019 2836 3252 2898 Eadem
3303 2836 3496 2898 etiam
3542 2834 3786 2898 ratione
3835 2853 3951 2917 po-

2441 2940 2566 2996 test
2608 2934 2753 3015 quis
2804 2934 3109 3015 consequi
3158 2952 3274 3016 per
3316 2934 3617 2996 virtutem
3667 2932 3952 3015 Spiritus

832 3039 932 3094 cta
973 3039 1231 3113 peccata
1270 3030 1629 3105 redimeret,
1663 3030 1856 3093 etiam
1900 3035 2212 3111 quantum
2251 3028 2328 3091 ad
2359 3029 2404 3093 C
2443 3032 2652 3095 Sancti
2691 3030 2996 3094 effectum
3025 3031 3355 3114 Baptismi,
3388 3048 3514 3094 non
3555 3031 3762 3093 solum
3803 3032 3951 3095 sine

830 3149 1106 3215 poenam.

909 3232 1099 3293 Porro
1138 3229 1191 3292 si
1232 3247 1496 3312 quaeraS,
1528 3229 1675 3311 quis
1703 3227 2065 3311 Baptismus
2105 3227 2190 3289 sit
2221 3245 2330 3309 po·

830 3329 985 3408 tior3
1005 3328 1365 3399 dicendum,
1381 3327 1551 3410 quod
1582 3326 1733 3409 quia
1761 3325 2122 3408 Baptismus
2152 3345 2332 3408 aquae

832 3427 1190 3492 conformat
1250 3426 1530 3508 passioni
1592 3425 1826 3488 Christi
1887 3424 2330 3487 sacramentali

830 3525 1407 3608 repraesentatione,
1468 3531 1533 3586 et
1586 3524 1947 3605 Baptismus
2002 3522 2330 3604 sanguinis

831 3623 1107 3698 realiter,
1153 3623 1294 3686 ideo
1334 3629 1647 3705 quantum
1696 3621 1773 3684 ad
1824 3620 2328 3694 sacramentalia,

829 3722 1189 3805 Baptismus
1234 3740 1415 3803 aquae
1464 3719 1735 3794 excedit,
1781 3727 1851 3781 ut
1894 3727 2206 3801 quantum
2251 3719 2326 3780 ad

830 3820 1318 3904 impressionem
1378 3818 1798 3897 characteris3
1848 3819 1956 3880 sed
2018 3825 2327 3900 quantum

828 3921 906 3984 ad
966 3937 1040 3984 ea
1096 3939 1239 4003 quae
1297 3926 1447 3982 sunt
1495 3937 1618 3991 reS,
1671 3917 1922 3980 excedit
1968 3917 2330 3998 Baptismus

830 4018 1183 4101 sanguiniS,
1217 4018 1367 4101 quia
1396 4025 1460 4080 et
1488 4016 1692 4098 gratia
1731 4016 1797 4077 in
1826 4014 2152 4097 Baptismo
2190 4034 2328 4077 san-

830 4117 1046 4199 guinis
1086 4117 1288 4198 magis
1324 4122 1593 4196 augetur
1630 4112 1913 4188 habenti,
1950 4120 2016 4176 et
2054 4131 2182 4176 non
2221 4113 2328 4175 ha-

2441 3132 2765 3214 Baptismo
2821 3150 3023 3214 aquae,
3075 3131 3184 3194 sed
3245 3139 3309 3194 et
3365 3131 3503 3194 sine
3555 3132 3951 3215 Baptismate

2443 3229 2794 3312 sanguinis,
2845 3229 2911 3291 in
2960 3237 3272 3312 quantum
3331 3247 3440 3293 cor
3494 3229 3770 3311 alicujus
3829 3249 3952 3313 per

2443 3329 2752 3411 Spiritum
2783 3329 3084 3391 Sanctum
3118 3336 3410 3391 movetur
3437 3329 3516 3391 ad
3547 3329 3944 3391 credendum

2441 3427 2966 3509 diligendumque
3009 3426 3233 3499 Deum,
3274 3434 3339 3489 et
3376 3427 3454 3489 ad
3498 3427 3947 3509 poenitendum

2442 3525 2816 3603 salubriter3
2849 3525 3018 3586 unde
3047 3533 3310 3587 vocatur
3338 3525 3698 3607 Baptismus
3738 3526 3948 3607 poeni-

2440 3624 2676 3698 tentia),
2705 3623 2886 3704 juxta
2933 3623 3091 3687 illud
3129 3624 3306 3687 Isaiae
3350 3643 3364 3687 :
3408 3625 3472 3687 Si
3513 3623 3788 3686 abluerit
3825 3624 3948 3688 Do—
4005 3638 4076 3680 1⁸-
4099 3641 4216 3687 nu*-

2442 3723 2656 3784 minus
2696 3723 2912 3785 sordes
2944 3721 3224 3784 filiarum
3256 3722 3404 3786 Sion
3439 3723 3669 3805 spiritu
3706 3723 3944 3804 judicii

2439 3829 2504 3883 et
2551 3820 2812 3884 ardoris.
2867 3820 3026 3882 Hinc
3076 3828 3342 3903 uterque
3399 3820 3761 3904 Baptismus
3821 3821 3944 3884 iste

2439 3919 2697 4002 supplet
2727 3918 2931 3981 vicem
2963 3919 3368 4000 Baptismatis
3395 3938 3593 4001 aqum.
3620 3920 3794 3984 Unde
3825 3921 3946 3982 Au·

2438 4017 2732 4098 gustinus
2778 4017 2943 4079 libro
2986 4024 3212 4099 quarto
3255 4017 3334 4080 de
3377 4017 3574 4080 Unico
3614 4017 3944 4100 Baptismo

2439 4114 2874 4197 parvulorum,
2929 4114 3229 4177 disseruit
3285 4133 3301 4176 ε
3362 4115 3670 4196 Baptismi
3727 4116 3940 4179 vicem

832 4215 1010 4278 beuti
1046 4214 1319 4297 amplior
1356 4213 1555 4276 datur.
1600 4211 1943 4275 Efficacior
1983 4229 2235 4294 quoque
2269 4219 2332 4274 et
2362 4211 2411 4274 D
2439 4213 2822 4295 quandoque
2871 4212 3139 4294 implere
3189 4213 3574 4295 passionem,
3621 4232 3748 4277 non
3797 4214 3941 4277 leve

828 4311 1207 4375 fructuosior
1236 4310 1531 4374 remissio
1569 4315 1975 4391 peecatorum
2016 4308 2081 4370 in
2120 4309 2330 4390 Bapti-

832 4428 973 4474 smo
1012 4409 1339 4492 sanguinis
1378 4409 1794 4483 condonatur,
1841 4407 1994 4490 quia
2032 4408 2330 4471 secundis

832 4509 1102 4574 maculis
1142 4527 1269 4572 non
1310 4507 1704 4590 inquinatur,
1740 4513 1811 4568 ut
1847 4507 2074 4569 asserit
2110 4506 2330 4569 Dama-

829 4627 1078 4672 scenuS.
1121 4607 1282 4670 Hinc
1320 4605 1703 4688 Augustinus
1744 4605 1823 4668 de
1858 4605 2329 4686 comparatione

829 4709 1057 4772 horum
1098 4706 1186 4770 ait
1224 4705 1684 4788 Baptismatum
1728 4723 1742 4767 :
1784 4703 2142 4786 Baptizatus
2187 4721 2330 4766 con-

828 4806 1052 4870 fitetur
1088 4805 1287 4868 fidem
1326 4822 1506 4866 suam
1541 4820 1753 4864 coram
1792 4802 2138 4876 sacerdote,
2172 4819 2332 4863 mar-

828 4914 931 4989 tyr
976 4923 1189 4968 coram
1239 4909 1684 4985 persecutore3
1737 4900 1845 4964 ille
1896 4908 2039 4983 post
2086 4898 2329 4982 profes-

829 5005 1075 5069 sionem
1124 5000 1526 5084 adspergitur
1575 5018 1761 5081 aqua,
1812 4999 1918 5062 hic
1974 4999 2326 5080 sanguine;

827 5104 937 5167 ille
997 5121 1111 5185 per
1169 5099 1645 5183 impositionem
1706 5117 1931 5161 manus
1998 5096 2328 5179 pontificis

827 5201 1057 5284 recipit
1107 5199 1417 5282 Spiritum
1476 5197 1799 5270 Sanctum,
1851 5196 1955 5258 hic
2011 5195 2325 5278 templum

821 5301 1107 5367 efficitur
1154 5297 1429 5380 Spiritus
1478 5295 1708 5359 Sancti.
1758 5295 1934 5358 Unde
1988 5303 2051 5356 et
2103 5294 2322 5377 pueris

2439 4311 2895 4373 documentum
2937 4310 3208 4372 assumit
3244 4311 3594 4393 Cyprianus
3633 4312 3714 4375 de
3755 4311 3940 4376 latro-

2439 4427 2520 4470 ne
2569 4407 2673 4470 cui
2725 4407 2969 4470 dictum
3018 4416 3114 4471 est
3162 4426 3290 4472 non
3347 4407 3686 4491 baptizato,
3738 4411 3939 4474 Hodie
3999 4427 4247 4476 aueum.

2441 4525 2692 4570 mecum
2746 4507 2810 4569 in
2861 4506 3153 4588 paradiso
3202 4507 3363 4587 eris;
3405 4509 3574 4591 quod
3623 4517 3689 4572 et
3735 4509 3934 4573 fidem
3967 4494 4045 4534 ‘³‘

2439 4606 3049 4687 conversionemque
3086 4606 3296 4668 cordis
3338 4625 3523 4690 posse
3565 4607 3846 4683 invenio,
3879 4609 3936 4672 si

2439 4705 2517 4766 ad
2547 4703 3020 4766 ‘celebrandum
3069 4704 3376 4787 Baptismi
3429 4707 3827 4789 mysterium,
3867 4709 3934 4771 in

2439 4803 2746 4884 angustiis
2788 4810 3152 4884 temporum
3199 4805 3486 4868 succurri
3531 4823 3660 4868 non
3703 4815 3930 4889 potest.

2517 4901 2821 4965 Praeterea
2862 4901 3098 4965 effusio
3133 4902 3460 4985 sanguinis
3501 4923 3616 4986 pro
3660 4906 3932 4982 Christo,
4023 4935 4116 4972 m.
4143 4931 4208 4972 ιι

2437 5007 2501 5063 et
2529 5000 2813 5082 operatio
2843 5001 3116 5081 Spiritus
3147 5001 3356 5064 Sancti
3393 5001 3678 5078 interior,
3710 5005 3934 5068 dicun-

2435 5107 2540 5162 tur
2567 5099 2974 5183 Baptismata‚
3008 5100 3074 5162 in
3113 5108 3424 5183 quantum
3455 5100 3753 5165 efficiunt
3781 5104 3938 5168 effe-

2435 5206 2605 5260 ctum
2649 5199 3052 5282 Baptismatis
3091 5218 3289 5280 aquae.
3324 5200 3688 5282 Baptismus
3717 5211 3934 5266 autem

2433 5317 2612 5380 aquae
2651 5297 3012 5360 efficaciam
3051 5296 3243 5360 habet
3283 5317 3320 5360 a
3360 5299 3656 5381 passione
3699 5301 3929 5365 Christi
