4267 6250
839 466 961 531 448

1487 486 1552 532 IN
1589 485 1815 533 1.me
1853 485 1916 532 1v
1957 482 2443 533 sumnurlanmt.
2486 500 2567 512 —·
2606 484 2759 529 msr.
2800 484 2970 547 xvu3
3014 484 3239 539 QUAEST.
3282 484 3303 529 1

843 654 1074 729 cundo,
1108 663 1299 737 prout
1327 657 1779 738 correspondet
1806 656 1885 717 ad
1911 654 2341 736 justificatum
2368 654 2423 717 A
2452 653 2607 736 quid
2652 672 2767 736 per
2803 654 2973 736 quod
3016 653 3218 736 possit
3252 672 3322 715 se
3364 652 3439 715 ad
3482 652 3746 734 gratiam
3788 670 3955 734 prae—

841 771 982 815 esse
1016 773 1030 817 :
1065 760 1129 815 et
1171 754 1262 816 sic
1307 762 1403 817 est
1445 753 1722 837 praefatae
1762 754 2026 835 justitiae
2067 752 2341 817 effectus

842 849 1151 927 formaliS,
1185 853 1487 934 quoniam
1528 872 1606 916 ea
1643 860 1739 915 est
1775 852 2018 935 aliquid
2059 851 2341 915 formali-

841 956 939 1011 ter
965 948 1412 1030 justificatum,
1433 952 1601 1014 sicut
1627 951 1924 1014 albedine
1953 950 2338 1013 dealbatum.

841 1047 1385 1121 Quemadmodum
1415 1057 1621 1112 autem
1649 1049 1730 1112 ab
1761 1069 1883 1111 una
1911 1049 2187 1112 essentia
2214 1048 2344 1110 ani-

842 1163 962 1207 mae
993 1144 1208 1208 fluunt
1241 1146 1508 1210 diversae
1544 1146 1864 1229 potentiae,
1897 1146 1984 1208 ita
2025 1145 2339 1208 rectitudo

840 1243 1269 1324 potentiarum
1319 1264 1354 1307 a
1400 1246 1621 1326 gratia,
1673 1264 1815 1328 quae
1872 1251 1971 1307 est
2028 1242 2338 1326 perfectio

837 1342 1130 1405 essentiae
1179 1343 1428 1407 animae.
1481 1343 1650 1405 Inter
1707 1342 2023 1425 potentias
2081 1360 2338 1425 quoque

837 1439 1152 1515 voluntaS,
1207 1461 1346 1524 quae
1394 1442 1548 1504 alias
1608 1449 1842 1517 movet,
1891 1441 1985 1503 eis
2035 1441 2338 1524 quodam-

839 1540 1024 1602 modo
1074 1541 1521 1603 rectit-udinem
1576 1541 1855 1622 largitur.
1901 1540 2062 1603 Hinc
2109 1540 2336 1622 praedi-

836 1644 952 1699 ctae
978 1636 1242 1717 justitiae
1273 1656 1463 1700 causa
1492 1638 1700 1720 prima
1729 1645 1826 1701 est
1852 1636 2072 1719 gratia,
2087 1644 2153 1699 et
2183 1636 2338 1698 cari·

835 1744 930 1799 tas
961 1744 1446 1819 consequenter,
1479 1757 1620 1820 quae
1650 1737 2044 1800 voluntatem
2079 1735 2337 1818 perficit

2452 769 2711 834 parare3
2754 759 2819 815 et
2867 771 3109 825 rursuS,
3149 771 3229 814 an
3278 752 3401 813 boc
3447 750 3637 824 facto,
3682 766 3953 812 necesse

2452 851 2534 912 sit
2574 870 2723 913 eum
2767 850 3035 933 gratiam
3076 850 3365 913 obtinere
3408 868 3481 912 ac
3520 846 3888 929 justificari.

2531 948 2609 1010 Et
2652 949 3189 1031 respondendum,
3230 948 3401 1030 quod
3450 946 3762 1021 voluntaS,
3802 966 3955 1029 quae

2448 1046 2811 1128 susceptiva
2838 1054 2935 1109 est
2963 1046 3372 1129 perfectionis
3397 1044 3811 1126 justitiae,non
3846 1064 3959 1127 po-

2448 1150 2573 1207 test
2615 1144 2709 1206 illi
2752 1144 2987 1225 subjici
3035 1144 3115 1206 ab
3162 1152 3388 1226 agente
3436 1143 3793 1206 extrinseco
3840 1144 3953 1205 cui

2448 1242 2541 1304 nil
2572 1242 2855 1305 conferat
2884 1260 2997 1305 seu
3028 1242 3132 1305 cui
3167 1260 3296 1305 non
3326 1230 3701 1324 cooperetur
3728 1241 3953 1323 aliquo

2452 1340 2639 1403 modo
2682 1358 2697 1403 z
2740 1340 2891 1423 quia
2937 1340 3057 1403 hoc
3104 1348 3273 1403 esset
3316 1359 3510 1421 agens
3557 1358 3673 1422 per
3708 1338 3953 1401 violen-

2449 1438 2625 1513 tiam,
2658 1458 2800 1521 quae
2832 1438 2897 1500 in
2928 1439 3321 1502 voluntatem
3363 1457 3489 1502 non
3518 1438 3710 1512 cadit,
3742 1455 3950 1519 quum

2450 1538 2589 1618 cogi
2638 1554 2765 1600 non
2814 1545 3024 1619 queat.
3078 1536 3235 1599 Hinc
3284 1544 3532 1619 oportet
3579 1536 3749 1619 quod
3808 1535 3953 1617 ipsa

2448 1654 2578 1698 suae
2608 1635 2988 1718 perfectioni
3020 1643 3398 1717 cooperetur
3430 1653 3445 1697 ε
3478 1654 3619 1716 quae
3651 1651 3951 1716 coopera-

2450 1734 2540 1795 tio
2576 1734 2812 1795 dicitur
2843 1734 3220 1815 praeparatio
3249 1733 3389 1814 ejus
3422 1734 3502 1795 ad
3539 1732 3805 1815 gratiam
3833 1750 3851 1810 ;
3883 1740 3953 1793 et

838 1854 952 1917 per
981 1844 1342 1918 respectum
1372 1836 1451 1898 ad
1483 1836 1707 1911 finem,
1730 1856 1768 1899 a
1797 1854 1925 1919 quo
1955 1843 2051 1898 est
2081 1835 2336 1897 rectitu·
2372 1837 2419 1899 B
2450 1832 2535 1894 ita
2576 1851 2644 1894 se
2684 1839 2995 1914 praeparat
3032 1831 3142 1914 qui
3186 1832 3357 1913 quod
3402 1831 3466 1893 in
3510 1850 3578 1893 se
3618 1838 3736 1906 est,
3767 1829 3945 1893 facit.

835 1935 916 1997 do
963 1934 1280 2016 praedicta.
1327 1936 1470 1998 ldeo
1515 1935 1893 2016 justificatio
1942 1942 2006 1997 et
2047 1942 2335 2017 peccato-

837 2053 982 2096 rum
1021 2034 1313 2097 remissio
1347 2042 1444 2097 θεῖ
1472 2034 1744 2098 effectus
1781 2034 2046 2115 justitiae
2075 2052 2335 2115 genera-

837 2132 917 2195 lis
948 2141 1248 2215 tanquam
1291 2133 1597 2215 proximae
1631 2152 1836 2197 causae
1868 2132 2191 2212 formalis3
2224 2133 2333 2195 sed

837 2231 1116 2294 caritatis
1147 2239 1213 2293 et
1238 2232 1454 2313 gratiae
1483 2240 1787 2314 tanquam
1817 2242 2154 2294 causarum
2194 2248 2335 2314 pro-

835 2329 1026 2392 ximae
1068 2347 1291 2392 causae.

913 2428 1150 2491 Verum
1195 2427 1366 2490 circa
1413 2428 1548 2491 haec
1594 2427 1922 2511 quaeritur,
1969 2447 2050 2490 an
2093 2428 2333 2508 justifi-

833 2527 997 2589 catio
1044 2526 1127 2589 sit
1175 2526 1344 2589 idem
1393 2528 1564 2609 quod
1607 2526 1854 2591 vocatio
1903 2534 1967 2588 et
2008 2526 2332 2590 renovatio

832 2625 1084 2688 mentis.
1139 2624 1512 2698 Dicendum,
1565 2626 1735 2708 quod
1793 2625 2039 2688 vocatio
2095 2625 2333 2707 duplex

829 2733 944 2788 est.
991 2725 1124 2787 Una
1167 2724 1461 2799 exterior,
1503 2744 1646 2806 quae
1689 2723 1767 2787 fit
1810 2742 1924 2807 per
1966 2724 2332 2806 praedicato-

833 2842 990 2897 rem,
1043 2842 1184 2905 quae
1241 2840 1370 2885 non
1421 2830 1520 2885 est
1575 2823 1716 2905 ipsa
1768 2822 2169 2903 justificatio,
2221 2823 2331 2886 sed

833 2922 1115 3004 disponit
1161 2922 1238 2984 ad
1286 2939 1446 2983 eam.
1499 2920 1638 2983 Alia
1695 2920 1981 2994 interior,
2032 2940 2176 3002 quae
2222 2920 2332 2982 ali-

2446 1930 2897 1994 Verumtamen
2941 1949 3066 1994 non
3106 1938 3355 2013 oportet
3392 1930 3562 2013 quod
3604 1928 3746 1993 talis
3786 1948 3949 2011 prae-

2445 2029 2687 2111 paratio
2728 2037 3017 2112 tempore
3060 2046 3314 2111 semper
3356 2029 3669 2111 praecedat
3706 2027 3947 2109 justifi-

2446 2128 2783 2203 cationem,
2832 2128 3000 2191 sicut
3050 2135 3299 2210 oportet
3353 2128 3419 2191 in
3478 2127 3945 2192 mutationibus

2444 2228 2841 2292 naturalibus
2871 2228 3307 2292 alterationem
3346 2246 3601 2311 semper
3629 2230 3947 2310 praecede-

2446 2346 2513 2389 re
2543 2335 2831 2409 tempore
2858 2328 3331 2409 generationem
3366 2344 3382 2389 ε
3415 2326 3566 2410 quia
3596 2346 3798 2410 quum
3836 2346 3947 2389 ac-

2444 2432 2546 2488 tus
2588 2425 2935 2489 voluntatis
2978 2426 3043 2487 in
3086 2445 3201 2488 sua
3242 2425 3324 2488 sit
3362 2432 3693 2508 potestate,
3732 2434 3947 2508 potest

2442 2543 2479 2586 a
2510 2524 2830 2607 principio
2856 2544 2997 2587 esse
3026 2531 3271 2587 tantum
3307 2525 3947 2607 intensu8,quantum

2442 2624 2521 2687 ad
2553 2625 3077 2707 praeparationem
3117 2624 3281 2686 banc
3310 2622 3573 2687 sufficit.
3608 2625 3676 2687 ln
3712 2644 3946 2707 parvu-

2445 2723 2522 2786 lis
2579 2730 2791 2786 autem
2848 2741 2977 2787 non
3024 2722 3301 2804 exigitur
3348 2724 3722 2805 praeparatio
3767 2724 3941 2799 talis,

2441 2841 2642 2904 quum
2691 2840 2807 2885 nec
2857 2839 3045 2884 usum
3093 2821 3369 2884 habeant
3409 2822 3776 2897 voluntatiS‚
3816 2842 3943 2887 nec

2442 2921 2698 3003 propria
2756 2920 3079 2984 voluntate
3135 2920 3392 3002 culpam
3449 2920 3795 2984 incurrant.
3858 2958 3945 2969 ——

833 3021 1088 3103 quando
1133 3037 1260 3083 non
1305 3018 1608 3101 pertingit
1645 3020 1725 3081 ad
1769 3019 1972 3082 finem
2013 3038 2202 3081 suum
2252 3038 2329 3082 ex
2366 3018 2409 3081 C
2442 3019 2675 3081 Verum
2742 3018 2842 3081 his
2899 3017 3096 3099 objici
3158 3026 3386 3101 potest,
3446 3019 3616 3101 quod
3672 3021 3942 3102 quidam

833 3118 1088 3182 defectu
1127 3118 1370 3198 vocati3
1401 3118 1664 3200 baecque
1701 3116 1950 3180 vocatio
1989 3135 2118 3180 non
2156 3117 2330 3180 aliud

833 3226 932 3280 est
960 3236 1151 3300 quam
1192 3217 1532 3279 instinctus
1561 3233 1674 3278 seu
1705 3223 1914 3279 motus
1942 3216 2022 3278 ad
2062 3215 2326 3290 bonum,

832 3336 870 3379 a
901 3317 1029 3379 Deo
1060 3315 1406 3379 immissus.
1439 3314 1568 3378 Nec
1600 3315 1719 3377 ista
1747 3315 1995 3377 vocatio
2021 3323 2120 3377 est
2144 3315 2329 3396 justi-

829 3414 1068 3488 ficati0,
1102 3414 1210 3478 sed
1257 3421 1466 3476 motus
1503 3413 1582 3475 ad
1623 3431 1782 3475 eam.
1816 3413 2141 3476 Interdum
2179 3431 2329 3477 vero

831 3513 1084 3595 attingit
1112 3513 1191 3574 ad
1220 3510 1448 3586 finem,
1482 3511 1633 3573 dum
1667 3510 1912 3573 scilicet
1942 3519 2203 3574 vocatus
2230 3530 2329 3573 ac-

830 3610 1133 3693 quiescit3
1166 3619 1230 3672 et
1268 3609 1404 3672 haec
1443 3609 1797 3672 secundum
1841 3627 1977 3672 rem
2021 3616 2119 3672 est
2158 3609 2327 3672 idem

828 3710 998 3792 quod
1053 3708 1454 3789 justificati0,
1508 3708 1618 3770 sed
1678 3707 1922 3786 ratione
1979 3706 2201 3769 differt
2246 3707 2327 3769 ab

830 3826 906 3870 ea
955 3825 970 3869 ε
1021 3807 1326 3889 quoniam
1384 3805 1621 3868 dicitur
1667 3806 1916 3868 vocatio
1973 3806 2327 3868 secundum

830 3906 1000 3988 quod
1042 3925 1154 3988 per
1197 3903 1586 3967 infusionem
1625 3911 1814 3986 atque
1843 3905 2157 3967 auxilium
2192 3923 2328 3985 gra·

829 4005 934 4068 tiae
964 4004 1154 4067 homo
1181 4023 1219 4066 a
1251 4010 1510 4085 peccato
1545 4003 1918 4082 retrahitur;
1947 4002 2329 4083 justificatio

829 4111 1043 4166 autem
1084 4101 1346 4184 respicit
1372 4101 1721 4165 terminum
1750 4104 1839 4162 ad
1867 4121 2080 4181 quem,
2112 4108 2330 4183 utpote

2442 3126 2899 3182 convertuntur
2936 3126 3002 3181 et
3034 3117 3491 3199 justificantur,
3524 3119 3633 3201 qui
3674 3137 3801 3182 non
3843 3139 3945 3184 so-

2443 3217 2577 3279 lum
2638 3234 2767 3280 non
2828 3223 3187 3299 praeparant
3246 3235 3314 3279 se
3372 3217 3452 3279 ad
3510 3217 3778 3297 gratiam
3842 3219 3941 3281 in-

2440 3314 2848 3388 fundendam,
2892 3314 3019 3377 imo
3062 3314 3271 3396 potius
3314 3313 3602 3378 laborant
3646 3316 3724 3377 ad
3770 3317 3943 3380 male

2439 3415 2751 3495 agendum
2796 3433 2811 3478 :
2854 3413 3023 3476 sicut
3061 3421 3125 3475 et
3166 3412 3416 3486 Paulus,
3452 3414 3605 3476 dum
3654 3417 3943 3496 perrexit

2440 3513 2815 3575 Damascum
2858 3513 2937 3574 ad
2976 3512 3493 3594 persequendum
3523 3512 3935 3577 Christianos.

2441 3611 2813 3686 Dicendum,
2833 3611 3002 3693 quod
3028 3609 3408 3691 justificatio
3436 3611 3514 3672 de
3545 3630 3671 3693 qua
3698 3629 3937 3686 sermo,

2438 3727 2693 3791 semper
2738 3715 2834 3772 est
2880 3727 3028 3771 cum
3076 3708 3520 3790 cooperatione
3562 3709 3937 3786 voluntatiS,

2438 3826 2581 3889 quae
2612 3806 2989 3889 praeparatio
3019 3814 3446 3888 nuncupatur.
3481 3807 3603 3871 Sed
3637 3825 3941 3890 coopera-

2438 3905 2529 3966 tio
2556 3904 2674 3968 ista
2700 3905 3021 3968 interdum
3047 3904 3275 3986 incipit
3298 3905 3409 3967 diu
3434 3913 3580 3968 ante
3602 3905 3819 3986 gratiae
3846 3906 3942 3968 in—

2438 4005 2795 4084 fusionem3
2840 4003 3182 4086 aliquando
3212 4021 3367 4066 vero
3402 4002 3937 4083 justificationem

2440 4121 2586 4166 mox
2625 4102 2817 4164 habet
2847 4096 3235 4183 adjunctam.
3272 4101 3504 4184 Sicque
3542 4109 3751 4185 potest
3788 4123 3940 4168 con-

832 4201 1148 4285 praedictae
1193 4199 1594 4262 rectitudinis
1643 4207 1895 4262 statum.
1927 4235 2008 4246 —-
2047 4199 2329 4282 Denique
2358 4199 2408 4262 D
2440 4203 2703 4282 tingere,
2723 4201 2893 4283 quod
2924 4201 3067 4284 quis
3097 4201 3253 4263 dum
3283 4207 3379 4262 θεῖ
3409 4200 3475 4263 in
3505 4201 3835 4284 proposito
3863 4224 3939 4268 ac

834 4300 1138 4382 praedicta
1192 4298 1458 4380 justitiae
1524 4298 1838 4362 rectitudo
1898 4299 2327 4381 metaphorice

831 4398 1192 4482 appellatur
1237 4396 1472 4459 sanitas
1509 4405 1574 4459 et
1615 4397 1884 4472 novitas,
1925 4415 2038 4460 seu
2085 4398 2328 4462 sanatio

830 4516 905 4560 αθ
935 4495 1262 4559 renovatio
1295 4495 1525 4571 cordiS,
1559 4514 1686 4577 qua
1712 4495 2016 4558 vitiorum
2045 4503 2327 4559 vetustas

828 4615 902 4658 ac
949 4594 1123 4659 laesio
1160 4593 1390 4657 animae
1429 4593 1878 4676 expelluntur3
1917 4601 1981 4656 et
2027 4595 2105 4656 ad
2154 4594 2327 4657 attri—

829 4695 1059 4758 butum
1121 4691 1571 4755 misericordiae
1629 4710 1745 4773 per
1799 4691 2325 4774 approbationem

827 4792 1174 4866 reducitur,
1209 4789 1361 4873 quia
1401 4790 1466 4852 in
1501 4808 1575 4851 ea
1617 4790 1816 4871 magis
1858 4790 2103 4854 relucet
2138 4791 2325 4854 mise-

827 4891 1102 4954 ricordia
1143 4888 1255 4952 Dei
1300 4907 1492 4971 quam
1535 4888 1709 4950 aliud
1749 4888 2149 4951 attributum.

907 4988 1221 5064 Quaeritur
1262 4987 1524 5050 demum
1569 4985 1738 5049 circa
1784 4986 1941 5062 haec,
1986 4995 2202 5049 utrum
2249 4989 2328 5050 ad

825 5087 1354 5170 justificationem
1413 5085 1723 5167 exigatur,
1781 5085 1952 5168 quod
2010 5086 2203 5149 bomo
2260 5105 2327 5149 se

831 5193 1144 5269 praeparet
1189 5186 1268 5247 ad
1316 5184 1532 5265 gratiae
1582 5183 1994 5260 infusionem,
2043 5185 2213 5267 quod
2263 5185 2329 5247 in

831 5304 900 5352 sc
941 5291 1038 5348 est
1079 5282 1372 5348 faciendo
1385 5300 1404 5364 ;
1445 5289 1510 5345 et
1555 5301 1637 5346 an
1683 5283 1750 5345 in
1793 5283 2054 5348 homine
2097 5283 2182 5346 sit
2220 5283 2330 5347 ali-

2438 4299 2789 4363 intentione
2821 4299 3145 4382 peccandi,
3164 4299 3371 4363 subito
3400 4307 3803 4364 convertatur
3832 4323 3941 4367 vo-

2438 4399 2646 4461 luntas
2675 4398 2817 4479 ejus
2844 4398 2923 4460 ad
2948 4398 3163 4474 Deum,
3196 4398 3295 4460 vel
3328 4415 3406 4461 ex
3435 4399 3644 4481 aliquo
3672 4400 3940 4465 exterio·

2438 4498 2490 4560 ri
2522 4515 2783 4560 sumens
2810 4496 3317 4573 occasionem,ut
3347 4497 3471 4560 fuit
3500 4497 3565 4560 in
3596 4499 3807 4575 Paulo,
3821 4508 3939 4565 aut

2436 4616 2514 4659 ex
2552 4596 2768 4679 aliquo
2810 4595 3094 4659 interiori
3132 4595 3436 4658 instinctu
3470 4615 3485 4659 ε
3518 4596 3739 4680 sicque
3778 4599 3937 4664 facit

2437 4695 2605 4777 quod
2638 4694 2705 4756 in
2736 4712 2803 4756 se
2832 4700 2949 4766 est,
2983 4700 3053 4756 ut
3084 4693 3347 4774 gratiam
3382 4695 3681 4758 sortiatur
3708 4716 3746 4759 a
3776 4697 3931 4763 Deo.

2436 4793 2723 4876 Denique
2762 4793 2955 4856 homo
2994 4793 3083 4855 ita
3118 4811 3185 4856 se
3224 4800 3427 4875 potest
3466 4813 3823 4878 praeparare
3852 4800 3934 4862 ad

2435 4892 2726 4974 gratiam,
2764 4910 2877 4974 per
2916 4891 3222 4954 rationem
3262 4911 3337 4954 ac
3374 4891 3648 4956 liberum
3679 4893 3936 4960 arbitri·

2439 5009 2571 5066 um,
2592 5009 2707 5072 per
2734 4989 3085 5053 orationem
3116 4997 3181 5052 et
3208 4989 3596 5054 desiderium
3624 4995 3935 5058 acceden-

2436 5088 2501 5150 di
2533 5089 2611 5151 ad
2644 5089 2888 5170 ipsum3
2916 5087 3375 5170 impedimenta
3404 5107 3658 5172 quoque
3686 5093 3931 5173 gratiae,

2440 5187 2503 5250 id
2532 5195 2631 5250 est
2659 5194 2937 5270 peccata,
2961 5186 3349 5261 detestando,
3380 5187 3933 5256 exhortationibus

2437 5304 2513 5349 αθ
2552 5285 2739 5350 bonis
2784 5284 3194 5348 instinctibus
3234 5285 3717 5368 acquiescendo.
