4267 6250
828 490 951 555 558

1479 508 1544 555 l'N
1584 507 1807 554 Lmntm
1847 506 1909 553 tv
1952 503 2434 553 summantur.
2475 522 2557 533 —
2597 504 2750 552 msr.
2793 504 2918 569 xx3
2961 505 3186 562 QUAEST.
3231 507 3292 552 lv

830 686 895 741 et
931 679 1357 742 Damascenus
1398 677 1563 742 libro
1604 685 1829 761 quarto
1866 676 2120 749 fatetur,
2155 674 2322 758 quod
2356 674 2406 739 Α
2435 692 2523 747 re,
2559 674 2708 756 quia
2752 694 3007 757 semper
3047 675 3194 757 plus
3235 674 3451 738 valent
3487 676 3820 741 exsistenti
3867 677 3936 740 in

828 777 1040 840 oriens
1088 784 1151 839 et
1197 776 1493 840 occidens
1552 777 1730 838 testis
1790 776 1871 837 sit
1920 773 2206 836 veritatis
2254 772 2326 833 il-

830 875 973 937 lius.
1010 874 1184 937 Unde
1214 882 1280 936 et
1306 874 1602 937 Albertus
1635 880 1778 956 post
1805 871 2000 935 verba
2030 876 2328 953 praetacta

828 971 1182 1053 subjungit,
1218 971 1490 1054 qualiter
1520 971 1757 1033 factum
1802 970 1959 1032 illud
1995 969 2198 1052 possit
2225 968 2330 1030 de-

827 1069 1026 1144 fendi,
1050 1070 1341 1144 dicendo,
1361 1071 1530 1153 quod
1560 1070 1867 1152 Trajanus
1896 1068 2160 1132 finalem
2191 1086 2328 1129 sen·

827 1170 1092 1231 tentiam
1136 1169 1421 1232 nondum
1465 1175 1813 1251 acceperat.

906 1267 1200 1350 Amplius
1239 1267 1679 1330 Bonaventura
1718 1267 1888 1328 circa
1928 1265 2063 1329 haec
2104 1263 2330 1327 scribit

828 1365 1069 1427 diffuse
1103 1382 1118 1426 :
1152 1365 1455 1427 Summus
1486 1365 1843 1446 (inquiens)
1875 1362 2184 1435 Pontifex,
2217 1361 2329 1444 qui

830 1471 926 1525 est
964 1464 1159 1526 totius
1200 1463 1578 1526 universalis
1618 1462 1917 1525 Ecclesiae
1955 1478 2228 1543 sponsus
2267 1466 2330 1521 et

830 1569 1052 1635 rector,
1070 1562 1437 1624 thesaurum
1464 1560 1763 1624 Ecclesiae
1791 1559 1916 1622 sibi
1946 1559 2139 1622 habet
2167 1575 2331 1621 com·

832 1659 1123 1735 missum,
1148 1668 1212 1723 et
1240 1678 1389 1722 eum
1420 1659 1919 1743 dispensandum
1950 1657 2214 1739 accepit.
2241 1657 2328 1719 De

826 1757 1040 1821 valore
1068 1766 1280 1821 autem
1314 1757 1853 1838 indulgentiarum
1884 1757 2150 1819 diversae
2181 1763 2327 1817 sunt

2433 772 2918 854 caritate,quam
2943 772 3341 855 obsequium,
3360 794 3587 837 munus
3617 795 3728 839 seu
3759 776 3940 839 aliud

2437 887 2553 952 pro
2583 888 2710 953 quo
2741 871 3137 953 indulgentia
3166 872 3370 934 datur.
3404 874 3436 936 J
3443 879 3644 936 ustam
3678 893 3942 958 quoque

2435 967 2919 1031 aestimationem
2977 968 3178 1051 aliqui
3235 969 3479 1045 dicunt,
3531 972 3686 1033 dum
3744 972 3943 1035 homo

2435 1072 2674 1128 tantam
2735 1066 3203 1151 eleemosynam
3262 1066 3417 1130 facit
3473 1086 3588 1151 pro
3636 1070 3944 1134 Ecclesiae

2437 1162 2897 1240 sublevatione,
2929 1172 3240 1248 quantum
3279 1166 3474 1229 vellet
3509 1169 3660 1231 dare
3697 1169 3776 1231 ad
3814 1170 3942 1233 hoc

2437 1262 2607 1343 quod
2645 1264 2832 1325 tertia
2869 1282 3016 1346 pars
3057 1264 3450 1346 poenitentiae
3491 1285 3622 1330 suae
3665 1268 3940 1330 redime-

2441 1368 2636 1435 retur,
2670 1380 2783 1423 seu
2821 1370 3134 1443 quantum
3173 1362 3432 1426 deberet
3461 1364 3627 1427 velle
3667 1383 3785 1449 pro
3812 1367 3937 1429 hoc

2437 1458 2605 1520 dare.
2643 1458 2764 1521 Sed
2802 1459 2856 1520 si
2897 1458 3016 1522 hoc
3059 1478 3286 1522 verum
3325 1467 3514 1535 esset,
3547 1462 3727 1523 nulla
3765 1471 3938 1525 esset

2439 1556 2504 1618 in
2561 1556 2800 1620 mundo
2845 1557 3169 1633 relaxatio,
3221 1558 3332 1620 sed
3380 1560 3794 1624 commutatio
3841 1579 3940 1625 so-

2439 1653 2592 1716 lum.
2627 1654 2772 1718 Haec
2809 1654 3268 1717 Bonaventura.

2517 1753 2840 1816 Postremo
2880 1752 3416 1819 Antisiodorensis
3463 1775 3660 1839 super
3704 1757 3806 1821 his
3851 1759 3939 1821 lo-

825 1856 1181 1939 opinioneS.
1248 1856 1367 1921 Sed
1428 1856 1770 1920 dicendum
1829 1854 2103 1929 videtur,
2157 1854 2325 1936 quod
2364 1857 2411 1921 B
2438 1852 2658 1934 quitur
2693 1870 2706 1913 ε
2741 1853 2972 1915 Dicunt
3000 1854 3283 1936 quidam,
3316 1856 3486 1937 quod
3515 1856 3938 1921 relaxationes

826 1956 1147 2036 quantitas
1196 1956 1609 2037 indulgentiae
1650 1962 1943 2038 respectu
1993 1972 2200 2036 poenae
2241 1960 2328 2015 at-

828 2053 1134 2127 tenditur,
1168 2054 1523 2117 secundum
1566 2054 1735 2135 quod
1783 2051 1975 2114 habet
2015 2052 2326 2114 rationem

828 2152 1017 2233 pretii
1049 2152 1151 2215 vel
1192 2152 1390 2214 debiti
1430 2151 1741 2225 solvendi,
1773 2168 1901 2214 non
1942 2151 2186 2213 ratione
2219 2169 2327 2212 an·

828 2250 1011 2313 tidoti
1043 2250 1143 2312 vel
1178 2251 1570 2333 purgationis
1600 2250 1821 2313 scoriae
1851 2250 2327 2332 peccati‚quam

827 2367 1086 2411 necesse
1112 2356 1210 2412 est
1232 2350 1517 2411 amoveri
1549 2368 1665 2432 per
1692 2349 2017 2431 propriam
2050 2366 2326 2431 poenam,

830 2454 899 2507 ut
948 2465 1063 2528 per
1121 2446 1567 2511 contritionem
1625 2454 1735 2509 aut
1790 2446 2063 2528 alicujus
2124 2465 2329 2528 poenae

827 2544 1327 2626 perpessionem.
1365 2546 1507 2610 Haec
1540 2554 1755 2608 autem
1795 2545 2113 2628 quantitas
2157 2564 2330 2607 men-

827 2650 1081 2704 suratur
1119 2643 1473 2706 secundum
1514 2651 1759 2707 rectum
1800 2642 2117 2724 judicium
2161 2662 2330 2705 sum-

828 2741 917 2802 mi
968 2740 1313 2816 Pontifieis‚
1367 2760 1479 2805 seu
1529 2743 1669 2824 ejus
1730 2743 1839 2825 qui
1900 2741 2327 2823 indulgentias

827 2837 997 2901 facit.
1041 2839 1160 2913 Qui
1210 2858 1362 2903 vero
1410 2840 1838 2921 indulgentias
1886 2840 2134 2914 tribuit,
2173 2839 2326 2902 dum

826 2956 933 2999 eas
979 2938 1295 3012 concedit,
1329 2938 1689 3001 considerat
1731 2958 1987 3001 causam
2037 2956 2155 3021 pro
2201 2956 2328 3020 qua

2437 1969 2564 2014 non
2595 1959 2843 2014 tantum
2874 1951 3089 2016 valent
3126 1961 3436 2035 quantum
3477 1956 3794 2037 promittit
3825 1956 3940 2018 Ec-

2438 2049 2647 2112 clesia.
2681 2050 2923 2125 Quibus
2962 2050 3266 2133 objicitur
3298 2072 3312 2117 :
3346 2053 3411 2116 Si
3442 2053 3728 2117 Ecclesia
3762 2055 3936 2117 deci-

2438 2147 2534 2229 pit
2575 2146 2824 2223 l'ideleS,
2857 2157 2967 2211 aut
3005 2149 3158 2213 facit
3199 2151 3320 2214 hoc
3367 2151 3638 2216 dicendo
3679 2172 3932 2228 verum,

2435 2253 2546 2307 aut
2584 2246 2853 2310 dicendo
2893 2248 3124 2310 falsum
3161 2268 3176 2311 z
3211 2267 3340 2312 non
3377 2249 3650 2313 dicendo
3679 2269 3932 2326 verum,

2439 2343 2737 2425 quoniam
2799 2347 3032 2409 veritas
3094 2346 3420 2410 neminem
3479 2348 3647 2411 fallit
3704 2369 3720 2412 :
3781 2367 3936 2430 ergo

2437 2442 2708 2505 dicendo
2757 2444 3011 2518 falsum,
3053 2452 3118 2507 et
3163 2445 3250 2507 ita
3293 2454 3534 2509 erraret
3580 2465 3654 2509 ac
3707 2446 3937 2509 menti·

2437 2548 2634 2616 retur,
2683 2541 2904 2624 sicque
2954 2544 3235 2606 Ecclesia
3289 2545 3669 2608 universalis
3717 2564 3938 2628 pecca-

2437 2646 2534 2700 ret
2585 2657 2600 2701 :
2653 2641 2824 2721 quod
2880 2640 3230 2703 absurdum
3283 2649 3380 2703 est
3427 2641 3659 2705 dicere.
3713 2644 3936 2725 ltaque

2437 2737 2602 2811 dico,
2654 2738 2824 2820 quod
2878 2738 2958 2801 ad
3014 2739 3135 2802 hoc
3192 2739 3361 2821 quod
3420 2740 3790 2822 hujusmodi
3842 2741 3938 2803 in-

2436 2835 2761 2916 dulgentia
2817 2837 3023 2900 valeat
3080 2846 3392 2920 quantum
3452 2840 3769 2921 promittit
3815 2840 3936 2902 Ec-

2435 2933 2650 3008 clesia,
2693 2954 2802 2998 sex
2853 2936 3214 3018 exiguntur.
3254 2937 3536 3000 Primum
3580 2946 3680 3001 est
3721 2946 3940 3002 aucto-

827 3042 1078 3117 reputat
1106 3037 1476 3119 quempiam
1507 3044 1681 3099 tanta
1706 3037 1909 3118 gratia
1939 3036 2236 3118 dignum;
2264 3043 2328 3099 et
2358 3038 2400 3103 C
2436 3033 2586 3095 ritas
2624 3034 2996 3098 absolvendi
3038 3036 3106 3097 in
3149 3035 3530 3099 confessore.
3565 3037 3936 3100 Secundum

826 3135 1180 3197 secundum
1212 3136 1383 3218 quod
1414 3137 1615 3217 magis
1644 3137 1993 3199 autminus
2020 3138 2328 3199 accedunt

825 3232 1119 3296 homines
1158 3234 1237 3297 ad
1277 3251 1532 3296 causam
1579 3235 1778 3309 illam,
1811 3235 2163 3297 secundum
2205 3235 2326 3298 hoc

824 3332 1152 3414 accipiunt
1200 3333 1401 3414 magis
1450 3341 1560 3396 aut
1606 3334 1819 3396 minus
1870 3334 1949 3396 de
1992 3334 2324 3415 indulgen-

824 3429 947 3492 tiis.
990 3430 1181 3494 Verbi
1228 3432 1450 3512 gratia,
1484 3433 1787 3495 stationes
1828 3433 2133 3496 ordinatae
2177 3439 2325 3494 sunt

823 3528 1057 3603 Romae,
1092 3529 1202 3592 ubi
1242 3539 1393 3593 sunt
1423 3531 1833 3612 indulgentiae
1864 3531 2318 3595 determinatae.

824 3627 951 3690 Hoc
990 3630 1191 3691 sancti
1222 3629 1432 3692 Patres
1474 3629 1889 3692 instituerunt
1922 3638 2183 3712 propter
2216 3649 2323 3713 pe-

823 3726 1107 3808 regrinos
1162 3728 1272 3810 qui
1324 3736 1638 3792 venerunt
1684 3728 1763 3791 de
1817 3728 1971 3791 locis
2021 3731 2320 3809 remotis;

821 3843 941 3886 nec
1003 3825 1396 3889 habitantem
1464 3845 1660 3909 prope
1722 3826 1913 3889 talem
1980 3827 2318 3891 ecclesiam

819 3923 1348 3987 existimaverunt
1389 3925 1653 4006 dignum
1700 3944 1841 3988 esse
1885 3925 2086 4007 gratia
2122 3933 2319 4002 tanta,

820 4030 891 4084 ut
922 4023 1105 4085 illum
1137 4023 1247 4104 qui
1282 4022 1593 4086 laboriose
1622 4024 1701 4086 de
1733 4024 1919 4106 longe
1950 4025 2127 4087 venit
2161 4042 2175 4086 :
2213 4045 2324 4087 un·

820 4120 899 4182 de
945 4139 1064 4182 nec
1113 4128 1351 4184 tantam
1402 4121 1634 4204 recipit
1681 4121 2168 4203 indulgentiam,
2211 4126 2322 4187 sed

2434 3140 2532 3194 est
2565 3135 2909 3197 necessitas
2951 3135 3073 3198 loci
3113 3143 3178 3198 et
3220 3135 3394 3199 illius
3433 3136 3538 3198 cui
3577 3136 3654 3198 fit
3693 3137 3938 3200 relaxa-

2432 3231 2543 3306 tio,
2577 3240 2649 3295 ut
2677 3235 2930 3314 quando
2970 3253 3046 3297 ex
3086 3234 3314 3317 capitis
3352 3234 3792 3299 debilitatione
3821 3245 3936 3299 aut

2433 3331 2631 3393 simili
2671 3350 2861 3395 causa
2898 3332 3190 3414 jejunare
3239 3351 3366 3397 non
3417 3335 3602 3398 valet.
3644 3335 3934 3397 Tertium

2431 3436 2529 3492 est
2558 3431 2812 3494 devotio
2849 3431 3026 3506 fidei,
3059 3441 3131 3494 ut
3162 3432 3215 3495 is
3254 3432 3360 3495 cui
3401 3432 3480 3494 fit
3510 3433 3931 3516 indulgentia,

2432 3528 2647 3590 credat
2675 3529 3026 3592 Ecclesiam
3065 3530 3300 3593 habere
3340 3531 3712 3612 hujusmodi
3754 3541 3934 3615 pote-

2431 3634 2682 3689 statem.
2733 3627 3039 3700 Quartum
3096 3636 3214 3704 est,
3271 3636 3340 3690 ut
3388 3629 3472 3691 sit
3519 3630 3584 3692 in
3644 3631 3927 3693 caritate.

2430 3725 2734 3798 Quintum
2783 3734 2880 3788 est
2919 3726 3238 3802 discretio,
3279 3735 3351 3789 ut
3391 3727 3712 3790 discernat
3752 3729 3819 3791 in
3863 3748 3935 3792 se

2431 3832 2742 3906 quantum
2781 3825 2973 3887 vellet
3019 3826 3169 3888 dare
3217 3843 3335 3908 pro
3382 3827 3502 3889 hoc
3549 3827 3719 3910 quod
3763 3836 3936 3892 esset

2431 3923 2761 3986 absolutus
2801 3941 2840 3985 a
2882 3925 3259 4006 poenitentia
3301 3932 3492 3987 tanta.
3527 3925 3790 3988 Sextum
3835 3934 3934 3990 est

2427 4022 2600 4102 justa
2628 4023 2985 4097 aestimatio,
3019 4030 3333 4104 quatenus
3371 4025 3726 4086 secundum
3758 4026 3933 4106 quod

2431 4120 2488 4182 ei
2549 4120 2914 4196 dimittitur,
2966 4129 3426 4204 recompenset.
3479 4123 3932 4187 Verumtamen

820 4219 1229 4302 aliquantam.
1266 4220 1558 4283 Concedo
1584 4238 1755 4302 ergo,
1788 4221 1956 4302 quod
1992 4221 2323 4303 indulgen·
2351 4219 2402 4282 D
2434 4217 2716 4281 Ecclesia
2761 4219 2882 4281 ista
2917 4237 3044 4283 non
3083 4220 3407 4303 exprimit,
3439 4222 3593 4303 quia
3627 4221 3682 4284 si
3719 4223 3934 4306 expri-

822 4319 926 4382 tiae
969 4328 1280 4401 quantum
1328 4328 1423 4382 est
1464 4339 1541 4381 ex
1586 4327 1763 4402 parte
1804 4319 2036 4396 dantiS,
2068 4327 2316 4385 tantum

822 4417 1036 4480 valent
1065 4427 1375 4499 quantum
1406 4419 1805 4501 promittunt.
1833 4417 2122 4482 Concedo
2153 4421 2318 4483 nihi-

824 4515 885 4578 lo
934 4515 1167 4589 minus,
1215 4516 1384 4596 quod
1434 4533 1561 4578 non
1610 4517 1824 4578 valent
1872 4517 2138 4580 cuilibet
2184 4527 2318 4582 tan-

822 4622 981 4689 tum,
1027 4633 1145 4676 nec
1193 4615 1522 4696 aequaliter
1558 4614 1891 4695 omnibus3
1934 4617 2045 4679 sed
2092 4636 2317 4681 secun-

820 4714 975 4776 dum
1014 4713 1500 4777 aestimationem
1530 4714 1711 4796 ejus:
1727 4734 1922 4797 quam
1953 4715 2178 4779 babuit
2215 4719 2318 4780 vel

821 4812 1055 4875 babere
1122 4812 1345 4876 debuit
1410 4814 1521 4896 qui
1591 4814 2019 4896 indulgentias
2086 4815 2237 4878 facit
2299 4833 2314 4879 τ

820 4930 1013 4994 quam
1076 4929 1205 4974 non
1263 4920 1513 4995 oportet
1570 4913 1951 4994 exprimere,
2012 4915 2316 4996 quoniam

820 5029 1043 5074 omnes
1084 5011 1309 5074 fideles
1349 5011 1587 5075 debent
1613 5011 1735 5076 hoc
1773 5012 1839 5074 in
1879 5030 1997 5075 suo
2036 5033 2318 5097 praesup-

822 5128 1057 5194 ponere
1107 5111 1317 5186 corde,
1369 5111 1539 5193 quod
1586 5111 1751 5174 dona
1798 5119 1864 5173 et
1908 5112 2318 5178 remissiones

820 5211 1094 5293 Spiritus
1125 5209 1335 5273 Sancti
1365 5209 1537 5272 fiunt
1566 5227 1713 5272 cum
1745 5228 1927 5293 aequo
1958 5210 2312 5275 libramine.

818 5309 949 5374 Nec
985 5309 1106 5372 boc
1145 5308 1337 5372 debet
1362 5308 1445 5372 ab
1473 5307 1574 5372 his
1611 5327 2001 5391 quemquam
2040 5309 2318 5372 retrahe-

2435 4325 2780 4392 merentur,
2819 4336 2944 4381 non
2975 4327 3188 4381 essent
3215 4318 3441 4382 fideles
3471 4327 3604 4383 tam
3633 4323 3823 4403 proni
3850 4323 3934 4386 ad

2435 4437 2510 4480 ea
2557 4434 2673 4500 pro
2729 4415 2965 4498 quibus
3022 4417 3416 4499 indulgentia
3461 4420 3667 4483 datur.
3719 4421 3936 4484 Potest

2434 4535 2584 4598 ergo
2632 4517 2917 4593 concedi,
2950 4517 3119 4598 quod
3170 4518 3288 4582 hoc
3337 4519 3630 4594 verbum,
3663 4520 3930 4604 decipit,

2432 4635 2558 4680 non
2590 4616 2747 4680 dicit
2776 4615 3266 4694 deformitatem,
3301 4639 3499 4702 quum
3535 4620 3792 4696 dicitur,
3817 4621 3936 4684 Ec-

2431 4717 2625 4779 clesia
2661 4716 2903 4798 decipit
2940 4715 3166 4780 fideles
3185 4737 3201 4798 ;
3235 4738 3352 4782 nec
3384 4722 3709 4784 mentitur.
3743 4759 3826 4769 —
3857 4723 3936 4786 Et

2431 4815 2584 4878 dum
2628 4817 2954 4897 quaeritur,
2987 4835 3066 4879 an
3106 4818 3346 4901 decipit
3393 4821 3664 4884 dicendo
3700 4841 3931 4886 verum

2431 4916 2531 4978 vel
2591 4916 2858 4995 falsum3
2909 4916 3073 4991 dico,
3121 4919 3290 5000 quod
3348 4919 3622 4985 dicendo
3677 4940 3930 4998 verum,

2433 5015 2541 5077 sed
2571 5031 2698 5076 non
2741 5015 2810 5076 in
2847 5015 3120 5079 dicendo
3149 5036 3396 5093 verum,
3431 5037 3543 5081 seu
3585 5021 3738 5102 quia
3773 5021 3936 5084 dicit

2431 5133 2677 5188 verum,
2729 5114 3040 5196 sed,quia
3087 5133 3217 5178 non
3264 5118 3568 5199 exprimit
3625 5119 3735 5183 illa
3793 5139 3928 5184 sex.

2429 5214 2763 5295 Quumque
2791 5212 3096 5296 objicitur
3125 5216 3295 5297 quod
3325 5216 3567 5280 dictum
3597 5227 3696 5282 est
3721 5219 3928 5296 Petro,

3120 5313 3134 5326 .
3960 5285 4210 5333 lauhun

2428 5311 2854 5395 Quaecumque
2905 5313 3170 5376 solveris
3219 5333 3413 5397 super
3459 5323 3718 5392 terram,
3769 5325 4032 5400 etc.;12,
