4267 6250
93 4110 208 4160 teuit.
225 4083 318 4157 ¹7..

717 520 806 567 An
843 520 1198 569 ΙΙΒΊΤΠΓΙἾΟ
1237 520 1332 567 sn·
1371 520 1528 567 PARS
1569 518 2080 578 sansnmoms,
2121 520 2197 567 m·
2234 520 2615 570 msam
2652 524 2739 571 Ab
2778 523 3055 571 suurn!

3320 506 3441 571 4⁰3

435 688 736 772 Amplius,
777 690 1206 755 damnificans
1247 690 1448 753 alium
1493 690 1732 771 injuste
1771 690 1838 752 in
1865 690 1920 755 Δ
1949 690 2141 753 debet
2175 711 2214 754 a
2252 691 2537 756 debitore
2574 700 2920 777 utrumque
2956 694 3265 777 recipere,
3292 692 3445 775 quia

355 806 466 849 sua
492 787 796 863 libertate,
829 788 1134 853 videlicet
1171 788 1572 872 procurando
1601 788 1840 869 injuste

1947 790 2187 852 servari
2234 790 2427 853 debet
2473 791 2793 854 indemnis
2836 810 2851 854 :
2900 802 3097 853 extra
3136 792 3217 855 de
3263 790 3441 853 Fide-

356 884 556 967 ipsum
583 887 782 969 redigi
819 887 886 950 in
927 886 1328 961 servitutem,
1359 894 1616 949 tenetur
1645 904 1714 949 se
1751 884 1840 949 fa·
1942 886 2329 967 jussoribus,
2360 889 2641 972 capitulo
2678 890 3091 953 Constitutus,
3126 889 3439 964 Secundo,

355 1002 490 1045 cere
525 1002 780 1047 servum
819 1002 938 1067 pro
977 985 1112 1057 illo,
1143 985 1200 1047 si
1239 984 1426 1047 aliter
1461 1002 1590 1048 non
1631 992 1840 1066 potest

353 1100 492 1143 eum
529 1083 862 1145 restituere
907 1082 1187 1145 libertati
1221 1100 1240 1161 ;
1289 1082 1414 1145 nisi
1458 1082 1674 1146 forsan
1715 1082 1836 1145 hoc

353 1180 718 1243 redundaret
757 1180 824 1242 in
865 1180 1324 1244 detrimentum
1359 1180 1510 1243 boni
1552 1198 1836 1245 commu-

353 1278 448 1339 nis
476 1295 492 1339 :
523 1278 586 1339 in
615 1296 746 1360 quo
775 1297 926 1341 casu
959 1286 1284 1343 teneretur
1317 1279 1398 1341 ad
1433 1296 1624 1342 omne
1661 1279 1836 1342 aliud

355 1375 644 1440 interesse
699 1378 780 1440 ad
839 1378 1154 1441 bonorum
1211 1377 1570 1441 arbitrium.
1631 1378 1836 1451 Quan-

352 1483 754 1558 tumcumque
813 1494 966 1539 vero
1021 1474 1470 1539 damnificaret
1527 1476 1712 1539 illum
1769 1476 1836 1539 in

352 1573 870 1655 possessionibus,
889 1592 1220 1656 nunquam
1251 1582 1576 1637 teneretur
1605 1593 1722 1657 pro
1749 1594 1840 1637 re-

351 1671 665 1735 stitutione
707 1690 778 1734 se
821 1672 1100 1735 vendere
1144 1672 1212 1734 in
1249 1691 1532 1747 servum,
1573 1672 1726 1755 quia
1763 1673 1836 1735 li-

351 1769 546 1833 bertas
587 1769 1060 1835 inostimabilis
1103 1789 1205 1834 res
1246 1779 1362 1833 est.

1945 985 2100 1049 dum
2152 995 2453 1049 mutuans
2500 987 2772 1050 incurrit
2826 988 3133 1051 damnum
3192 1006 3271 1051 ex
3319 988 3443 1049 hoc

1945 1084 2118 1165 quod
2166 1084 2277 1147 ille
2324 1084 2435 1167 qui
2482 1086 2753 1168 accepit,
2794 1104 2921 1149 non
2969 1085 3161 1149 solvit
3206 1085 3271 1147 in
3320 1093 3445 1148 ter·

1945 1182 2126 1245 mino
2160 1183 2479 1264 assignato
2512 1201 2527 1245 :
2560 1193 2753 1244 extra
2790 1183 2871 1247 de
2906 1182 3441 1264 Fideiussoribus,

1945 1280 2229 1362 capitulo
2256 1280 2567 1345 Pervenit.
2600 1282 2835 1357 Tertio,
2864 1282 3019 1345 dum
3048 1281 3293 1364 aliquid
3324 1282 3444 1344 im·

1946 1378 2321 1460 pignoratur
2376 1380 2606 1442 marito
2664 1398 2781 1462 pro
2828 1380 2994 1443 dote.
3042 1380 3221 1443 Tunc
3266 1379 3443 1443 enim

1947 1476 2213 1539 maritus
2244 1476 2409 1539 ultra
2448 1478 2718 1560 capitale
2758 1485 2967 1560 potest
3004 1478 3279 1541 retinere
3316 1477 3447 1541 fru-

1946 1564 2086 1637 ctus
2135 1582 2473 1658 perceptos
2518 1575 2599 1638 ad
2646 1592 2809 1639 onus
2862 1576 3251 1639 matrimonii
3300 1596 3449 1659 sup-

1947 1673 2327 1755 portandum
2362 1690 2379 1735 ε
2410 1684 2605 1734 extra
2636 1674 2717 1736 de
2747 1674 2989 1749 UsuriS,
3028 1674 3310 1757 capitulo
3336 1675 3445 1739 Sa-

1947 1770 2233 1834 lubriter.
2252 1772 2501 1845 Quarto,
2520 1772 2775 1854 quando
2804 1772 3114 1835 vassallus
3142 1772 3443 1837 Ecclesia

419 1869 742 1943 Praeterea,
755 1869 1060 1951 quoniam
1093 1869 1485 1932 restituenda
1514 1876 1666 1931 sunt
1693 1890 1836 1952 quae
1869 1868 1918 1931 B
1949 1869 2333 1951 impignorat
2372 1869 2469 1931 illi
2506 1869 2771 1932 feudum
2812 1870 2981 1951 quod
3024 1876 3201 1933 tenet
3226 1869 3308 1933 ab
3342 1889 3439 1945 ea,

351 1986 452 2049 per
497 1987 760 2029 usuram
807 1975 960 2030 sunt
1013 1968 1349 2051 acquisita,
1401 1967 1709 2050 quaeritur
1754 1987 1836 2031 an

347 2066 608 2147 quilibet
639 2066 706 2128 in
735 2084 1140 2149 quocumque
1169 2074 1486 2129 contractu
1515 2066 1838 2149 accipiens

343 2162 578 2245 aliquid
629 2162 796 2225 ultra
841 2170 1103 2237 sortem,
1145 2171 1438 2225 teneatur
1484 2163 1578 2225 illi
1623 2183 1662 2226 a
1708 2180 1838 2246 quo

343 2262 590 2345 accipit,
621 2261 702 2324 ad
741 2262 1232 2325 restitutionem.
1267 2262 1346 2323 Et
1373 2261 1628 2324 videtur
1663 2262 1833 2344 quod

343 2360 450 2433 sic,
495 2362 651 2443 quia
695 2359 1068 2443 frequenter
1115 2360 1478 2423 continetur
1527 2361 1592 2422 in
1637 2360 1832 2441 jure:

343 2458 654 2539 Quidquid
683 2459 851 2522 ultra
877 2466 1114 2522 sortem
1145 2459 1480 2542 accipitur,
1495 2478 1688 2522 usura
1716 2466 1830 2522 est.

343 2556 894 2639 Respondendum,
925 2558 1096 2640 quod
1129 2557 1194 2619 in
1226 2564 1554 2619 contractu
1591 2557 1837 2640 aliquid

340 2654 628 2737 accipere
671 2654 838 2717 ultra
880 2662 1144 2729 sortem,
1187 2655 1692 2737 quadrupliciter
1731 2674 1840 2738 po·
1943 2655 2126 2736 juxta
2156 2653 2315 2715 illud
2344 2653 2551 2727 Lucae,
2582 2654 2871 2716 Mutuum
2902 2653 3067 2727 date,
3100 2654 3264 2721 nihil
3294 2654 3443 2717 inde
3471 2670 3739 2723 Lamnas.

341 2758 460 2813 test
487 2751 758 2833 intelligi
795 2770 811 2813 :
844 2753 1078 2835 primo,
1109 2753 1190 2815 de
1233 2761 1496 2831 mutu03
1531 2753 1834 2828 secundo,

341 2850 416 2913 de
453 2849 808 2929 locatione;
849 2852 1062 2925 tertio,
1093 2850 1174 2913 de
1213 2850 1620 2929 venditione3
1655 2870 1841 2934 quar·

342 2956 424 3023 to,
473 2949 556 3011 de
613 2949 964 3032 emptione.
1019 2948 1232 3012 Primo
1289 2950 1478 3012 modo
1528 2950 1841 3031 contingit

1948 1985 2066 2029 nec
2095 1966 2353 2029 interim
2386 1966 2593 2029 reddit
2622 1966 2921 2031 Ecclesiae
2950 1968 3283 2031 servitium
3314 1986 3443 2051 quo

1947 2065 2006 2127 ei
2047 2072 2301 2127 tenetur
2338 2083 2455 2148 pro
2492 2065 2703 2128 feudo.
2736 2065 2915 2128 Tunc
2951 2066 3193 2148 quippe
3236 2073 3447 2149 potest

1947 2163 2233 2227 Ecclesia
2280 2164 2555 2227 retinere
2606 2164 2877 2247 capitale
2928 2184 3075 2228 cum
3124 2164 3443 2227 fructibus

1947 2263 2287 2345 perceptis.
2340 2262 2573 2345 Sicque
2630 2270 2845 2345 posset
2894 2264 3087 2326 etiam
3143 2262 3444 2326 dominus

1946 2360 2358 2442 temporalis:
2386 2362 2689 2442 quoniam
2720 2380 2921 2443 quum
2954 2381 3147 2424 usura
3176 2361 3259 2423 sit
3290 2380 3445 2444 prte-

1946 2467 2045 2521 ter
2096 2457 2205 2538 jus
2262 2465 2525 2532 naturae,
2576 2458 2929 2522 secundum
2987 2458 3443 2542 Philosophum

1947 2558 2158 2640 primo
2186 2556 2617 2629 Politicorum,
2649 2564 2715 2619 et
2742 2564 2961 2620 contra
2986 2557 3093 2638 jus
3122 2557 3441 2631 divinum,

1947 2760 2277 2835 sperantes
2320 2768 2333 2813 :
2377 2751 2435 2813 si
2473 2750 2633 2813 illud
2672 2759 2839 2813 esset
2878 2770 3092 2826 usura,
3123 2770 3249 2815 non
3296 2751 3445 2815 lice·

1949 2859 2044 2913 ret
2085 2850 2385 2913 Ecclesiae
2427 2868 2545 2913 nec
2588 2848 2859 2912 clericis,
2904 2850 3079 2923 Quod
3120 2858 3333 2913 autem
3378 2850 3443 2912 id

1949 2950 2161 3023 liceat,
2200 2948 2473 3011 habetur
2516 2957 2709 3009 extra
2756 2948 2837 3010 de
2884 2948 3124 3023 Usuris,
3165 2948 3449 3031 capitulo

337 3048 628 3132 accipere
663 3047 910 3130 aliquid
949 3047 1116 3109 ultra
1153 3055 1414 3121 sortem,
1449 3055 1558 3110 aut
1594 3048 1840 3111 ratione
1871 3050 1916 3114 C
1949 3047 2367 3130 conquestus.
2390 3046 2643 3120 Quinto,
2666 3064 2867 3129 quum
2898 3046 3043 3129 quis
3074 3054 3322 3109 mutuat
3350 3046 3447 3109 illi

339 3165 544 3230 poenae
572 3146 1079 3210 conventionalis
1107 3166 1146 3209 a
1170 3147 1316 3227 jure
1347 3147 1698 3228 permissae,
1729 3155 1841 3209 aut

339 3245 582 3308 ratione
629 3244 1016 3317 donationiS,
1059 3251 1172 3306 aut
1214 3245 1458 3308 ratione
1507 3246 1838 3320 interesse,

337 3351 446 3404 aut
487 3350 788 3424 tanquam
831 3349 1128 3404 exactum
1175 3360 1292 3424 pro
1335 3349 1560 3405 mutuo
1599 3342 1840 3405 directe

339 3441 438 3503 vel
479 3439 816 3514 indirecte,
847 3439 1148 3521 explicite
1188 3440 1291 3503 vel
1335 3440 1668 3522 implicite.
1713 3440 1838 3503 Pri-

339 3556 444 3601 mo
483 3538 676 3600 modo
713 3535 1040 3618 accipiens
1081 3537 1324 3618 aliquid
1369 3537 1536 3600 ultra
1577 3545 1837 3612 sortem,

341 3655 465 3700 non
497 3643 756 3698 tenetur
783 3635 862 3697 ad
893 3634 1383 3709 restitutionem,
1409 3636 1466 3697 si
1494 3653 1684 3718 poena
1713 3653 1842 3698 non

341 3735 464 3798 fuit
491 3733 790 3817 apposita
819 3733 884 3795 in
915 3733 1206 3796 fraudem
1239 3753 1470 3808 usurae,
1503 3733 1611 3796 sed
1643 3734 1846 3796 inten-

341 3834 514 3896 tione
550 3831 838 3896 arctandi
877 3831 1300 3912 accipientem
1343 3831 1419 3893 ad
1460 3831 1844 3895 observatio-

343 3951 489 3995 nem
531 3931 866 3994 fidelitatis
904 3930 1234 4012 promissae
1267 3947 1282 3992 ε
1315 3930 1467 4012 quia
1505 3938 1574 3992 ut
1605 3930 1842 3993 dicitur

257 4067 268 4092 .
345 4030 414 4094 ff.
459 4031 541 4093 de
585 4028 846 4110 Regulis
883 4027 1072 4110 juriS,
1114 4029 1282 4110 quod
1329 4029 1588 4092 nomine
1635 4047 1840 4111 poenae

343 4129 422 4192 ab
469 4129 690 4212 aliquo
737 4134 832 4191 est
880 4133 1198 4202 exactum,
1247 4127 1368 4190 hoc
1415 4145 1605 4190 nemo
1659 4128 1840 4192 resti-

1949 3147 2060 3229 qui
2100 3146 2414 3208 violenter
2458 3153 2569 3208 aut
2611 3145 3051 3208 fraudulenter
3088 3165 3269 3208 suam
3310 3165 3447 3210 rem

1949 3245 2211 3306 detinet.
2258 3245 2435 3306 Tunc
2478 3243 2717 3306 etenim
2768 3251 3067 3306 mutuans
3114 3245 3447 3312 restituere

1949 3360 2080 3404 non
2124 3349 2380 3404 tenetur
2421 3341 2485 3403 id
2530 3341 2699 3423 quod
2744 3342 2909 3403 ultra
2952 3348 3249 3404 mutuum
3287 3343 3449 3404 acci·

1951 3441 2094 3524 pit:
2138 3440 2289 3522 quia
2328 3457 2457 3502 non
2502 3439 2738 3521 accipit
2782 3439 3089 3512 alienum,
3121 3439 3233 3502 sed
3274 3440 3444 3521 quod

1951 3556 2143 3602 suum
2184 3544 2283 3600 est
2322 3537 2587 3599 retrahit
2624 3536 2705 3599 ad
2748 3554 2837 3598 se.

2030 3638 2265 3710 Quarto
2300 3635 2511 3708 modo,
2544 3633 2845 3697 videlicet
2872 3634 3117 3716 aliquid
3148 3643 3443 3698 exactum

1952 3753 2069 3818 pro
2111 3741 2337 3795 mutuo
2376 3731 2616 3794 directe
2652 3739 2764 3794 aut
2804 3731 3133 3806 indirecte,
3170 3732 3445 3815 implici-

1949 3841 2013 3896 te
2071 3833 2171 3894 vel
2233 3829 2555 3912 explicite,
2614 3830 2779 3891 ultra
2838 3837 3073 3892 sortem
3129 3831 3443 3912 accipere,

1951 3939 2160 4015 potest
2222 3929 2365 3992 fieri
2432 3929 2573 3990 sine
2644 3935 2828 4011 pacto
2882 3947 2957 3990 ac
3016 3927 3445 3992 insinuatione

1951 4028 2323 4092 intentionis
2372 4027 2517 4110 plus
2573 4026 2875 4101 habendi,
2924 4034 3035 4088 aut
3090 4045 3239 4088 cum
3296 4027 3447 4090 insi·

1949 4128 2251 4191 nuatione
2289 4133 2353 4188 et
2396 4133 2599 4208 pacto.
2641 4125 2851 4188 Primo
2893 4124 3081 4188 modo
3122 4124 3445 4208 accipiens

341 4237 522 4292 tuere
551 4226 821 4308 cogitur.
853 4261 936 4272 —
961 4225 1110 4288 Acci
1119 4226 1302 4308 piens
1333 4244 1588 4308 quoque
1615 4245 1841 4290 secun·
1869 4231 1920 4294 D
1949 4225 2193 4308 aliquid
2232 4223 2399 4287 ultra
2434 4231 2694 4298 sortem,
2734 4223 3069 4287 restituere
3109 4239 3236 4286 non
3274 4230 3447 4287 tene-

341 4329 424 4392 do
451 4326 645 4391 modo
673 4325 840 4387 ultra
870 4324 934 4387 id
965 4324 1132 4407 quod
1167 4325 1494 4399 mutuavit,
1508 4325 1840 4390 restituere

341 4445 466 4490 non
501 4433 776 4489 tenetur.
811 4424 876 4488 Si
905 4424 1080 4487 enim
1111 4430 1336 4486 mutuo
1373 4422 1618 4506 aliquid
1655 4425 1842 4488 alteri

339 4544 468 4590 non
517 4526 584 4588 in
634 4523 924 4586 fraudem
973 4541 1204 4596 usurae,
1255 4531 1320 4584 et
1371 4522 1480 4585 ille
1536 4530 1840 4605 tanquam

337 4632 555 4707 gratus
584 4621 794 4686 reddit
825 4621 980 4684 mihi
1014 4621 1160 4702 plus
1188 4639 1268 4683 ex
1297 4639 1408 4683 sua
1437 4619 1837 4695 liberalitate,

337 4742 468 4787 non
517 4731 742 4785 teneor
785 4719 1120 4784 restituere
1163 4738 1178 4782 ε
1221 4719 1374 4801 quia
1419 4718 1575 4781 illud
1625 4738 1840 4782 meum

337 4831 438 4886 est
460 4821 608 4903 jure
636 4818 920 4882 liberalis
949 4817 1330 4880 donationis.
1349 4851 1430 4862 -
1449 4817 1660 4880 Tertio
1690 4835 1843 4899 quo-

337 4941 466 5006 que
511 4922 724 4994 modo,
767 4925 984 5002 utpote
1029 4917 1272 4980 ratione
1317 4918 1646 4992 interesse,
1694 4918 1844 4980 licet

337 5021 636 5103 accipere
665 5017 830 5081 ultra
859 5025 1098 5079 sortem
1129 5014 1423 5099 pluribus
1453 5015 1678 5078 modis.
1713 5015 1842 5078 Pri-

343 5138 470 5192 mo,
502 5119 658 5181 dum
699 5116 1048 5197 fidejussor
1085 5133 1200 5197 pro
1237 5113 1494 5177 defectu
1536 5113 1844 5178 debitoris

341 5217 718 5300 compulsus
765 5222 864 5278 est
919 5213 1220 5278 creditori
1277 5213 1524 5276 solvere
1573 5212 1845 5295 capitale

339 5325 534 5403 atque
591 5333 874 5379 usuram.
926 5313 1104 5376 Tunc
1162 5331 1440 5395 namque
1499 5311 1846 5393 fidejussor

1949 4332 2076 4398 tur,
2121 4321 2419 4406 quamvis
2458 4329 2680 4404 peccet
2723 4321 2781 4384 si
2817 4329 3181 4404 corruptam
3224 4320 3449 4384 habuit

1951 4421 2371 4486 intentionem
2431 4420 2577 4503 plus
2633 4419 2928 4484 habendi.
2982 4420 3291 4503 corrupta
3344 4420 3449 4484 de-

1951 4539 2130 4585 mum
2175 4519 2301 4582 fuit
2343 4519 2632 4593 intentio,
2675 4519 2729 4580 si
2776 4519 3093 4582 mutuavit
3133 4518 3449 4602 principa·

1953 4621 2098 4682 liter
2138 4618 2205 4681 in
2243 4637 2357 4700 spe
2396 4617 2599 4698 lucri3
2632 4635 2757 4680 non
2788 4625 3027 4692 autem,
3059 4617 3113 4680 si
3144 4618 3447 4681 secunda·

1950 4719 2047 4782 rio
2066 4734 2082 4780 ι
2099 4726 2293 4778 eoetra
2322 4715 2399 4778 de
2430 4715 2671 4789 Usuris,
2694 4713 2973 4796 capitulo
3001 4714 3355 4788 Consuluit,
3378 4715 3441 4777 in

1951 4817 2190 4880 Glossa.
2223 4813 2515 4878 Secundo
2545 4813 2735 4875 modo
2765 4830 2893 4875 non
2932 4812 3081 4874 licet
3113 4829 3127 4873 :
3160 4812 3313 4894 quia
3351 4811 3445 4874 sic

1951 4923 2050 4978 est
2077 4912 2257 4997 quasi
2287 4911 2605 4994 quoddam
2646 4918 2903 4993 pactum
2944 4910 3442 4993 interpretative,

1951 5013 2106 5097 quia
2159 5032 2239 5075 ex
2295 5011 2415 5073 hoc
2474 5009 2804 5092 praesumit
2862 5016 3157 5091 acceptor
3214 5009 3445 5084 mutui,

1952 5113 2124 5195 quod
2158 5112 2292 5193 ipse
2324 5116 2621 5172 mutuans
2652 5115 2895 5170 mutuat
2924 5107 3273 5170 intentione
3304 5106 3449 5188 plus

1953 5209 2271 5288 habendi3
2312 5215 2377 5270 et
2413 5207 2585 5289 quod
2625 5205 2735 5268 ille
2780 5223 2911 5270 non
2956 5212 3277 5269 mutuaret
3322 5204 3447 5267 nisi

1958 5310 2096 5392 ipse
2123 5308 2303 5371 daret
2338 5306 2507 5369 ultra
2534 5312 2791 5369 sortem.
2826 5304 3090 5381 Idcirco,
3122 5305 3179 5368 si
3206 5304 3315 5368 dat
3341 5303 3451 5367 ali-
