4267 6250
832 486 949 553 162

1695 508 1759 554 IN
1798 508 2021 556 unam!
2062 507 2125 554 lv
2167 505 2650 554 summam.
2689 524 2770 536 ·-
2808 507 2962 554 msr.
3002 507 3066 553 Vl

908 674 979 737 In
1020 674 1207 758 cujus
1244 675 1500 761 scriptis
1536 677 1838 742 videntur
1865 679 2068 743 multa
2094 678 2324 742 obscu-
2352 677 2406 742 A
2431 678 2927 742 initerabilitatis
2971 675 3301 761 Baptismi,
3347 676 3477 740 imo
3523 683 3588 739 et
3632 674 3931 739 omnium

829 793 917 836 ra.
955 774 1031 836 Et
1073 776 1351 839 breviter
1392 776 1557 852 dico,
1599 779 1769 860 quod
1818 778 2093 841 rationes
2135 797 2173 840 a
2221 779 2326 841 do-

830 872 1115 936 ctoribus
1144 876 1600 938 convenienter
1628 883 1777 938 sunt
1803 877 2071 951 traditae,
2092 883 2158 939 et
2185 876 2328 957 ejus

828 970 1223 1052 objectiones
1250 972 1547 1039 infirmae.
1572 974 1837 1058 Nempe,
1861 994 2063 1057 quum
2093 973 2328 1039 Christi

829 1069 995 1132 actio
1051 1078 1265 1133 nostra
1322 1071 1406 1132 sit
1463 1071 1819 1146 instructio,
1874 1091 1953 1135 ex
2012 1092 2139 1135 una
2197 1072 2330 1137 sola

830 1168 1063 1231 Christi
1122 1168 1548 1251 baptizatione
1604 1171 1882 1233 sumitur
1932 1171 2330 1235 rationabilis

829 1286 1017 1331 causa
1043 1268 1210 1349 quod
1239 1269 1435 1331 semel
1462 1270 1789 1332 dumtaxat
1818 1270 2178 1353 baptizandi
2208 1271 2332 1333 sint

829 1365 1192 1441 Christiani,
1242 1375 1432 1450 prout
1479 1368 1545 1430 in
1604 1368 1705 1431 his
1753 1388 1894 1452 quae
1950 1368 2106 1431 fidei
2155 1376 2326 1443 sunt,

828 1464 990 1527 ratio
1022 1472 1229 1546 potest
1266 1466 1420 1527 dari.
1456 1502 1536 1512 —
1565 1467 1741 1539 Quod
1780 1474 1995 1530 autem
2024 1467 2330 1549 objicitur

828 1562 907 1624 de
954 1563 1352 1638 Poenitentia,
1383 1564 1549 1639 dico,
1580 1566 1750 1647 quod
1792 1584 1918 1629 non
1962 1566 2172 1629 solum
2217 1566 2328 1627 illa

827 1667 893 1722 et
938 1659 1324 1743 BaptismuS,
1378 1664 1489 1725 sed
1545 1671 1757 1726 cetera
1812 1682 2067 1747 quoque
2122 1683 2328 1727 sacra-

827 1766 1041 1821 menta
1070 1779 1107 1821 a
1136 1760 1368 1824 Christi
1399 1761 1691 1843 passione
1729 1762 1969 1825 habent
1997 1763 2323 1837 virtutem,

2433 797 2647 841 rerum
2679 797 2868 841 causa
2903 777 2987 839 sit
3025 776 3302 851 fontalis,
3336 776 3544 859 prima
3579 794 3652 838 ac
3688 775 3932 857 princi-

2436 876 2620 959 paliS,
2665 876 2828 939 nulli
2870 876 3155 957 ignotum
3199 880 3298 937 est
3337 874 3626 957 sapienti.

2515 1073 2841 1147 Praeterea,
2875 1073 3044 1135 circa
3072 1072 3206 1137 haec
3245 1071 3454 1134 adhuc
3481 1077 3754 1153 quatuor
3782 1076 3938 1133 sunt

2439 1172 2798 1253 quaerenda.
2832 1172 3115 1235 Primum
3147 1177 3263 1245 est,
3286 1190 3368 1233 an
3398 1190 3566 1233 unus
3595 1169 3796 1253 possit
3825 1169 3937 1231 ba-

2439 1269 2662 1353 ptizari
2707 1270 2901 1333 simul
2943 1290 2980 1332 a
3019 1268 3335 1352 pluribuS‚
3373 1276 3437 1331 et
3480 1268 3694 1350 plures
3738 1266 3938 1329 simul

2438 1369 2518 1431 ab
2551 1386 2696 1431 uno.
2719 1369 3105 1443 Secundum,
3125 1386 3240 1429 cur
3269 1368 3334 1429 in
3365 1367 3690 1450 primitiva
3719 1365 3940 1429 Eccle-

2438 1466 2532 1529 sia
2576 1465 2996 1530 differebatur
3030 1466 3392 1549 Baptismus
3433 1464 3795 1547 specialiter
3833 1484 3940 1527 us·

2438 1584 2562 1647 que
2605 1566 2685 1628 ad
2728 1566 2853 1628 duo
2902 1564 3201 1647 profesta,
3233 1563 3533 1627 videlicet
3573 1563 3824 1627 Paschae
3873 1570 3942 1626 et

2437 1662 2847 1726 pentecostes
2865 1663 3163 1736 Tertium,
3177 1668 3392 1724 utrum
3418 1660 3790 1742 joculariter
3817 1680 3938 1723 seu

2439 1760 2682 1824 ludicre
2720 1761 3021 1843 baptizati
3069 1761 3197 1823 sint
3245 1760 3698 1842 rebaptizandi.
3739 1760 3933 1833 Quar-

826 1876 1101 1939 quorum
1144 1867 1357 1922 tamen
1397 1861 1686 1942 quaedam
1734 1870 1881 1923 sunt
1926 1862 2230 1936 iteranda,
2263 1869 2325 1925 et
2361 1858 2410 1921 B
2437 1864 2597 1932 tum,
2621 1857 2699 1920 de
2731 1858 2856 1919 ritu
2884 1856 3188 1939 Baptismi
3217 1864 3524 1937 quantum
3551 1856 3630 1918 ad
3658 1856 3932 1918 catechi-

826 1956 1115 2037 quaedam
1160 1975 1307 2019 non.
1340 1957 1477 2020 Non
1522 1958 1695 2021 enim
1746 1958 2173 2033 uniformiter,
2205 1978 2326 2023 nec

826 2052 905 2115 ad
934 2053 1191 2118 eosdem
1232 2053 1503 2117 effectus
1535 2056 1737 2118 virtus
1778 2064 1841 2119 et
1878 2057 2181 2120 meritum
2222 2058 2326 2120 do-

826 2152 1081 2215 minicae
1130 2153 1443 2235 passionis
1501 2154 1964 2237 participantur
2013 2156 2094 2217 ab
2144 2156 2321 2237 ipsis.

824 2248 1189 2330 Baptismus
1220 2250 1482 2333 quippe,
1516 2250 1679 2314 Ordo
1710 2258 1774 2313 et
1804 2252 2218 2316 Confirmatio
2247 2253 2324 2315 ad

826 2347 983 2409 tales
1021 2345 1294 2410 effectus
1331 2348 1719 2432 participant
1746 2349 2049 2414 virtutem
2082 2370 2158 2413 ac
2196 2370 2327 2413 me-

826 2443 1021 2506 ritum
1082 2445 1419 2526 passioniS,
1471 2454 1543 2507 ut
1587 2465 1989 2529 nequaquam
2040 2448 2170 2510 sint
2218 2448 2329 2510 ite-

827 2542 1043 2617 randa,
1077 2549 1149 2605 ut
1177 2543 1255 2607 de
1284 2543 1608 2625 Baptismo
1634 2544 1767 2625 jam
1797 2546 2023 2627 patuit,
2047 2546 2127 2609 de
2156 2546 2327 2609 aliis-

825 2658 950 2721 que
984 2640 1243 2723 patebit.
1276 2677 1357 2687 —
1384 2643 1480 2704 Ad
1518 2642 1707 2705 aliam
1748 2644 2117 2707 instantiam
2158 2645 2322 2719 dic0,

825 2740 997 2821 quod
1062 2740 1226 2803 ratio
1291 2740 1401 2803 illa
1462 2741 1647 2804 datur
1712 2762 1828 2825 per
1889 2743 2329 2807 manifestiora

824 2844 1065 2901 naturae
1106 2846 1170 2901 et
1207 2858 1245 2901 a
1283 2840 1504 2921 priori,
1538 2842 1833 2923 quamvis
1872 2860 1999 2905 non
2040 2861 2157 2925 per
2199 2862 2326 2905 ma-

824 2935 1156 3000 nifestiora
1198 2945 1509 3019 quantum
1552 2939 1629 3001 ad
1674 2957 1809 3002 noS.
1844 2940 2182 3023 Quumque
2235 2962 2328 3004 as-

2435 1975 2639 2019 smum
2681 1964 2746 2019 et
2784 1956 3236 2030 exorcismum,
3279 1974 3352 2017 ac
3394 1955 3520 2018 alia
3559 1956 3871 2037 quaedam.

2514 2054 2602 2117 De
2650 2054 2859 2137 primo
2907 2053 3172 2117 istorum
3222 2053 3448 2117 scribit
3491 2053 3761 2116 Thomas
3808 2054 3930 2117 hoc
3991 2068 4256 2121 ouum.

2437 2151 2576 2215 loco
2608 2168 2622 2213 ε
2659 2152 2721 2215 Si
2755 2152 2970 2234 plures
3010 2151 3203 2213 simul
3241 2170 3442 2213 unum
3477 2151 3930 2231 immergerent
3958 2146 4080 2175 σω
4115 2136 4158 2175 ¹·

2437 2250 2502 2312 in
2533 2251 2878 2332 Baptismo,
2902 2250 2988 2313 ita
3015 2250 3188 2333 quod
3217 2257 3486 2331 uterque
3513 2249 3774 2321 diceret,
3799 2248 3930 2329 Ego

2436 2348 2688 2430 baptizo
2717 2355 2801 2423 te,
2834 2347 3222 2431 baptizatum
3253 2355 3441 2422 esset,
3464 2348 3760 2430 quamvis
3789 2365 3933 2429 pec-

2437 2454 2674 2522 carent,
2708 2448 2902 2510 ritum
2933 2448 3232 2510 Ecclesiae
3261 2466 3389 2511 non
3418 2454 3779 2525 servantes3
3811 2462 3931 2507 nec

2435 2553 2649 2607 tamen
2687 2554 2902 2608 essent
2943 2545 3251 2628 puniendi
3291 2553 3592 2627 tanquam
3634 2544 3934 2607 iterantes

2435 2642 2856 2726 Baptismum,
2876 2644 3001 2706 nisi
3033 2644 3434 2706 intenderent
3463 2643 3599 2716 hoc,
3613 2643 3766 2725 quia
3793 2660 3938 2706 con·

2436 2742 2626 2824 tingit
2668 2743 2958 2805 eamdem
3001 2735 3318 2806 actionem
3363 2750 3428 2805 et
3471 2742 3553 2805 ab
3611 2759 3740 2805 uno
3789 2749 3852 2804 et
3899 2761 3938 2804 a

2437 2841 2732 2923 pluribus
2761 2841 3212 2905 exerceri.Non
3242 2850 3456 2904 autem
3487 2849 3695 2923 potest
3720 2840 3944 2904 eadem

2435 2940 2604 3002 actio
2632 2959 2794 3013 esse,
2827 2959 2968 3022 quae
2999 2940 3065 3003 in
3096 2939 3494 3023 temporibus
3523 2939 3602 3002 fit
3638 2939 3934 3002 diversis.

824 3034 1121 3109 sumitur,
1154 3036 1325 3117 quod
1354 3054 1391 3097 a
1420 3036 1742 3119 principio
1772 3055 1899 3103 non
1934 3038 2019 3100 ita
2048 3039 2328 3102 innotuit
2364 3038 2407 3102 C
2439 3038 2503 3101 Si
2532 3045 2746 3101 autem
2777 3039 3083 3114 dicerent,
3106 3038 3231 3101 Nos
3261 3038 3656 3120 baptizamus
3685 3045 3769 3112 te,
3804 3055 3937 3101 non

824 3133 893 3196 in
939 3132 1267 3216 Baptismo
1312 3135 1742 3199 characterem
1798 3137 2108 3220 imprimi,
2161 3139 2329 3202 sicut

822 3232 1218 3314 Baptismum
1258 3251 1387 3296 non
1436 3251 1621 3316 posse
1662 3235 1913 3316 iterari3
1954 3237 2119 3311 dico,
2165 3238 2324 3320 ipsis

821 3329 1113 3411 gloriosis
1156 3329 1475 3413 Apostolis
1522 3339 1585 3393 et
1626 3333 1853 3414 primis
1895 3333 2051 3396 fidei
2102 3336 2326 3417 praedi-

824 3427 1155 3519 catoribus
1188 3429 1465 3510 desuper
1502 3428 2065 3494 illuminatissimis
2108 3433 2320 3496 datam

823 3528 1134 3592 divinitus
1164 3529 1592 3610 cognitionem
1623 3530 2065 3613 impressionis
2104 3533 2324 3596 chara·

824 3626 1033 3701 cteriS,
1049 3636 1238 3710 prout
1265 3627 1551 3691 Christus
1584 3629 1740 3711 ipsis
1772 3630 1836 3692 in
1869 3631 2061 3695 Coena
2091 3633 2326 3714 promi-

616 3757 645 3786 ιι
683 3776 693 3787 .
740 3756 795 3796 τι,
823 3726 907 3788 sit
938 3744 953 3788 ε
986 3727 1192 3800 Quum
1231 3727 1481 3790 venerit
1507 3727 1864 3811 (inquiens)
1894 3729 2003 3792 ille
2052 3730 2324 3812 Spiritus

711 4351 798 4390 ιιιιι

820 3825 1415 3900 veritatis,=docebit
1442 3844 1551 3889 vos
1580 3844 1839 3890 omnem
1867 3829 2218 3892 veritatem.
2249 3829 2327 3891 Et

824 3924 987 3986 hanc
1016 3925 1443 4006 cognitionem
1484 3926 1766 3988 creditur
1794 3927 2053 3990 divinus
2093 3928 2323 4011 Diony-

822 4023 955 4086 sius
984 4042 1021 4085 a
1053 4023 1421 4087 beatissimo
1448 4024 1639 4088 Paulo
1666 4026 2018 4108 sumpsisse
2042 4045 2059 4106 ;
2092 4034 2158 4089 et
2185 4027 2323 4110 ipse

824 4121 883 4184 S.
918 4121 1258 4204 Dionysius
1295 4122 1397 4202 (ut
1440 4122 1633 4204 paulo
1673 4131 1818 4205 post
1860 4123 2206 4206 elucescet)
2243 4126 2323 4189 de

822 4220 1185 4282 charactere
1214 4221 1654 4284 sacramentali
1686 4221 1933 4284 locutus
1962 4231 2059 4286 est
2086 4232 2152 4286 et
2179 4242 2323 4288 con·
2349 4229 2400 4290 D
2431 4225 2717 4288 nominat
2747 4224 3017 4288 verbum
3045 4224 3213 4298 vitae,
3247 4224 3326 4285 ad
3352 4222 3680 4304 Ephesios.
3713 4223 3929 4286 Consi·
3985 4251 4176 4308 15th
4200 4268 4244 4302 v.

2429 4323 2780 4386 derandum
2823 4330 2922 4384 est
2956 4339 3127 4402 ergo,
3158 4340 3286 4402 qua
3323 4320 3529 4384 forma
3571 4329 3924 4396 uterentur,
3955 4317 4032 4358 ²⁶·

824 4318 1099 4399 scripsit.
1132 4319 1203 4380 In
1243 4317 1623 4401 Apocalypsi
1672 4337 1928 4402 quoque
1976 4321 2055 4384 de
2104 4322 2320 4384 chara·

822 4424 993 4478 ctere
1050 4415 1334 4479 nominis
1381 4415 1611 4480 Christi
1670 4424 1735 4480 et
1790 4435 2119 4481 servorum
2178 4419 2320 4500 ejus

820 4515 1060 4578 mentio
1102 4514 1230 4577 sit:
1276 4533 1608 4597 quumque
1650 4515 1976 4579 character
2009 4516 2318 4599 Baptismi

815 4613 900 4675 sit
936 4613 1192 4693 signum
1233 4612 1677 4676 distinctivum
1718 4612 2012 4677 fidelium
2050 4615 2131 4678 ab
2173 4614 2320 4678 infi-

812 4711 1085 4786 delibuS,
1133 4719 1341 4794 potest
1388 4712 1511 4775 hoc
1562 4712 1771 4794 ipsum
1824 4713 1902 4776 de
1952 4715 2316 4778 charactere

808 4809 1173 4891 baptismali
1205 4811 1653 4874 convenienter
1679 4811 2093 4894 interpretari,
2108 4832 2319 4894 quam-

806 4907 907 4970 vis
932 4915 997 4971 et
1036 4907 1222 4971 aliter
1257 4917 1449 4990 queat
1486 4910 1741 4991 exponi.
1776 4910 1869 4973 An
1912 4929 2063 4974 vero
2101 4919 2167 4973 et
2193 4911 2316 4974 Au-

805 5007 1101 5088 gustinus
1150 5007 1230 5070 de
1287 5008 1651 5071 charactere
1708 5009 2063 5072 secundum
2124 5009 2312 5074 istam

804 5105 1244 5188 acceptionem
1288 5105 1541 5169 locutus
1585 5107 1689 5182 sit,
1723 5126 1893 5170 nunc
1934 5108 2055 5170 ista
2091 5109 2314 5171 distin-

806 5205 1015 5268 ctione
1045 5205 1377 5287 pandetur.
1412 5206 1589 5280 Quod
1627 5214 1841 5270 autem
1882 5207 2101 5270 divina
2136 5207 2313 5270 insti-

804 5304 967 5366 tutio
996 5322 1073 5366 ac
1099 5303 1393 5369 voluntas
1433 5303 1568 5378 Dei,
1602 5322 1791 5368 causa
1820 5305 1903 5368 sit
1941 5323 2068 5369 non
2098 5307 2308 5371 solum

2436 3145 2604 3201 esset
2643 3137 3026 3220 BaptismuS‚
3059 3139 3210 3220 quia
3257 3155 3384 3200 non
3434 3144 3793 3200 servaretur
3829 3137 3938 3200 de-

2434 3236 2570 3298 bita
2607 3235 2828 3299 forma.
2865 3237 3170 3300 Similiter
3207 3235 3568 3318 Baptismus
3605 3254 3733 3299 non
3785 3235 3933 3308 erit,

2435 3334 2490 3396 si
2540 3354 2704 3397 unus
2761 3335 2844 3397 sit
2893 3353 3156 3397 mancus
3205 3342 3268 3397 et
3303 3334 3467 3397 alius
3517 3340 3754 3408 mutue,
3803 3351 3938 3397 uno

2436 3431 2796 3514 proferente
2825 3432 3020 3496 verba
3049 3439 3114 3494 et
3140 3432 3268 3496 alio
3301 3433 3741 3514 immergente,
3777 3449 3938 3513 quo-

2435 3531 2607 3594 niam
2637 3531 2834 3594 verba
2862 3531 3084 3595 formae
3112 3532 3456 3594 ostendunt
3484 3531 3654 3613 quod
3679 3531 3940 3593 immer-

2433 3630 2530 3693 sio
2575 3637 2766 3712 atque
2813 3630 3156 3694 verborum
3207 3629 3638 3712 pronuntiatio
3693 3629 3776 3692 ab
3833 3647 3942 3693 eo—

2433 3729 2580 3792 dem
2609 3729 2755 3792 fieri
2785 3729 3072 3792 debeant.
3085 3729 3230 3793 Haec
3261 3729 3532 3793 Thomas
3562 3729 3628 3792 in
3659 3729 3933 3811 Scripto.

2512 3828 2704 3893 Porro
2731 3829 2797 3891 in
2839 3828 3024 3892 tertia
3055 3835 3254 3910 parte,
3287 3827 3636 3910 quaestione
3675 3845 3936 3909 sexage-

2431 3927 2595 3990 sima
2637 3928 2930 4010 septima,
2973 3929 3227 3992 videtur
3261 3925 3446 3989 aliter
3492 3927 3878 4009 respondere
3912 3944 3930 3988 τ

2432 4027 2909 4090 Sacramentum
2946 4026 3223 4108 (dicens)
3258 4025 3566 4108 Baptismi
3604 4025 3930 4107 proecipue
4021 4050 4114 4089 ιιι
4137 4049 4180 4088 e.

2431 4125 2622 4189 habet
2651 4126 2952 4189 virtutem
2989 4144 3068 4188 ex
3105 4124 3330 4198 forma,
3364 4143 3558 4206 quam
3586 4122 3928 4206 Apostolus

2429 4421 2484 4483 si
2515 4421 2730 4503 plures
2759 4419 2952 4483 simul
2981 4419 3375 4502 baptizarent
3401 4420 3720 4482 eumdem.
3740 4419 3928 4482 Nem·

2428 4538 2510 4600 pe
2553 4519 2606 4581 si
2650 4518 2956 4592 dicerent,
2989 4519 3114 4580 Nos
3156 4526 3218 4581 te
3262 4517 3660 4600 baptizamus
3703 4517 3768 4580 in
3811 4536 3926 4580 no-

2430 4616 2600 4679 mine
2657 4617 2877 4691 PatriS,
2927 4623 3074 4690 etc„
3126 4616 3350 4679 dicunt
3406 4617 3690 4698 quidam,
3750 4618 3924 4698 quod

2426 4733 2554 4779 non
2592 4722 2760 4778 esset
2797 4733 2986 4778 verus
3023 4715 3408 4796 BaptismuS,
3440 4715 3593 4796 quia
3629 4733 3752 4778 non
3793 4733 3926 4777 ser-

2423 4821 2680 4876 varetur
2727 4813 2933 4876 forma
2980 4812 3302 4887 Ecclesiae,
3333 4832 3476 4894 quae
3524 4813 3618 4875 sic
3666 4811 3856 4876 habet
3902 4833 3920 4876 :

2425 4913 2554 4994 Ego
2592 4920 2654 4975 te
2692 4912 2944 4994 baptizo
2987 4913 3051 4974 in
3091 4912 3350 4975 nomine
3391 4911 3611 4986 Patris,
3643 4919 3761 4974 etc.
3798 4912 3924 4975 Sed

2422 5010 2543 5075 hoc
2581 5010 2942 5073 excluditur
2981 5030 3095 5092 per
3134 5009 3404 5073 formam
3445 5009 3751 5091 Baptismi
3795 5027 3927 5091 qua

2423 5109 2622 5171 utitur
2651 5109 3012 5173 Graecorum
3049 5109 3353 5171 Ecclesia.
3387 5109 3650 5171 Possent
3681 5109 3926 5171 etenim

2422 5207 2655 5282 dicere,
2687 5208 3049 5290 Baptizetur
3087 5227 3310 5270 servus
3350 5207 3605 5280 Christi,
3637 5206 3761 5270 sub
3795 5227 3926 5290 qua

2422 5305 2628 5370 forma
2668 5306 2868 5371 Graeci
2908 5307 3306 5390 Baptismum
3349 5305 3746 5389 suscipiunt;
3777 5325 3926 5390 quae
