4267 6250
785 514 1104 563 com-amo
1145 514 1290 573 omn
1329 514 1446 573 sir,
1484 514 1562 559 rr
1601 512 1888 571 ououono
1927 512 2231 560 ommi·
2270 512 2353 559 aa
2394 512 2778 572 anm-muz,
2813 511 2943 559 arc.

3292 492 3413 557 457

309 682 724 765 designetur:
750 684 1052 767 quoniam
1083 683 1238 748 facit
1266 700 1382 747 nos
1410 701 1668 765 gemere
1702 700 1816 764 pro
1842 680 1897 743 A
1922 680 2064 744 Alia
2108 689 2227 757 est,
2276 682 2429 764 quia
2486 682 2895 765 compunctio
2952 681 3209 765 proprie
3264 680 3420 745 dicit

85 797 282 847 imvm.
309 781 618 863 peccatis,
650 782 1060 865 postulatque
1095 799 1210 864 pro
1243 781 1428 844 nobis
1465 779 1816 862 gemitibus

309 878 874 942 inenarrabilibus.
899 880 1402 960 RespondemuS,
1425 878 1576 960 quia
1603 879 1704 958 (ut
1728 875 1818 939 ait

305 977 718 1059 Ambrosius)
735 978 1012 1062 Spiritus
1041 978 1310 1040 Sanctus
1343 976 1584 1039 fluvius
1613 984 1730 1049 est,
1751 981 1816 1038 et

305 1083 558 1157 septem
589 1077 757 1139 dona
786 1076 930 1157 ejus
959 1083 1111 1139 sunt
1138 1082 1386 1157 septem
1417 1074 1539 1136 rivi
1571 1074 1711 1155 puri
1740 1092 1814 1136 ac

305 1174 656 1257 splendidi,
689 1182 924 1238 terram
965 1174 1165 1237 nostri
1205 1173 1416 1236 cordis
1455 1171 1810 1253 irrigantes,

303 1282 658 1355 purgantes
697 1292 772 1336 ac
808 1272 1250 1345 fecundantes,
1280 1280 1472 1354 atque
1499 1289 1538 1334 a
1567 1279 1812 1353 septem

306 1372 593 1453 peccatis
633 1370 1012 1435 mortalibus
1045 1370 1488 1443 emundanteS,
1521 1370 1608 1431 ita
1643 1369 1813 1451 quod

306 1478 530 1533 contra
570 1470 1076 1553 unumquodque
1117 1468 1480 1531 mortalium
1510 1468 1814 1531 vitiorum

306 1568 678 1650 specialiter
725 1577 822 1631 est
869 1568 1246 1650 deputatum
1305 1586 1507 1629 unum
1565 1575 1814 1649 septem

306 1667 644 1729 donorum.
701 1666 892 1729 Dolor
945 1674 1160 1729 autem
1209 1667 1288 1728 de
1347 1665 1650 1748 peccatiS,
1702 1664 1812 1747 qui

305 1772 574 1828 vocatur
611 1763 934 1839 contritio,
967 1782 1092 1828 non
1133 1772 1230 1827 est
1265 1764 1630 1847 specialiter
1670 1782 1816 1827 con·

1923 778 2205 843 dolorem
2240 780 2631 862 poenitentiae
2668 781 3020 844 secundum
3058 781 3231 863 quod
3260 799 3419 862 pun-

1921 878 2015 958 git
2054 878 2508 960 poenitentem3
2542 880 2839 943 contritio
2866 897 3019 944 vero
3052 879 3211 943 dicit
3244 896 3420 942 eum·

1923 976 2070 1039 dem
2117 978 2473 1040 secundum
2510 979 2679 1062 quod
2729 987 3059 1061 peccatum
3104 977 3420 1040 annihilat

1923 1074 2219 1137 iteratum
2265 1094 2379 1157 per
2426 1076 2710 1158 singulas
2751 1076 3149 1139 differentias
3186 1075 3415 1158 culpae,

1921 1172 2090 1235 sicut
2119 1172 2187 1235 in
2216 1192 2285 1235 re
2314 1174 2611 1237 exteriori
2641 1173 2720 1236 fit
2748 1175 3044 1238 contritio
3072 1173 3419 1256 corporalis

1922 1290 2036 1335 seu
2075 1269 2325 1347 fracti0,
2360 1273 2615 1353 quando
2656 1271 2735 1335 fit
2770 1272 2934 1335 ictus
2978 1291 3171 1355 super
3208 1272 3421 1353 singu-

1923 1370 2016 1431 las
2043 1369 2187 1451 ejus
2218 1378 2429 1452 partes
2458 1370 2713 1434 divisas.
2736 1371 2869 1434 Meo
2898 1388 3153 1453 quoque
3176 1369 3421 1451 judicio

1923 1488 2090 1530 unus
2139 1477 2204 1531 et
2254 1470 2423 1532 idem
2473 1469 2655 1533 dolor
2701 1470 2769 1532 in
2814 1468 3169 1533 substantia
3213 1476 3423 1551 potest

1923 1585 2064 1630 esse
2101 1567 2343 1631 attritio
2380 1575 2447 1631 et
2480 1568 2799 1641 contritio,
2832 1568 3001 1631 sicut
3038 1567 3207 1631 idem
3246 1568 3313 1630 in
3350 1586 3419 1630 re

1925 1673 2021 1729 est
2063 1666 2227 1729 fides
2264 1666 2559 1730 informis
2597 1675 2662 1730 et
2700 1666 2865 1729 fides
2904 1666 3175 1730 formata
3212 1682 3229 1727 ε
3270 1684 3417 1727 nam

1924 1763 2103 1827 dolor
2131 1764 2243 1846 qui
2274 1782 2402 1827 non
2432 1766 2766 1828 inchoatur
2793 1783 2871 1827 ex
2900 1764 3181 1837 caritate,
3212 1771 3422 1845 potest

307 1870 402 1924 tra
430 1862 696 1946 aliquod
726 1862 1116 1937 eorumdem,
1129 1862 1238 1925 sed
1266 1862 1642 1943 generaliter
1670 1879 1816 1924 con·
1841 1859 1888 1922 B
1927 1878 2005 1922 ex
2049 1860 2309 1923 caritate
2358 1862 2737 1925 continuari.
2780 1861 2937 1924 Puto
2978 1868 3215 1935 tamen,
3248 1861 3418 1943 quod

305 1968 402 2023 tra
432 1960 654 2023 omnia
685 1960 818 2031 illa,
853 1961 984 2024 imo
1011 1961 1314 2024 adversus
1345 1960 1644 2023 universa
1673 1978 1817 2042 pec-

305 2067 444 2121 cata
482 2060 781 2122 mortalia
813 2077 828 2121 :
864 2058 1104 2121 idcirco
1143 2076 1271 2122 non
1316 2057 1575 2140 ponitur
1613 2077 1812 2119 unum

307 2157 588 2240 speciale
617 2158 860 2221 donum
891 2157 1060 2220 inter
1087 2164 1332 2239 septem
1366 2156 1495 2219 illa.
1529 2156 1658 2219 Hoc
1687 2174 1816 2238 poe-

307 2256 628 2319 nitentiali
671 2255 890 2319 dolore
927 2255 1243 2317 scinditur
1275 2272 1385 2318 cor
1421 2254 1812 2336 poenitentis,

311 2362 374 2417 et
429 2355 630 2417 vestis
689 2354 1014 2436 rumpitur
1069 2352 1448 2435 iniquitatiS,
1501 2353 1588 2415 ita
1643 2353 1815 2435 quod

311 2452 522 2514 cordis
565 2449 856 2513 aufertur
893 2449 1149 2523 duritia,
1181 2456 1247 2511 et
1285 2448 1567 2531 palliatio
1611 2449 1816 2530 culpae

310 2569 437 2633 qua
463 2548 760 2631 operitur
787 2556 1102 2631 peccator,
1126 2548 1493 2610 destruitur.
1523 2547 1818 2610 Peccator

309 2664 592 2730 namque
637 2654 736 2709 est
775 2646 1038 2709 omnino
1076 2646 1391 2725 carnalis3
1423 2646 1635 2709 Sancti
1665 2662 1816 2707 vero

311 2746 376 2807 in
422 2744 634 2828 patria
675 2744 939 2807 omnino
983 2752 1132 2807 sunt
1173 2744 1573 2827 spirituales3
1605 2743 1814 2806 devoti

313 2852 526 2906 autem
572 2861 648 2906 ac
697 2842 1079 2925 poenitentes
1129 2842 1196 2904 in
1239 2843 1364 2917 via,
1407 2842 1639 2925 partim
1683 2860 1815 2904 car-

312 2942 602 3022 nalessst
643 2939 878 3023 partim
927 2940 1290 3023 spirituales
1333 2940 1711 3014 consistunt,
1753 2948 1818 3002 et

1927 1958 2239 2022 naturalia
2276 1975 2403 2021 non
2442 1959 2612 2022 fiunt
2645 1960 2955 2041 gratuita3
2986 1959 3097 2022 sed
3134 1958 3419 2022 dolorem

1925 2057 2036 2139 qui
2075 2064 2173 2120 est
2199 2057 2460 2130 attritio,
2492 2076 2619 2121 non
2660 2076 2804 2121 reor
2831 2077 2971 2121 esse
3008 2058 3088 2120 de
3126 2056 3423 2119 naturali-

1925 2156 2068 2230 huS‚
2103 2157 2214 2219 sed
2261 2157 2501 2220 donum
2548 2156 2825 2240 Spiritus
2860 2157 3074 2221 Sancti
3122 2156 3419 2230 informe,

1925 2255 2091 2317 sicut
2131 2262 2231 2318 est
2269 2256 2465 2320 timor
2510 2255 2783 2331 servilis,
2822 2255 2933 2339 qui
2976 2256 3171 2319 etiam
3208 2275 3246 2318 a
3282 2254 3422 2337 qui-

1925 2354 2195 2417 busdam
2226 2354 2463 2417 dicitur
2490 2354 2631 2419 fieri
2666 2355 2948 2418 initialis.
2971 2389 3052 2401 —
3078 2353 3289 2417 Prima
3314 2354 3421 2416 de-

1925 2471 2105 2515 mum
2172 2451 2540 2515 differentia
2608 2454 2775 2516 inter
2842 2453 3289 2517 contritionem
3358 2459 3423 2515 et

1926 2550 2485 2633 compunctionem
2530 2569 2701 2613 nunc
2743 2551 2995 2625 tradita,
3030 2551 3301 2614 babetur
3341 2569 3419 2613 ex

1926 2648 2174 2711 duabus
2232 2648 2471 2712 Glossis
2528 2668 2722 2730 super
2778 2648 2936 2710 illud
2987 2649 3054 2711 in
3101 2648 3349 2712 Psalmo
3398 2666 3414 2712 :

1926 2746 2074 2820 Quae
2121 2746 2333 2810 dicitis
2374 2748 2439 2810 in
2487 2746 2783 2810 cordibus
2832 2747 3084 2822 vestris,
3128 2748 3193 2811 in
3242 2747 3419 2809 cubi-

1928 2843 2098 2907 libus
2136 2846 2365 2909 vestris
2410 2846 2935 2927 compungimini.
2973 2846 3251 2920 Quarum
3294 2865 3421 2908 una

1927 2942 2084 3006 dicit
2124 2961 2141 3006 :
2186 2944 2257 3006 In
2304 2944 2605 3007 cordibus
2642 2944 2869 3007 vestris
2912 2944 3422 3027 compungimini

315 3048 524 3121 potest
567 3039 634 3102 in
684 3039 778 3102 eis
829 3039 1030 3120 magis
1077 3057 1152 3101 ac
1203 3039 1402 3120 magis
1453 3038 1692 3102 conteri
1741 3058 1814 3101 ac
1853 3036 1898 3102 C
1929 3042 2146 3104 dolore
2176 3042 2589 3125 poenitentiae,
2621 3050 2935 3126 quatenus
2970 3043 3272 3127 seipsam
3311 3062 3425 3126 pu-

315 3138 694 3202 mortificari
725 3138 1082 3212 carnalitas,
1112 3137 1296 3218 juxta
1324 3137 1483 3199 illud
1512 3139 1812 3220 Apostoli,

233 3267 288 3304 ιιι,
311 3236 692 3301 Mortificate
737 3236 1027 3299 membra
1067 3243 1299 3311 vestra,
1342 3256 1484 3319 quae
1527 3243 1677 3299 sunt
1718 3256 1819 3299 su-

317 3354 432 3419 per
469 3343 727 3398 terram.
762 3334 984 3416 Hujus
1007 3335 1416 3410 carnalitatis,
1449 3334 1516 3396 id
1553 3343 1652 3397 est
1689 3353 1820 3396 car·

314 3434 478 3498 nalis
513 3433 899 3507 affectionis,
937 3433 1330 3516 exstirpatio,
1364 3441 1462 3496 est
1501 3433 1820 3496 emanatio

315 3533 649 3615 sanguinis
689 3532 802 3615 qui
849 3531 1025 3595 exire
1070 3531 1260 3594 debet
1301 3531 1382 3594 ab
1423 3531 1657 3606 anima,
1697 3531 1820 3594 Au-

314 3631 572 3713 gustino
620 3631 895 3705 dicente,
936 3631 1107 3713 quod
1159 3631 1349 3693 timor
1394 3637 1492 3692 est
1531 3629 1817 3692 carnifex

315 3731 568 3805 animae,
601 3729 714 3810 qui
759 3729 900 3809 ejus
949 3747 1248 3792 excessus
1290 3728 1482 3792 debet
1524 3736 1818 3810 torquere

315 3837 506 3910 atque
546 3826 797 3901 ulcisci,
831 3827 1032 3890 donec
1071 3827 1329 3908 sanguis
1359 3826 1502 3907 ejus
1539 3826 1820 3907 egredia-

316 3934 422 3988 tur
456 3925 540 3988 ab
583 3945 680 3998 ea,
714 3925 779 3988 id
819 3933 916 3988 est
959 3925 1294 3987 carnalitas
1337 3926 1476 4000 ista,
1511 3933 1574 3988 et
1608 3925 1818 3988 omnis

315 4022 630 4086 sensualis
674 4022 952 4086 affectio.
986 4023 1129 4086 Haec
1170 4022 1707 4085 Antisiodorensis
1751 4022 1818 4084 in

319 4122 606 4195 Summa,
639 4121 804 4185 libro
845 4129 1089 4204 quarto.

1927 3140 2112 3203 niens
2160 3141 2375 3204 anima
2420 3151 2904 3224 compungatur,
2945 3162 3027 3206 ne
3070 3142 3137 3204 in
3180 3142 3426 3223 judicio

1928 3239 2040 3301 Dei
2081 3239 2377 3302 damnata
2414 3247 2801 3323 torqueatur.
2834 3241 2975 3303 Alia
3011 3248 3228 3304 autem
3255 3240 3427 3304 Glos-

1927 3356 1996 3399 sa
2026 3337 2120 3399 sic
2151 3336 2342 3399 babet
2373 3354 2387 3399 z
2424 3337 2966 3419 compungimini,
2999 3339 3063 3401 id
3092 3345 3209 3412 est,
3242 3338 3424 3421 quasi

1927 3434 2315 3517 quibusdam
2359 3435 2637 3497 stimulis
2680 3436 2949 3498 excitate
2992 3454 3125 3510 νος,
3158 3454 3288 3499 non
3331 3454 3425 3499 so-

1928 3533 2062 3595 lum
2106 3550 2221 3615 pro
2261 3541 2667 3614 peccatorum
2708 3534 2947 3608 dolore,
2980 3535 3090 3596 sed
3128 3535 3301 3597 etad
3331 3535 3423 3597 vi·

1927 3631 2207 3693 dendum
2271 3630 2478 3692 lucem
2531 3630 2804 3709 Christi3
2854 3649 2981 3694 non
3038 3632 3245 3695 solum
3308 3651 3424 3714 pro

1927 3729 2169 3810 irriguo
2207 3728 2519 3802 inferiori,
2553 3729 2661 3790 sed
2706 3737 2771 3791 et
2808 3747 2924 3811 pro
2961 3728 3197 3810 irriguo
3240 3749 3426 3812 supe-

1927 3828 2102 3902 riori,
2151 3834 2465 3910 quatenus
2525 3827 2947 3891 invisibilium
2996 3844 3210 3891 amore
3258 3828 3425 3891 inar-

1926 3926 2219 3988 descatis.
2270 3926 2723 3989 Verumtamen
2772 3945 2975 3988 unum
3027 3926 3257 3989 borum
3308 3944 3425 4009 pro

1927 4024 2053 4087 alio
2095 4023 2465 4105 frequenter
2504 4023 2837 4105 accipitur.

2007 4121 2327 4185 Definitur
2366 4138 2623 4203 quoque
2668 4120 2964 4184 contritio
3006 4122 3092 4184 ita
3140 4141 3425 4186 commu-

393 4221 473 4284 At
519 4239 674 4285 vero
720 4221 1016 4284 Albertus
1065 4219 1354 4301 inquirit,
1407 4220 1682 4302 qualiter
1727 4220 1818 4282 di·
1847 4220 1898 4281 D
1928 4220 2095 4284 niter
2128 4239 2143 4282 :
2178 4219 2485 4284 Contritio
2526 4227 2625 4284 est
2661 4220 2842 4283 dolor
2876 4221 3269 4285 voluntarius
3309 4241 3425 4304 pro

315 4320 724 4402 stinguantur
760 4318 1078 4391 contritio,
1111 4319 1370 4393 attritio,
1403 4327 1467 4382 et
1511 4337 1818 4401 compun-

319 4419 476 4498 ctio;
497 4425 566 4481 et
593 4426 810 4479 utrum
838 4416 1078 4480 attritio
1106 4416 1250 4480 fieri
1284 4425 1474 4499 queat
1503 4417 1812 4480 contritio.

317 4515 679 4600 Respondet
729 4533 744 4576 ε
794 4515 1344 4589 Quemadmodum
1393 4517 1820 4578 communiter

319 4616 576 4689 dicitur,
613 4613 854 4677 attritio
889 4622 986 4677 est
1015 4615 1195 4678 dolor
1229 4615 1307 4677 de
1347 4615 1646 4696 peccatiS,
1689 4633 1816 4678 non

321 4714 672 4796 procedens
713 4731 792 4774 ex
830 4713 1090 4776 caritate
1137 4720 1202 4776 et
1243 4713 1478 4794 gratia3
1523 4713 1819 4776 contritio

320 4831 472 4876 vero
509 4811 693 4875 dolor
720 4812 800 4874 de
838 4813 1136 4894 peccatiS,
1171 4831 1249 4875 ex
1287 4811 1546 4875 caritate
1583 4819 1648 4874 et
1684 4831 1820 4893 gra-

320 4911 408 4974 tia
451 4909 802 4992 profluens.
847 4909 1268 4991 compunctio
1311 4919 1524 4973 autem
1567 4911 1819 4973 videtur

319 5027 458 5071 esse
491 5009 557 5070 in
585 5008 735 5091 plus
764 5026 956 5089 quam
989 5009 1308 5082 contritio,
1335 5009 1489 5091 quia
1516 5017 1612 5072 est
1639 5009 1819 5072 dolor

319 5116 450 5171 tam
479 5125 598 5191 pro
628 5106 927 5190 peccatis,
961 5126 1154 5189 quam
1185 5127 1263 5170 ex
1293 5109 1478 5172 taedio
1509 5107 1818 5171 incolatus

322 5206 516 5289 hujus
553 5205 788 5280 exsilii,
831 5224 945 5269 seu
979 5205 1297 5268 desiderio
1332 5213 1582 5270 aeternae
1618 5206 1819 5269 felici-

319 5305 500 5384 tatis3
545 5313 610 5366 et
659 5305 794 5367 haec
842 5311 939 5366 est
986 5325 1112 5368 una
1158 5304 1526 5368 differentia
1571 5324 1810 5368 earum.

1926 4321 2229 4403 peccatiS,
2262 4337 2517 4402 semper
2548 4320 2821 4402 puniens
2854 4320 2919 4382 in
2949 4339 3017 4382 se
3048 4321 3217 4403 quod
3256 4322 3427 4385 dolet

1927 4438 1995 4482 se
2039 4418 2459 4482 commisisse.
2496 4418 2773 4482 Isidorus
2812 4437 2962 4482 vero
3010 4418 3239 4483 definit
3280 4421 3373 4483 sic
3408 4439 3423 4483 z

1927 4517 2236 4580 Contritio
2292 4525 2391 4578 est
2436 4517 2847 4598 compunctio
2892 4517 2971 4580 de
3023 4519 3303 4600 peccatis
3350 4537 3427 4582 ex

1925 4617 2157 4678 timore
2183 4615 2433 4696 judieii.
2466 4615 2590 4678 Alii
2633 4634 2783 4678 vero
2814 4615 2907 4678 sic
2938 4633 2953 4678 ε
2988 4616 3295 4681 Contritio
3332 4626 3427 4680 est

1927 4715 2104 4776 dolor
2152 4732 2301 4776 cum
2362 4713 2664 4787 lacrimiS‚
2716 4733 2795 4776 ex
2842 4715 3276 4778 recordatione
3324 4735 3428 4779 ve-

1927 4812 2109 4875 niens
2152 4819 2577 4893 peccatorum.
2606 4812 2755 4886 Quae
2796 4829 3021 4875 omnes
3058 4813 3427 4896 descriptio·

1927 4930 2040 4973 nes
2092 4918 2242 4972 sunt
2301 4908 2500 4973 bonae.
2551 4909 2709 4973 Nam
2760 4910 3054 4992 quamvis
3113 4919 3239 4974 tres
3298 4913 3429 4976 sint

1927 5016 2136 5091 partes
2182 5007 2591 5090 poenitentiae,
2623 5015 2904 5070 attamen
2943 5027 3083 5071 esse
3114 5010 3425 5090 poeniten-

1926 5109 2029 5172 tiae
2058 5107 2339 5169 salvatur
2369 5106 2698 5188 potissime
2728 5107 2795 5168 in
2828 5107 3037 5188 prima
3065 5115 3263 5190 parte,
3282 5128 3425 5191 quae

1925 5213 2022 5268 est
2051 5203 2371 5278 contriti0,
2396 5205 2697 5285 quoniam
2730 5204 2895 5266 banc
2924 5204 3257 5268 actualiter
3286 5226 3425 5271 esse

1927 5311 2176 5386 oportet
2207 5303 2273 5365 in
2302 5301 2475 5365 omni
2510 5302 2913 5384 poenitentia3
2936 5303 3074 5368 aliae
3105 5322 3255 5368 vero
3284 5307 3425 5371 duae

3470 2760 3551 2805 1²2.
3564 2774 3623 2813 nt,
3638 2763 3680 2804 ⁵.
