4267 6250
505 2952 771 3005 Prou.v1.30,

506 3018 573 3058 32.

809 479 930 545 410

1458 500 1524 547 m
1563 499 1786 548 amam!
1827 501 1888 549 IV
1931 499 2414 548 smrfflnnuu.
2455 518 2535 529 --
2574 500 2731 548 ms'r.
2772 500 2895 565 xv;
2938 501 3165 558 QUAEST.
3204 502 3269 549 lv

806 675 931 733 test
989 690 1130 735 esse
1186 691 1223 734 a
1283 673 1680 737 restitutione
1742 673 2072 748 immuniS,
2135 672 2304 735 sicut
2329 672 2381 735 A
2407 673 2505 754 gis
2554 692 2746 755 quam
2796 673 3203 749 adulterium,
3250 681 3322 736 ut
3364 672 3640 746 videtur,
3684 671 3913 736 saltem

807 767 968 831 fatui
1016 770 1276 852 quidam
1324 771 1664 834 absolvunt
1709 772 1888 845 tales,
1921 789 2049 834 non
2096 778 2303 835 osten-

806 867 1029 930 dentes
1058 868 1150 931 eis
1180 870 1647 933 restitutionem
1680 889 1796 952 pro
1824 870 2171 934 homicidio
2207 870 2300 933 eis

807 965 1310 1043 incumbentem,
1346 969 1526 1052 quasi
1568 969 1820 1031 facilius
1849 968 2052 1051 possit
2078 968 2302 1031 transi-

807 1083 875 1127 re
906 1064 1244 1141 homicida,
1280 1086 1470 1150 quam
1498 1067 1602 1147 (ut
1627 1066 1716 1129 ita
1749 1067 1987 1147 dicam)
2013 1066 2303 1130 canicida

805 1171 913 1225 aut
943 1162 1236 1228 bovicida
1271 1183 1284 1227 ε
1317 1166 1618 1248 quoniam
1651 1166 1762 1248 qui
1794 1165 2023 1229 bovem
2061 1174 2173 1229 aut
2202 1184 2301 1228 ca-

807 1279 954 1323 nem
991 1263 1254 1327 alterius
1291 1264 1573 1346 perimit,
1606 1282 1736 1326 non
1774 1263 2125 1327 absolvitur
2164 1264 2301 1328 sine

806 1359 1223 1424 restitutione.
1257 1361 1433 1435 Quod
1477 1364 1531 1425 si
1575 1360 1949 1425 interfectus
1997 1368 2305 1426 sustenta-

802 1456 898 1520 vit
927 1460 1236 1541 quosdam
1267 1460 1678 1543 propinquOS,
1703 1468 1774 1522 ut
1804 1468 2120 1543 parenteS,
2154 1478 2305 1523 uxo-

803 1574 938 1618 rem
988 1563 1098 1619 aut
1143 1557 1336 1633 filios,
1391 1558 1761 1621 interfector
1817 1558 2118 1622 omnibus
2173 1558 2301 1623 illis

802 1660 1057 1717 tenetur
1100 1656 1180 1718 ad
1237 1656 1726 1732 restitutionem,
1779 1664 2088 1739 quantum
2145 1656 2300 1739 ipsis

803 1753 1068 1817 abstulit
1132 1774 1247 1837 per
1315 1756 1488 1819 illius
1555 1756 1962 1833 occisionem.
2019 1792 2100 1801 —
2154 1755 2299 1819 Haec

805 1853 1051 1916 ScotuS.

885 1951 1000 2025 Qui
1035 1951 1238 2014 multa
1274 1952 1500 2015 scribit
1537 1954 1616 2015 de
1655 1953 1777 2026 his,
1811 1951 2028 2015 nescio
2055 1972 2136 2015 an
2168 1960 2296 2015 tam

805 2050 1146 2131 sapienter,
1181 2070 1372 2132 quam
1415 2052 1738 2113 audenter.
1773 2051 2018 2134 Nempe
2054 2051 2301 2133 simpli-

803 2146 963 2209 citer
992 2147 1217 2210 asserit
1243 2155 1308 2210 et
1336 2148 1663 2211 evidenter
1695 2148 1940 2222 fatetur,
1955 2167 2024 2211 se
2052 2166 2181 2211 non
2210 2148 2300 2210 vi-

801 2245 952 2308 dere
990 2246 1162 2327 quod
1203 2246 1304 2308 lex
1332 2246 1546 2329 aliqua
1571 2246 1743 2328 justa
1771 2246 1976 2328 potuit
2005 2248 2299 2309 ordinare

801 2344 1128 2408 hominem
1178 2363 1294 2429 pro
1351 2347 1485 2410 solo
1533 2346 1703 2409 furto
1759 2346 1984 2409 occidi.
2038 2346 2116 2409 Et
2163 2355 2300 2410 esto

797 2443 1066 2525 (inquit)
1111 2445 1281 2527 quod
1325 2444 1557 2509 Judaeis
1618 2445 1904 2508 licuisset
1962 2462 2076 2528 pro
2125 2445 2298 2508 furto

800 2542 1112 2617 occidere,
1152 2544 1321 2625 rigor
1359 2543 1478 2606 iste
1512 2544 1725 2627 potius
1766 2552 2096 2607 revocatus
2127 2552 2299 2608 esset

801 2661 916 2723 per
952 2642 1384 2723 evangelicam
1433 2642 1734 2725 pietatem
1781 2643 1859 2705 de
1907 2640 2068 2718 fure,
2101 2662 2297 2726 quam

800 2741 880 2803 de
923 2741 1259 2805 adultero:
1293 2740 1459 2803 sicut
1499 2750 1562 2803 et
1604 2741 1848 2803 furtum
1897 2742 2110 2805 minus
2156 2761 2300 2824 pee-

802 2846 1015 2901 catum
1066 2847 1164 2902 est
1209 2858 1399 2921 quam
1450 2839 1858 2913 adulterium,
1909 2839 2090 2920 juxta
2138 2840 2295 2902 illud

801 2936 1288 3001 Proverbiorum
1353 2954 1366 2999 :
1425 2937 1564 3000 Non
1617 2937 1874 3018 grandis
1931 2944 2028 3000 est
2083 2938 2295 3020 culpa,

2408 770 2477 833 in
2509 771 2802 853 pluribus
2832 772 3021 835 terris
3053 790 3068 836 :
3102 772 3415 855 sequitur,
3447 772 3617 855 quod
3664 771 3914 833 furtum

2407 887 2533 933 non
2564 869 2878 933 immerito
2906 870 3170 953 punitur
3197 871 3551 953 suspendio.
3565 871 3699 933 Imo
3726 869 3918 933 etiam

2408 969 2763 1031 seeundum
2791 968 2939 1050 jura
2968 968 3521 1043 canonica,minus
3551 976 3916 1051 peccatum,

2408 1073 2481 1127 ut
2522 1066 2972 1140 uxoricidium,
3016 1068 3282 1149 punitur
3327 1066 3681 1130 districtius
3716 1086 3917 1150 quam

2410 1164 2866 1238 matricidium,
2918 1182 2994 1228 eo
3042 1166 3211 1247 quod
3260 1166 3555 1229 homines
3601 1183 3729 1229 non
3780 1165 3921 1228 sint

2409 1263 2596 1345 proni
2628 1263 2917 1326 occidere
2958 1271 3252 1338 matrem,
3286 1262 3453 1326 sicut
3486 1281 3771 1327 uxorem.
3806 1263 3919 1326 Sic

2408 1368 2472 1423 et
2502 1360 2709 1442 major
2737 1360 3113 1443 poenitentia
3143 1360 3498 1443 imponitur
3524 1361 3917 1425 adolescenti

2408 1478 2526 1541 pro
2576 1458 2995 1523 fornicatione
3044 1479 3239 1542 quam
3286 1459 3450 1535 seni,
3488 1467 3560 1521 ut
3610 1457 3775 1523 infra
3821 1460 3921 1522 di-

2409 1565 2606 1621 cetur.
3458 1566 3463 1569 '

2488 1656 2755 1739 Insuper
2803 1655 2977 1720 addit
3024 1656 3247 1720 Scotus
3290 1674 3305 1718 :
3347 1657 3464 1719 Pro
3513 1656 3919 1721 mutilatione

2410 1754 2659 1817 enormi
2690 1762 2755 1817 et
2782 1772 2911 1818 non
2940 1754 3211 1828 enormi,
3246 1771 3374 1817 non
3404 1762 3502 1818 est
3530 1754 3597 1816 in
3627 1754 3918 1818 Ecclesia

2335 1856 2383 1919 B
2411 1853 2728 1916 restitutio
2787 1853 3077 1916 instituta
3131 1854 3258 1917 nisi
3318 1850 3708 1936 pecuniaria,
3768 1872 3918 1935 quae

2410 1952 2906 2034 correspondet-e
2934 1951 3128 2014 debet
3154 1970 3281 2015 non
3312 1952 3511 2014 solum
3540 1952 3767 2015 damno
3796 1971 3917 2035 per

2410 2050 2875 2114 mutilationem
2911 2068 3026 2132 pro
3055 2058 3345 2133 tempore
3374 2057 3508 2115 toto
3536 2050 3754 2114 futuro
3782 2069 3917 2134 quo

2408 2168 2642 2212 usurus
2674 2149 2819 2231 quis
2848 2158 3018 2212 esset
3048 2148 3338 2213 membro
3367 2149 3673 2223 abscisso,
3704 2150 3817 2212 sed
3848 2158 3917 2213 et

2408 2246 2705 2329 expensis
2752 2247 3063 2330 appositis
3115 2248 3181 2309 in
3227 2247 3595 2327 curatione3
3636 2255 3701 2310 et
3744 2247 3915 2310 ultra

2406 2346 2543 2409 haec
2585 2347 2780 2410 etiam
2820 2346 3162 2429 placationi
3203 2347 3405 2429 ipsius
3450 2346 3605 2424 laesi,
3637 2366 3779 2430 quae
3816 2366 3916 2410 re-

2406 2444 2789 2527 quireretur,
2841 2446 3135 2528 quamvis
3192 2463 3321 2509 non
3370 2453 3536 2508 esset
3588 2445 3913 2509 mutilatio

2406 2542 2589 2605 talis:
2616 2544 2745 2606 imo
2772 2551 2837 2605 et
2866 2542 3279 2607 consolationi
3311 2542 3563 2617 afflicti,
3594 2543 3745 2627 quia
3775 2563 3917 2627 per-

2408 2649 2601 2723 petua
2629 2649 2726 2704 est
2754 2640 2878 2703 sibi
2910 2641 3216 2705 desolatio
3244 2642 3325 2704 de
3353 2642 3462 2704 tali
3494 2641 3909 2705 mutilatione.

2406 2740 2551 2802 Plus
2594 2740 2787 2802 etiam
2830 2740 3237 2822 ponderanda
3274 2748 3373 2803 est
3412 2740 3718 2804 desolatio
3759 2760 3915 2822 pau—

2407 2837 2578 2919 peris
2610 2856 2801 2919 quam
2843 2836 3084 2911 divitis,
3117 2837 3171 2899 si
3218 2838 3419 2918 magis
3456 2837 3681 2918 egebat
3715 2857 3917 2902 mem·

2406 2933 2522 2998 bro
2567 2933 2853 2999 abscisso
2893 2936 2972 2998 ad
3015 2936 3258 2999 victum
3308 2936 3739 2999 necessarium
3784 2936 3913 2999 sibi

801 3054 1002 3117 quum
1035 3035 1179 3116 quis
1208 3035 1454 3098 furatus
1483 3034 1716 3115 fuerit;
1749 3035 1998 3097 furatur
2027 3036 2201 3098 enim
2228 3044 2301 3098 ut
2329 3036 2373 3101 C
2406 3050 2479 3094 ac
2510 3032 2666 3106 suis,
2700 3034 2995 3115 quamvis
3026 3052 3105 3096 ex
3134 3033 3257 3095 alia
3286 3040 3463 3115 parte
3503 3034 3915 3116 ponderanda

801 3135 1188 3198 esurientem
1247 3135 1490 3216 repleat
1544 3134 1844 3197 animam.
1907 3134 2024 3208 Qui
2084 3143 2297 3198 autem

798 3233 1046 3297 adulter
1076 3241 1192 3307 est,
1227 3241 1484 3316 propter
1513 3233 1720 3297 cordis
1763 3233 2046 3316 inopiam
2076 3234 2302 3316 perdet

797 3332 1076 3395 animam
1115 3349 1318 3406 suam,
1352 3331 1416 3394 id
1455 3339 1571 3405 est,
1605 3332 1798 3395 vitam
1844 3332 2114 3405 amittet,
2150 3332 2300 3415 quia

797 3428 1183 3511 lapidabitur
1227 3429 1413 3511 juxta
1459 3429 1682 3511 legem.
1725 3465 1805 3475 —
1841 3430 2296 3494 Verumtamen

797 3527 896 3590 his
928 3526 1124 3608 objici
1157 3535 1392 3609 posset,
1428 3528 1580 3610 quia
1609 3528 1672 3590 in
1705 3528 1988 3590 Ecclesia
2020 3527 2130 3591 Dei
2163 3528 2300 3590 fue-

796 3632 948 3688 runt
993 3625 1071 3688 de
1120 3625 1324 3706 gratia
1373 3626 1483 3689 Dei
1534 3626 1729 3708 aliqui
1781 3625 1982 3689 sancti
2032 3633 2096 3688 et
2139 3626 2297 3706 justi

798 3724 1234 3807 imperatoreS,
1268 3724 1600 3807 multoque
1651 3724 1864 3806 plures
1909 3723 2298 3786 sanctissimi

798 3822 1034 3886 summi
1065 3822 1428 3898 PontificeS,
1463 3823 1574 3905 qui
1615 3823 1724 3885 Dei
1756 3822 2062 3886 honorem
2097 3823 2297 3903 magis

797 3939 989 4003 quam
1021 3921 1372 4002 temporale
1404 3921 1809 3984 commodum
1843 3921 2295 4000 intenderunt3

797 4026 1110 4082 ettamen
1155 4019 1370 4081 nullus
1419 4037 1641 4083 eorum
1683 4019 1981 4093 instituit,
2017 4019 2189 4082 furta
2236 4027 2300 4082 et

795 4116 1108 4180 adulteria
1146 4117 1360 4200 puniri
1400 4117 1582 4198 juxta
1621 4136 1987 4180 mensuram
2025 4118 2301 4181 enormi-

2406 3131 2491 3194 sit
2520 3131 2800 3194 conditio
2830 3150 2943 3194 seu
2975 3131 3248 3214 dignitas
3276 3132 3515 3196 divitis.
3538 3133 3684 3198 Haec
3713 3134 3908 3197 idem.

2487 3230 2793 3293 Praeterea
2820 3231 2899 3292 de
2941 3229 3041 3293 his
3072 3248 3200 3293 non
3240 3231 3367 3294 nisi
3408 3250 3727 3313 perpauca
3756 3233 3913 3296 scri-

2406 3328 2503 3391 bit
2538 3329 2997 3392 Bonaventura.
3047 3328 3127 3390 Et
3166 3329 3245 3392 ad
3287 3331 3431 3404 hoc,
3468 3337 3682 3393 utrum
3728 3331 3913 3394 resti-

2405 3426 2568 3489 tutio
2598 3426 2681 3488 sit
2707 3445 2853 3509 pars
2882 3425 3353 3502 satisfactioniS,
3373 3428 3713 3510 respondet
3742 3429 3915 3492 sicut

2405 3544 2483 3589 ex
2516 3525 2695 3588 Petro
2736 3524 3070 3588 inductum
3110 3533 3224 3588 est.
3258 3525 3347 3588 De
3380 3526 3520 3609 ipsa
3547 3545 3700 3590 vero
3730 3529 3917 3592 resti·
3984 3560 4045 3602 p.
4070 3553 4157 3594 ωε
4178 3554 4235 3596 A.

2404 3623 2651 3686 tutione
2703 3623 2949 3705 quaerit,
2984 3631 3203 3686 utrum
3246 3625 3325 3687 de
3370 3625 3535 3688 male
3578 3627 3917 3708 acquisitis

2407 3721 2609 3805 possit
2636 3722 3039 3805 eleemosyna
3068 3723 3171 3786 vel
3201 3722 3431 3786 debeat
3460 3711 3775 3788 restitutio
3804 3725 3921 3788 fie-

2406 3820 2481 3882 ri.
2517 3820 2878 3903 Respondet
2912 3838 2926 3882 :
2960 3820 3257 3894 Quaedam
3302 3830 3455 3884 sunt
3494 3823 3659 3886 male
3696 3825 3919 3907 acqui-

2406 3919 2527 3980 sita
2579 3918 2643 3980 in
2704 3918 2941 4001 quibus
2997 3918 3379 3983 transfertur
3424 3920 3805 3996 dominium,
3852 3931 3919 3986 et

2408 4034 2533 4079 non
2583 4016 2891 4097 competit
2938 4017 3280 4099 repetitio;
3331 4026 3397 4081 et
3442 4018 3594 4081 talia
3639 4036 3769 4082 non
3818 4029 3919 4083 est

2407 4133 2669 4178 necesse
2698 4114 2971 4190 restitui,
3002 4123 3066 4179 et
3108 4125 3379 4198 possunt
3418 4117 3589 4180 licite
3622 4117 3913 4194 retineri,

795 4216 942 4278 tatis
983 4234 1228 4290 eorum,
1265 4215 1350 4277 ita
1395 4222 1466 4276 ut
1503 4215 1750 4278 adulter
1788 4223 1963 4278 tanto
2002 4217 2147 4299 plus
2187 4237 2300 4299 pu·
2328 4219 2377 4281 D
2409 4222 2481 4276 ut
2510 4215 2761 4276 lucrum
2792 4214 3122 4279 histrionis
3155 4215 3565 4298 pretiumque
3594 4216 3917 4299 prostibu-

796 4313 1010 4376 niatur
1057 4332 1250 4395 quam
1300 4313 1425 4388 fur,
1460 4319 1699 4395 quanto
1745 4313 2001 4394 gravius
2051 4315 2297 4377 crimen

797 4419 894 4474 est
937 4411 1324 4474 adulterium
1368 4431 1560 4494 quam
1604 4410 1871 4486 furtum,
1904 4419 1968 4473 et
2010 4419 2076 4473 ut
2121 4413 2299 4475 adul-

798 4508 918 4572 teri
951 4509 1164 4591 potius
1194 4509 1567 4573 occidantur
1597 4528 1787 4592 quam
1821 4508 2012 4572 fures.
2048 4510 2298 4573 Pericu-

800 4607 1006 4670 losum
1048 4625 1305 4689 quoque
1343 4607 1596 4670 videtur
1635 4625 1939 4683 asserere,
1973 4610 2143 4690 quod
2185 4625 2298 4690 pro

799 4706 935 4769 solo
967 4705 1138 4769 furto
1167 4723 1295 4768 non
1327 4705 1533 4768 valeat
1571 4724 1760 4788 poena
1788 4707 2011 4769 mortis
2053 4706 2293 4770 inferri.

799 4805 1080 4887 Denique
1114 4805 1281 4886 leges
1311 4812 1375 4866 et
1405 4803 1741 4886 plebiscita
1770 4812 1938 4867 recte
1967 4805 2303 4868 instituun-

797 4911 904 4965 tur
931 4903 1286 4966 secundum
1329 4902 1712 4984 exigentiam
1747 4902 1898 4965 finis
1929 4920 2172 4966 eorum.
2210 4904 2302 4966 Fi-

799 5000 900 5062 nis
929 5007 1143 5063 autem
1175 5001 1338 5081 juris
1379 4999 1590 5063 civilis
1627 5009 1724 5063 est
1763 5001 2161 5063 conversatio
2194 5000 2303 5064 ho-

801 5096 1049 5159 minum
1081 5098 1159 5160 ad
1190 5097 1469 5161 invicem
1508 5097 1780 5180 pacifica
1819 5105 1882 5160 et
1915 5098 2151 5180 quieta.
2188 5098 2302 5162 Cui

801 5195 922 5258 fini
973 5215 1173 5278 quum
1228 5195 1472 5258 furtum
1532 5196 1853 5279 praecipue
1908 5197 2301 5271 adverset-ur,

807 5294 929 5356 nisi
975 5295 1439 5376 rigorosissime
1483 5294 1965 5370 exterminetur,
1999 5294 2130 5359 imo
2176 5313 2304 5357 ma-

2409 4313 2474 4374 li.
2511 4312 2589 4373 Et
2629 4312 2781 4374 talia
2822 4323 3089 4395 possunt
3131 4315 3197 4377 in
3240 4315 3710 4400 eleemosynam
3750 4317 3913 4392 dari,

2410 4411 2519 4474 sed
2553 4409 2921 4491 recipienda
2958 4429 3086 4474 non
3116 4420 3263 4475 sunt
3305 4413 3372 4477 in
3412 4413 3825 4490 oblationem,
3858 4417 3913 4478 si

2410 4509 2493 4571 sit
2522 4507 2857 4591 publicum
2898 4509 3165 4585 crimen,
3198 4519 3459 4594 propter
3487 4512 3793 4575 honorem
3824 4513 3914 4575 al-

2409 4608 2563 4669 taris
2615 4614 2680 4670 et
2737 4607 3176 4671 confusionem
3238 4611 3507 4691 peccati,
3562 4617 3633 4672 ut
3688 4611 3915 4693 resipi-

2410 4713 2609 4768 scant.
2642 4706 2803 4767 Hinc
2835 4706 2900 4768 in
2932 4707 3423 4770 Deuteronomio
3459 4707 3693 4790 legitur
3726 4725 3742 4771 ε
3774 4709 3914 4773 Non
3950 4735 4267 4792 ventam,

2408 4803 2643 4868 offeres
2675 4804 3027 4867 mercedem
3058 4805 3408 4887 prostibuli.
3442 4807 3735 4880 Quaedam
3764 4814 3917 4870 sunt
3954 4801 4033 4842 ¹⁸·

2413 4903 2477 4964 in
2527 4902 2764 4984 quibus
2812 4920 2938 4964 non
2987 4902 3368 4966 transfertur
3412 4905 3799 4980 dominium,
3852 4914 3917 4969 et

2413 5001 2720 5083 competit
2758 5001 3077 5083 repetitio,
3107 5009 3179 5063 ut
3224 5001 3289 5064 in
3331 5001 3507 5066 furto
3548 5010 3615 5066 et
3652 5004 3914 5086 rapina3

2412 5105 2479 5160 et
2515 5098 2593 5160 de
2632 5097 2868 5161 talibus
2907 5115 3034 5161 non
3076 5105 3283 5181 potest
3318 5098 3555 5163 oblatio
3592 5099 3764 5176 fieri,
3792 5119 3916 5164 nec

2414 5195 2837 5278 eleemosyna,
2870 5197 2980 5258 sed
3024 5196 3339 5260 restitutio
3380 5197 3527 5260 fieri
3570 5197 3779 5261 debet.
3812 5199 3919 5260 At-

2418 5313 2541 5376 que
2580 5293 2659 5356 ad
2697 5293 2819 5356 hoo
2857 5312 3059 5375 genus
3098 5295 3491 5357 reducuntur
3516 5295 3735 5358 omnia
3772 5316 3917 5379 quae
