4267 6250
823 475 947 541 562
1738 496 1914 543 Lmen
1954 496 2017 542 iv
2057 494 2541 543 sumn-‚urinum
2584 514 2666 525 -
2705 495 2860 543 msr.
2901 494 3008 542 xxi

2109 713 2183 778 C.
2230 718 2618 791 oppositio.

952 929 1079 993 Hic
1108 928 1305 1010 objici
1342 930 1559 1012 potest
1592 949 1606 991 :
1641 930 1698 993 si
1727 947 1844 1011 per
1880 930 2159 1011 lignum,
2201 930 2476 1010 foenum,
2511 928 2851 1011 stipulam,
2881 927 3166 992 venialia
3200 926 3659 1008 intelliguntur
3698 943 3934 1007 pecca-

821 1047 919 1127 ta;
950 1045 1017 1108 et
1052 1044 1275 1109 nullus
1310 1047 1473 1109 adeo
1503 1046 1831 1127 perfectus
1860 1047 1959 1109 est
1988 1046 2105 1127 qui
2139 1046 2478 1111 venialiter
2503 1063 2637 1110 non
2666 1045 2890 1126 peccet
2922 1063 2937 1105 ε
2972 1060 3126 1127 ergo
3155 1044 3270 1125 qui
3308 1038 3636 1107 aedificant
3661 1059 3927 1121 aurum,

797 1163 1165 1243 >argentum
1213 1163 1279 1227 et
1321 1162 1609 1243 lapidem
1657 1163 2046 1244 pretiosum,
2096 1163 2424 1228 aedificant
2472 1163 2671 1226 etiam
2719 1162 3000 1243 lignum,
3048 1160 3322 1241 foenum,
3367 1158 3684 1241 stipulam
3719 1178 3734 1219 :
3771 1174 3930 1239 ergo

821 1294 938 1359 per
984 1278 1205 1361 ignem
1254 1277 1645 1341 transibunt.
1686 1277 1791 1341 Ad
1846 1278 2024 1359 quod
2069 1254 2378 1358 dicimus,
2431 1278 2589 1360 quia
2640 1295 2773 1342 non
2831 1276 3050 1341 omnis
3105 1276 3220 1357 qui
3279 1275 3621 1339 venialiter
3674 1276 3926 1356 peccat,

823 1391 1102 1473 lignum,
1144 1392 1417 1473 foenum,
1461 1394 1775 1475 stipulam
1823 1389 2103 1458 aedificat
2148 1414 2162 1455 :
2209 1396 2382 1458 sicut
2425 1411 2803 1473 econverso,
2843 1410 2976 1457 non
3022 1392 3240 1456 omnis
3283 1392 3400 1473 qui
3445 1390 3932 1471 contemplatur

528 1526 799 1572 atomum.
822 1508 1039 1571 Deum
1080 1510 1145 1573 et
1180 1509 1397 1591 diligit
1431 1510 1812 1591 proximum
1851 1512 1917 1574 et
1957 1527 2156 1591 opera
2194 1510 2367 1573 bona
2403 1510 2582 1590 facit,
2619 1509 2898 1574 aedificat
2933 1526 3193 1587 aurum,
3237 1508 3606 1588 argentum,
3638 1506 3928 1588 lapidem

526 1592 573 1635 in
590 1591 605 1634 1
620 1589 719 1633 Cor.
736 1603 777 1633 ιιι

530 1656 597 1697 ¹2.

552 2107 569 2151 1
596 2107 686 2153 Cor

528 2174 598 2216 32.

552 2464 667 2509 loia.
696 2467 765 2511 23.

524 4997 583 5037 iv,
600 4995 640 5027 c.
661 4984 727 5026 ³⁹.

782 1620 795 1641 ἱ

822 1626 1220 1707 pretiosum;
1261 1628 1327 1690 et
1362 1628 1583 1690 tamen
1627 1626 1695 1689 in
1722 1644 1898 1699 ,auro
1938 1626 2330 1707 intelligitur
2363 1626 2830 1708 contemplatio
2867 1626 3015 1705 Dei,
3046 1626 3115 1688 in
3153 1624 3422 1705 argento
3458 1622 3723 1686 dilectio
3765 1640 3927 1704 pro-

823 1741 1014 1822 ximi,
1048 1743 1117 1804 in
1152 1742 1369 1824 lapide
1408 1742 1696 1825 pretioso
1743 1741 1917 1805 bona
1954 1760 2173 1824 opera.
2215 1742 2345 1807 Sed
2387 1742 2488 1805 illi
2535 1743 2650 1824 qui
2696 1742 3023 1805 aedificant
3066 1741 3345 1821 lignum,
3390 1738 3666 1818 foenum,
3705 1739 3926 1820 stipu-

821 1858 979 1938 lam,
1011 1859 1227 1921 Deum
1272 1859 1797 1940 contemplantur
1835 1861 1901 1923 et
1938 1860 2319 1941 proximum
2363 1858 2648 1940 diligunt
2683 1860 2748 1923 et
2785 1876 2982 1940 opera
3017 1858 3190 1921 bona
3227 1856 3500 1935 faciunt,
3541 1872 3662 1918 nec
3702 1856 3924 1918 tamen

809 1975 1147 2039 -aedificant
1185 1992 1421 2038 aurum
1455 1976 1521 2039 et
1556 1976 1899 2056 argentum
1940 1978 2007 2039 et
2041 1976 2330 2057 lapidem
2367 1975 2754 2057 pretiosum.
2788 1976 2948 2039 Haec
2985 1976 3163 2038 enim
3203 1968 3484 2037 aedificat
3523 1972 3639 2052 qui
3675 1972 3774 2035 sic
3810 1972 3927 2034 illa

688 2121 793 2159 au,
822 2089 948 2151 tria
988 2089 1165 2167 facit,
1206 2090 1281 2153 ut
1323 2090 1565 2170 cogitet
1602 2108 1749 2170 quae
1788 2090 1943 2152 sunt
1979 2090 2125 2169 Dei,
2168 2090 2233 2153 et
2269 2089 2602 2170 quomodo
2648 2090 2901 2171 placeat
2939 2090 3104 2169 De0,
3144 2107 3278 2153 non
3321 2088 3592 2153 mundo.
3633 2088 3926 2170 Lignum

822 2221 977 2267 vero
1016 2206 1081 2267 et
1120 2204 1369 2267 foenum
1409 2204 1475 2268 et
1510 2204 1755 2286 stipula
1796 2205 2005 2286 accipi
2044 2204 2324 2286 possunt
2362 2204 2781 2269 saecularium
2822 2222 3066 2284 rerum,
3099 2205 3406 2285 quamvis
3443 2204 3621 2267 licite
3657 2220 3926 2267 conces-

822 2337 1070 2398 sarum,
1111 2319 1276 2383 tales
1304 2319 1718 2401 cupiditates,
1751 2321 1827 2383 ut
1857 2320 2072 2383 amitti
2105 2320 2248 2383 sine
2286 2320 2490 2384 animi
2519 2319 2744 2384 dolore
2780 2338 2916 2384 non
2952 2321 3230 2401 possint.
3262 2320 3422 2383 Haec
3453 2336 3606 2402 ergo
3643 2319 3925 2383 aedificat

820 2436 879 2499 is
927 2435 1040 2517 qui
1088 2436 1333 2517 cogitat
1382 2452 1529 2517 quae
1578 2436 1808 2498 mundi
1856 2436 2035 2515 sunt,
2078 2436 2413 2516 quomodo
2461 2436 2715 2518 placeat
2758 2436 3033 2515 mund0‚
3075 2436 3190 2516 qui
3237 2436 3410 2499 circa
3456 2434 3723 2498 divitias
3768 2452 3925 2498 suas

820 2554 1109 2635 quodam
1145 2552 1386 2615 carnali
1431 2552 1669 2616 affectu
1710 2552 1990 2632 tenetur,
2027 2553 2091 2616 et
2132 2553 2354 2617 tamen
2391 2570 2474 2616 ex
2511 2553 2608 2616 eis
2643 2553 2889 2617 multas
2929 2552 3383 2633 eleemosynas
3426 2552 3606 2633 facit,
3645 2568 3766 2615 nec
3803 2568 3922 2633 pro

818 2671 914 2735 eis
950 2669 1201 2750 aliquid
1243 2668 1491 2731 fraudis
1529 2667 1632 2731 vel
1672 2668 1919 2749 rapinae
1958 2668 2252 2732 molitur.
2299 2703 2372 2715 —
2405 2668 2508 2732 Ex
2544 2668 2651 2732 his
2689 2686 2842 2750 ergo
2879 2669 3080 2750 patet,
3116 2668 3297 2749 quod
3331 2686 3464 2732 non
3500 2668 3678 2732 idem
3717 2668 3923 2731 homo

814 2785 1017 2849 simul
1068 2786 1207 2849 haec
1246 2785 1311 2848 et
1359 2784 1473 2846 illa
1519 2779 1819 2848 aedificat.
1861 2783 1985 2846 Illa
2031 2784 2208 2847 enim
2258 2783 2604 2848 aedificatio
2651 2784 3092 2865 perfectorum
3143 2785 3401 2847 tantum
3452 2786 3573 2863 est,
3624 2784 3741 2866 qui
3787 2802 3924 2847 non

814 2902 1101 2983 cogitant
1152 2900 1409 2982 placere
1456 2898 1727 2979 mund0‚
1771 2900 1888 2962 sed
1932 2900 2192 2963 tantum
2237 2900 2378 2963 Deo
2422 2920 2436 2962 :
2487 2900 2602 2980 qui
2649 2900 2773 2964 etsi
2823 2899 3168 2964 venialiter
3219 2900 3572 2981 aliquando
3623 2901 3920 2982 peccant,

814 3016 1069 3081 fervore
1105 3016 1396 3079 caritatis
1432 3016 1525 3078 ita
1556 3012 1926 3078 absumitur
1955 3016 2023 3077 in
2060 3016 2158 3079 eis
2194 3017 2534 3098 peccatum
2573 3016 2746 3079 sicut
2779 3016 2967 3097 gutta
3003 3034 3192 3097 aquae
3230 3016 3299 3078 in
3337 3016 3596 3081 camino
3627 3016 3824 3097 igniS,
3859 3018 3926 3079 et

812 3133 961 3196 ideo
1008 3149 1349 3213 nunquam
1387 3149 1612 3196 secum
1659 3132 1923 3213 portant
1969 3132 2368 3196 cremabilia.
2408 3133 2569 3197 Haec
2615 3134 2836 3197 autem
2883 3133 3156 3197 inferior
3199 3127 3546 3197 aedificatio
3583 3133 3922 3197 minorum

814 3251 934 3327 est,
970 3249 1087 3329 qui
1122 3265 1255 3311 non
1298 3249 1554 3311 tantum
1597 3248 1761 3327 Dec,
1794 3247 1911 3311 sed
1949 3249 2148 3313 etiam
2191 3250 2440 3312 mundo
2488 3249 2744 3331 placere
2785 3249 3096 3331 cogitant,
3135 3249 3353 3314 Deum
3392 3251 3611 3313 tamen
3657 3267 3924 3331 praepo-

811 3365 999 3427 nunt.
1042 3363 1113 3427 Si
1157 3379 1312 3426 vero
1348 3361 1673 3426 mundum
1718 3364 2198 3444 praeponerent,
2238 3380 2370 3426 non
2417 3362 3035 3445 superaedificarent,
3077 3365 3192 3428 sed
3237 3365 3647 3429 destruerent
3684 3363 3926 3428 funda-

814 3482 1136 3544 mentum.
1175 3477 1571 3541 Afi'ectiones
1612 3494 1766 3558 ergo
1805 3479 2097 3542 carnales
2133 3477 2376 3560 quibus
2413 3478 2618 3543 dediti
2655 3481 2812 3542 sunt
2845 3477 3176 3560 domibus,
3211 3478 3627 3561 conJugibuS,
3657 3497 3926 3561 posses·-

815 3595 1137 3676 sionibuS,
1170 3595 1263 3657 ita
1301 3595 1377 3656 ut
1412 3594 1579 3656 nihil
1627 3594 2014 3676 praeponant
2050 3593 2337 3674 Christ0,
2378 3593 2513 3658 illis
2561 3593 2772 3657 tribus
2823 3589 3276 3675 significantur
3315 3614 3331 3656 t
3373 3611 3522 3675 quae
3559 3594 3627 3658 in
3667 3597 3926 3658 mentes

814 3712 1257 3794 perfectorum
1302 3726 1436 3773 non
1488 3709 1750 3790 cadunt,
1800 3710 1924 3772 etsi
1970 3709 2101 3772 alia
2149 3710 2432 3774 venialia
2478 3710 2851 3775 admittant.
2904 3711 2982 3774 In
3030 3710 3336 3775 cordibus
3383 3729 3539 3776 vero
3586 3713 3922 3776 minorum

814 3828 1144 3892 interdum
1192 3827 1434 3890 durant
1479 3843 1689 3907 usque
1736 3826 1805 3888 in
1850 3819 2072 3904 finem,
2114 3826 2230 3908 qui
2275 3843 2427 3891 cum
2477 3827 2721 3891 talibus
2767 3827 3064 3891 aedificiis
3112 3829 3475 3908 transeunt,
3517 3827 3634 3892 sed
3683 3828 3926 3892 dissol-

812 3945 1059 4008 vuntur
1086 3944 1153 4006 in
1183 3943 1371 4024 igne3
1403 3942 1532 4023 ipsi
1570 3958 1724 4005 vero
1755 3941 1990 4004 merito
2020 3941 2434 4006 fundamenti
2461 3941 2627 4006 salvi
2663 3942 2877 4023 erunt,
2907 3943 3368 4024 gravissimam
3407 3944 3629 4008 tamen
3655 3961 3921 4026 poenam

813 4061 1117 4127 sentient.
1167 4060 1269 4123 Ex
1325 4077 1455 4140 quo
1504 4060 1795 4140 apparet,
1840 4060 2153 4140 quantam
2205 4059 2314 4122 hic
2363 4058 2883 4123 misericordiam
2930 4058 3197 4123 exhibet
3241 4059 3446 4140 DeuS,
3492 4062 3559 4124 et
3603 4063 3920 4142 quantam

812 4178 905 4242 ibi
972 4177 1271 4241 exerceat
1328 4175 1771 4255 severitatem,
1830 4192 2038 4256 quum
2102 4194 2223 4258 pro
2288 4175 2518 4241 eodem
2585 4176 2851 4258 peccato
2919 4175 3129 4238 multo
3193 4177 3462 4256 gravius
3528 4175 3620 4238 ibi
3686 4177 3920 4258 puniat

814 4312 1015 4376 quam
1060 4293 1191 4357 hic.

1556 4501 1640 4564 D.
1686 4502 1938 4576 opinio
1988 4505 2482 4578 quorumdam
2526 4515 2694 4565 cum
2743 4501 3176 4575 objectione.

950 4716 1080 4782 Sed
1129 4717 1297 4781 forte
1338 4715 1541 4795 diceS,
1581 4713 1748 4778 illud
1793 4731 1937 4778 esse
1982 4710 2436 4794 accipiendum
2473 4712 2554 4777 de
2597 4729 2790 4794 poena
2825 4712 3100 4793 peccati,
3141 4727 3275 4775 non
3310 4711 3393 4776 de
3429 4713 3576 4795 ipso
3624 4715 3915 4795 peccam,

526 4921 621 4966 md
690 4867 775 4961 ‘’s-'b
818 4834 998 4916 quod
1040 4834 1397 4915 Gregorius
1432 4832 1615 4912 dicit,
1647 4829 1951 4913 quaedam
1987 4829 2161 4893 levia
2195 4827 2267 4891 in
2303 4827 2525 4892 futuro
2566 4826 2977 4891 dimittenda.
3009 4827 3082 4892 Si
3118 4828 3297 4892 enim
3339 4847 3562 4894 veram
3603 4829 3926 4912 poeniten-

620 4933 692 4976 ος.
730 4931 745 4961 ι
778 4950 789 4960 .

818 4951 983 5014 tiam
1024 4949 1330 5014 habuerit
1364 4948 1538 5030 quiS,
1570 4947 1836 5030 peccata
1873 4945 2097 5009 omnia
2132 4943 2410 5008 dimissa
2451 4945 2606 5008 sunt
2642 4943 2727 5024 ei,
2759 4942 2876 5007 sed
2911 4960 3107 5024 poena
3143 4942 3312 5008 forte
3347 4947 3688 5010 remansit.
3733 4945 3926 5010 Ideo-

819 5085 949 5150 que
984 5066 1044 5130 si
1083 5083 1235 5130 vere
1271 5064 1597 5147 poenitens
1634 5063 1819 5142 obiit,
1856 5063 1997 5127 sine
2035 5062 2302 5142 peccato
2342 5060 2611 5142 transit3
2641 5061 2700 5123 si
2738 5062 2959 5125 autem
2997 5076 3150 5124 vere
3186 5062 3512 5141 poenitens
3546 5079 3680 5125 non
3716 5065 3820 5126 est
3856 5062 3922 5124 in

818 5182 1027 5262 obitu,
1067 5180 1394 5244 maculam
1434 5180 1654 5260 portat
1692 5195 1841 5259 quae
1888 5194 2225 5258 nunquam
2267 5175 2609 5240 delebitur.
2653 5175 2782 5250 Qui
2821 5193 2974 5239 vero
3014 5175 3297 5241 aedificat
3331 5176 3611 5258 lignum,
3643 5176 3920 5257 foenum,

817 5299 1156 5381 stipulam,
1192 5312 1341 5360 vere
1377 5296 1672 5377 poenitet,
1708 5295 1864 5376 quia
1890 5293 2105 5358 bonus
2134 5294 2256 5374 est,
2288 5293 2353 5357 et
2380 5292 2718 5356 caritatem
2755 5291 2974 5372 habet,
3009 5294 3074 5358 et
3101 5293 3174 5356 in
3211 5293 3477 5357 caritate
3514 5293 3596 5358 de
3633 5294 3756 5357 hac
3785 5295 3919 5359 vita
