4267 6250
818 477 940 545 518

1434 494 1499 541 m
1538 491 1761 539 mmm!
1802 492 1863 538 1v
1904 489 2390 538 smmum.
2427 506 2510 519 ·-
2550 488 2704 536 msT.
2745 487 2940 551 xvl113
2980 486 3206 544 QUAEST.
3247 486 3310 532 IV

815 669 1081 731 -Item
1113 666 1351 730 subditi
1390 681 1517 727 non
1557 668 1855 725 tenentur
1882 658 2142 724 obedire
2179 657 2313 740 epi·
2342 656 2394 720 A
2423 675 2536 719 nas
2575 657 2906 720 universas
2942 656 3378 738 praelationem
3421 673 3535 717 seu
3568 651 3920 735 jurisdicti-

815 784 1031 849 scop0,
1073 785 1193 830 nec
1246 762 1541 828 monachi
1588 760 1825 833 abbati,
1876 756 2312 821 excommuni-

814 866 971 928 catis
1019 860 1681 927 excommunicatione
1728 858 1976 938 majori.
2024 856 2168 919 Haec
2215 854 2314 917 Ri-

810 964 1105 1027 chardus.

877 1063 1183 1126 Praeterea
1210 1061 1649 1123 Bonaventura
1667 1074 1682 1118 :
1701 1052 2308 1127 Excommunicatio,

810 1160 1040 1242 inquit,
1093 1166 1192 1222 est
1248 1156 1504 1239 duplex.
1558 1156 1691 1218 Una
1736 1172 1775 1215 a
1818 1154 1963 1234 jure
2015 1168 2029 1214 ε
2080 1159 2151 1212 ut
2199 1150 2311 1233 qui

809 1258 1094 1321 incendit
1152 1256 1491 1319 ecclesiam
1536 1261 1647 1316 aut
1702 1251 1977 1335 percutit
2023 1251 2310 1313 sacerdo·

810 1364 964 1431 tem,
1000 1356 1141 1438 ipso
1166 1355 1310 1437 jure
1340 1361 1436 1417 est
1474 1350 2083 1423 excommunicatus,
2116 1349 2310 1410 etiam

812 1452 1476 1519 excommunicatione
1523 1452 1663 1515 latae
1710 1448 2057 1512 sententiae.
2089 1447 2230 1510 Alia
2274 1465 2312 1509 a

805 1554 1045 1636 judice.
1098 1552 1306 1615 Prima
1362 1558 1458 1614 est
1514 1548 1979 1632 praeservativa,
2032 1546 2309 1609 secunda

810 1652 1112 1714 curativa.
1147 1650 1356 1713 Prima
1393 1646 1971 1711 excommunicatio
2015 1644 2310 1728 quamvis

809 1749 955 1813 fieri
986 1749 1279 1813 videatur
1304 1748 1383 1809 ad
1414 1745 1907 1809 conservandam
1936 1742 2312 1806 ecclesiasti-

2421 772 2610 818 onem
2658 754 2982 818 habentes.
3031 755 3189 817 Hinc
3241 753 3350 837 qui
3401 752 3918 834 jurisdictionem

2421 854 2804 917 ordinariam
2856 853 3093 916 habent
3140 853 3206 916 in
3251 852 3598 933 judicando
3643 850 3918 933 aliquos,

2424 959 2799 1034 potestatem
2858 952 3095 1015 habent
3151 950 3487 1015 coercendi
3544 968 3660 1031 per
3715 948 3920 1011 eccle·

2425 1052 2741 1115 siasticam
2796 1070 3152 1125 censuram,
3203 1058 3276 1113 ut
3325 1066 3546 1113 eorum
3597 1046 3920 1129 judicium

2423 1149 2878 1213 inviolabiliter
2905 1148 3292 1213 observetur.
3309 1148 3635 1229 Quumque
3662 1145 3923 1227 jurisdi-

2421 1248 2698 1311 ctionem
2729 1248 3002 1311 habeant
3033 1248 3134 1312 vel
3163 1267 3200 1310 a
3225 1248 3370 1329 jure
3407 1246 3508 1308 vel
3547 1264 3624 1307 ex
3655 1262 3922 1307 consue-

2419 1348 2657 1422 tudine,
2672 1366 2796 1412 non
2827 1348 3034 1411 solum
3065 1348 3178 1430 qui
3207 1347 3444 1410 habent
3473 1345 3699 1415 claves,
3713 1345 3824 1407 sed
3856 1352 3920 1407 et

2416 1446 2526 1509 alii
2558 1447 2836 1530 quidam,
2854 1453 2926 1508 ut
2949 1445 3380 1509 archidiaconi
3409 1453 3474 1507 et
3501 1443 3793 1525 quaedam
3823 1461 3922 1505 ca-

2419 1544 2653 1628 pitula3
2686 1545 2829 1607 ideo
2861 1551 3126 1628 possunt
3155 1542 3730 1607 excommunicare.
3765 1541 3921 1604 Rur-

2419 1661 2585 1717 sum,
2635 1643 2938 1725 quoniam
2985 1642 3186 1724 aliqui
3242 1640 3481 1703 habent
3525 1639 3758 1715 claves,
3805 1638 3919 1721 qui

2417 1740 2930 1822 jurisdictionem
2961 1758 3089 1805 non
3121 1739 3357 1803 habent
3385 1740 3452 1801 in
3483 1738 3622 1802 foro
3648 1738 3922 1819 judicia-

809 1867 949 1911 cam
1010 1847 1391 1920 libertatem,
1442 1844 1981 1928 quemadmodum
2030 1841 2309 1905 secunda
2343 1834 2393 1898 B
2423 1838 2578 1914 li,ut
2609 1840 2933 1922 simplices
2961 1840 3350 1917 sacerdotes3
3383 1838 3526 1901 ideo
3553 1855 3922 1900 excommu-

808 1946 956 2009 fieri
987 1947 1239 2010 videtur
1268 1952 1528 2028 propter
1552 1941 2077 2008 excommunicati
2106 1960 2312 2003 emen-

810 2044 990 2124 dam3
1014 2043 1222 2125 prima
1250 2049 1463 2104 tamen
1496 2039 1915 2123 principalius
1943 2038 2148 2101 fertur
2173 2055 2312 2120 pro·

813 2149 958 2225 pter
1013 2140 1269 2223 culpam
1320 2140 1642 2203 vitandam
1694 2156 1709 2200 :
1760 2137 2015 2219 grandis
2070 2136 2310 2199 etenim

813 2240 1005 2321 culpa
1048 2246 1145 2302 est
1190 2246 1254 2301 et
1295 2238 1477 2301 valde
1526 2238 1801 2311 vitanda,
1846 2237 2001 2298 dum
2049 2235 2196 2318 quis
2243 2236 2310 2297 in

812 2336 1161 2400 Ecclesiam
1201 2345 1440 2419 peccat.
1474 2336 1762 2399 Secunda
1791 2351 2046 2417 quoque
2079 2332 2313 2415 princi-

812 2435 1021 2518 palius
1051 2433 1130 2497 fit
1158 2436 1236 2497 ad
1267 2434 1681 2515 frangendam
1712 2431 2199 2496 contumaciam.
2219 2431 2312 2494 Id-

810 2550 889 2596 eo
918 2533 1273 2596 secundum
1304 2532 1576 2595 sormam
1604 2531 1790 2612 juris,
1814 2529 1976 2592 nulli
2006 2529 2129 2591 nisi
2163 2545 2310 2591 con-

810 2638 877 2693 tu
888 2631 1049 2694 maci
1080 2637 1178 2693 est
1206 2629 1557 2710 infligenda
1584 2646 1598 2691 :
1629 2636 1889 2711 propter
1916 2628 2086 2709 quod
2113 2627 2309 2690 etiam

812 2729 1081 2793 monitio
1128 2728 1318 2791 debet
1364 2746 1503 2790 eam
1554 2727 1933 2810 praecedere,
1970 2734 2041 2787 ut
2088 2733 2308 2788 contu-

812 2846 958 2891 max
1001 2827 1079 2889 de
1120 2826 1523 2890 contumacia
1564 2826 1995 2888 convincatur.

891 2926 1001 2989 Est
1042 2926 1305 2988 demum
1349 2924 1777 2987 controversia
1824 2923 1989 2985 inter
2031 2922 2307 3002 legistas,

2422 1939 2636 2001 nicare
2683 1956 2810 2002 non
2861 1938 3096 2013 valent,
3141 1937 3264 2000 nisi
3313 1956 3392 2000 ex
3439 1935 3916 2009 commissione,

2423 2037 2524 2100 vel
2572 2036 2636 2099 in
2686 2036 3124 2101 determinatis
3173 2036 3451 2110 casibus,
3484 2043 3557 2097 ut
3603 2034 3666 2098 in
3719 2034 3914 2108 furto,

2421 2136 2660 2217 rapina.

2502 2235 2565 2298 Si
2596 2241 2806 2297 autem
2839 2241 3178 2316 quaeratur,
3199 2232 3455 2314 quando
3481 2230 3542 2295 S.
3562 2232 3745 2295 Petro
3773 2232 3922 2293 data

2421 2333 2503 2394 sit
2533 2340 2800 2414 utraque
2829 2332 2964 2395 haec
3003 2337 3314 2413 potestas3
3345 2330 3474 2393 dici
3509 2337 3716 2412 potest
3745 2329 3918 2411 quod

2420 2431 2636 2503 simul,
2669 2432 2970 2513 quoniam
3005 2430 3148 2492 data
3187 2435 3283 2492 est
3309 2429 3371 2491 ei
3409 2435 3688 2510 potestas
3717 2428 3920 2491 clavis

2421 2530 2485 2592 in
2520 2529 2918 2611 plenitudine
2947 2547 3080 2591 sua.
3113 2529 3322 2591 Potest
3349 2527 3542 2590 etiam
3572 2524 3920 2608 probabili-

2421 2636 2517 2690 ter
2547 2628 2673 2691 dici
2705 2628 2874 2710 quod
2905 2645 3034 2690 non
3065 2626 3295 2689 simul:
3323 2626 3410 2687 ita
3435 2626 3607 2707 quod
3637 2632 3920 2708 potestas

2419 2726 2694 2789 clavium
2736 2726 2819 2787 sit
2860 2726 2918 2788 ei
2961 2726 3131 2807 apud
3173 2725 3532 2788 Matthaeum
3577 2724 3916 2806 promissa,

2422 2833 2484 2887 et
2539 2826 2709 2907 apud
2767 2825 3069 2887 Ioannem
3131 2824 3293 2885 data.
3355 2824 3632 2886 Potestas
3697 2830 3916 2885 autem

2419 2922 3016 2985 excommunicandi
3065 2921 3425 2984 insinuatur
3463 2921 3522 2983 ei
3566 2920 3768 2983 fuisse
3814 2922 3920 2983 da-

3947 2752 4204 2799 Matthaei,

3949 2820 4202 2923 ’ἔψη

3945 2942 4016 2981 23.

810 3023 957 3106 quis
988 3024 1189 3105 possit
1226 3021 1800 3085 excommunicare.
1834 3020 2099 3094 Quidam
2139 3020 2310 3081 dixe·
2340 3018 2383 3083 C
2417 3030 2504 3096 ta,
2557 3021 2666 3084 ubi
2726 3028 3061 3103 postquam
3119 3019 3362 3081 dictum
3419 3026 3536 3094 est,
3586 3019 3649 3083 Si
3703 3018 3919 3083 Eccle-
4000 3036 4166 3079 uma

814 3128 965 3184 runt
1012 3121 1181 3203 quod
1231 3120 1349 3184 soli
1396 3120 1718 3204 episcopi3
1768 3118 1901 3192 alii,
1950 3118 2121 3202 quod
2179 3138 2306 3182 non

812 3220 1021 3283 solum
1080 3219 1367 3301 episcopi
1414 3226 1477 3280 et
1524 3217 2001 3292 eminentioreS,
2052 3218 2162 3280 sed
2209 3236 2306 3280 ar-

812 3317 1171 3380 chidiaconi
1207 3334 1465 3400 quoque
1494 3324 1557 3379 et
1588 3315 1850 3378 abbates
1886 3316 2123 3398 aliique
2155 3335 2308 3398 prae-

814 3415 963 3494 lati;
1005 3415 1222 3489 ceteri,
1266 3415 1434 3496 quod
1484 3415 1677 3477 etiam
1725 3414 2119 3496 parochiales
2168 3433 2309 3496 pre-

812 3513 1071 3597 sbyteri.
1107 3514 1406 3588 Quamvis
1445 3521 1659 3576 autem
1692 3513 1757 3574 in
1787 3513 1905 3575 hac
1935 3513 2306 3594 quaestione,

813 3630 1134 3675 canonum
1164 3613 1247 3674 sit
1275 3612 1487 3674 dicere
1520 3613 1701 3691 quia,
1731 3610 2065 3692 theologiae
2094 3619 2309 3674 tamen

810 3717 1113 3793 tanquam
1158 3709 1597 3773 eminentioris
1634 3709 1918 3772 scientiae
1960 3718 2057 3772 est
2098 3709 2311 3772 dicere

804 3818 1080 3886 propter
1101 3809 1281 3888 quid.
1301 3808 1565 3889 Nempe,
1589 3807 1756 3889 quod
1792 3807 1857 3868 in
1889 3807 2172 3870 Ecclesia
2201 3807 2312 3869 ali-

812 3907 957 3988 quis
986 3905 1217 3969 habeat
1246 3912 1645 3988 potestatem,
1679 3904 1799 3968 hoc
1828 3913 1924 3968 est
1961 3925 1999 3968 a
2036 3904 2307 3983 Christo,

813 4005 923 4087 qui
968 4011 1341 4088 potestatem
1394 4004 1569 4066 dedit
1613 4004 1954 4085 ApostoliS‚
1990 4005 2310 4087 praecipue

813 4104 872 4166 S.
893 4105 1091 4178 Petro,
1110 4103 1215 4165 cui
1246 4110 1582 4184 utramque
1613 4103 1884 4166 contulit
1911 4110 2308 4184 potestatem,

2419 3120 2580 3184 siam
2620 3137 2745 3183 non
2789 3118 3082 3194 audierit,
3117 3118 3199 3180 sit
3230 3118 3350 3181 tibi
3394 3118 3560 3182 sicut
3597 3117 3916 3193 ethnicuS,

2419 3228 2566 3294 etc„
2599 3219 2883 3282 additum
2915 3225 3012 3280 est
3045 3235 3058 3279 ε
3091 3219 3294 3281 Amen
3334 3217 3477 3281 dico
3515 3217 3718 3292 vobis,
3752 3238 3920 3301 quae-

2419 3336 2695 3399 cumque
2736 3315 3102 3398 ligaveritiS,
3143 3324 3264 3378 etc.
3296 3352 3378 3361 —
3407 3317 3549 3380 Haec
3591 3316 3918 3380 Bonaven-

2418 3425 2580 3478 tura.

2499 3515 2569 3577 In
2604 3513 2970 3596 praehabitis
3009 3512 3474 3576 sententialiter
3507 3514 3919 3576 continentur

2419 3613 2589 3676 dicta
2615 3612 2880 3686 Alberti,
2905 3612 3016 3694 qui
3048 3611 3224 3674 addit
3257 3631 3270 3674 ε
3304 3612 3616 3686 Quaeritur
3642 3612 3920 3694 qualiter

2419 3710 2998 3774 excommunicatio
3052 3712 3135 3772 sit
3187 3710 3467 3773 serenda.
3529 3710 3608 3772 Et
3661 3710 3918 3774 videtur

2421 3810 2591 3892 quod
2641 3827 2789 3872 cum
2836 3808 3165 3889 diligentia
3220 3808 3518 3871 maxima.
3567 3809 3916 3872 Maximum

2421 3925 2697 3989 namque
2728 3906 3085 3988 periculum
3116 3913 3212 3968 est
3240 3906 3306 3968 in
3337 3924 3442 3984 ea;
3473 3914 3538 3968 et
3565 3905 3674 3968 ubi
3707 3907 3916 3988 majus

2420 4005 2805 4088 periculum,
2840 4004 2931 4067 ibi
2973 4005 3174 4086 maj0r
3211 4004 3541 4086 diligentia
3577 4013 3640 4067 et
3669 4005 3915 4068 cautela

2421 4110 2572 4166 sunt
2618 4103 3012 4166 adhibendae.
3067 4103 3185 4166 Sed
3235 4111 3454 4166 contra
3500 4104 3620 4166 hoc
3665 4103 3916 4166 videtur

814 4209 967 4284 puta
996 4202 1434 4265 auctoritatem
1468 4201 1704 4281 ligandi
1736 4209 1799 4262 et
1836 4200 2146 4275 solvendi,
2180 4211 2310 4264 tam
2341 4199 2390 4262 D
2420 4221 2559 4264 esse
2589 4202 2826 4265 abusus
2867 4202 2984 4264 iste
3023 4202 3322 4265 Ecclesiae
3359 4221 3532 4264 nunc
3565 4202 3628 4264 in
3671 4203 3910 4266 multis.

814 4299 881 4362 in
914 4298 1050 4362 foro
1080 4299 1499 4380 poenitentiali
1540 4318 1732 4381 quam
1766 4299 1831 4361 in
1872 4299 2009 4362 l'oro
2044 4299 2314 4380 judicia-

814 4395 879 4458 li.
913 4397 1122 4459 Prima
1151 4397 1375 4458 harum
1415 4396 1856 4478 poenitentiam
1888 4405 1951 4459 et
1990 4399 2314 4461 conscien-

810 4495 967 4556 tiam
1026 4493 1305 4576 respicit,
1350 4494 1629 4556 secunda
1682 4494 2138 4575 praelat-ionem.
2184 4496 2312 4558 Pri-

814 4611 941 4668 ma,
974 4593 1277 4675 quoniam
1319 4592 1525 4674 aperit
1564 4593 1823 4668 coelum‚
1864 4601 2034 4656 recte
2077 4593 2313 4657 dicitur

810 4691 1049 4770 clavis;
1100 4691 1401 4765 secunda,
1453 4691 1755 4772 quoniam
1808 4710 1923 4774 per
1974 4710 2308 4755 censuram

810 4788 1039 4870 judicii
1089 4795 1338 4851 coercet
1380 4788 1725 4870 subjectoS‚
1760 4789 1995 4851 dicitur
2036 4789 2305 4870 gladius.

811 4885 1020 4950 Prima
1060 4893 1359 4969 potestaS,
1391 4905 1593 4968 quum
1629 4886 1855 4950 collata
1893 4887 1976 4950 sit
2013 4888 2196 4951 Petro
2241 4897 2310 4950 ut

810 4985 1145 5060 sacerdoti,
1186 4985 1515 5048 descendit
1556 4985 1619 5047 in
1665 5002 1887 5048 omnes
1926 4986 2305 5062 sacerdoteS,

812 5084 1104 5167 quamvis
1163 5101 1289 5146 non
1334 5082 1610 5146 habeant
1653 5083 2148 5147 exsecutionem.
2202 5085 2307 5148 Se·

810 5184 1039 5256 cunda,
1072 5182 1223 5264 quia
1251 5182 1479 5245 donata
1506 5188 1602 5244 est
1632 5180 1997 5247 beatissimo
2025 5184 2208 5246 Petro
2238 5192 2308 5247 ut

810 5280 1089 5364 praelato,
1122 5281 1453 5344 descendit
1489 5281 1556 5343 in
1594 5281 2056 5345 ecclesiasticas
2094 5300 2306 5366 perso-

2416 4337 2499 4346 —
2526 4300 2620 4362 Ad
2659 4301 2828 4382 quod
2867 4300 3033 4374 dico,
3065 4300 3234 4382 quod
3272 4300 3352 4363 ad
3386 4300 3623 4381 justam
3661 4319 3914 4365 excom-

2421 4399 2874 4461 municationis
2917 4397 3188 4460 formam
3236 4397 3358 4460 tria
3399 4407 3812 4473 concurrunt,
3848 4409 3917 4462 ut

2419 4496 2665 4558 scilicet
2706 4496 2790 4558 sit
2829 4515 2906 4558 ex
2951 4496 3187 4570 animo,
3219 4504 3285 4559 et
3323 4515 3402 4559 ex
3445 4497 3691 4571 ordine,
3723 4506 3914 4580 atque

2420 4615 2498 4658 ex
2543 4614 2748 4658 causa.
2784 4595 2874 4657 Ex
2915 4595 3151 4668 animo,
3186 4603 3256 4657 ut
3300 4594 3416 4657 fiat
3465 4595 3677 4659 studio
3724 4598 3916 4660 corri-

2419 4694 2660 4776 piendi,
2695 4710 2820 4756 non
2863 4713 2930 4756 se
2959 4694 3348 4768 vindicandi,
3381 4695 3670 4775 diligenti
3701 4695 3916 4760 admo-

2420 4791 2662 4853 nitione
2711 4790 3073 4872 praemissa;
3115 4798 3180 4852 et
3223 4809 3300 4852 ex
3350 4791 3574 4854 ordine
3615 4791 3806 4873 juris,
3845 4799 3916 4855 ut

2418 4889 2663 4951 scilicet
2714 4896 2856 4971 post
2909 4888 3407 4951 admonitionem
3459 4897 3524 4952 et
3570 4891 3752 4971 quasi
3813 4891 3920 4954 de-

2417 4988 2842 5068 sperationem
2898 4986 3158 5050 alterius
3213 4987 3354 5061 viae,
3400 4986 3598 5068 judex
3655 5007 3916 5053 causam

2416 5086 3118 5161 excommunicationiS,
3152 5093 3370 5168 utpote
3417 5089 3914 5164 contumaciam,

2415 5183 2672 5258 scribat,
2705 5192 2768 5246 et
2807 5185 3085 5247 sedendo
3116 5183 3298 5267 quasi
3337 5184 3594 5267 quietus
3635 5203 3917 5267 pronun-

2412 5283 2549 5357 tiet,
2583 5291 2647 5345 et
2689 5281 2857 5346 infra
2896 5283 3314 5365 quadraginta
3355 5282 3492 5346 dies
3531 5291 3792 5366 paratus
3829 5285 3915 5349 sit

3945 3102 4128 3152 nunu,
4143 3102 4200 3142 18.
