<?xml version="1.0" encoding="UTF-8"?>
<!DOCTYPE html PUBLIC "-//W3C//DTD XHTML 1.0 Transitional//EN"
    "http://www.w3.org/TR/xhtml1/DTD/xhtml1-transitional.dtd">
<html xmlns="http://www.w3.org/1999/xhtml" xml:lang="en" lang="en">
 <head>
  <title>
</title>
<meta http-equiv="Content-Type" content="text/html;charset=utf-8" />
  <meta name='ocr-system' content='tesseract 3.04.00' />
  <meta name='ocr-capabilities' content='ocr_page ocr_carea ocr_par ocr_line ocrx_word'/>
</head>
<body>
  <div class='ocr_page' id='page_1' title='image "./doctorisecstati04unkngoog_0577.png"; bbox 0 0 4267 6250; ppageno 0'>
   <div class='ocr_carea' id='block_1_1' title="bbox 1311 460 3486 537">
    <p class='ocr_par' dir='ltr' id='par_1_1' title="bbox 1311 460 3486 537">
     <span class='ocr_line' id='line_1_1' title="bbox 1311 460 3486 537; baseline 0.001 -3"><span class='ocrx_word' id='word_1_1' title='bbox 1311 487 1487 535; x_wconf 73' lang='lat' dir='ltr'>unm</span> <span class='ocrx_word' id='word_1_2' title='bbox 1528 488 1589 534; x_wconf 76' lang='lat' dir='ltr'>iv</span> <span class='ocrx_word' id='word_1_3' title='bbox 1631 486 2114 536; x_wconf 70' lang='lat' dir='ltr'>suni-nmmum.</span> <span class='ocrx_word' id='word_1_4' title='bbox 2157 506 2238 519; x_wconf 88' lang='lat'>-—</span> <span class='ocrx_word' id='word_1_5' title='bbox 2277 489 2431 537; x_wconf 74' lang='lat' dir='ltr'>msr.</span> <span class='ocrx_word' id='word_1_6' title='bbox 2472 490 2556 536; x_wconf 87' lang='lat' dir='ltr'>xx</span> <span class='ocrx_word' id='word_1_7' title='bbox 3353 460 3486 537; x_wconf 73' lang='lat'>‘535</span> 
     </span>
    </p>
   </div>
   <div class='ocr_carea' id='block_1_2' title="bbox 376 651 3775 1097">
    <p class='ocr_par' dir='ltr' id='par_1_2' title="bbox 376 651 3484 749">
     <span class='ocr_line' id='line_1_2' title="bbox 376 651 3484 749; baseline 0.001 -23"><span class='ocrx_word' id='word_1_8' title='bbox 376 661 583 727; x_wconf 86' lang='lat' dir='ltr'>homo</span> <span class='ocrx_word' id='word_1_9' title='bbox 622 664 877 747; x_wconf 77' lang='lat' dir='ltr'>aliquid</span> <span class='ocrx_word' id='word_1_10' title='bbox 916 660 1205 746; x_wconf 77' lang='lat' dir='ltr'>cogitare</span> <span class='ocrx_word' id='word_1_11' title='bbox 1239 664 1491 747; x_wconf 75' lang='lat' dir='ltr'>valeat,</span> <span class='ocrx_word' id='word_1_12' title='bbox 1522 666 1757 731; x_wconf 86' lang='lat' dir='ltr'>melior</span> <span class='ocrx_word' id='word_1_13' title='bbox 1794 667 1895 731; x_wconf 90' lang='lat' dir='ltr'>est</span> <span class='ocrx_word' id='word_1_14' title='bbox 1940 668 2164 731; x_wconf 86' lang='lat' dir='ltr'>tamen</span> <span class='ocrx_word' id='word_1_15' title='bbox 2199 684 2346 732; x_wconf 88' lang='lat' dir='ltr'>sera</span> <span class='ocrx_word' id='word_1_16' title='bbox 2384 684 2582 749; x_wconf 83' lang='lat' dir='ltr'>quam</span> <span class='ocrx_word' id='word_1_17' title='bbox 2620 666 2824 730; x_wconf 91' lang='lat' dir='ltr'>nulla.</span> <span class='ocrx_word' id='word_1_18' title='bbox 2866 652 3260 730; x_wconf 86' lang='lat' dir='ltr'>Poenitentia</span> <span class='ocrx_word' id='word_1_19' title='bbox 3306 651 3484 731; x_wconf 85' lang='lat' dir='ltr'>enim</span> 
     </span>
    </p>

    <p class='ocr_par' dir='ltr' id='par_1_3' title="bbox 379 778 3775 1097">
     <span class='ocr_line' id='line_1_3' title="bbox 379 778 3775 863; baseline 0.001 -20"><span class='ocrx_word' id='word_1_20' title='bbox 379 779 503 843; x_wconf 58' lang='lat' dir='ltr'>essi</span> <span class='ocrx_word' id='word_1_21' title='bbox 532 778 605 842; x_wconf 88' lang='lat' dir='ltr'>in</span> <span class='ocrx_word' id='word_1_22' title='bbox 642 781 939 845; x_wconf 82' lang='lat' dir='ltr'>extremo</span> <span class='ocrx_word' id='word_1_23' title='bbox 966 780 1125 845; x_wconf 75' lang='lat' dir='ltr'>vitae</span> <span class='ocrx_word' id='word_1_24' title='bbox 1162 780 1347 845; x_wconf 87' lang='lat' dir='ltr'>hiatu</span> <span class='ocrx_word' id='word_1_25' title='bbox 1385 781 1672 862; x_wconf 88' lang='lat' dir='ltr'>advenit,</span> <span class='ocrx_word' id='word_1_26' title='bbox 1712 784 1901 846; x_wconf 86' lang='lat' dir='ltr'>sanat</span> <span class='ocrx_word' id='word_1_27' title='bbox 1928 784 1993 847; x_wconf 90' lang='lat' dir='ltr'>et</span> <span class='ocrx_word' id='word_1_28' title='bbox 2020 782 2275 847; x_wconf 87' lang='lat' dir='ltr'>liberat.</span> <span class='ocrx_word' id='word_1_29' title='bbox 2318 782 2602 846; x_wconf 88' lang='lat' dir='ltr'>Multum</span> <span class='ocrx_word' id='word_1_30' title='bbox 2631 799 2777 846; x_wconf 84' lang='lat' dir='ltr'>sera</span> <span class='ocrx_word' id='word_1_31' title='bbox 2805 782 2934 846; x_wconf 84' lang='lat' dir='ltr'>fuit</span> <span class='ocrx_word' id='word_1_32' title='bbox 2968 782 3242 846; x_wconf 86' lang='lat' dir='ltr'>latronis</span> <span class='ocrx_word' id='word_1_33' title='bbox 3277 780 3487 863; x_wconf 87' lang='lat' dir='ltr'>poeni-</span> <span class='ocrx_word' id='word_1_34' title='bbox 3535 804 3643 849; x_wconf 64' lang='lat' dir='ltr'>Luc.</span> <span class='ocrx_word' id='word_1_35' title='bbox 3659 817 3775 855; x_wconf 75' lang='lat' dir='ltr'>mn,</span> 
     </span>
     <span class='ocr_line' id='line_1_4' title="bbox 380 869 3579 983; baseline 0.001 -25"><span class='ocrx_word' id='word_1_36' title='bbox 380 896 609 977; x_wconf 86' lang='lat' dir='ltr'>tentia,</span> <span class='ocrx_word' id='word_1_37' title='bbox 642 897 761 961; x_wconf 85' lang='lat' dir='ltr'>sed</span> <span class='ocrx_word' id='word_1_38' title='bbox 814 914 947 961; x_wconf 89' lang='lat' dir='ltr'>non</span> <span class='ocrx_word' id='word_1_39' title='bbox 1000 896 1130 961; x_wconf 87' lang='lat' dir='ltr'>fuit</span> <span class='ocrx_word' id='word_1_40' title='bbox 1180 914 1327 961; x_wconf 89' lang='lat' dir='ltr'>sera</span> <span class='ocrx_word' id='word_1_41' title='bbox 1380 897 1808 978; x_wconf 83' lang='lat' dir='ltr'><strong>indulgentia.</strong></span> <span class='ocrx_word' id='word_1_42' title='bbox 1851 898 1979 963; x_wconf 85' lang='lat' dir='ltr'>Sed</span> <span class='ocrx_word' id='word_1_43' title='bbox 2028 898 2180 963; x_wconf 87' lang='lat' dir='ltr'>licet</span> <span class='ocrx_word' id='word_1_44' title='bbox 2216 898 2380 961; x_wconf 89' lang='lat' dir='ltr'>latro</span> <span class='ocrx_word' id='word_1_45' title='bbox 2418 898 2678 963; x_wconf 89' lang='lat' dir='ltr'>veniam</span> <span class='ocrx_word' id='word_1_46' title='bbox 2727 898 3078 963; x_wconf 84' lang='lat' dir='ltr'>meruisset</span> <span class='ocrx_word' id='word_1_47' title='bbox 3112 897 3182 960; x_wconf 90' lang='lat' dir='ltr'>in</span> <span class='ocrx_word' id='word_1_48' title='bbox 3227 898 3356 962; x_wconf 88' lang='lat' dir='ltr'>fine</span> <span class='ocrx_word' id='word_1_49' title='bbox 3401 896 3484 961; x_wconf 90' lang='lat' dir='ltr'>de</span> <span class='ocrx_word' id='word_1_50' title='bbox 3510 869 3579 983; x_wconf 61' lang='lat' dir='ltr'>⁴²f</span> 
     </span>
     <span class='ocr_line' id='line_1_5' title="bbox 383 1012 3477 1097; baseline 0 -22"><span class='ocrx_word' id='word_1_51' title='bbox 383 1012 565 1076; x_wconf 91' lang='lat' dir='ltr'>omni</span> <span class='ocrx_word' id='word_1_52' title='bbox 617 1013 915 1094; x_wconf 87' lang='lat' dir='ltr'>crimine,</span> <span class='ocrx_word' id='word_1_53' title='bbox 954 1031 1091 1077; x_wconf 89' lang='lat' dir='ltr'>non</span> <span class='ocrx_word' id='word_1_54' title='bbox 1134 1015 1357 1077; x_wconf 88' lang='lat' dir='ltr'>tamen</span> <span class='ocrx_word' id='word_1_55' title='bbox 1402 1014 1583 1077; x_wconf 83' lang='lat' dir='ltr'>dedit</span> <span class='ocrx_word' id='word_1_56' title='bbox 1628 1012 1973 1096; x_wconf 87' lang='lat' dir='ltr'>baptizatis</span> <span class='ocrx_word' id='word_1_57' title='bbox 2024 1015 2336 1097; x_wconf 88' lang='lat' dir='ltr'>peccandi</span> <span class='ocrx_word' id='word_1_58' title='bbox 2385 1015 2451 1079; x_wconf 89' lang='lat' dir='ltr'>et</span> <span class='ocrx_word' id='word_1_59' title='bbox 2489 1014 2947 1097; x_wconf 87' lang='lat' dir='ltr'>perseverandi</span> <span class='ocrx_word' id='word_1_60' title='bbox 2998 1014 3477 1079; x_wconf 87' lang='lat' dir='ltr'>auctoritatem.</span> 
     </span>
    </p>
   </div>
   <div class='ocr_carea' id='block_1_3' title="bbox 990 1280 2879 1360">
    <p class='ocr_par' dir='ltr' id='par_1_4' title="bbox 990 1280 2879 1360">
     <span class='ocr_line' id='line_1_6' title="bbox 990 1280 2879 1360; baseline 0.001 -17"><span class='ocrx_word' id='word_1_61' title='bbox 990 1280 1067 1343; x_wconf 91' lang='lat' dir='ltr'>B.</span> <span class='ocrx_word' id='word_1_62' title='bbox 1119 1285 1219 1346; x_wconf 84' lang='lat' dir='ltr'>De</span> <span class='ocrx_word' id='word_1_63' title='bbox 1262 1286 1379 1347; x_wconf 75' lang='lat' dir='ltr'>his</span> <span class='ocrx_word' id='word_1_64' title='bbox 1422 1286 1549 1360; x_wconf 75' lang='lat' dir='ltr'>qui</span> <span class='ocrx_word' id='word_1_65' title='bbox 1591 1286 1707 1347; x_wconf 78' lang='lat' dir='ltr'>hic</span> <span class='ocrx_word' id='word_1_66' title='bbox 1747 1286 2262 1359; x_wconf 68' lang='lat' dir='ltr'>poenitentiam</span> <span class='ocrx_word' id='word_1_67' title='bbox 2299 1301 2448 1350; x_wconf 78' lang='lat' dir='ltr'>non</span> <span class='ocrx_word' id='word_1_68' title='bbox 2494 1286 2879 1359; x_wconf 77' lang='lat' dir='ltr'>complent.</span> 
     </span>
    </p>
   </div>
   <div class='ocr_carea' id='block_1_4' title="bbox 378 1521 3786 3929">
    <p class='ocr_par' dir='ltr' id='par_1_5' title="bbox 378 1521 3786 3929">
     <span class='ocr_line' id='line_1_7' title="bbox 516 1521 3488 1607; baseline 0 -20"><span class='ocrx_word' id='word_1_69' title='bbox 516 1523 587 1587; x_wconf 90' lang='lat' dir='ltr'>Si</span> <span class='ocrx_word' id='word_1_70' title='bbox 632 1540 787 1587; x_wconf 89' lang='lat' dir='ltr'>vero</span> <span class='ocrx_word' id='word_1_71' title='bbox 832 1522 1151 1604; x_wconf 74' lang='lat' dir='ltr'>quaeritur</span> <span class='ocrx_word' id='word_1_72' title='bbox 1202 1521 1283 1585; x_wconf 90' lang='lat' dir='ltr'>de</span> <span class='ocrx_word' id='word_1_73' title='bbox 1338 1522 1473 1586; x_wconf 89' lang='lat' dir='ltr'>illis</span> <span class='ocrx_word' id='word_1_74' title='bbox 1520 1523 1634 1605; x_wconf 90' lang='lat' dir='ltr'>qui</span> <span class='ocrx_word' id='word_1_75' title='bbox 1687 1524 1755 1586; x_wconf 90' lang='lat' dir='ltr'>in</span> <span class='ocrx_word' id='word_1_76' title='bbox 1814 1524 1937 1588; x_wconf 88' lang='lat' dir='ltr'>hac</span> <span class='ocrx_word' id='word_1_77' title='bbox 1985 1525 2121 1588; x_wconf 87' lang='lat' dir='ltr'>vita</span> <span class='ocrx_word' id='word_1_78' title='bbox 2165 1524 2619 1607; x_wconf 87' lang='lat' dir='ltr'>poenitentiam</span> <span class='ocrx_word' id='word_1_79' title='bbox 2670 1542 2803 1587; x_wconf 91' lang='lat' dir='ltr'>non</span> <span class='ocrx_word' id='word_1_80' title='bbox 2859 1524 3214 1607; x_wconf 89' lang='lat' dir='ltr'>complent,</span> <span class='ocrx_word' id='word_1_81' title='bbox 3263 1526 3488 1588; x_wconf 82' lang='lat' dir='ltr'>utrum</span> 
     </span>
     <span class='ocr_line' id='line_1_8' title="bbox 382 1638 3490 1723; baseline 0 -18"><span class='ocrx_word' id='word_1_82' title='bbox 382 1640 725 1705; x_wconf 84' lang='lat' dir='ltr'>transituri</span> <span class='ocrx_word' id='word_1_83' title='bbox 772 1639 907 1703; x_wconf 89' lang='lat' dir='ltr'>sint</span> <span class='ocrx_word' id='word_1_84' title='bbox 946 1656 1065 1720; x_wconf 89' lang='lat' dir='ltr'>per</span> <span class='ocrx_word' id='word_1_85' title='bbox 1100 1638 1321 1720; x_wconf 90' lang='lat' dir='ltr'>ignem</span> <span class='ocrx_word' id='word_1_86' title='bbox 1358 1640 1744 1721; x_wconf 89' lang='lat' dir='ltr'>purgatorii,</span> <span class='ocrx_word' id='word_1_87' title='bbox 1778 1642 1853 1704; x_wconf 88' lang='lat' dir='ltr'>ut</span> <span class='ocrx_word' id='word_1_88' title='bbox 1890 1641 1982 1704; x_wconf 89' lang='lat' dir='ltr'>ibi</span> <span class='ocrx_word' id='word_1_89' title='bbox 2033 1642 2222 1723; x_wconf 86' lang='lat' dir='ltr'>quasi</span> <span class='ocrx_word' id='word_1_90' title='bbox 2261 1640 2632 1722; x_wconf 84' lang='lat' dir='ltr'>compleant</span> <span class='ocrx_word' id='word_1_91' title='bbox 2679 1641 2857 1723; x_wconf 90' lang='lat' dir='ltr'>quod</span> <span class='ocrx_word' id='word_1_92' title='bbox 2892 1642 3002 1704; x_wconf 89' lang='lat' dir='ltr'>hic</span> <span class='ocrx_word' id='word_1_93' title='bbox 3047 1642 3270 1705; x_wconf 89' lang='lat' dir='ltr'>minus</span> <span class='ocrx_word' id='word_1_94' title='bbox 3320 1641 3490 1705; x_wconf 83' lang='lat' dir='ltr'>fece-</span> 
     </span>
     <span class='ocr_line' id='line_1_9' title="bbox 382 1754 3484 1839; baseline -0.001 -18"><span class='ocrx_word' id='word_1_95' title='bbox 382 1759 574 1839; x_wconf 90' lang='lat' dir='ltr'>runt;</span> <span class='ocrx_word' id='word_1_96' title='bbox 605 1756 781 1820; x_wconf 91' lang='lat' dir='ltr'>idem</span> <span class='ocrx_word' id='word_1_97' title='bbox 813 1755 1099 1820; x_wconf 85' lang='lat' dir='ltr'><strong>dicimus</strong></span> <span class='ocrx_word' id='word_1_98' title='bbox 1136 1754 1309 1819; x_wconf 90' lang='lat' dir='ltr'>etde</span> <span class='ocrx_word' id='word_1_99' title='bbox 1348 1755 1495 1819; x_wconf 90' lang='lat' dir='ltr'>istis</span> <span class='ocrx_word' id='word_1_100' title='bbox 1522 1774 1665 1821; x_wconf 89' lang='lat' dir='ltr'>esse</span> <span class='ocrx_word' id='word_1_101' title='bbox 1702 1757 2143 1838; x_wconf 87' lang='lat' dir='ltr'>sentiendum,</span> <span class='ocrx_word' id='word_1_102' title='bbox 2184 1758 2250 1820; x_wconf 90' lang='lat' dir='ltr'>et</span> <span class='ocrx_word' id='word_1_103' title='bbox 2285 1756 2366 1819; x_wconf 90' lang='lat' dir='ltr'>de</span> <span class='ocrx_word' id='word_1_104' title='bbox 2393 1756 2498 1819; x_wconf 85' lang='lat' dir='ltr'>his</span> <span class='ocrx_word' id='word_1_105' title='bbox 2536 1756 2652 1837; x_wconf 91' lang='lat' dir='ltr'>qui</span> <span class='ocrx_word' id='word_1_106' title='bbox 2695 1758 2762 1819; x_wconf 93' lang='lat' dir='ltr'>in</span> <span class='ocrx_word' id='word_1_107' title='bbox 2794 1756 3108 1821; x_wconf 85' lang='lat' dir='ltr'>extremis</span> <span class='ocrx_word' id='word_1_108' title='bbox 3145 1757 3484 1838; x_wconf 81' lang='lat' dir='ltr'>poenitent.</span> 
     </span>
     <span class='ocr_line' id='line_1_10' title="bbox 382 1871 3490 1953; baseline -0.001 -16"><span class='ocrx_word' id='word_1_109' title='bbox 382 1873 451 1937; x_wconf 90' lang='lat' dir='ltr'>Si</span> <span class='ocrx_word' id='word_1_110' title='bbox 483 1873 660 1937; x_wconf 90' lang='lat' dir='ltr'>enim</span> <span class='ocrx_word' id='word_1_111' title='bbox 700 1874 880 1936; x_wconf 76' lang='lat' dir='ltr'>tanta</span> <span class='ocrx_word' id='word_1_112' title='bbox 916 1871 1115 1936; x_wconf 88' lang='lat' dir='ltr'>fuerit</span> <span class='ocrx_word' id='word_1_113' title='bbox 1150 1872 1367 1935; x_wconf 89' lang='lat' dir='ltr'>cordis</span> <span class='ocrx_word' id='word_1_114' title='bbox 1396 1872 1701 1935; x_wconf 91' lang='lat' dir='ltr'>contritio</span> <span class='ocrx_word' id='word_1_115' title='bbox 1731 1873 1798 1936; x_wconf 90' lang='lat' dir='ltr'>et</span> <span class='ocrx_word' id='word_1_116' title='bbox 1824 1872 2044 1937; x_wconf 86' lang='lat' dir='ltr'>delicti</span> <span class='ocrx_word' id='word_1_117' title='bbox 2073 1871 2512 1953; x_wconf 84' lang='lat' dir='ltr'>exprobratio,</span> <span class='ocrx_word' id='word_1_118' title='bbox 2545 1874 2621 1935; x_wconf 90' lang='lat' dir='ltr'>ut</span> <span class='ocrx_word' id='word_1_119' title='bbox 2648 1872 2928 1936; x_wconf 88' lang='lat' dir='ltr'>sufficiat</span> <span class='ocrx_word' id='word_1_120' title='bbox 2961 1872 3045 1936; x_wconf 90' lang='lat' dir='ltr'>ad</span> <span class='ocrx_word' id='word_1_121' title='bbox 3081 1872 3490 1953; x_wconf 82' lang='lat' dir='ltr'>puniendum</span> 
     </span>
     <span class='ocr_line' id='line_1_11' title="bbox 382 1987 3489 2071; baseline -0.001 -18"><span class='ocrx_word' id='word_1_122' title='bbox 382 1991 749 2071; x_wconf 84' lang='lat' dir='ltr'>peccatum,</span> <span class='ocrx_word' id='word_1_123' title='bbox 782 1987 972 2053; x_wconf 88' lang='lat' dir='ltr'>liberi</span> <span class='ocrx_word' id='word_1_124' title='bbox 1002 1987 1086 2051; x_wconf 87' lang='lat' dir='ltr'>ab</span> <span class='ocrx_word' id='word_1_125' title='bbox 1113 1988 1262 2052; x_wconf 90' lang='lat' dir='ltr'>aliis</span> <span class='ocrx_word' id='word_1_126' title='bbox 1297 1989 1511 2070; x_wconf 86' lang='lat' dir='ltr'>poenis</span> <span class='ocrx_word' id='word_1_127' title='bbox 1553 1989 1891 2053; x_wconf 87' lang='lat' dir='ltr'>transeunt</span> <span class='ocrx_word' id='word_1_128' title='bbox 1929 1989 2011 2051; x_wconf 90' lang='lat' dir='ltr'>ad</span> <span class='ocrx_word' id='word_1_129' title='bbox 2048 1990 2278 2069; x_wconf 85' lang='lat' dir='ltr'>vitam,</span> <span class='ocrx_word' id='word_1_130' title='bbox 2312 1989 2434 2052; x_wconf 88' lang='lat' dir='ltr'>etsi</span> <span class='ocrx_word' id='word_1_131' title='bbox 2478 1987 2808 2070; x_wconf 85' lang='lat' dir='ltr'>inexpleta</span> <span class='ocrx_word' id='word_1_132' title='bbox 2847 1987 3046 2052; x_wconf 89' lang='lat' dir='ltr'>fuerit</span> <span class='ocrx_word' id='word_1_133' title='bbox 3081 1988 3489 2070; x_wconf 75' lang='lat' dir='ltr'>poenitentia,</span> 
     </span>
     <span class='ocr_line' id='line_1_12' title="bbox 384 2104 3494 2188; baseline -0.001 -20"><span class='ocrx_word' id='word_1_134' title='bbox 384 2106 540 2187; x_wconf 88' lang='lat' dir='ltr'>quia</span> <span class='ocrx_word' id='word_1_135' title='bbox 593 2104 879 2188; x_wconf 87' lang='lat' dir='ltr'>perfecte</span> <span class='ocrx_word' id='word_1_136' title='bbox 933 2105 1381 2187; x_wconf 89' lang='lat' dir='ltr'>poenituerunt</span> <span class='ocrx_word' id='word_1_137' title='bbox 1427 2106 1493 2167; x_wconf 91' lang='lat' dir='ltr'>et</span> <span class='ocrx_word' id='word_1_138' title='bbox 1548 2105 2008 2186; x_wconf 88' lang='lat' dir='ltr'>ingemuerunt</span> <span class='ocrx_word' id='word_1_139' title='bbox 2054 2104 2269 2169; x_wconf 88' lang='lat' dir='ltr'>corde.</span> <span class='ocrx_word' id='word_1_140' title='bbox 2313 2105 2442 2179; x_wconf 91' lang='lat' dir='ltr'>Qui</span> <span class='ocrx_word' id='word_1_141' title='bbox 2480 2122 2635 2169; x_wconf 89' lang='lat' dir='ltr'>vero</span> <span class='ocrx_word' id='word_1_142' title='bbox 2688 2122 2819 2167; x_wconf 91' lang='lat' dir='ltr'>non</span> <span class='ocrx_word' id='word_1_143' title='bbox 2857 2105 3019 2169; x_wconf 88' lang='lat' dir='ltr'>adeo</span> <span class='ocrx_word' id='word_1_144' title='bbox 3068 2105 3494 2169; x_wconf 88' lang='lat' dir='ltr'>conteruntur</span> 
     </span>
     <span class='ocr_line' id='line_1_13' title="bbox 384 2216 3784 2312; baseline 0 -27"><span class='ocrx_word' id='word_1_145' title='bbox 384 2222 577 2286; x_wconf 86' lang='lat' dir='ltr'>corde</span> <span class='ocrx_word' id='word_1_146' title='bbox 624 2223 690 2285; x_wconf 93' lang='lat' dir='ltr'>et</span> <span class='ocrx_word' id='word_1_147' title='bbox 744 2222 1187 2303; x_wconf 86' lang='lat' dir='ltr'>ingemiscunt</span> <span class='ocrx_word' id='word_1_148' title='bbox 1233 2239 1352 2303; x_wconf 92' lang='lat' dir='ltr'>pro</span> <span class='ocrx_word' id='word_1_149' title='bbox 1408 2223 1700 2302; x_wconf 83' lang='lat' dir='ltr'>peccatO,</span> <span class='ocrx_word' id='word_1_150' title='bbox 1740 2222 1798 2285; x_wconf 89' lang='lat' dir='ltr'>si</span> <span class='ocrx_word' id='word_1_151' title='bbox 1854 2223 2004 2286; x_wconf 90' lang='lat' dir='ltr'>ante</span> <span class='ocrx_word' id='word_1_152' title='bbox 2062 2221 2503 2303; x_wconf 83' lang='lat' dir='ltr'>expletionem</span> <span class='ocrx_word' id='word_1_153' title='bbox 2549 2222 2953 2303; x_wconf 84' lang='lat' dir='ltr'>poenitentiae</span> <span class='ocrx_word' id='word_1_154' title='bbox 3001 2220 3421 2285; x_wconf 87' lang='lat' dir='ltr'>discesserint</span> <span class='ocrx_word' id='word_1_155' title='bbox 3441 2216 3488 2302; x_wconf 85' lang='lat'>*,</span> <span class='ocrx_word' id='word_1_156' title='bbox 3542 2238 3784 2312; x_wconf 59' lang='lat' dir='ltr'>faeces-0-</span> 
     </span>
     <span class='ocr_line' id='line_1_14' title="bbox 383 2304 3608 2421; baseline -0 -19"><span class='ocrx_word' id='word_1_157' title='bbox 383 2340 603 2421; x_wconf 86' lang='lat' dir='ltr'>ignem</span> <span class='ocrx_word' id='word_1_158' title='bbox 647 2338 1103 2420; x_wconf 86' lang='lat' dir='ltr'>purgatorium</span> <span class='ocrx_word' id='word_1_159' title='bbox 1145 2338 1452 2417; x_wconf 88' lang='lat' dir='ltr'>sentient,</span> <span class='ocrx_word' id='word_1_160' title='bbox 1486 2338 1548 2400; x_wconf 88' lang='lat' dir='ltr'>et</span> <span class='ocrx_word' id='word_1_161' title='bbox 1586 2338 1852 2419; x_wconf 83' lang='lat' dir='ltr'>gravius</span> <span class='ocrx_word' id='word_1_162' title='bbox 1888 2338 2246 2419; x_wconf 88' lang='lat' dir='ltr'>punientur</span> <span class='ocrx_word' id='word_1_163' title='bbox 2282 2354 2477 2419; x_wconf 88' lang='lat' dir='ltr'>quam</span> <span class='ocrx_word' id='word_1_164' title='bbox 2511 2340 2569 2401; x_wconf 88' lang='lat' dir='ltr'>si</span> <span class='ocrx_word' id='word_1_165' title='bbox 2606 2338 2716 2401; x_wconf 88' lang='lat' dir='ltr'>hic</span> <span class='ocrx_word' id='word_1_166' title='bbox 2749 2337 3136 2419; x_wconf 87' lang='lat' dir='ltr'>implessent</span> <span class='ocrx_word' id='word_1_167' title='bbox 3175 2338 3494 2419; x_wconf 87' lang='lat' dir='ltr'>poeniten·</span> <span class='ocrx_word' id='word_1_168' title='bbox 3515 2304 3608 2344; x_wconf 61' lang='lat'><strong>‘¹¹¹⁸</strong></span> 
     </span>
     <span class='ocr_line' id='line_1_15' title="bbox 385 2452 3786 2534; baseline 0 -17"><span class='ocrx_word' id='word_1_169' title='bbox 385 2455 546 2518; x_wconf 91' lang='lat' dir='ltr'>tiam</span> <span class='ocrx_word' id='word_1_170' title='bbox 590 2475 605 2515; x_wconf 90' lang='lat'>:</span> <span class='ocrx_word' id='word_1_171' title='bbox 648 2452 1049 2517; x_wconf 87' lang='lat' dir='ltr'>horrendum</span> <span class='ocrx_word' id='word_1_172' title='bbox 1089 2452 1189 2517; x_wconf 88' lang='lat' dir='ltr'>est</span> <span class='ocrx_word' id='word_1_173' title='bbox 1234 2453 1410 2516; x_wconf 90' lang='lat' dir='ltr'>enim</span> <span class='ocrx_word' id='word_1_174' title='bbox 1460 2452 1747 2516; x_wconf 87' lang='lat' dir='ltr'>incidere</span> <span class='ocrx_word' id='word_1_175' title='bbox 1796 2452 1865 2515; x_wconf 90' lang='lat' dir='ltr'>in</span> <span class='ocrx_word' id='word_1_176' title='bbox 1913 2470 2150 2516; x_wconf 87' lang='lat' dir='ltr'>manus</span> <span class='ocrx_word' id='word_1_177' title='bbox 2196 2452 2320 2516; x_wconf 90' lang='lat' dir='ltr'>Dei</span> <span class='ocrx_word' id='word_1_178' title='bbox 2363 2453 2668 2518; x_wconf 84' lang='lat' dir='ltr'>viventis.</span> <span class='ocrx_word' id='word_1_179' title='bbox 2715 2452 2896 2517; x_wconf 89' lang='lat' dir='ltr'>Deus</span> <span class='ocrx_word' id='word_1_180' title='bbox 2932 2453 3108 2516; x_wconf 90' lang='lat' dir='ltr'>enim</span> <span class='ocrx_word' id='word_1_181' title='bbox 3157 2471 3362 2534; x_wconf 90' lang='lat' dir='ltr'>quum</span> <span class='ocrx_word' id='word_1_182' title='bbox 3408 2454 3497 2518; x_wconf 88' lang='lat' dir='ltr'>sit</span> <span class='ocrx_word' id='word_1_183' title='bbox 3521 2472 3786 2525; x_wconf 47' lang='lat' dir='ltr'>Hebraei.</span> 
     </span>
     <span class='ocr_line' id='line_1_16' title="bbox 386 2568 3497 2650; baseline -0.001 -15"><span class='ocrx_word' id='word_1_184' title='bbox 386 2571 760 2635; x_wconf 87' lang='lat' dir='ltr'>misericors</span> <span class='ocrx_word' id='word_1_185' title='bbox 786 2570 851 2633; x_wconf 92' lang='lat' dir='ltr'>et</span> <span class='ocrx_word' id='word_1_186' title='bbox 881 2568 1128 2649; x_wconf 77' lang='lat' dir='ltr'>JustuS,</span> <span class='ocrx_word' id='word_1_187' title='bbox 1170 2586 1252 2632; x_wconf 86' lang='lat' dir='ltr'>ex</span> <span class='ocrx_word' id='word_1_188' title='bbox 1287 2568 1741 2632; x_wconf 86' lang='lat' dir='ltr'>misericordia</span> <span class='ocrx_word' id='word_1_189' title='bbox 1768 2569 2112 2650; x_wconf 90' lang='lat' dir='ltr'>poenitenti</span> <span class='ocrx_word' id='word_1_190' title='bbox 2152 2568 2458 2650; x_wconf 87' lang='lat' dir='ltr'>ignoscit,</span> <span class='ocrx_word' id='word_1_191' title='bbox 2499 2586 2630 2632; x_wconf 90' lang='lat' dir='ltr'>non</span> <span class='ocrx_word' id='word_1_192' title='bbox 2660 2586 3001 2633; x_wconf 83' lang='lat' dir='ltr'>reservans</span> <span class='ocrx_word' id='word_1_193' title='bbox 3037 2569 3381 2650; x_wconf 87' lang='lat' dir='ltr'>peccatum</span> <span class='ocrx_word' id='word_1_194' title='bbox 3411 2570 3497 2633; x_wconf 92' lang='lat' dir='ltr'>ad</span> 
     </span>
     <span class='ocr_line' id='line_1_17' title="bbox 384 2683 3496 2769; baseline -0.001 -20"><span class='ocrx_word' id='word_1_195' title='bbox 384 2704 647 2769; x_wconf 68' lang='lat' dir='ltr'>poenam</span> <span class='ocrx_word' id='word_1_196' title='bbox 686 2686 1021 2763; x_wconf 87' lang='lat' dir='ltr'>aeternam,</span> <span class='ocrx_word' id='word_1_197' title='bbox 1058 2702 1135 2747; x_wconf 91' lang='lat' dir='ltr'>ex</span> <span class='ocrx_word' id='word_1_198' title='bbox 1162 2684 1424 2765; x_wconf 89' lang='lat' dir='ltr'>justitia</span> <span class='ocrx_word' id='word_1_199' title='bbox 1451 2701 1606 2747; x_wconf 84' lang='lat' dir='ltr'>vero</span> <span class='ocrx_word' id='word_1_200' title='bbox 1636 2684 2041 2766; x_wconf 86' lang='lat' dir='ltr'>impunitum</span> <span class='ocrx_word' id='word_1_201' title='bbox 2077 2701 2210 2747; x_wconf 91' lang='lat' dir='ltr'>non</span> <span class='ocrx_word' id='word_1_202' title='bbox 2249 2683 2526 2747; x_wconf 89' lang='lat' dir='ltr'>dimittit</span> <span class='ocrx_word' id='word_1_203' title='bbox 2553 2684 2889 2748; x_wconf 90' lang='lat' dir='ltr'>delictum.</span> <span class='ocrx_word' id='word_1_204' title='bbox 2925 2684 3062 2747; x_wconf 82' lang='lat' dir='ltr'>Aut</span> <span class='ocrx_word' id='word_1_205' title='bbox 3096 2684 3274 2747; x_wconf 89' lang='lat' dir='ltr'>enim</span> <span class='ocrx_word' id='word_1_206' title='bbox 3304 2686 3496 2766; x_wconf 88' lang='lat' dir='ltr'>punit</span> 
     </span>
     <span class='ocr_line' id='line_1_18' title="bbox 386 2800 3496 2883; baseline -0.001 -16"><span class='ocrx_word' id='word_1_207' title='bbox 386 2806 610 2883; x_wconf 84' lang='lat' dir='ltr'>home,</span> <span class='ocrx_word' id='word_1_208' title='bbox 656 2802 769 2866; x_wconf 90' lang='lat' dir='ltr'>aut</span> <span class='ocrx_word' id='word_1_209' title='bbox 805 2801 989 2865; x_wconf 88' lang='lat' dir='ltr'>Deus</span> <span class='ocrx_word' id='word_1_210' title='bbox 1029 2820 1045 2862; x_wconf 76' lang='grc' dir='ltr'><strong><em>ε</em></strong></span> <span class='ocrx_word' id='word_1_211' title='bbox 1086 2802 1286 2864; x_wconf 88' lang='lat' dir='ltr'>homo</span> <span class='ocrx_word' id='word_1_212' title='bbox 1331 2801 1553 2864; x_wconf 88' lang='lat' dir='ltr'>autem</span> <span class='ocrx_word' id='word_1_213' title='bbox 1592 2800 1783 2882; x_wconf 89' lang='lat' dir='ltr'>punit</span> <span class='ocrx_word' id='word_1_214' title='bbox 1812 2800 2211 2881; x_wconf 80' lang='lat' dir='ltr'>poenitendO,</span> <span class='ocrx_word' id='word_1_215' title='bbox 2253 2801 2435 2864; x_wconf 89' lang='lat' dir='ltr'>Deus</span> <span class='ocrx_word' id='word_1_216' title='bbox 2473 2802 2694 2864; x_wconf 88' lang='lat' dir='ltr'>autem</span> <span class='ocrx_word' id='word_1_217' title='bbox 2731 2817 2994 2882; x_wconf 88' lang='lat' dir='ltr'>poenam</span> <span class='ocrx_word' id='word_1_218' title='bbox 3033 2800 3376 2881; x_wconf 84' lang='lat' dir='ltr'>exigendo.</span> <span class='ocrx_word' id='word_1_219' title='bbox 3410 2802 3496 2865; x_wconf 89' lang='lat' dir='ltr'>Et</span> 
     </span>
     <span class='ocr_line' id='line_1_19' title="bbox 386 2916 3496 3000; baseline -0.001 -16"><span class='ocrx_word' id='word_1_220' title='bbox 386 2920 484 2985; x_wconf 86' lang='lat' dir='ltr'>est</span> <span class='ocrx_word' id='word_1_221' title='bbox 527 2917 918 3000; x_wconf 87' lang='lat' dir='ltr'>poenitentia</span> <span class='ocrx_word' id='word_1_222' title='bbox 963 2918 1235 2981; x_wconf 90' lang='lat' dir='ltr'>interior</span> <span class='ocrx_word' id='word_1_223' title='bbox 1282 2918 1349 2981; x_wconf 90' lang='lat' dir='ltr'>et</span> <span class='ocrx_word' id='word_1_224' title='bbox 1397 2918 1701 2981; x_wconf 87' lang='lat' dir='ltr'>exterior.</span> <span class='ocrx_word' id='word_1_225' title='bbox 1749 2918 1820 2982; x_wconf 89' lang='lat' dir='ltr'>Si</span> <span class='ocrx_word' id='word_1_226' title='bbox 1876 2933 2028 2998; x_wconf 85' lang='lat' dir='ltr'>ergo</span> <span class='ocrx_word' id='word_1_227' title='bbox 2080 2917 2354 2981; x_wconf 90' lang='lat' dir='ltr'>interior</span> <span class='ocrx_word' id='word_1_228' title='bbox 2396 2917 2734 2999; x_wconf 88' lang='lat' dir='ltr'>poenitudo</span> <span class='ocrx_word' id='word_1_229' title='bbox 2785 2916 2984 2981; x_wconf 84' lang='lat' dir='ltr'>fuerit</span> <span class='ocrx_word' id='word_1_230' title='bbox 3032 2918 3233 2997; x_wconf 84' lang='lat' dir='ltr'>tanta,</span> <span class='ocrx_word' id='word_1_231' title='bbox 3276 2920 3354 2985; x_wconf 85' lang='lat' dir='ltr'>ut</span> <span class='ocrx_word' id='word_1_232' title='bbox 3406 2916 3496 2982; x_wconf 91' lang='lat' dir='ltr'>sit</span> 
     </span>
     <span class='ocr_line' id='line_1_20' title="bbox 384 3032 3494 3115; baseline -0.001 -16"><span class='ocrx_word' id='word_1_233' title='bbox 384 3033 717 3099; x_wconf 87' lang='lat' dir='ltr'>sufficiens</span> <span class='ocrx_word' id='word_1_234' title='bbox 753 3032 921 3096; x_wconf 88' lang='lat' dir='ltr'>ultio</span> <span class='ocrx_word' id='word_1_235' title='bbox 970 3033 1251 3114; x_wconf 83' lang='lat' dir='ltr'>peccati3</span> <span class='ocrx_word' id='word_1_236' title='bbox 1296 3033 1499 3113; x_wconf 81' lang='lat' dir='ltr'>DeuS,</span> <span class='ocrx_word' id='word_1_237' title='bbox 1551 3033 1665 3113; x_wconf 78' lang='lat' dir='ltr'>qui</span> <span class='ocrx_word' id='word_1_238' title='bbox 1714 3033 1841 3096; x_wconf 88' lang='lat' dir='ltr'>hoc</span> <span class='ocrx_word' id='word_1_239' title='bbox 1893 3032 2103 3113; x_wconf 88' lang='lat' dir='ltr'>novit,</span> <span class='ocrx_word' id='word_1_240' title='bbox 2146 3032 2230 3096; x_wconf 91' lang='lat' dir='ltr'>ab</span> <span class='ocrx_word' id='word_1_241' title='bbox 2274 3032 2390 3096; x_wconf 92' lang='lat' dir='ltr'>illo</span> <span class='ocrx_word' id='word_1_242' title='bbox 2437 3033 2552 3114; x_wconf 86' lang='lat' dir='ltr'>qui</span> <span class='ocrx_word' id='word_1_243' title='bbox 2604 3032 2821 3097; x_wconf 88' lang='lat' dir='ltr'>taliter</span> <span class='ocrx_word' id='word_1_244' title='bbox 2869 3033 3167 3115; x_wconf 88' lang='lat' dir='ltr'>poenitet,</span> <span class='ocrx_word' id='word_1_245' title='bbox 3217 3034 3494 3097; x_wconf 87' lang='lat' dir='ltr'>ulterius</span> 
     </span>
     <span class='ocr_line' id='line_1_21' title="bbox 384 3149 3494 3234; baseline -0.001 -20"><span class='ocrx_word' id='word_1_246' title='bbox 384 3169 648 3234; x_wconf 86' lang='lat' dir='ltr'>poenam</span> <span class='ocrx_word' id='word_1_247' title='bbox 686 3167 821 3214; x_wconf 91' lang='lat' dir='ltr'>non</span> <span class='ocrx_word' id='word_1_248' title='bbox 858 3149 1085 3231; x_wconf 86' lang='lat' dir='ltr'>exigit.</span> <span class='ocrx_word' id='word_1_249' title='bbox 1127 3149 1197 3214; x_wconf 90' lang='lat' dir='ltr'>Si</span> <span class='ocrx_word' id='word_1_250' title='bbox 1236 3166 1390 3214; x_wconf 85' lang='lat' dir='ltr'>vero</span> <span class='ocrx_word' id='word_1_251' title='bbox 1432 3149 1705 3213; x_wconf 87' lang='lat' dir='ltr'>interior</span> <span class='ocrx_word' id='word_1_252' title='bbox 1731 3149 2071 3231; x_wconf 77' lang='lat' dir='ltr'>poenitudo</span> <span class='ocrx_word' id='word_1_253' title='bbox 2114 3166 2248 3213; x_wconf 90' lang='lat' dir='ltr'>non</span> <span class='ocrx_word' id='word_1_254' title='bbox 2285 3149 2526 3214; x_wconf 85' lang='lat' dir='ltr'>sufficit</span> <span class='ocrx_word' id='word_1_255' title='bbox 2563 3151 2632 3212; x_wconf 90' lang='lat' dir='ltr'>in</span> <span class='ocrx_word' id='word_1_256' title='bbox 2667 3150 3026 3214; x_wconf 78' lang='lat' dir='ltr'>vindictam</span> <span class='ocrx_word' id='word_1_257' title='bbox 3058 3149 3330 3231; x_wconf 86' lang='lat' dir='ltr'>peccati,</span> <span class='ocrx_word' id='word_1_258' title='bbox 3374 3166 3494 3213; x_wconf 89' lang='lat' dir='ltr'>nec</span> 
     </span>
     <span class='ocr_line' id='line_1_22' title="bbox 385 3265 3489 3350; baseline -0.002 -17"><span class='ocrx_word' id='word_1_259' title='bbox 385 3269 671 3333; x_wconf 89' lang='lat' dir='ltr'>exterior</span> <span class='ocrx_word' id='word_1_260' title='bbox 698 3267 1085 3350; x_wconf 88' lang='lat' dir='ltr'>poenitentia</span> <span class='ocrx_word' id='word_1_261' title='bbox 1112 3265 1459 3348; x_wconf 89' lang='lat' dir='ltr'>impletur·;</span> <span class='ocrx_word' id='word_1_262' title='bbox 1498 3265 1702 3343; x_wconf 79' lang='lat' dir='ltr'>DeuS,</span> <span class='ocrx_word' id='word_1_263' title='bbox 1724 3265 1837 3345; x_wconf 90' lang='lat' dir='ltr'>qui</span> <span class='ocrx_word' id='word_1_264' title='bbox 1868 3265 2103 3328; x_wconf 89' lang='lat' dir='ltr'>modos</span> <span class='ocrx_word' id='word_1_265' title='bbox 2132 3267 2198 3328; x_wconf 90' lang='lat' dir='ltr'>et</span> <span class='ocrx_word' id='word_1_266' title='bbox 2225 3283 2570 3329; x_wconf 83' lang='lat' dir='ltr'>mensuras</span> <span class='ocrx_word' id='word_1_267' title='bbox 2598 3268 3016 3346; x_wconf 88' lang='lat' dir='ltr'>peccatorum</span> <span class='ocrx_word' id='word_1_268' title='bbox 3055 3267 3118 3329; x_wconf 87' lang='lat' dir='ltr'>et</span> <span class='ocrx_word' id='word_1_269' title='bbox 3148 3281 3489 3345; x_wconf 89' lang='lat' dir='ltr'>poenarum</span> 
     </span>
     <span class='ocr_line' id='line_1_23' title="bbox 382 3381 3784 3465; baseline 0.001 -17"><span class='ocrx_word' id='word_1_270' title='bbox 382 3386 591 3464; x_wconf 85' lang='lat' dir='ltr'>novit,</span> <span class='ocrx_word' id='word_1_271' title='bbox 623 3385 809 3448; x_wconf 85' lang='lat' dir='ltr'>addit</span> <span class='ocrx_word' id='word_1_272' title='bbox 842 3399 1105 3465; x_wconf 87' lang='lat' dir='ltr'>poenam</span> <span class='ocrx_word' id='word_1_273' title='bbox 1142 3381 1595 3446; x_wconf 89' lang='lat' dir='ltr'>sufficientem.</span> <span class='ocrx_word' id='word_1_274' title='bbox 1630 3381 1902 3446; x_wconf 88' lang='lat' dir='ltr'>Studeat</span> <span class='ocrx_word' id='word_1_275' title='bbox 1941 3398 2092 3463; x_wconf 87' lang='lat' dir='ltr'>ergo</span> <span class='ocrx_word' id='word_1_276' title='bbox 2122 3383 2404 3463; x_wconf 86' lang='lat' dir='ltr'>quisque</span> <span class='ocrx_word' id='word_1_277' title='bbox 2446 3383 2542 3444; x_wconf 88' lang='lat' dir='ltr'>sic</span> <span class='ocrx_word' id='word_1_278' title='bbox 2578 3382 2816 3445; x_wconf 87' lang='lat' dir='ltr'>delicta</span> <span class='ocrx_word' id='word_1_279' title='bbox 2851 3382 3196 3462; x_wconf 88' lang='lat' dir='ltr'>corrigere,</span> <span class='ocrx_word' id='word_1_280' title='bbox 3229 3383 3304 3443; x_wconf 92' lang='lat' dir='ltr'>ut</span> <span class='ocrx_word' id='word_1_281' title='bbox 3338 3383 3490 3462; x_wconf 89' lang='lat' dir='ltr'>post</span> <span class='ocrx_word' id='word_1_282' title='bbox 3515 3406 3692 3462; x_wconf 55' lang='lat' dir='ltr'>nugae</span> <span class='ocrx_word' id='word_1_283' title='bbox 3705 3405 3784 3449; x_wconf 65' lang='lat' dir='ltr'>ve-</span> 
     </span>
     <span class='ocr_line' id='line_1_24' title="bbox 380 3469 3781 3581; baseline -0.003 -15"><span class='ocrx_word' id='word_1_284' title='bbox 380 3503 662 3566; x_wconf 87' lang='lat' dir='ltr'>mortem</span> <span class='ocrx_word' id='word_1_285' title='bbox 692 3518 828 3564; x_wconf 90' lang='lat' dir='ltr'>non</span> <span class='ocrx_word' id='word_1_286' title='bbox 856 3500 1154 3581; x_wconf 90' lang='lat' dir='ltr'>oporteat</span> <span class='ocrx_word' id='word_1_287' title='bbox 1180 3515 1441 3581; x_wconf 89' lang='lat' dir='ltr'>poenam</span> <span class='ocrx_word' id='word_1_288' title='bbox 1474 3498 1772 3562; x_wconf 87' lang='lat' dir='ltr'>tolerare.</span> <span class='ocrx_word' id='word_1_289' title='bbox 1805 3497 2125 3571; x_wconf 85' lang='lat' dir='ltr'>Quaedam</span> <span class='ocrx_word' id='word_1_290' title='bbox 2154 3498 2328 3562; x_wconf 88' lang='lat' dir='ltr'>enim</span> <span class='ocrx_word' id='word_1_291' title='bbox 2367 3499 2632 3580; x_wconf 88' lang='lat' dir='ltr'>peccata</span> <span class='ocrx_word' id='word_1_292' title='bbox 2660 3495 2962 3559; x_wconf 86' lang='lat' dir='ltr'>mortalia</span> <span class='ocrx_word' id='word_1_293' title='bbox 3000 3497 3067 3558; x_wconf 90' lang='lat' dir='ltr'>in</span> <span class='ocrx_word' id='word_1_294' title='bbox 3102 3495 3488 3578; x_wconf 88' lang='lat' dir='ltr'>poenitentia</span> <span class='ocrx_word' id='word_1_295' title='bbox 3512 3469 3781 3573; x_wconf 54' lang='lat' dir='ltr'>ffif‘oeffl’m</span> 
     </span>
     <span class='ocr_line' id='line_1_25' title="bbox 378 3609 3486 3696; baseline -0.002 -16"><span class='ocrx_word' id='word_1_296' title='bbox 378 3617 551 3680; x_wconf 88' lang='lat' dir='ltr'>fiunt</span> <span class='ocrx_word' id='word_1_297' title='bbox 590 3613 897 3696; x_wconf 87' lang='lat' dir='ltr'>venialia,</span> <span class='ocrx_word' id='word_1_298' title='bbox 950 3633 1081 3679; x_wconf 90' lang='lat' dir='ltr'>non</span> <span class='ocrx_word' id='word_1_299' title='bbox 1130 3616 1349 3678; x_wconf 87' lang='lat' dir='ltr'>tamen</span> <span class='ocrx_word' id='word_1_300' title='bbox 1406 3633 1567 3678; x_wconf 83' lang='lat' dir='ltr'>mox</span> <span class='ocrx_word' id='word_1_301' title='bbox 1622 3615 1957 3678; x_wconf 87' lang='lat' dir='ltr'>sanantur.</span> <span class='ocrx_word' id='word_1_302' title='bbox 2010 3615 2199 3696; x_wconf 75' lang='lat' dir='ltr'>Saepe</span> <span class='ocrx_word' id='word_1_303' title='bbox 2251 3615 2426 3677; x_wconf 89' lang='lat' dir='ltr'>enim</span> <span class='ocrx_word' id='word_1_304' title='bbox 2477 3609 2777 3677; x_wconf 89' lang='lat' dir='ltr'>infirmus</span> <span class='ocrx_word' id='word_1_305' title='bbox 2826 3614 3213 3692; x_wconf 90' lang='lat' dir='ltr'>moreretur,</span> <span class='ocrx_word' id='word_1_306' title='bbox 3249 3611 3306 3676; x_wconf 92' lang='lat' dir='ltr'>si</span> <span class='ocrx_word' id='word_1_307' title='bbox 3353 3629 3486 3674; x_wconf 91' lang='lat' dir='ltr'>non</span> 
     </span>
     <span class='ocr_line' id='line_1_26' title="bbox 378 3729 3488 3814; baseline -0.001 -18"><span class='ocrx_word' id='word_1_308' title='bbox 378 3734 851 3814; x_wconf 85' lang='lat' dir='ltr'>medicaretur3</span> <span class='ocrx_word' id='word_1_309' title='bbox 883 3750 1017 3796; x_wconf 91' lang='lat' dir='ltr'>non</span> <span class='ocrx_word' id='word_1_310' title='bbox 1055 3736 1273 3797; x_wconf 89' lang='lat' dir='ltr'>tamen</span> <span class='ocrx_word' id='word_1_311' title='bbox 1319 3733 1543 3796; x_wconf 88' lang='lat' dir='ltr'>statim</span> <span class='ocrx_word' id='word_1_312' title='bbox 1581 3731 1946 3795; x_wconf 88' lang='lat' dir='ltr'>medicatus</span> <span class='ocrx_word' id='word_1_313' title='bbox 1982 3732 2252 3795; x_wconf 88' lang='lat' dir='ltr'>sanatur</span> <span class='ocrx_word' id='word_1_314' title='bbox 2291 3750 2305 3792; x_wconf 92' lang='lat'><strong>:</strong></span> <span class='ocrx_word' id='word_1_315' title='bbox 2349 3730 2614 3811; x_wconf 84' lang='lat' dir='ltr'>languet</span> <span class='ocrx_word' id='word_1_316' title='bbox 2650 3730 2943 3793; x_wconf 83' lang='lat' dir='ltr'>victurus</span> <span class='ocrx_word' id='word_1_317' title='bbox 2980 3729 3096 3810; x_wconf 88' lang='lat' dir='ltr'>qui</span> <span class='ocrx_word' id='word_1_318' title='bbox 3127 3729 3311 3810; x_wconf 89' lang='lat' dir='ltr'>prius</span> <span class='ocrx_word' id='word_1_319' title='bbox 3348 3731 3488 3793; x_wconf 83' lang='lat' dir='ltr'>erat</span> 
     </span>
     <span class='ocr_line' id='line_1_27' title="bbox 380 3845 3483 3929; baseline -0.001 -17"><span class='ocrx_word' id='word_1_320' title='bbox 380 3849 765 3913; x_wconf 88' lang='lat' dir='ltr'>moriturus.</span> <span class='ocrx_word' id='word_1_321' title='bbox 790 3849 919 3923; x_wconf 86' lang='lat' dir='ltr'>Qui</span> <span class='ocrx_word' id='word_1_322' title='bbox 951 3850 1173 3912; x_wconf 88' lang='lat' dir='ltr'>autem</span> <span class='ocrx_word' id='word_1_323' title='bbox 1202 3849 1622 3929; x_wconf 89' lang='lat' dir='ltr'>impoenitens</span> <span class='ocrx_word' id='word_1_324' title='bbox 1650 3847 1955 3926; x_wconf 89' lang='lat' dir='ltr'>moritur,</span> <span class='ocrx_word' id='word_1_325' title='bbox 1987 3847 2258 3910; x_wconf 89' lang='lat' dir='ltr'>omnino</span> <span class='ocrx_word' id='word_1_326' title='bbox 2287 3846 2588 3924; x_wconf 88' lang='lat' dir='ltr'>moritur,</span> <span class='ocrx_word' id='word_1_327' title='bbox 2617 3847 2682 3909; x_wconf 90' lang='lat' dir='ltr'>et</span> <span class='ocrx_word' id='word_1_328' title='bbox 2714 3845 3105 3909; x_wconf 70' lang='lat' dir='ltr'>aeternaliter</span> <span class='ocrx_word' id='word_1_329' title='bbox 3134 3846 3483 3910; x_wconf 89' lang='lat' dir='ltr'>cruciatur.</span> 
     </span>
    </p>
   </div>
   <div class='ocr_carea' id='block_1_5' title="bbox 380 3965 1961 4046">
    <p class='ocr_par' dir='ltr' id='par_1_6' title="bbox 380 3965 1961 4046">
     <span class='ocr_line' id='line_1_28' title="bbox 380 3965 1961 4046; baseline 0 -18"><span class='ocrx_word' id='word_1_330' title='bbox 380 3965 453 4028; x_wconf 86' lang='lat' dir='ltr'>Si</span> <span class='ocrx_word' id='word_1_331' title='bbox 492 3965 669 4029; x_wconf 88' lang='lat' dir='ltr'>enim</span> <span class='ocrx_word' id='word_1_332' title='bbox 717 3981 979 4046; x_wconf 84' lang='lat' dir='ltr'>semper</span> <span class='ocrx_word' id='word_1_333' title='bbox 1021 3965 1295 4043; x_wconf 81' lang='lat' dir='ltr'>viveret,</span> <span class='ocrx_word' id='word_1_334' title='bbox 1338 3979 1597 4044; x_wconf 87' lang='lat' dir='ltr'>semper</span> <span class='ocrx_word' id='word_1_335' title='bbox 1640 3965 1961 4044; x_wconf 85' lang='lat' dir='ltr'>peccaret.</span> 
     </span>
    </p>
   </div>
   <div class='ocr_carea' id='block_1_6' title="bbox 552 4231 3308 4308">
    <p class='ocr_par' dir='ltr' id='par_1_7' title="bbox 552 4231 3308 4308">
     <span class='ocr_line' id='line_1_29' title="bbox 552 4231 3308 4308; baseline -0.001 -12"><span class='ocrx_word' id='word_1_336' title='bbox 552 4232 624 4296; x_wconf 90' lang='lat' dir='ltr'>C.</span> <span class='ocrx_word' id='word_1_337' title='bbox 668 4236 769 4296; x_wconf 85' lang='lat' dir='ltr'>De</span> <span class='ocrx_word' id='word_1_338' title='bbox 816 4235 945 4296; x_wconf 76' lang='lat' dir='ltr'>illo</span> <span class='ocrx_word' id='word_1_339' title='bbox 996 4236 1118 4296; x_wconf 75' lang='lat' dir='ltr'>eut</span> <span class='ocrx_word' id='word_1_340' title='bbox 1159 4235 1510 4296; x_wconf 74' lang='lat' dir='ltr'>sacerdos</span> <span class='ocrx_word' id='word_1_341' title='bbox 1556 4233 1997 4295; x_wconf 76' lang='lat' dir='ltr'>indiscretus</span> <span class='ocrx_word' id='word_1_342' title='bbox 2042 4233 2371 4308; x_wconf 69' lang='lat' dir='ltr'>injunyit</span> <span class='ocrx_word' id='word_1_343' title='bbox 2407 4246 2736 4307; x_wconf 78' lang='lat' dir='ltr'>parvam</span> <span class='ocrx_word' id='word_1_344' title='bbox 2771 4231 3308 4307; x_wconf 70' lang='lat' dir='ltr'>poenitentiam.</span> 
     </span>
    </p>
   </div>
   <div class='ocr_carea' id='block_1_7' title="bbox 372 4467 3484 5365">
    <p class='ocr_par' dir='ltr' id='par_1_8' title="bbox 372 4467 3484 5365">
     <span class='ocr_line' id='line_1_30' title="bbox 513 4467 3483 4554; baseline 0 -18"><span class='ocrx_word' id='word_1_345' title='bbox 513 4471 580 4536; x_wconf 90' lang='lat' dir='ltr'>Si</span> <span class='ocrx_word' id='word_1_346' title='bbox 620 4486 777 4534; x_wconf 86' lang='lat' dir='ltr'>vero</span> <span class='ocrx_word' id='word_1_347' title='bbox 808 4469 888 4532; x_wconf 90' lang='lat' dir='ltr'>de</span> <span class='ocrx_word' id='word_1_348' title='bbox 918 4468 1034 4532; x_wconf 93' lang='lat' dir='ltr'>illo</span> <span class='ocrx_word' id='word_1_349' title='bbox 1064 4468 1381 4550; x_wconf 86' lang='lat' dir='ltr'>quaeritur</span> <span class='ocrx_word' id='word_1_350' title='bbox 1411 4467 1525 4550; x_wconf 87' lang='lat' dir='ltr'>qui</span> <span class='ocrx_word' id='word_1_351' title='bbox 1563 4467 2074 4532; x_wconf 88' lang='lat' dir='ltr'>satisfactionem</span> <span class='ocrx_word' id='word_1_352' title='bbox 2118 4469 2481 4550; x_wconf 86' lang='lat' dir='ltr'>injunctam</span> <span class='ocrx_word' id='word_1_353' title='bbox 2513 4470 2908 4552; x_wconf 85' lang='lat' dir='ltr'>impleverit,</span> <span class='ocrx_word' id='word_1_354' title='bbox 2938 4489 3086 4552; x_wconf 86' lang='lat' dir='ltr'>quae</span> <span class='ocrx_word' id='word_1_355' title='bbox 3116 4473 3483 4554; x_wconf 85' lang='lat' dir='ltr'>ignorantia</span> 
     </span>
     <span class='ocr_line' id='line_1_31' title="bbox 379 4584 3482 4670; baseline 0.002 -22"><span class='ocrx_word' id='word_1_356' title='bbox 379 4588 482 4652; x_wconf 86' lang='lat' dir='ltr'>vel</span> <span class='ocrx_word' id='word_1_357' title='bbox 533 4586 930 4668; x_wconf 83' lang='lat' dir='ltr'>negligentia</span> <span class='ocrx_word' id='word_1_358' title='bbox 980 4584 1337 4648; x_wconf 87' lang='lat' dir='ltr'>sacerdotis</span> <span class='ocrx_word' id='word_1_359' title='bbox 1382 4586 1646 4666; x_wconf 87' lang='lat' dir='ltr'>peccato</span> <span class='ocrx_word' id='word_1_360' title='bbox 1698 4584 2022 4666; x_wconf 89' lang='lat' dir='ltr'>condigna</span> <span class='ocrx_word' id='word_1_361' title='bbox 2070 4603 2203 4650; x_wconf 91' lang='lat' dir='ltr'>non</span> <span class='ocrx_word' id='word_1_362' title='bbox 2256 4585 2403 4664; x_wconf 85' lang='lat' dir='ltr'>fuit,</span> <span class='ocrx_word' id='word_1_363' title='bbox 2447 4588 2672 4650; x_wconf 89' lang='lat' dir='ltr'>utrum</span> <span class='ocrx_word' id='word_1_364' title='bbox 2719 4587 2800 4650; x_wconf 90' lang='lat' dir='ltr'>de</span> <span class='ocrx_word' id='word_1_365' title='bbox 2851 4587 2987 4650; x_wconf 88' lang='lat' dir='ltr'>vita</span> <span class='ocrx_word' id='word_1_366' title='bbox 3041 4589 3354 4670; x_wconf 80' lang='lat' dir='ltr'>migranS,</span> <span class='ocrx_word' id='word_1_367' title='bbox 3399 4590 3482 4654; x_wconf 91' lang='lat' dir='ltr'>ab</span> 
     </span>
     <span class='ocr_line' id='line_1_32' title="bbox 378 4699 3484 4784; baseline 0 -16"><span class='ocrx_word' id='word_1_368' title='bbox 378 4704 557 4768; x_wconf 89' lang='lat' dir='ltr'>omni</span> <span class='ocrx_word' id='word_1_369' title='bbox 591 4719 782 4784; x_wconf 88' lang='lat' dir='ltr'>poena</span> <span class='ocrx_word' id='word_1_370' title='bbox 818 4701 983 4766; x_wconf 89' lang='lat' dir='ltr'>liber</span> <span class='ocrx_word' id='word_1_371' title='bbox 1018 4701 1138 4783; x_wconf 88' lang='lat' dir='ltr'>sit;</span> <span class='ocrx_word' id='word_1_372' title='bbox 1180 4699 1351 4764; x_wconf 87' lang='lat' dir='ltr'>idem</span> <span class='ocrx_word' id='word_1_373' title='bbox 1385 4700 1749 4782; x_wconf 90' lang='lat' dir='ltr'>respondeo</span> <span class='ocrx_word' id='word_1_374' title='bbox 1786 4701 1964 4782; x_wconf 90' lang='lat' dir='ltr'>quod</span> <span class='ocrx_word' id='word_1_375' title='bbox 2001 4719 2200 4782; x_wconf 87' lang='lat' dir='ltr'>supra</span> <span class='ocrx_word' id='word_1_376' title='bbox 2229 4702 2310 4765; x_wconf 89' lang='lat' dir='ltr'>de</span> <span class='ocrx_word' id='word_1_377' title='bbox 2349 4701 2461 4765; x_wconf 95' lang='lat' dir='ltr'>illo</span> <span class='ocrx_word' id='word_1_378' title='bbox 2501 4702 2615 4782; x_wconf 88' lang='lat' dir='ltr'>qui</span> <span class='ocrx_word' id='word_1_379' title='bbox 2646 4703 3096 4784; x_wconf 71' lang='lat' dir='ltr'>poenitentiam</span> <span class='ocrx_word' id='word_1_380' title='bbox 3134 4721 3266 4767; x_wconf 91' lang='lat' dir='ltr'>non</span> <span class='ocrx_word' id='word_1_381' title='bbox 3304 4723 3484 4768; x_wconf 88' lang='lat' dir='ltr'>com-</span> 
     </span>
     <span class='ocr_line' id='line_1_33' title="bbox 375 4799 3480 4902; baseline 0.001 -19"><span class='ocrx_word' id='word_1_382' title='bbox 375 4820 600 4902; x_wconf 90' lang='lat' dir='ltr'>plevit,</span> <span class='ocrx_word' id='word_1_383' title='bbox 634 4818 799 4881; x_wconf 83' lang='lat' dir='ltr'>dixi.</span> <span class='ocrx_word' id='word_1_384' title='bbox 828 4817 1019 4892; x_wconf 85' lang='lat' dir='ltr'>Quod</span> <span class='ocrx_word' id='word_1_385' title='bbox 1056 4817 1113 4880; x_wconf 89' lang='lat' dir='ltr'>si</span> <span class='ocrx_word' id='word_1_386' title='bbox 1145 4818 1401 4880; x_wconf 90' lang='lat' dir='ltr'>tantum</span> <span class='ocrx_word' id='word_1_387' title='bbox 1432 4817 1532 4880; x_wconf 91' lang='lat' dir='ltr'>est</span> <span class='ocrx_word' id='word_1_388' title='bbox 1559 4816 1921 4880; x_wconf 88' lang='lat' dir='ltr'>lamentum</span> <span class='ocrx_word' id='word_1_389' title='bbox 1951 4817 2283 4881; x_wconf 87' lang='lat' dir='ltr'>interioris</span> <span class='ocrx_word' id='word_1_390' title='bbox 2310 4817 2580 4897; x_wconf 81' lang='lat' dir='ltr'>doloriS,</span> <span class='ocrx_word' id='word_1_391' title='bbox 2615 4818 2690 4880; x_wconf 92' lang='lat' dir='ltr'>ut</span> <span class='ocrx_word' id='word_1_392' title='bbox 2716 4817 2995 4881; x_wconf 85' lang='lat' dir='ltr'>sufficiat</span> <span class='ocrx_word' id='word_1_393' title='bbox 3023 4799 3090 4881; x_wconf 82' lang='lat' dir='ltr'>in</span> <span class='ocrx_word' id='word_1_394' title='bbox 3120 4819 3480 4885; x_wconf 88' lang='lat' dir='ltr'>vindictam</span> 
     </span>
     <span class='ocr_line' id='line_1_34' title="bbox 374 4932 3480 5018; baseline 0.001 -19"><span class='ocrx_word' id='word_1_395' title='bbox 374 4933 646 5017; x_wconf 85' lang='lat' dir='ltr'>peccati,</span> <span class='ocrx_word' id='word_1_396' title='bbox 690 4934 961 4998; x_wconf 90' lang='lat' dir='ltr'>omnino</span> <span class='ocrx_word' id='word_1_397' title='bbox 1001 4932 1315 4996; x_wconf 89' lang='lat' dir='ltr'>liberatus</span> <span class='ocrx_word' id='word_1_398' title='bbox 1352 4934 1492 5015; x_wconf 84' lang='lat' dir='ltr'>est3</span> <span class='ocrx_word' id='word_1_399' title='bbox 1541 4933 1597 4996; x_wconf 89' lang='lat' dir='ltr'>si</span> <span class='ocrx_word' id='word_1_400' title='bbox 1636 4950 1790 4996; x_wconf 86' lang='lat' dir='ltr'>vero</span> <span class='ocrx_word' id='word_1_401' title='bbox 1830 4950 1962 4996; x_wconf 90' lang='lat' dir='ltr'>non</span> <span class='ocrx_word' id='word_1_402' title='bbox 1999 4933 2281 4996; x_wconf 89' lang='lat' dir='ltr'>sufficiat</span> <span class='ocrx_word' id='word_1_403' title='bbox 2320 4933 2508 4996; x_wconf 91' lang='lat' dir='ltr'>dolor</span> <span class='ocrx_word' id='word_1_404' title='bbox 2548 4933 2820 4996; x_wconf 90' lang='lat' dir='ltr'>interior</span> <span class='ocrx_word' id='word_1_405' title='bbox 2854 4933 3057 4998; x_wconf 91' lang='lat' dir='ltr'>simul</span> <span class='ocrx_word' id='word_1_406' title='bbox 3096 4953 3244 4998; x_wconf 88' lang='lat' dir='ltr'>cum</span> <span class='ocrx_word' id='word_1_407' title='bbox 3285 4955 3480 5018; x_wconf 87' lang='lat' dir='ltr'>poena</span> 
     </span>
     <span class='ocr_line' id='line_1_35' title="bbox 372 5047 3475 5132; baseline 0.001 -18"><span class='ocrx_word' id='word_1_408' title='bbox 372 5051 691 5132; x_wconf 86' lang='lat' dir='ltr'>injuncta,</span> <span class='ocrx_word' id='word_1_409' title='bbox 724 5049 919 5113; x_wconf 89' lang='lat' dir='ltr'>addet</span> <span class='ocrx_word' id='word_1_410' title='bbox 942 5049 1125 5112; x_wconf 90' lang='lat' dir='ltr'>Deus</span> <span class='ocrx_word' id='word_1_411' title='bbox 1152 5065 1431 5128; x_wconf 87' lang='lat' dir='ltr'>poenam.</span> <span class='ocrx_word' id='word_1_412' title='bbox 1465 5047 1659 5122; x_wconf 86' lang='lat' dir='ltr'>Quod</span> <span class='ocrx_word' id='word_1_413' title='bbox 1696 5051 1915 5113; x_wconf 88' lang='lat' dir='ltr'>autem</span> <span class='ocrx_word' id='word_1_414' title='bbox 1948 5048 2587 5113; x_wconf 87' lang='lat' dir='ltr'>interdum-sufficiat</span> <span class='ocrx_word' id='word_1_415' title='bbox 2621 5048 2810 5112; x_wconf 90' lang='lat' dir='ltr'>dolor</span> <span class='ocrx_word' id='word_1_416' title='bbox 2845 5049 3118 5114; x_wconf 89' lang='lat' dir='ltr'>interior</span> <span class='ocrx_word' id='word_1_417' title='bbox 3143 5052 3225 5115; x_wconf 88' lang='lat' dir='ltr'>ad</span> <span class='ocrx_word' id='word_1_418' title='bbox 3255 5053 3475 5116; x_wconf 90' lang='lat' dir='ltr'>vindi-</span> 
     </span>
     <span class='ocr_line' id='line_1_36' title="bbox 374 5163 3474 5247; baseline 0 -16"><span class='ocrx_word' id='word_1_419' title='bbox 374 5169 545 5232; x_wconf 85' lang='lat' dir='ltr'>ctam</span> <span class='ocrx_word' id='word_1_420' title='bbox 584 5165 858 5247; x_wconf 86' lang='lat' dir='ltr'>peccati,</span> <span class='ocrx_word' id='word_1_421' title='bbox 904 5165 1152 5228; x_wconf 88' lang='lat' dir='ltr'>certum</span> <span class='ocrx_word' id='word_1_422' title='bbox 1194 5163 1664 5228; x_wconf 90' lang='lat' dir='ltr'>documentum</span> <span class='ocrx_word' id='word_1_423' title='bbox 1700 5163 2019 5229; x_wconf 88' lang='lat' dir='ltr'>hahemus</span> <span class='ocrx_word' id='word_1_424' title='bbox 2055 5165 2124 5227; x_wconf 90' lang='lat' dir='ltr'>in</span> <span class='ocrx_word' id='word_1_425' title='bbox 2163 5164 2278 5228; x_wconf 94' lang='lat' dir='ltr'>illo</span> <span class='ocrx_word' id='word_1_426' title='bbox 2324 5164 2575 5228; x_wconf 88' lang='lat' dir='ltr'>latrone</span> <span class='ocrx_word' id='word_1_427' title='bbox 2622 5164 2736 5246; x_wconf 90' lang='lat' dir='ltr'>qui</span> <span class='ocrx_word' id='word_1_428' title='bbox 2772 5165 2914 5228; x_wconf 90' lang='lat' dir='ltr'>sola</span> <span class='ocrx_word' id='word_1_429' title='bbox 2949 5167 3190 5230; x_wconf 90' lang='lat' dir='ltr'>mentis</span> <span class='ocrx_word' id='word_1_430' title='bbox 3229 5170 3474 5232; x_wconf 86' lang='lat' dir='ltr'>contri-</span> 
     </span>
     <span class='ocr_line' id='line_1_37' title="bbox 378 5278 3474 5365; baseline 0 -19"><span class='ocrx_word' id='word_1_431' title='bbox 378 5283 558 5346; x_wconf 88' lang='lat' dir='ltr'>tione</span> <span class='ocrx_word' id='word_1_432' title='bbox 597 5282 663 5345; x_wconf 89' lang='lat' dir='ltr'>et</span> <span class='ocrx_word' id='word_1_433' title='bbox 703 5279 1138 5359; x_wconf 86' lang='lat' dir='ltr'>confessione,</span> <span class='ocrx_word' id='word_1_434' title='bbox 1178 5278 1399 5342; x_wconf 85' lang='lat' dir='ltr'>statim</span> <span class='ocrx_word' id='word_1_435' title='bbox 1442 5280 1517 5343; x_wconf 90' lang='lat' dir='ltr'>ut</span> <span class='ocrx_word' id='word_1_436' title='bbox 1558 5296 1912 5344; x_wconf 82' lang='lat' dir='ltr'>conversus</span> <span class='ocrx_word' id='word_1_437' title='bbox 1955 5280 2105 5362; x_wconf 85' lang='lat' dir='ltr'>fuit,</span> <span class='ocrx_word' id='word_1_438' title='bbox 2144 5281 2522 5363; x_wconf 86' lang='lat' dir='ltr'>paradisum</span> <span class='ocrx_word' id='word_1_439' title='bbox 2567 5280 2818 5361; x_wconf 88' lang='lat' dir='ltr'>ingredi</span> <span class='ocrx_word' id='word_1_440' title='bbox 2863 5282 3125 5345; x_wconf 86' lang='lat' dir='ltr'>meruit.</span> <span class='ocrx_word' id='word_1_441' title='bbox 3160 5283 3288 5347; x_wconf 90' lang='lat' dir='ltr'>Sed</span> <span class='ocrx_word' id='word_1_442' title='bbox 3318 5285 3474 5365; x_wconf 88' lang='lat' dir='ltr'>quia</span> 
     </span>
    </p>
   </div>
  </div>
 </body>
</html>
