4267 6250
8 441 24 588 Ὗιο-

1446 522 1648 571 mlum
1688 522 2053 570 pumuntur
2092 522 2288 571 POENA
2329 524 2421 571 sn·

3361 504 3484 569 545

368 705 498 769 que
540 690 799 753 easdem
836 692 1052 774 plagas
1090 710 1209 775 pro
1246 692 1486 757 eisdem
1529 694 1737 777 culpis
1778 694 1872 757 in·
1900 693 1951 756 A
1984 694 2117 757 sius
2148 702 2374 778 quarto
2403 693 2682 777 capitulo
2710 694 2789 757 de
2819 692 3064 757 Divinis
3093 692 3476 765 nominibus,

366 782 607 860 ferenS,
650 787 823 869 juste
864 790 1011 871 agit.

448 882 766 957 Quaeritur
813 905 1091 969 quoque,
1140 908 1223 951 an
1276 907 1465 971 poena
1519 890 1869 972 purgatorii

362 980 451 1041 sit
476 982 857 1047 voluntaria.
892 986 1269 1062 Dicendum,
1305 989 1473 1069 quod
1501 988 1744 1069 aliquid
1777 989 1867 1051 di-

363 1079 535 1141 citur
582 1081 1017 1147 voluntarium
1066 1085 1429 1168 dupliciter.
1483 1086 1713 1162 Primo,
1764 1105 1868 1149 vo-

364 1176 611 1241 luntate
660 1179 951 1245 absoluta
997 1200 1011 1244 τ
1057 1188 1121 1245 et
1168 1184 1260 1246 sic
1312 1184 1489 1246 nulla
1533 1202 1725 1266 poena
1772 1192 1871 1247 est

360 1276 747 1352 voluntaria,
779 1282 930 1361 quia
971 1280 1038 1343 in
1067 1281 1189 1344 hoc
1230 1282 1521 1345 consistit
1550 1283 1709 1346 ratio
1738 1302 1868 1366 poe-

364 1392 485 1446 nae,
518 1376 691 1456 quod
720 1383 819 1439 est
846 1378 1159 1441 voluntati
1189 1379 1519 1443 contraria.
1556 1380 1863 1455 Secundo,

362 1471 693 1535 voluntate
724 1475 1173 1552 conditionata,
1191 1477 1733 1559 quemadmodum
1764 1498 1867 1541 us-

365 1571 459 1632 tio
502 1579 763 1654 propter
808 1575 1143 1637 sanitatem
1188 1593 1203 1638 :
1244 1576 1465 1658 sicque
1514 1585 1721 1659 potest
1766 1596 1871 1641 vo-

368 1669 646 1734 luntaria
691 1690 829 1735 esse
878 1673 1239 1756 dupliciter.
1286 1674 1517 1751 Primo,
1560 1678 1711 1758 quia
1756 1696 1871 1760 per

370 1786 629 1850 poenam
659 1770 917 1852 aliquod
948 1771 1189 1835 bonum
1218 1774 1655 1856 acquirimus,
1684 1784 1748 1837 et
1778 1776 1869 1839 sic

1980 792 2153 874 quod
2201 792 2448 855 scilicet
2501 792 2710 874 angeli
2762 792 2916 855 boni
2971 790 3316 873 aliquando
3361 810 3476 873 pu-

1979 890 2186 952 niunt.
2217 924 2300 935 —
2327 890 2470 954 Haec
2511 890 2804 954 Thomas,

2059 988 2128 1049 In
2175 988 2361 1069 cujus
2399 988 2610 1051 verbis
2654 988 2969 1051 incertum
3009 986 3193 1049 valde
3225 986 3479 1049 videtur

1979 1086 2150 1166 quod
2181 1086 2290 1161 ait,
2323 1086 2568 1149 animas
2600 1088 2667 1149 in
2697 1085 3063 1170 purgatorio
3090 1102 3219 1148 non
3258 1081 3475 1166 puniri

1978 1203 2094 1265 per
2122 1185 2442 1249 daemones
2476 1203 2490 1247 ε
2524 1187 2710 1267 cujus
2739 1186 3128 1249 contrarium
3159 1184 3226 1245 in
3256 1180 3476 1245 multis

1978 1282 2475 1346 revelationibus
2519 1284 2838 1346 recitatur.
2873 1283 3031 1346 Nam
3075 1290 3140 1345 et
3177 1278 3476 1344 daemoni—

1980 1378 2101 1442 bus
2130 1399 2199 1443 se
2231 1380 2296 1443 in
2329 1381 2447 1444 hac
2477 1380 2605 1443 vita
2635 1381 2960 1443 multoties
2999 1386 3226 1463 sponte
3257 1396 3332 1441 ac
3363 1377 3481 1440 im-

1982 1478 2085 1561 pie
2116 1478 2576 1561 subdiderunt3
2609 1487 2869 1563 propter
2906 1479 3075 1563 quod
3115 1478 3271 1561 ipsis
3307 1476 3480 1558 juste

1981 1577 2345 1640 subduntur
2393 1580 2458 1641 in
2508 1578 2738 1661 poenis,
2792 1585 3104 1660 quatenus
3159 1595 3275 1659 per
3320 1592 3482 1657 quos

1980 1685 2426 1759 peccaverunt,
2460 1696 2574 1760 per
2603 1696 2710 1741 eos
2741 1685 2804 1740 et
2835 1678 3203 1759 puniantur,
3235 1683 3300 1739 et
3328 1692 3481 1757 quo-

1982 1794 2125 1837 rum
2157 1775 2670 1857 instigationibus
2712 1782 3156 1857 peccaverunt,
3191 1774 3478 1856 ipsorum

368 1866 665 1930 voluntas
705 1887 959 1951 poenam
998 1872 1193 1934 talem
1229 1873 1519 1948 assumit,
1560 1881 1632 1935 ut
1669 1882 1765 1937 est
1802 1874 1868 1937 in
1906 1878 1953 1942 B
1982 1872 2520 1984 flagellationibus
2561 1881 3012 1955 expurgentur.
3046 1872 3223 1946 Quod
3266 1872 3477 1955 potius

366 1983 559 2047 poena
588 1967 1037 2051 satisfactoria3
1057 1971 1156 2033 vel
1187 1972 1379 2034 etiam
1388 1974 1569 2054 ,quia
1598 1972 1872 2036 libenter

364 2066 515 2146 quis
542 2067 779 2149 accipit
808 2086 973 2143 eam,
1006 2088 1125 2131 nec
1158 2070 1352 2133 vellet
1378 2088 1520 2133 eam
1552 2090 1679 2135 non
1710 2090 1869 2146 esse,

366 2170 440 2224 ut
486 2164 553 2225 in
606 2166 908 2249 martyrio
956 2176 1144 2250 patet.
1200 2169 1513 2244 Secundo,
1565 2170 1867 2252 quoniam

364 2263 485 2325 etsi
532 2282 651 2345 per
689 2283 943 2346 poenam
984 2268 1238 2330 nullum
1276 2268 1519 2332 bonum
1559 2269 1743 2333 nobis
1772 2288 1870 2332 ac-

364 2362 619 2435 crescit,
650 2368 864 2426 tamen
912 2365 1049 2427 sine
1088 2384 1279 2447 poena
1313 2368 1392 2430 ad
1434 2367 1603 2431 bona
1648 2386 1868 2451 perve-

364 2459 507 2521 nire
536 2460 903 2541 nequimuS,
929 2470 998 2525 ut
1026 2471 1201 2546 patet
1230 2465 1307 2527 de
1340 2474 1543 2529 morte
1572 2465 1865 2529 naturali.

366 2557 444 2619 Et
482 2565 641 2620 tunc
680 2560 973 2623 voluntas
1015 2580 1143 2625 non
1187 2564 1459 2627 assumit
1496 2582 1773 2647 poenam,
1807 2572 1871 2627 et

368 2655 563 2719 vellet
610 2656 869 2719 liberari
908 2658 990 2732 ab
1030 2678 1123 2733 ea,
1158 2662 1267 2724 sed
1308 2681 1447 2725 eam
1498 2670 1867 2745 supportat3

368 2762 432 2816 et
460 2762 775 2837 quantum
806 2757 885 2819 ad
914 2757 1057 2833 hoc,
1072 2760 1429 2823 voluntaria
1461 2760 1866 2843 perhibetur:

368 2852 595 2935 sicque
640 2872 829 2936 poena
869 2858 1217 2937 purgatorii
1256 2858 1615 2922 voluntaria
1654 2859 1871 2942 appel-

370 2951 557 3014 latur.
594 2952 859 3026 Quidam
888 2954 1131 3030 dicunt,
1164 2957 1335 3038 quod
1364 2956 1545 3020 nullo
1576 2958 1762 3021 modo
1791 2958 1874 3020 sit

1981 1990 2124 2035 reor
2153 1972 2231 2034 de
2262 1972 2356 2035 eis
2384 1972 2497 2053 qui
2527 1972 2852 2035 enormius
2881 1977 3323 2055 peccaverunt.
3357 1970 3476 2045 Qui

1980 2088 2131 2133 vero
2175 2070 2540 2134 notabiliter
2585 2070 2864 2134 virtuose
2907 2072 3226 2143 vixerunt,
3259 2077 3322 2131 et
3369 2069 3474 2131 hic

1980 2186 2186 2250 poenae
2243 2169 2621 2251 condignam
2689 2169 3130 2252 poenitentiam
3185 2175 3472 2250 egerunt,

1980 2267 2307 2350 probabile
2336 2275 2434 2330 est
2462 2268 2552 2332 ibi
2583 2268 2780 2349 magis
2810 2275 3174 2331 reverenter
3200 2267 3472 2341 tractari,

1980 2384 2099 2429 nec
2157 2366 2520 2429 daemonum
2583 2365 3072 2430 confusionibus
3135 2365 3345 2439 subdi,
3407 2372 3478 2427 ut

1980 2471 2127 2526 sunt
2174 2463 2285 2545 qui
2323 2464 2685 2528 daemonum
2731 2465 3139 2528 tentamentis
3176 2464 3283 2525 hic
3326 2463 3476 2526 viri-

1980 2562 2125 2626 liter
2168 2563 2554 2625 restiterunt.

2061 2660 2411 2724 Concordat
2468 2662 2688 2724 Petrus
2744 2660 2930 2723 dictis
2980 2678 3056 2722 ex
3105 2659 3364 2735 Thoma,
3415 2667 3480 2722 et

1979 2759 2307 2822 ait1Poena
2337 2758 2571 2822 dicitur
2598 2758 2952 2823 voluntaria
2982 2759 3303 2821 voluntate
3335 2776 3481 2821 con-

1981 2858 2287 2922 ditionata
2332 2858 2690 2941 tripliciter.
2739 2858 2970 2933 Primo,
3015 2858 3341 2921 voluntate
3388 2876 3483 2920 as-

1982 2963 2298 3031 sumente,
2331 2966 2402 3019 ut
2431 2976 2620 3040 poena
2658 2955 3127 3020 satisfactionis.
3163 2955 3476 3030 Secundo,

369 3034 753 3126 voluntaria,
805 3054 1109 3134 quoniam
1160 3054 1247 3117 ita
1303 3062 1456 3118 sunt
1508 3055 1717 3139 poenis
1767 3055 1873 3119 ab·
1905 3058 1950 3122 C
1982 3054 2309 3117 voluntate
2363 3063 2755 3139 acceptante,
2808 3064 2876 3118 ut
2932 3073 3121 3138 poena
3169 3053 3474 3138 martyrii.

371 3148 595 3231 sorpti,
628 3151 798 3232 quod
844 3152 1140 3215 nesciunt
1177 3171 1245 3215 se
1285 3173 1400 3237 per
1444 3173 1549 3218 eas
1590 3155 1868 3237 purgari,

368 3247 481 3310 sed
513 3256 741 3331 putant
770 3269 837 3313 se
866 3269 1007 3313 esse
1036 3252 1365 3316 damnatos
1396 3271 1409 3316 :
1439 3254 1609 3335 quod
1637 3252 1872 3317 falsum

368 3353 489 3421 est,
534 3366 737 3428 quum
781 3347 1151 3431 frequenter
1191 3357 1409 3433 petant
1448 3351 1774 3433 suffragia.

448 3443 775 3509 Postremo
803 3447 1223 3528 quaeritur,an
1252 3450 1571 3513 daemones
1604 3450 1875 3532 puniant

370 3542 619 3605 animas
651 3543 717 3606 in
747 3545 1132 3626 purgatorio.
1157 3547 1534 3624 Dicendum,
1559 3548 1729 3630 quod
1760 3547 1874 3610 sic-

372 3648 444 3702 ut
474 3648 619 3724 post
658 3640 828 3704 diem
861 3641 1090 3723 judicii
1128 3644 1346 3708 divina
1381 3644 1629 3726 justitia
1658 3645 1872 3727 ignem

372 3740 722 3802 succendet
750 3757 879 3821 quo
916 3740 1197 3804 damnati
1237 3741 1303 3805 in
1345 3751 1727 3825 perpetuum
1758 3763 1873 3826 pu-

375 3837 673 3917 nientur3
708 3837 801 3899 sic
849 3857 1021 3901 nunc
1070 3839 1204 3902 sola
1252 3840 1468 3903 divina
1508 3841 1758 3922 justitia
1806 3843 1873 3904 in

373 3936 743 4018 purgatorio
784 3936 971 3998 electi
1012 3945 1385 4020 purgantur,
1418 3957 1545 4002 non
1588 3940 1871 4002 ministe-

372 4033 470 4096 rio
512 4035 901 4109 daemonum,
934 4053 1207 4117 quorum
1256 4037 1636 4101 exstiterunt
1677 4039 1873 4102 victo-

300 4185 305 4190 .
371 4151 497 4209 res,
546 4151 665 4196 nec
715 4133 1075 4197 ministerio
1120 4136 1516 4217 angelorum,
1564 4137 1674 4220 qui
1724 4157 1873 4202 suos

1984 3151 2216 3227 Tertio,
2250 3154 2574 3216 voluntate
2605 3153 2980 3227 sustinente,
3015 3160 3086 3215 ut
3117 3169 3305 3234 poena
3336 3169 3482 3233 pur-

1981 3251 2212 3332 gatorii
2251 3269 2266 3313 :
2303 3251 2842 3333 quemadmodum
2891 3251 3084 3313 etiam
3135 3249 3480 3313 infirmitas

1982 3348 2178 3410 alicui
2207 3348 2377 3412 bono
2405 3348 2544 3411 viro
2571 3369 2608 3411 a
2637 3348 2765 3411 Deo
2796 3348 3107 3424 immissa,
3140 3367 3334 3430 quam
3372 3364 3480 3410 vo-

1985 3447 2259 3510 luntarie
2297 3447 2588 3520 sustinet,
2621 3452 2686 3507 et
2714 3446 2919 3509 nihilo
2959 3446 3171 3508 minus
3202 3445 3378 3528 cupit
3410 3445 3480 3507 li-

1982 3547 2191 3610 berari
2239 3546 2320 3610 ab
2367 3565 2459 3608 ea.
2512 3581 2594 3592 —
2639 3544 2782 3609 Haec
2827 3545 3066 3608 Petrus.
3118 3545 3235 3620 Qui
3283 3544 3477 3607 etiam

1982 3645 2213 3727 allegat
2257 3643 2684 3726 Augustinum
2739 3644 2805 3706 in
2856 3643 3132 3725 quodam
3186 3659 3480 3705 sermone

1982 3743 2326 3816 dicentem,
2383 3742 2553 3824 quod
2613 3759 2802 3824 poena
2860 3740 3206 3823 purgatorii
3264 3740 3484 3803 durior

1983 3840 2106 3904 erit
2134 3860 2328 3922 quam
2369 3839 2682 3924 quidquid
2722 3839 2787 3902 in
2827 3840 2946 3902 hoc
2987 3838 3227 3901 mundo
3265 3837 3483 3901 videre

1985 3958 2097 4001 seu
2140 3939 2361 4002 audire
2402 3946 2514 4001 aut
2555 3937 2830 4019 cogitare
2874 3937 3017 4019 quis
3061 3942 3290 4018 potest.

2081 4038 2387 4103 Praeterea
2448 4036 2798 4101 Richardus
2857 4035 3044 4098 dictis
3108 4054 3187 4098 ex
3244 4034 3485 4098 Thoma

1985 4156 2244 4220 prorsus
2303 4136 2664 4210 concordat,
2721 4143 2784 4198 et
2839 4133 3070 4215 allegat
3123 4132 3482 4215 Algazelem

370 4232 671 4295 concives
712 4249 839 4295 non
878 4237 1007 4294 tam
1040 4232 1451 4298 vehementer
1487 4235 1867 4318 affligerent.
1902 4238 1953 4301 D
1984 4236 2208 4318 quinto
2237 4235 2648 4318 physicorum
2689 4235 3006 4297 dicentem
3042 4249 3057 4296 t
3091 4233 3161 4296 In
3199 4233 3318 4294 hac
3352 4231 3486 4296 vita

371 4331 611 4393 Tamen
643 4331 948 4412 possibile
988 4338 1085 4394 est
1125 4333 1293 4414 quod
1336 4351 1443 4397 eos
1481 4335 1559 4398 ad
1602 4335 1738 4398 loca
1768 4336 1873 4399 de·

371 4429 612 4491 ducant
668 4446 1025 4510 poenarum,
1080 4431 1401 4495 daemones
1449 4451 1703 4516 quoque
1762 4453 1871 4498 eos

373 4527 761 4591 comitentur
787 4546 861 4590 ac
892 4530 1239 4612 purgandis
1266 4531 1595 4607 adsistant,
1628 4541 1762 4597 tum
1804 4542 1875 4598 ut

372 4626 453 4688 de
483 4643 707 4689 eorum
738 4628 946 4708 poenis
976 4630 1307 4706 satientur,
1332 4638 1468 4693 tum
1502 4637 1571 4693 ut
1602 4631 1666 4692 in
1698 4633 1873 4695 exitu

372 4743 599 4788 eorum
628 4743 666 4787 a
696 4743 961 4808 corpore
1000 4747 1190 4790 suum
1219 4729 1461 4811 aliquid
1493 4730 1560 4792 in
1592 4729 1749 4812 ipsis
1780 4749 1872 4793 re-

373 4823 646 4906 periant.
698 4823 1153 4888 Verumtamen
1201 4827 1267 4890 in
1316 4828 1550 4892 saeculo
1608 4828 1752 4904 isto,
1808 4829 1873 4892 in

372 4939 505 5005 quo
532 4922 743 4986 adhuc
775 4923 953 4987 locus
982 4933 1077 4988 est
1107 4944 1359 5007 pugnae,
1382 4927 1742 5009 puniuntur
1769 4927 1877 4990 ho-

96 5043 220 5099 ιοιι,
238 5047 347 5090 ιω
376 5021 587 5085 mines
617 5029 683 5084 et
709 5021 791 5085 ab
818 5024 1062 5106 angelis
1092 5025 1300 5099 maliS,
1318 5033 1389 5087 ut
1417 5033 1591 5108 patet
1620 5027 1699 5090 de
1725 5026 1873 5108 Job3

84 5120 171 5164 Sq-

376 5129 444 5186 et
483 5122 564 5186 ab
607 5121 852 5203 angelis
894 5122 1103 5199 bonis,
1136 5131 1208 5186 ut
1255 5131 1499 5187 constat
1540 5125 1621 5188 de
1658 5127 1871 5202 Jacob,

96 5244 203 5288 cen.
212 5257 347 5299 mm,
376 5223 566 5304 cujus
623 5241 861 5286 nervus
904 5223 1167 5287 femoris
1212 5223 1437 5304 angelo
1480 5225 1877 5308 percutiente

82 5307 145 5351 25.

377 5320 708 5384 emarcuit.
746 5320 821 5382 Et
858 5321 980 5385 hoc
1018 5340 1316 5405 expresse
1354 5322 1508 5386 dicit
1545 5322 1611 5387 B.
1647 5323 1877 5408 Diony-

631 5452 698 5504 T.
732 5453 815 5505 24.

1982 4333 2196 4396 anima
2225 4352 2414 4396 suum
2447 4333 2801 4396 cruciatum
2832 4351 2960 4396 non
2990 4331 3184 4395 sentit
3213 4329 3482 4413 comple-

1981 4439 2065 4508 te,
2090 4432 2395 4516 quoniam
2430 4440 2691 4515 propter
2716 4431 3200 4515 occupationem
3231 4429 3330 4493 sui
3359 4429 3480 4492 cir—

1982 4551 2054 4594 ca
2098 4552 2288 4596 suum
2334 4550 2590 4615 corpus,
2623 4539 2718 4594 est
2763 4531 2930 4594 sicut
2975 4530 3088 4612 qui
3134 4536 3482 4611 occupatus

1981 4631 2048 4694 in
2096 4631 2268 4694 bello
2315 4639 2425 4694 aut
2470 4629 2596 4694 alio
2647 4630 2870 4712 grandi
2929 4628 3236 4712 periculo,
3288 4647 3478 4691 suum

1983 4749 2111 4794 non
2163 4730 2357 4794 sentit
2404 4729 2707 4793 laborem.
2745 4730 2834 4791 Ex
2883 4746 3012 4810 quo
3061 4726 3274 4802 infert,
3309 4726 3480 4810 quod

1983 4829 2277 4911 quamvis
2327 4827 2684 4908 affligentia
2732 4827 2835 4889 hic
2881 4833 2946 4889 et
2993 4825 3061 4888 in
3116 4825 3483 4907 purgatorio

1982 4935 2196 4990 essent
2236 4927 2527 5009 aequalia,
2558 4926 2766 4989 adhuc
2815 4931 3030 4987 tamen
3078 4924 3262 5004 longe
3309 4941 3484 4986 acer·

1982 5025 2125 5089 bior
2150 5033 2317 5089 esset
2345 5024 2687 5108 purgatorii
2720 5041 2923 5106 poena.
2941 5021 3019 5084 Et
3047 5028 3287 5086 constat
3315 5023 3483 5104 quod

1984 5125 2145 5188 illud
2187 5124 2506 5205 affligenS,
2537 5122 2836 5186 videlicet
2877 5121 3041 5202 ignis
3086 5121 3215 5195 ille,
3249 5120 3334 5183 sit
3378 5140 3484 5184 ve-

1983 5225 2316 5287 hementer
2361 5221 2627 5285 activior
2673 5221 2819 5302 igne
2867 5219 3082 5285 saeculi
3132 5219 3345 5302 hujus.
3396 5255 3479 5266 —

1983 5323 2129 5390 Haec
2166 5322 2532 5387 Richardus.
2567 5321 2685 5395 Qui
2715 5320 2908 5385 etiam
2936 5320 3112 5398 dicit,
3145 5321 3318 5405 quod
3346 5321 3478 5384 ani-

3166 5457 3272 5508 35·
