4267 6250
821 483 943 547 306

823 777 978 833 tunc
1024 769 1288 850 habuit3
1337 777 1527 852 atque
1574 768 1980 832 Innocentius
2029 766 2195 830 libro
2243 767 2322 828 de

825 869 1270 944 Sacramentis‚
1332 869 1502 951 quod
1559 867 1805 931 scilicet
1862 865 2038 930 dedit
2091 883 2323 946 corpus

825 985 1014 1030 suum
1045 967 1368 1050 passibile.
1389 967 1566 1031 Unde
1594 974 1660 1030 et
1689 965 1755 1028 in
1788 965 2163 1028 memoriam
2192 983 2323 1028 suae

825 1065 1140 1149 passionis
1181 1066 1622 1149 frequentatur
1665 1067 1784 1128 hoc
1829 1070 2317 1127 sacramentum.

823 1165 1000 1238 Quod
1043 1172 1256 1228 autem
1299 1164 1606 1246 objicitur
1637 1182 1714 1226 ex
1754 1161 1966 1226 verbis
2005 1158 2320 1242 Hugonis3

823 1262 1190 1338 dicendum,
1209 1264 1381 1346 quod
1409 1262 1519 1325 illa
1547 1262 1672 1325 fuit
1698 1261 1840 1343 ejus
1869 1260 2110 1344 opinio,
2129 1277 2322 1341 quam

825 1361 1008 1444 sequi
1055 1379 1181 1426 non
1233 1369 1543 1425 tenemur.
1577 1362 1870 1424 Attamen
1914 1359 1968 1422 si
2009 1358 2323 1423 vellemus

825 1479 966 1523 eam
1023 1461 1228 1543 sequi,
1259 1460 1620 1523 diceremus
1662 1459 1833 1542 quod
1881 1459 2018 1542 ipse
2061 1457 2184 1520 hoc
2233 1475 2325 1520 re-

825 1558 950 1621 fert
987 1559 1066 1621 ad
1107 1558 1172 1622 id
1205 1559 1374 1641 quod
1416 1575 1543 1622 non
1574 1557 1934 1640 patiebatur
1969 1556 2323 1620 secundum

824 1663 1039 1719 actum
1083 1657 1204 1720 sub
1245 1663 1659 1719 sacramento.
1701 1655 1903 1737 Hujus
1941 1663 2154 1718 tamen
2195 1671 2323 1716 non

825 1753 1132 1835 exprimit
1187 1772 1466 1828 causam,
1528 1771 1646 1815 nec
1705 1759 1860 1835 puto
1914 1752 2086 1835 quod
2135 1769 2327 1814 causa

1477 499 1542 546 m
1583 498 1805 546 numm!
1846 498 1908 574 HJ
1951 494 2437 544 smnmunnx.
2478 510 2559 524 ··-
2598 495 2753 540 msr.
2792 493 2896 558 113
2939 493 3167 550 Qumr.
3209 493 3273 540 vl

529 691 796 745 icat-³1³⁴.
825 670 1184 736 Corinthios
1216 689 1231 735 t
1265 672 1434 754 quod
1473 670 1722 734 scilieet
1757 669 1883 732 tale
1919 668 2096 732 dedit
2131 666 2321 750 quale
2350 663 2403 728 A
2436 664 2561 730 illae
2598 683 2751 728 vero
2788 685 2930 748 quae
2968 663 3361 729 conveniunt
3400 663 3458 726 ei
3500 662 3566 726 in
3611 679 3945 745 compara-

2432 765 2606 836 tione
2654 765 2732 827 ad
2778 763 2953 827 aliud
3002 781 3235 846 corpus
3280 770 3479 836 extra,
3530 780 3659 825 non
3706 761 3943 825 eodem

2436 864 2647 937 modo,
2681 870 2750 926 ut
2789 870 2961 945 patet
2994 863 3074 926 de
3108 861 3375 926 visione.
3409 860 3797 925 passibilitas
3823 878 3944 920 au-

2434 971 2566 1025 tem
2596 970 2693 1026 est
2719 961 3074 1046 proprietas
3112 961 3403 1024 absoluta
3426 959 3724 1042 corporis
3762 957 3947 1021 Chri-

2436 1061 2536 1123 sti.
2593 1062 2771 1124 Unde
2815 1079 3017 1142 quum
3066 1061 3133 1123 in
3191 1059 3451 1143 propria
3495 1058 3711 1140 specie
3765 1063 3945 1119 esset

2435 1159 2761 1242 passibile,
2793 1159 2987 1222 etiam
3030 1159 3095 1222 in
3134 1165 3533 1222 sacramento
3570 1155 3695 1218 fuit
3734 1155 3941 1238 passi-

2435 1256 2587 1330 bile,
2620 1256 2787 1319 sicut
2826 1263 2892 1318 et
2936 1256 3046 1318 alii
3091 1257 3331 1318 dicunt.
3366 1255 3511 1320 Haec
3552 1254 3823 1317 Thomas
3869 1253 3941 1314 in

2436 1355 2705 1439 Scripto.

2516 1456 2688 1518 ldem
2730 1455 2798 1517 in
2835 1455 3023 1518 tertia
3060 1461 3260 1538 parte,
3293 1453 3641 1537 quaestione
3686 1459 3945 1533 octoge-

2436 1553 2599 1616 sima
2628 1553 2853 1636 prima.
2880 1552 2997 1616 Ubi
3026 1561 3092 1616 et
3118 1552 3295 1616 addit
3326 1570 3341 1615 ε
3373 1551 3673 1628 Quamvis
3702 1567 3943 1632 corpus

2436 1651 2668 1716 Christi
2708 1652 2830 1715 sub
2868 1660 3264 1715 sacramento
3306 1669 3434 1716 non
3470 1657 3607 1713 erat
3643 1649 3943 1732 impassi-

2436 1748 2589 1824 bile,
2621 1759 2837 1813 tamen
2876 1749 3360 1832 impassibiliter
3395 1748 3520 1812 fuit
3548 1747 3640 1811 ibi
3674 1767 3789 1811 seu
3820 1747 3947 1810 im·-

827 1850 953 1913 fuit
1009 1852 1150 1926 ista,
1208 1853 1378 1934 quod
1436 1850 2017 1934 impassibilitatem
2083 1867 2325 1912 assum-
2360 1850 2408 1913 B
2438 1846 2728 1929 passibili
2768 1847 2979 1921 modo,
3012 1846 3551 1928 quemadmodum
3591 1864 3826 1928 corpus
3866 1845 3945 1907 il-

829 1950 998 2032 psit3
1049 1951 1160 2013 sed
1218 1951 1343 2013 alia
1399 1970 1542 2033 quae
1588 1949 1778 2033 paulo
1827 1956 1973 2032 post
2017 1948 2326 2031 exprime-

829 2055 952 2110 tur.
981 2047 1292 2110 Videntur
1319 2055 1534 2111 autem
1565 2047 1808 2110 inducti
1839 2048 1917 2109 ad
1950 2047 2141 2120 istud,
2174 2047 2327 2128 quia

829 2146 895 2208 in
947 2153 1341 2208 sacramento
1399 2145 1520 2209 isto
1573 2145 1817 2227 aliquid
1869 2143 2186 2207 masticari
2233 2143 2326 2206 vi-

828 2243 1017 2306 detur
1053 2263 1126 2305 ac
1175 2243 1394 2306 dividi.
1445 2244 1567 2306 Sed
1609 2242 1692 2307 ob
1735 2243 1855 2306 hoc
1900 2261 2028 2306 non
2075 2248 2326 2325 oportet

826 2341 906 2404 ad
953 2341 1139 2403 istam
1189 2341 1557 2424 opinionem
1603 2340 1844 2415 induci,
1888 2340 2193 2423 quoniam
2236 2346 2325 2401 ta-

829 2438 912 2502 lia
951 2456 1081 2502 non
1120 2439 1484 2502 referuntur
1525 2440 1604 2501 ad
1643 2455 1874 2521 corpus
1913 2438 2168 2511 Christi,
2215 2436 2325 2500 sed

825 2538 906 2600 ad
934 2537 1171 2601 formas
1199 2537 1645 2611 accidentales,
1681 2543 1752 2599 ut
1779 2536 2070 2619 sequenti
2102 2535 2330 2598 distin-

827 2635 1036 2700 ctione
1079 2635 1343 2699 dicetur.
1395 2671 1477 2681 —
1523 2635 1703 2717 Hugo
1743 2641 1956 2698 autern
2007 2633 2101 2696 sic
2146 2651 2327 2714 argu-

825 2734 972 2797 ebat
1017 2752 1032 2796 :
1081 2735 1311 2797 Tenuit
1350 2753 1418 2797 se
1463 2734 1527 2796 in
1581 2733 1897 2808 manibus,
1942 2741 2169 2796 tenens
2204 2732 2328 2795 fuit

828 2831 1136 2906 mortaliS,
1183 2839 1431 2896 tentum
1481 2831 1857 2895 immortale.
1907 2830 2038 2911 Ego
2085 2829 2327 2913 absque

827 2928 1201 3011 praejudicio
1228 2928 1515 2992 veritatis
1557 2929 1757 3011 magis
1793 2930 1871 2991 ad
1912 2929 2033 2991 hoc
2069 2927 2325 3002 accedo,

2437 1946 2545 2008 lud
2578 1946 2931 2008 secundum
2964 1964 3033 2008 se
3060 1945 3340 2020 visibile,
3372 1945 3498 2008 fuit
3525 1943 3947 2008 invisibiliter

2438 2043 2547 2104 ibi.
2594 2043 2771 2106 Sicut
2817 2043 2991 2106 enim
3042 2042 3205 2106 visio
3256 2043 3527 2125 requirit
3574 2049 3945 2106 contactum

2436 2141 2721 2223 corporis
2752 2141 2923 2223 quod
2954 2141 3227 2216 videtur,
3240 2142 3318 2204 ad
3350 2141 3775 2204 circumstans
3810 2159 3945 2202 me-

2435 2240 2617 2302 dium
2660 2240 2970 2320 'visioni83
3012 2241 3105 2302 sic
3148 2241 3359 2322 passio
3406 2238 3679 2322 requirit
3724 2246 3946 2302 conta-

2438 2345 2613 2401 ctum
2673 2338 2958 2420 corporis
3007 2340 3174 2420 quod
3236 2338 3496 2420 patitur,
3546 2337 3625 2399 ad
3674 2355 3749 2400 ea
3796 2357 3948 2420 quae

2436 2444 2635 2518 agunt
2662 2437 2730 2499 in
2772 2437 3007 2519 ipsum.
3044 2436 3287 2520 Corpus
3315 2445 3529 2499 autem
3570 2435 3806 2500 Christi
3844 2455 3947 2498 se-

2440 2535 2723 2599 cundum
2781 2536 2952 2617 quod
3010 2542 3106 2598 est
3163 2534 3285 2597 sub
3342 2541 3759 2608 sacramento,
3811 2552 3947 2598 non

2442 2641 2847 2718 comparatur
2892 2635 2971 2697 ad
3018 2653 3095 2698 ea
3140 2653 3281 2716 quae
3334 2634 3769 2709 circumstant,
3813 2652 3952 2696 me-

2440 2732 2764 2796 diantibus
2813 2731 3323 2796 dimensionibus
3371 2731 3670 2816 propriiS,
3703 2731 3951 2814 quibus

2442 2850 2709 2915 corpora
2755 2851 2825 2895 se
2872 2839 3160 2914 tangunt,
3206 2832 3318 2894 sed
3368 2829 3799 2894 mediantibus
3848 2830 3947 2893 di—

2442 2929 2882 2994 mensionibus
2941 2929 3125 3012 panis
3174 2937 3237 2993 et
3285 2929 3439 2993 vini.
3490 2930 3640 2993 Ideo
3690 2929 3947 3012 species

828 3035 901 3090 ut
945 3027 1106 3090 illud
1156 3026 1552 3110 impassibile
1600 3035 1665 3090 et
1713 3027 2093 3102 immortale,
2134 3045 2331 3108 quan·
2367 3031 2412 3096 C
2443 3029 2567 3092 illae
2610 3037 2759 3092 sunt
2801 3048 2943 3110 quae
2980 3028 3281 3091 videntur
3319 3035 3384 3091 et
3424 3028 3777 3111 patiuntur,
3809 3045 3947 3090 non

827 3134 966 3189 tum
996 3126 1073 3189 ad
1104 3126 1642 3209 significationem
1673 3126 1949 3209 pertinet
1977 3143 2332 3189 sacramen-

829 3226 900 3299 ti,
933 3224 1269 3287 tradidisse
1317 3225 1584 3288 dicatur.
1625 3225 1688 3288 Si
1731 3224 1907 3287 enim
1952 3224 2072 3287 hoc
2119 3224 2331 3306 potuit

828 3342 988 3399 esse,
1022 3324 1194 3406 quod
1237 3341 1306 3387 se
1347 3322 1558 3405 ipsum
1596 3323 1865 3404 gestavit
1905 3322 1972 3385 in
2019 3341 2231 3397 manu,
2264 3330 2329 3385 et

830 3440 1062 3503 corpus
1111 3440 1300 3483 suum
1349 3420 1490 3483 sine
1537 3420 1945 3503 corruptione
1993 3420 2094 3483 sui
2142 3421 2329 3483 eden-

829 3520 984 3583 dum
1021 3519 1369 3595 distribuit,
1403 3527 1466 3583 et
1504 3527 1718 3582 tamen
1758 3518 1868 3601 qui
1907 3518 2083 3582 dedit
2115 3526 2182 3581 et
2215 3519 2327 3601 qui

828 3618 1116 3693 dabatur,
1150 3626 1215 3681 et
1252 3618 1363 3701 qui
1405 3618 1680 3701 portavit
1715 3626 1781 3681 et
1807 3618 1920 3701 qui
1958 3618 2329 3700 portabatur

829 3718 1000 3781 idem
1047 3725 1238 3793 esset,
1278 3718 1435 3800 quid
1478 3718 1717 3780 mirum
1763 3718 1817 3779 si
1863 3716 2111 3780 dicatur
2158 3716 2327 3799 quod

830 3814 968 3899 ipse
997 3816 1063 3879 in
1093 3834 1172 3879 eo
1200 3816 1371 3899 quod
1409 3814 1698 3891 dabatur,
1729 3814 1972 3879 exstitit
2009 3815 2332 3878 immorta-

830 3915 932 3990 lis,
962 3923 1029 3978 et
1065 3914 1130 3977 in
1162 3932 1238 3977 eo
1267 3914 1438 3998 quod
1467 3914 1663 3989 dedit,
1700 3914 2027 3977 mortalis?
2056 3914 2201 3978 Haec
2229 3913 2331 3976 Al-

831 4013 1070 4077 bertus.

910 4111 1262 4175 Concordat
1307 4112 1600 4186 ThomaS,
1651 4111 1763 4194 qui
1812 4118 2033 4174 contra
2080 4110 2330 4194 opinio-

2440 3146 2673 3211 corpus
2715 3128 2967 3191 Christi.
2992 3127 3158 3192 -Haec
3202 3126 3313 3190 ibi.

2519 3226 2825 3301 Quocirca
2871 3225 3097 3289 scribit
3143 3226 3585 3289 Bonaventura
3630 3243 3645 3288 :
3691 3226 3947 3309 Duplex

2441 3325 2797 3408 proprietas
2840 3324 3140 3387 convenit
3186 3324 3438 3407 corpori
3486 3323 3742 3400 Christi,
3774 3343 3949 3407 quae-

2439 3426 2587 3487 dam
2615 3423 2915 3499 absoluta,
2930 3431 2994 3486 et
3021 3423 3312 3505 quaedam
3343 3422 3606 3487 relativa
3636 3440 3752 3506 per
3778 3440 3951 3487 com-

2441 3523 2837 3605 parationem
2876 3522 2953 3585 ad
2995 3522 3229 3585 locum.
3260 3520 3618 3603 Proprietas
3648 3520 3949 3585 absoluta

2440 3620 2741 3683 convenit
2780 3619 3029 3703 corpori
3070 3619 3303 3699 Christi
3344 3626 3533 3702 prout
3570 3619 3637 3681 in
3678 3636 3807 3683 uno
3844 3628 3949 3683 est

2440 3719 2601 3793 loco,
2634 3727 2696 3781 et
2733 3738 2935 3801 quum
2974 3718 3060 3781 sit
3102 3738 3249 3794 una,
3282 3724 3497 3779 tamen
3541 3716 3843 3781 convenit
3880 3718 3947 3781 ei

2440 3826 2512 3881 ut
2554 3819 2621 3881 in
2667 3816 2989 3881 omnibus,
3023 3816 3377 3899 Proprietas
3425 3833 3577 3880 vero
3618 3816 3817 3879 relata
3862 3818 3947 3879 ad

2441 3916 2676 3991 locum,
2699 3936 2901 3999 quum
2934 3916 2997 3977 in
3030 3915 3301 3978 diversis
3332 3914 3417 3977 sit
3443 3914 3623 3989 Ῑοοίε,
3648 3916 3768 3977 etsi
3801 3933 3952 3979 con-

2438 4016 2653 4078 veniat
2698 4015 2758 4078 ei
2808 4014 2875 4078 in
2925 4031 3053 4077 uno
3098 4014 3259 4090 1000,
3298 4030 3427 4077 non
3474 4020 3726 4096 oportet
3769 4014 3947 4095 quod

2442 4114 2505 4176 in
2547 4113 2867 4176 omnibuS.
2916 4112 3093 4176 Unde
3133 4130 3262 4175 non
3305 4119 3577 4194 oportet,
3608 4111 3663 4173 si
3707 4128 3947 4194 corpus

829 4229 980 4273 nem
1031 4211 1312 4293 Hugonis
1361 4211 1454 4275 sic
1499 4212 1711 4293 arguit
1750 4228 1765 4273 :
1808 4211 1936 4275 Hoc
1985 4219 2152 4275 stare
2199 4229 2328 4275 non
2360 4216 2413 4278 D
2440 4211 2671 4276 Christi
2703 4211 2787 4274 sit
2816 4211 2880 4273 in
2911 4210 3208 4293 pluribus
3240 4209 3416 4284 locis,
3440 4210 3609 4291 quod
3640 4209 3696 4272 si
3727 4228 3946 4273 move·

831 4317 1060 4392 potest,
1093 4310 1245 4391 quia
1273 4308 1629 4372 substantia
1655 4310 1940 4392 corporis
1971 4310 2203 4373 Christi
2232 4328 2332 4373 ea·

830 4408 979 4471 dem
1025 4414 1124 4470 est
1168 4406 1289 4469 sub
1337 4415 1754 4482 sacramente,
1793 4415 1858 4471 et
1904 4407 2025 4471 sub
2073 4409 2331 4491 propria

827 4503 1036 4568 forma
1064 4523 1178 4567 seu
1208 4504 1460 4587 specie3
1493 4504 1605 4568 sed
1645 4524 1760 4588 per
1789 4506 2329 4588 comparationem

829 4604 907 4667 ad
938 4604 1252 4667 exteriora
1279 4622 1408 4667 non
1438 4612 1536 4667 est
1563 4605 1808 4679 eadem,
1836 4603 1988 4687 quia
2019 4604 2083 4666 in
2115 4604 2329 4687 specie

831 4702 1088 4786 propria
1146 4710 1553 4785 comparatur
1598 4703 1679 4765 ad
1736 4702 2048 4766 exteriora
2105 4721 2329 4765 secun-

829 4802 984 4864 dum
1023 4800 1220 4864 situm
1264 4800 1666 4884 propriarum
1710 4801 2230 4881 dimensionum3
2264 4802 2330 4863 in

829 4906 1227 4963 sacramento
1283 4906 1519 4973 autem,
1566 4900 1919 4963 secundum
1976 4900 2173 4962 situm
2230 4900 2331 4962 di-

831 4998 1240 5062 mensionum
1284 4999 1487 5082 panis.
1522 4999 1684 5061 Hinc
1725 4998 2149 5081 proprietates
2189 5018 2333 5082 quae

829 5096 1118 5161 absolute
1149 5098 1370 5159 insunt
1394 5098 1645 5180 corpori
1677 5097 1932 5171 Christi,
1955 5105 2206 5180 oportet
2232 5115 2335 5161 eo-

829 5197 978 5259 dem
1011 5196 1198 5259 modo
1225 5194 1353 5259 sibi
1383 5196 1593 5259 inesse
1625 5198 1980 5260 secundum
2023 5198 2195 5281 quod
2236 5205 2333 5261 est

831 5295 898 5359 in
929 5301 1347 5370 sacramento,
1380 5301 1446 5356 et
1475 5301 1544 5356 ut
1571 5301 1668 5357 est
1698 5294 1762 5357 in
1792 5295 2007 5378 specie
2038 5297 2329 5378 propria3

2440 4318 2545 4373 tur
2576 4310 2642 4372 in
2675 4327 2824 4385 uno,
2844 4316 3174 4373 moveatur
3204 4308 3271 4372 in
3301 4308 3446 4372 alio.
3472 4307 3781 4372 Similiter
3810 4325 3947 4371 non

2439 4416 2710 4492 oportet,
2734 4408 2788 4471 si
2821 4407 2966 4491 quis
2998 4408 3276 4489 percutit
3305 4406 3491 4469 illum
3520 4407 3589 4469 in
3618 4424 3747 4469 uno
3778 4406 3947 4483 loce,

2441 4508 2611 4591 quod
2641 4507 2958 4591 percutiat
2984 4524 3131 4569 eum
3165 4505 3232 4567 in
3260 4505 3386 4569 alio
3418 4522 3435 4567 ε
3468 4504 3771 4587 quoniam
3796 4505 3950 4569 talis

2440 4606 2725 4689 operatio
2768 4604 3033 4686 respicit
3074 4604 3343 4667 localem
3383 4602 3629 4685 agentis
3673 4622 3949 4685 praesen·

2440 4706 2615 4767 tiam.
2648 4706 2741 4767 Ita
2768 4703 3086 4778 similiter,
3110 4720 3237 4766 non
3268 4709 3518 4785 oportet
3547 4709 3618 4763 ut
3646 4702 3700 4765 si
3732 4700 3950 4765 videa-

2440 4812 2545 4866 tur
2574 4803 2641 4865 in
2672 4820 2802 4865 uno
2831 4802 2992 4876 loco,
3017 4802 3309 4864 videatur
3338 4801 3402 4863 in
3432 4800 3561 4863 alio
3594 4818 3609 4863 :
3639 4799 3793 4883 quia
3820 4800 3948 4865 hoc

2440 4901 2705 4984 respicit
2760 4899 3155 4983 corporalem
3206 4907 3272 4963 et
3318 4899 3615 4963 situalem
3664 4897 3947 4961 visibilis

2443 4998 2867 5083 praesentiam.
2901 5034 2981 5044 —
3009 4999 3153 5061 Haec
3198 4998 3657 5061 Bonaventura.
3690 4996 3809 5071 Qui
3860 4998 3943 5059 de

2439 5098 2542 5161 his
2575 5097 2759 5180 plura
2799 5096 3045 5160 inducit
3081 5116 3223 5178 quae
3253 5096 3547 5178 sequenti
3584 5094 3943 5158 distinctio·

2442 5216 2523 5261 ne
2572 5203 2911 5279 ponentur.
2946 5196 3019 5258 In
3068 5194 3169 5257 his
3217 5194 3603 5259 concordant
3646 5193 3940 5257 doctores

2444 5315 2615 5359 nunc
2644 5312 2889 5370 omnes,
2912 5302 3021 5358 aut
3048 5311 3212 5377 pene
3240 5311 3486 5370 omne3‚
3507 5311 3625 5357 nec
3652 5291 3941 5376 aliquem

4030 1569 4179 1608 arua.
