4267 6250
830 482 952 549 520
1746 496 1925 545 mum
1963 496 2025 543 iv
2066 493 2551 543 sumn-runnu.
2589 510 2672 522 —
2710 493 2864 541 msr.
2903 491 3017 539 111

831 677 1179 760 recipiunt,
1224 677 1380 759 quia
1428 692 1688 757 semper
1734 673 2010 737 scientia
2056 672 2297 735 carent.
2339 668 2468 745 Qui
2505 686 2662 733 vero
2707 669 2857 732 ante
2893 666 3332 732 sacerdotium
3379 664 3654 729 scientia
3687 664 3936 729 discer-

830 794 1028 859 nendi
1066 794 1327 875 praediti
1354 793 1532 873 sunt,
1563 792 1717 855 licet
1742 789 2025 854 habeant
2060 787 2548 867 discretionem,
2579 802 2712 848 non
2749 786 2971 848 tamen
2999 784 3069 846 in
3099 784 3196 847 eis
3225 783 3325 847 est
3353 782 3580 861 clavis,
3607 780 3766 862 quia
3799 796 3936 843 non

832 910 1051 975 valent
1088 927 1165 974 ea
1201 910 1501 973 claudere
1537 907 1643 971 vel
1689 906 1939 988 aperire
1981 924 1996 965 z
2037 905 2318 984 ideoque
2365 920 2574 985 quum
2624 900 3049 983 promovetur
3095 900 3166 962 in
3211 898 3640 977 sacerdotem,
3681 896 3936 959 clavem

832 1026 1247 1091 discretionis
1282 1026 1455 1089 recte
1492 1024 1734 1087 dicitur
1774 1021 2089 1103 accipere,
2122 1020 2280 1101 quia
2321 1020 2386 1083 et
2421 1020 2571 1083 ante
2607 1017 2832 1081 habita
2867 1017 3172 1081 discretio
3210 1016 3509 1097 augetur,
3537 1015 3603 1077 et
3637 1013 3713 1077 fit
3748 1013 3820 1075 in
3859 1028 3938 1076 eo

718 1199 721 1202 ,
836 1144 1040 1209 clavis
1084 1144 1161 1207 ut
1195 1160 1273 1207 ea
1312 1142 1454 1223 Jam
1500 1140 1714 1205 valeat
1760 1139 1859 1202 uti
1904 1138 1989 1201 ad
2034 1136 2471 1201 claudendum
2518 1135 2624 1199 vel
2669 1133 3118 1217 aperiendum.

1200 1380 1277 1444 B.
1318 1384 1400 1445 Si
1446 1383 1773 1446 alteram
1818 1384 2104 1443 clavem
2151 1393 2404 1442 omnes
2446 1378 2792 1453 habeant,
2833 1376 3116 1439 scilicet
3151 1374 3568 1449 potentiam

1990 1498 2275 1573 liqandi
2317 1495 2390 1557 et
2433 1498 2782 1558 solvendi.

558 1742 812 1801 amsa.
974 1714 1327 1794 Quumque
1378 1712 1515 1793 Jam
1575 1711 1851 1789 constet,
1901 1726 2034 1773 non
2092 1725 2322 1772 omnes
2371 1706 2739 1771 sacerdotes
2794 1705 2941 1769 illas
2990 1706 3154 1769 duas
3203 1704 3419 1769 claves
3467 1703 3729 1784 habere,
3777 1703 3940 1785 quia

544 1806 810 1923 ζζῗῗζ·ο
839 1830 1115 1895 scientia
1156 1829 1566 1893 discernendi
1612 1826 1909 1910 plerique
1946 1827 2201 1906 carent;
2245 1826 2325 1889 de
2364 1823 2589 1901 altera,
2631 1823 2698 1886 id
2740 1824 2839 1887 est
2879 1822 3173 1904 potentia
3217 1820 3466 1902 ligandi
3509 1822 3574 1885 et
3609 1820 3938 1899 solvendi,

546 1936 612 1978 ¹⁴·
838 1946 1177 2029 quaeritur,
1220 1946 1444 2009 utrum
1492 1961 1722 2008 omnes
1778 1943 2149 2007 sacerdotes
2203 1958 2348 2006 eam
2408 1939 2709 2003 habeant.
2763 1938 3048 2013 Quidam
3095 1937 3272 2001 enim
3323 1937 3492 2000 hanc
3543 1937 3942 2019 potestatem

837 2064 1073 2145 putant
1108 2062 1243 2125 illis
1278 2061 1440 2125 solis
1478 2078 1620 2125 esse
1666 2076 2069 2140 concessam,
2114 2060 2230 2139 qui
2272 2058 2638 2122 doctrinam
2681 2056 2881 2121 simul
2927 2072 3003 2119 ac
3039 2055 3245 2119 vitam
3291 2053 3766 2136 Apostolorum
3807 2071 3946 2117 ser-

730 2186 737 2197 ·
839 2179 1043 2241 vant:
1084 2177 1233 2241 illas
1280 2177 1455 2241 enim
1502 2175 1719 2240 claves
1767 2176 2074 2257 promisit
2119 2174 2450 2238 Dominus
2495 2174 2690 2237 Petro
2741 2174 2806 2237 et
2853 2170 3298 2235 imitatoribus
3349 2170 3495 2251 ejns
3539 2172 3824 2247 tantum,
3868 2170 3946 2233 ut

838 2295 1046 2358 aiunt.
1079 2294 1208 2369 Qui
1247 2294 1443 2357 etiam
1494 2290 1994 2356 auctoritatibus
2034 2292 2314 2355 utuntur
2349 2291 2417 2353 in
2463 2290 2952 2353 munimentum
2999 2305 3135 2352 suae
3183 2288 3538 2369 opinionis,
3567 2287 3722 2350 -Hoc
3760 2287 3944 2351 enim

540 2434 811 2480 dinamus.
838 2412 1067 2475 dicunt
1101 2410 1551 2491 Augustinum
1588 2409 1895 2487 sensisse,
1934 2406 2051 2471 ubi
2086 2407 2393 2489 superius
2420 2406 2513 2469 ait
2545 2425 2560 2467 :
2592 2405 3078 2469 Remissionem
3118 2404 3535 2485 peccatorum
3574 2403 3679 2468 vel
3715 2420 3836 2485 per
3871 2420 3944 2467 se

588 2553 767 2597 ibidem.
839 2528 1062 2609 ipsum
1100 2526 1258 2589 facit
1296 2525 1501 2606 Deus,
1534 2525 1638 2588 vel
1685 2542 1802 2606 per
1842 2522 2165 2588 columbae
2206 2521 2523 2587 membra.
2564 2521 2744 2586 Dicit
2789 2522 2988 2585 etiam
3024 2521 3203 2584 idem
3247 2522 3514 2603 peccata
3547 2519 3797 2583 dimitti
3835 2518 3942 2583 vel

592 2668 749 2713 Βωοα.
838 2643 1045 2708 teneri
1093 2659 1133 2707 a
1178 2641 1455 2707 Sanctis.
1507 2641 1692 2704 Idem
1742 2657 1941 2721 super
1988 2639 2321 2719 Exodum,
2368 2636 2484 2700 ubi
2533 2638 2614 2701 de
2672 2636 2919 2701 lamina
2973 2653 3170 2701 aurea
3203 2636 3468 2717 legitur,
3511 2636 3670 2700 Erat
3715 2635 3943 2699 autem

540 2734 810 2850 ῗζῖὃξὲι
839 2760 1085 2823 lamina
1130 2775 1327 2822 aurea
1375 2773 1636 2838 semper
1678 2756 1748 2818 in
1794 2754 2008 2819 fronte
2055 2754 2414 2819 sacerdotis
2457 2773 2470 2816 :
2511 2753 2695 2832 Haec,
2745 2753 2984 2835 inquit,
3024 2752 3352 2833 significat
3392 2751 3698 2816 fiduciam
3745 2750 3944 2815 bonae

539 2857 587 2900 ¹¹¹
628 2855 791 2911 *¹⁸¹²*
838 2877 1019 2957 vitae,
1060 2892 1263 2957 quam
1311 2874 1427 2954 qui
1476 2890 1627 2936 vere
1674 2871 2114 2953 perfecteque,
2159 2887 2292 2933 non
2339 2870 2839 2951 significatione,
2879 2870 2995 2934 sed
3043 2870 3317 2933 veritate
3367 2868 3671 2932 sacerdos
3717 2868 3940 2949 habet,

541 2918 687 2963 touch.
732 2918 809 2964 ub.

539 2983 814 3099 332¹prssoe
840 2992 1023 3056 solus
1070 2992 1285 3073 potest
1330 2989 1585 3053 auferre
1622 2989 1909 3071 peccata.
1957 2988 2126 3051 Item
2175 2987 2532 3068 Gregorius
2575 3007 2589 3048 :
2637 2986 2743 3049 Illi
2791 2986 2914 3050 soli
2953 2985 3197 3049 habent
3234 2986 3303 3048 in
3349 2985 3472 3049 hac
3511 3002 3700 3048 carne
3739 2986 3944 3067 positi

540 3106 811 3214 Qum-⁰·
840 3108 1233 3190 potestatem
1280 3105 1527 3188 ligandi
1580 3105 1645 3169 et
1693 3103 2015 3184 solvendi,
2056 3104 2230 3168 sicut
2274 3103 2483 3168 sancti
2529 3102 2858 3185 Apostoli,
2904 3102 3018 3183 qui
3071 3101 3338 3166 illorum
3385 3099 3688 3182 exempla
3739 3101 3947 3165 simul

568 3249 746 3307 Origen.
768 3250 814 3293 in
843 3241 995 3288 cum
1026 3223 1322 3287 doctrina
1357 3223 1601 3287 tenent.
1635 3222 1801 3285 Item
1844 3239 1925 3284 ex
1962 3221 2156 3285 dictis
2195 3220 2499 3302 Origenis
2533 3241 2546 3282 ε
2581 3220 2742 3292 Haec
2777 3220 3069 3302 potestas
3105 3219 3230 3282 soli
3266 3218 3463 3282 Petro
3501 3233 3812 3281 concessa
3847 3219 3950 3280 est

540 3311 813 3427 fffff'ffim‘
842 3343 908 3406 et
935 3339 1381 3405 imitatoribus
1407 3339 1589 3404 Petri
1621 3359 1635 3401 :
1669 3355 1825 3402 nam
1861 3339 2264 3420 quicumque
2297 3337 2576 3418 vestigia
2611 3337 2790 3400 Petri
2829 3336 3193 3414 imitantur,
3225 3334 3470 3399 habent
3496 3336 3668 3398 recte
3698 3333 3948 3415 ligandi

841 3459 906 3522 et
943 3457 1241 3522 solvendi
1278 3457 1692 3538 potestatem.
1729 3455 1855 3518 His
1891 3454 2170 3536 aliisque
2210 3453 2606 3516 testimoniis
2642 3452 3012 3515 innituntur
3045 3451 3161 3533 qui
3197 3451 3519 3531 asserunt,
3552 3451 3946 3532 potestatem

841 3573 1089 3656 ligandi
1136 3590 1211 3637 ac
1256 3572 1555 3637 solvendi
1604 3571 1737 3634 illis
1782 3569 1945 3633 solis
1990 3585 2366 3633 concessam
2413 3567 2861 3632 sacerdotibus
2906 3567 3022 3649 qui
3059 3567 3196 3629 vita
3241 3567 3308 3631 et
3350 3566 3648 3630 doctrina
3693 3565 3945 3648 pollent

840 3690 1014 3756 sicut
1048 3689 1373 3772 Apostoli.

1791 3909 1875 3974 C..
1905 3903 2255 3972 Aliorum
2298 3908 2663 3972 sententia
2711 3909 2990 3970 verior.

974 4136 1147 4200 Aliis
1201 4136 1424 4198 autem
1474 4133 1756 4212 videtur,
1810 4131 1989 4214 quod
2040 4131 2106 4195 et
2149 4130 2317 4194 mihi
2369 4130 2625 4211 placere
2682 4129 2912 4210 fateor,
2963 4129 3216 4194 cunctis
3269 4127 3720 4194 sacerdotibus
3773 4129 3941 4193 hanc

842 4253 1097 4317 clavem
1132 4251 1297 4332 dari,
1338 4248 1590 4314 scilicet
1634 4247 1883 4329 ligandi
1929 4248 1994 4311 et
2032 4246 2369 4327 solvendi3
2409 4246 2526 4310 sed
2561 4262 2695 4308 non
2736 4263 2882 4310 eam
2928 4247 3101 4310 recte
3143 4262 3218 4308 ac
3264 4245 3460 4327 digne
3505 4245 3772 4326 habent,
3813 4245 3944 4310 nisi

843 4369 960 4450 qui
1000 4368 1207 4430 vitam
1246 4368 1311 4429 et
1350 4365 1715 4428 doctrinam
1755 4362 2184 4444 apostolicam
2231 4363 2514 4426 servant.
2557 4361 2694 4426 Nec
2728 4362 3089 4444 praemissae
3131 4362 3552 4426 auctoritates
3587 4361 3804 4428 malos
3837 4381 3943 4428 sa-

844 4483 1139 4548 cerdotes
1169 4483 1337 4544 hanc
1372 4480 1763 4562 potestatem
1802 4479 2044 4560 negant
2070 4477 2332 4558 habere,
2366 4479 2482 4542 sed
2519 4478 2672 4541 illos
2707 4477 2886 4541 solos
2913 4479 3110 4559 digne
3147 4495 3222 4540 ac
3257 4479 3432 4542 recte
3468 4479 3590 4542 hac
3617 4481 3941 4559 potestate

842 4599 943 4664 uti
980 4598 1373 4680 significant,
1406 4596 1521 4678 qui
1554 4595 1814 4677 praediti
1851 4595 2007 4659 sunt
2041 4594 2180 4658 vita
2216 4595 2282 4658 et
2313 4594 2608 4658 doctrina
2643 4595 3003 4677 apostolica
3035 4614 3050 4656 ι
3084 4594 3241 4676 quia
3275 4594 3402 4658 soli
3438 4593 3738 4676 ipsorum
3765 4595 3947 4677 Apo-

842 4716 1163 4782 stolorum
1204 4713 1568 4778 imitatores
1604 4712 1800 4794 digne
1837 4712 2140 4793 recteque
2178 4693 2455 4792 possunt
2490 4710 2692 4791 ligare
2731 4712 2796 4774 et
2829 4711 3117 4793 solvere3
3157 4711 3222 4774 et
3257 4728 3374 4792 per
3399 4711 3766 4775 Dominum
3805 4713 3947 4776 tan-

841 4836 987 4898 tum
1023 4832 1128 4897 vel
1170 4848 1287 4912 per
1322 4830 1619 4909 Sanctos,
1650 4829 1720 4890 in
1760 4827 2003 4910 quibus
2038 4826 2291 4890 habitat
2329 4826 2614 4908 Spiritus
2657 4827 2958 4905 SanctuS‚
2984 4826 3180 4908 digne
3218 4829 3283 4891 et
3318 4828 3491 4890 recte
3527 4827 3604 4891 fit
3637 4829 3943 4894 remissio

841 4950 947 5015 vel
983 4948 1262 5013 retentio
1303 4946 1743 5029 peccatorum.
1776 4945 1887 5007 Fit
1916 4945 2141 5007 tamen
2178 4945 2242 5007 et
2277 4961 2394 5025 per
2431 4942 2582 5006 illos
2624 4943 2740 5025 qui
2781 4943 2989 5006 sancti
3029 4958 3164 5006 non
3201 4945 3378 5023 sunt,
3419 4944 3535 5007 sed
3574 4961 3708 5007 non
3745 4945 3945 5027 digne

839 5068 946 5132 vel
988 5067 1181 5130 recte.
1223 5064 1355 5128 Dat
1397 5063 1575 5127 enim
1612 5063 1793 5126 Deus
1835 5061 2360 5126 benedictionem
2396 5059 2592 5141 digne
2629 5059 2926 5140 poscenti
2961 5059 3159 5122 etiam
3202 5076 3319 5141 per
3359 5059 3706 5141 indignum
3743 5061 3946 5126 mini-

840 5187 1075 5249 strum.
1109 5180 1303 5257 Quod
1338 5197 1495 5245 vero
1531 5179 1699 5243 hanc
1734 5178 2127 5261 potestatem
2166 5176 2446 5242 habeant
2485 5194 2715 5241 omnes
2756 5177 3148 5258 sacerdoteS,
3181 5177 3630 5258 Hieronymus
3663 5179 3947 5243 testatur

543 5259 703 5367 gam·
709 5275 810 5316 '''''
835 5317 1033 5383 super
1068 5298 1262 5363 illum
1297 5297 1519 5361 locum
1553 5293 1919 5377 Evangelii,
1952 5294 2066 5358 ubi
2094 5293 2424 5358 Dominus
2452 5293 2622 5356 dixit
2647 5292 2868 5372 Petro,
2899 5292 3047 5356 Tibi
3080 5291 3248 5357 dabo
3280 5292 3495 5358 claves
3531 5293 3718 5375 regni
3747 5294 3946 5359 coelo-
