4267 6250
1091 505 1178 552 AN
1216 504 1412 552 rici-10
1452 504 1742 553 urrunnu·
1778 506 2063 554 mensur
2101 507 2433 567 urserunt,
2473 508 2602 556 mc.
3284 491 3403 556 129

322 696 427 759 per
460 675 782 751 affectum,
816 674 989 757 quod
1028 673 1181 737 facit
1215 674 1488 739 devotio.
1523 675 1669 739 Ideo
1711 676 1876 740 in-A
1908 695 2099 758 quam
2149 678 2377 752 occidi,
2417 678 2759 761 distinguo.
2803 677 3110 753 Quoniam
3157 679 3260 742 vel
3308 679 3404 742 in-

320 775 645 858 dispositus
694 780 1048 858 reputatur,
1092 781 1221 835 tam
1270 773 1382 855 qui
1431 791 1557 837 non
1602 773 1803 836 credit
1906 776 2111 839 tendit
2139 776 2408 839 illudere
2437 777 2594 840 alios
2624 785 2690 841 et
2716 784 2988 841 mortem
3019 778 3405 841 evaderezet

319 893 496 955 quam
537 874 643 956 qui
682 872 1022 935 indevotus
1064 871 1332 935 accedit.
1366 871 1612 953 Duplex
1646 889 1799 954 quo·
1906 880 2059 937 tunc
2100 875 2404 957 quoniam
2449 893 2576 939 non
2620 883 2717 939 est
2755 876 2847 938 ihi
2891 876 3160 940 intentio
3197 875 3405 959 Bapti-

318 990 433 1053 que
492 978 587 1034 est
641 970 1032 1035 contrarium
1096 970 1266 1052 quod
1330 969 1465 1032 tolli
1529 976 1793 1052 oportet.
1906 971 2052 1057 smi,
2081 991 2208 1036 non
2239 972 2615 1056 baptizatur,
2637 993 2838 1057 quum
2871 992 2989 1037 nec
3020 974 3128 1036 ille
3157 974 3406 1037 dicatur

320 1071 513 1133 Unum
540 1089 616 1132 ex
645 1078 825 1153 parte
854 1086 1077 1132 eorum
1106 1087 1249 1150 quae
1280 1075 1458 1129 extra
1484 1074 1794 1148 aguntur:
1906 1069 2264 1152 baptizatus
2310 1072 2423 1154 qui
2481 1072 2798 1135 consentit
2855 1090 2922 1134 se
2981 1071 3273 1152 immergi
3323 1072 3405 1135 ad

320 1176 375 1231 et
410 1170 497 1230 sic
535 1167 951 1251 indispositus
990 1174 1089 1228 est
1122 1166 1233 1247 qui
1273 1166 1459 1228 aliter
1496 1165 1795 1239 celebrat,
1905 1167 2161 1248 jocum3
2193 1168 2296 1231 vel
2335 1169 2474 1231 vult
2506 1168 2718 1251 potius
2751 1170 2920 1233 circa
2958 1189 3026 1233 se
3055 1170 3201 1233 fieri
3243 1169 3402 1233 illud

320 1285 495 1347 quam
544 1266 703 1328 ritus
749 1264 945 1328 habet
992 1263 1309 1326 Ecclesiae.
1350 1263 1539 1325 Aliud
1584 1270 1679 1325 est
1720 1282 1799 1325 ex
1907 1266 2078 1347 quod
2108 1266 2262 1328 facit
2291 1266 2594 1341 Ecclesia,
2621 1286 2815 1350 quam
2844 1269 3108 1332 adversa
3135 1267 3405 1331 tolerare

321 1372 485 1447 parte
538 1364 793 1428 virtutis
852 1362 1236 1436 intrinsecae,
1290 1380 1435 1443 quae
1492 1361 1797 1425 secretius
1908 1381 2021 1424 seu
2068 1371 2336 1427 mortem
2372 1382 2386 1426 ε
2421 1373 2486 1427 θῖ
2523 1365 2615 1427 sic
2659 1366 2795 1428 sive
2835 1367 3069 1441 credat,
3103 1367 3237 1430 sive
3277 1384 3403 1429 non

320 1470 600 1543 operatur
639 1462 911 1525 salutem
948 1481 963 1525 :
998 1468 1063 1523 et
1102 1460 1197 1523 sic
1240 1460 1657 1542 indispositus
1702 1466 1800 1523 est
1910 1462 2146 1538 credat,
2179 1470 2243 1525 θῖ
2270 1463 2406 1526 sive
2437 1464 2592 1527 velit
2625 1465 2910 1547 recipere
2946 1466 3235 1547 gratiam,
3268 1465 3404 1529 sive

320 1562 421 1643 qui
458 1561 825 1624 contemnit.
870 1560 1197 1635 Similiter,
1230 1578 1347 1641 per
1389 1559 1801 1641 comparatio-
1910 1579 2059 1637 non,
2091 1563 2237 1625 dico
2269 1565 2439 1646 quod
2476 1564 2706 1647 recipit
2735 1573 3224 1642 sacramentum,
3253 1564 3405 1648 quia

320 1679 455 1723 nem
494 1662 571 1723 ad
612 1659 921 1723 effectum
968 1659 1297 1741 Baptismi‚
1338 1665 1589 1742 oportet
1628 1657 1797 1741 quod
1910 1676 2037 1722 non
2066 1668 2162 1723 est
2193 1660 2284 1723 ibi
2314 1662 2698 1745 simpliciter
2726 1663 3226 1726 involuntarium
3261 1683 3276 1727 :
3313 1663 3406 1726 id-

320 1757 675 1840 disponatur
710 1758 907 1821 homo
940 1756 1301 1820 adhibendo
1340 1757 1795 1832 necessarium,
1909 1773 1985 1818 eo
2028 1757 2297 1840 suscipit
2341 1760 2793 1835 characterem,
2834 1778 2962 1823 non
3002 1762 3290 1842 gratiam.
3323 1794 3405 1807 —-

321 1863 523 1938 utpote
566 1856 793 1932 fidem,
846 1875 988 1939 quae
1036 1855 1339 1938 purificat
1387 1862 1690 1929 mentem,
1735 1862 1800 1917 et
1830 1861 1879 1925 Β
1909 1854 2053 1918 Haec
2098 1855 2558 1933 Bonaventura‚
2599 1866 2664 1921 et
2707 1860 3134 1926 communiter
3179 1860 3272 1923 sic
3313 1867 3404 1923 te·

322 1954 475 2035 quod
512 1954 686 2017 tollat
728 1952 1142 2029 contrarium,
1177 1961 1329 2035 puta
1362 1954 1641 2035 culpam,
1685 1971 1799 2036 per
1908 1960 2115 2015 netur.

322 2052 929 2116 contritionem.ldeo
956 2052 1046 2114 ait
1066 2050 1643 2134 Ambrosiu8,quod
1674 2069 1797 2114 non
1990 2053 2278 2135 Denique
2317 2053 2466 2116 huic
2498 2055 2835 2137 quaestioni
2867 2065 2964 2120 est
2993 2056 3222 2120 similis
3264 2057 3403 2131 ista,

321 2158 457 2212 sunt
493 2151 847 2214 necessaria
884 2169 964 2213 ex
999 2151 1119 2213 hac
1159 2158 1339 2233 parte
1378 2151 1504 2213 nisi
1542 2149 1707 2213 fides
1737 2156 1801 2213 θῖ
1912 2159 2126 2213 utrum
2195 2151 2449 2215 adultus
2518 2172 2644 2217 non
2708 2157 3133 2231 consentiens,
3201 2163 3409 2239 potest

322 2249 629 2329 contriti03
660 2257 877 2312 tamen
911 2249 1208 2313 contritio
1241 2250 1307 2311 in
1337 2250 1676 2313 devotione
1707 2248 1799 2310 in·
1911 2250 2196 2332 recipere
2239 2249 2542 2315 effectum
2587 2253 2914 2335 Baptismi.

323 2346 598 2410 cluditur.
622 2348 791 2411 —Si
819 2355 1035 2410 autem
1063 2347 1389 2428 objicitur,
1423 2348 1592 2430 quod
1623 2347 1803 2410 fictio
1991 2348 2085 2411 Ad
2129 2350 2299 2431 quod
2342 2350 2614 2415 Thomas
2661 2352 2740 2415 de
2779 2354 3143 2434 Argentina‚
3185 2354 3408 2417 Scotus

320 2464 436 2508 non
462 2455 558 2509 est
584 2446 936 2509 secundum
964 2463 1151 2511 omne
1179 2465 1380 2528 genus
1411 2446 1687 2529 peccati3
1715 2464 1805 2509 re-
1912 2453 1978 2508 et
2022 2446 2132 2509 alii
2190 2448 2451 2530 quidam
2508 2451 2660 2513 satis
2719 2452 3115 2515 concorditer
3161 2451 3404 2527 dicunt,

321 2546 761 2626 spondendum,
775 2546 946 2628 quod
979 2545 1158 2609 fictio
1187 2546 1443 2629 proprie
1472 2553 1585 2621 est,
1601 2564 1800 2628 quum
1912 2546 2084 2627 quod
2128 2564 2256 2609 non
2296 2549 2701 2611 consentiens
2740 2549 3010 2631 intelligi
3050 2558 3254 2633 potest
3292 2551 3407 2613 du-

320 2642 533 2724 aliquis
570 2644 849 2707 ostendit
892 2644 1063 2707 dicto
1111 2644 1213 2707 vel
1260 2643 1427 2707 facto
1466 2645 1635 2727 quod
1673 2663 1803 2707 non
1900 2640 2190 2725 pliciter,
2225 2652 2444 2727 utpote
2474 2647 2785 2709 contrarie
2825 2654 2887 2709 et
2925 2648 3215 2729 negative
3249 2666 3264 2711 :
3300 2667 3408 2711 ne-

322 2750 407 2803 est
434 2742 497 2803 in
526 2743 616 2805 rei
644 2743 927 2805 veritate.
949 2743 1078 2806 Hoc
1108 2750 1323 2805 autem
1355 2743 1665 2825 contingit
1692 2745 1805 2806 du·
1911 2743 2403 2823 gative,tantum
2433 2751 2622 2825 negat
2647 2746 2960 2808 actualem
2992 2764 3406 2827 consensum3

322 2838 569 2920 pliciter.
604 2841 737 2904 Uno
766 2841 979 2917 modo,
1007 2842 1260 2924 quando
1290 2861 1368 2905 cx
1398 2842 1517 2904 hac
1547 2841 1803 2904 intenti·
1912 2840 2248 2915 contrarie,
2299 2842 2480 2924 ponit
2533 2842 2846 2905 actualem
2902 2843 3281 2907 dissensum.
3333 2844 3410 2907 Et

321 2954 431 3001 one
454 2939 694 3021 aliquid
723 2939 959 3002 dicitur
986 2940 1086 3003 vel
1112 2939 1206 3015 fit,
1222 2948 1293 3002 ut
1320 2940 1489 3003 aliud
1520 2940 1806 3003 ostenda-
1912 2945 2157 3001 constat
2203 2940 2375 3021 quod
2422 2957 2552 3002 non
2601 2941 2684 3002 sit
2731 2941 2923 3017 idem,
2965 2960 3094 3005 non
3139 2942 3304 3006 velle
3347 2950 3411 3006 θῖ

322 3044 416 3097 tur
449 3057 633 3119 quam
678 3037 772 3100 rei
812 3039 1045 3101 veritas
1089 3039 1282 3102 habet
1316 3059 1330 3103 ε
1365 3039 1587 3122 sicque
1622 3037 1803 3103 fictio
1832 3043 1877 3110 C
1912 3036 2101 3099 nolle.
2136 3036 2203 3100 Si
2236 3055 2387 3119 ergo
2425 3038 2774 3121 accipiatur
2803 3041 3117 3103 contrarie
3156 3059 3271 3126 pro
3309 3060 3409 3104 ac-

324 3143 409 3196 est
442 3137 711 3218 speciale
751 3145 1110 3219 peccatum,
1144 3145 1209 3200 et
1237 3139 1321 3200 ita
1362 3154 1492 3202 non
1530 3137 1807 3200 sumitur
1911 3137 2165 3199 tualiter
2192 3137 2608 3202 dissentiente
2635 3141 2778 3220 (seu
2811 3139 3227 3204 dissentiente
3257 3141 3410 3204 sim·

322 3231 435 3294 hic.
482 3234 795 3310 Secunde,
848 3235 1103 3317 quando
1149 3235 1506 3298 ostenditur
1558 3236 1802 3319 aliquid
1909 3235 2185 3316 pliciter,
2218 3255 2333 3299 seu
2371 3238 2724 3300 secundum
2756 3238 2960 3321 quid),
2993 3246 3059 3302 et
3093 3240 3148 3301 si
3180 3240 3298 3303 iste
3327 3241 3410 3303 sit

322 3332 471 3410 quod
513 3333 605 3395 rei
650 3333 885 3396 veritas
932 3352 1061 3396 non
1104 3334 1317 3408 hahet,
1358 3335 1527 3397 dicto
1569 3341 1679 3396 aut
1716 3333 1804 3396 fa·
1912 3342 2180 3416 utroque
2220 3337 2408 3398 modo
2448 3336 2853 3412 dissentienS,
2887 3354 3016 3399 non
3055 3338 3284 3420 recipit
3311 3357 3406 3402 sa·

320 3436 431 3502 cto,
453 3431 645 3493 >etiam
684 3432 739 3494 si
778 3449 905 3494 non
951 3439 1211 3514 propter
1248 3432 1368 3495 hoc
1408 3433 1657 3496 dicatur
1692 3439 1804 3494 aut
1910 3440 2305 3495 eramentum
2342 3452 2355 3497 ε
2390 3434 2694 3516 quoniam
2730 3435 2918 3510 DeuS,
2951 3435 3059 3518 qui
3104 3436 3266 3499 dixit
3297 3455 3410 3520 per

316 3525 423 3588 fiat
463 3548 476 3592 :
521 3529 741 3612 sicque
787 3530 1102 3613 accipitur
1149 3530 1356 3593 modo.
1403 3530 1801 3612 Quicumque
1910 3529 2294 3611 Sapientem,
2330 3532 2449 3594 Fili
2479 3533 2590 3607 mi,
2625 3533 2838 3615 praehe
2869 3543 3186 3597 cortuum
3223 3535 3404 3610 mihi,
3441 3563 3702 3616 prmum,

318 3626 475 3688 enim
519 3629 596 3690 ad
643 3628 1044 3710 Baptismum
1092 3628 1357 3704 accedit,
1411 3629 1687 3692 ostendit
1732 3647 1800 3691 se
1908 3645 2036 3690 non
2066 3629 2205 3690 vult
2231 3629 2514 3711 aliquem
2545 3625 2810 3693 omnino
2841 3630 3115 3694 invitum
3146 3631 3406 3696 familiae
3435 3631 3502 3671 ²⁶·

318 3725 499 3787 veteri
526 3725 671 3789 vitae
700 3725 1153 3789 abrenuntiare
1182 3734 1247 3788 et
1276 3743 1505 3790 novam
1550 3727 1800 3790 inchoa·
1907 3745 2037 3789 suae
2064 3726 2362 3790 adscribi.
2381 3727 2444 3790 Si
2474 3736 2686 3790 autem
2719 3730 3072 3791 secundum
3104 3730 3260 3812 quid
3289 3732 3410 3793 dis·

318 3839 397 3884 re.
428 3823 594 3887 Unde
636 3825 692 3886 si
732 3825 1027 3888 voluntas
1073 3825 1215 3906 ejus
1260 3823 1467 3888 adhuc
1513 3825 1580 3887 in
1622 3833 1800 3888 vetu-
1908 3824 2158 3899 sentiat,
2192 3824 2570 3907 simpliciter
2599 3844 2751 3889 vero
2780 3826 3098 3889 consentit
3129 3827 3192 3888 in
3229 3827 3404 3890 illam

318 3927 463 3984 state
502 3923 647 3987 vitae
690 3930 1037 3998 remaneat,
1070 3923 1243 3986 aliud
1287 3924 1566 3987 ostendit
1605 3943 1799 4006 quam
1905 3921 2301 3986 ablutionem
2330 3940 2407 3986 eo
2436 3924 2626 3987 modo
2658 3941 2786 4007 quo
2820 3923 3092 3987 intendit
3122 3924 3406 3987 Ecclesia

318 4020 531 4084 veritas
576 4021 770 4086 habet
812 4041 827 4087 ε
871 4022 1111 4085 idcirco
1159 4029 1255 4084 est
1299 4021 1499 4086 fictio.
1535 4059 1617 4069 —
1655 4023 1799 4088 Haec
1906 4019 2135 4096 facere,
2151 4021 2530 4104 simpliciter
2557 4023 2788 4105 recipit
2817 4030 3299 4086 sacramentum.
3315 4024 3404 4087 De

320 4116 569 4182 Thomas
624 4121 692 4183 in
750 4120 1021 4203 Scripto.
1074 4121 1145 4184 In
1204 4122 1431 4184 ceteris
1488 4122 1655 4184 sicut
1699 4122 1801 4186 Al-
1905 4119 2120 4182 adulto
2169 4139 2423 4203 quoque
2473 4120 2796 4202 distinguo
2847 4138 2863 4183 :
2915 4121 3066 4203 quia
3120 4128 3230 4184 aut
3275 4138 3405 4186 non

320 4214 538 4282 bertus.
590 4219 990 4283 concordant
1034 4219 1253 4283 Petrus
1314 4227 1379 4282 et
1421 4220 1794 4298 Richardus,
1828 4221 1879 4287 D
1910 4219 2108 4281 utitur
2146 4219 2410 4294 ratione,
2444 4238 2564 4283 nec
2605 4239 2758 4282 usus
2795 4228 2914 4295 est,
2948 4227 3020 4282 ut
3046 4219 3260 4284 fatuus
3301 4240 3406 4285 na-

320 4315 417 4378 alii
457 4335 706 4401 quoque
746 4317 1193 4381 communiter.
1907 4324 2045 4398 tus;
2088 4326 2200 4380 aut
2245 4336 2374 4382 non
2423 4318 2625 4381 utitur
2667 4338 2839 4382 nunc
2883 4319 3147 4395 ratione,
3189 4326 3406 4384 tamen

392 4415 686 4480 Praeterea
711 4417 1153 4481 Bonaventura
1182 4417 1557 4494 sciscitatur,
1580 4426 1795 4482 utrum
1904 4417 2247 4499 aliquando
2279 4437 2431 4480 usus
2462 4426 2592 4498 est3
2623 4427 2733 4480 aut
2763 4418 2964 4481 utitur
2991 4438 3164 4482 nunc
3193 4427 3406 4484 actua·

321 4511 540 4578 invitus
585 4535 700 4579 seu
748 4525 1005 4580 coactus
1054 4516 1451 4599 Baptismum
1501 4518 1790 4600 accipiat.
1906 4515 2052 4579 liter
2081 4518 2342 4580 ratione.
2377 4519 2465 4580 De
2494 4517 2706 4600 primo
2744 4518 3084 4582 dicendum
3123 4519 3291 4582 sicut
3327 4520 3407 4584 de

318 4611 657 4696 Respondet
697 4633 713 4678 z
756 4617 1009 4681 Coactio
1049 4617 1289 4699 duplex
1330 4623 1443 4680 est.
1489 4617 1621 4680 Una
1663 4618 1792 4681 suf·
1906 4617 2214 4698 parvulo;
2248 4623 2528 4679 attamen
2567 4616 2624 4678 si
2671 4624 2963 4699 speratur
3011 4617 3224 4700 ipsum
3269 4627 3405 4682 tan-

318 4708 527 4776 ficiens
580 4733 695 4778 seu
750 4715 1134 4798 simpliciter
1188 4716 1377 4792 dicta,
1427 4723 1491 4779 θῖ
1539 4717 1792 4801 penitus
1903 4716 2049 4778 dem
2099 4716 2476 4791 curandum,
2517 4723 2626 4779 aut
2674 4716 2920 4780 ratione
2968 4736 3257 4793 usurum,
3299 4737 3403 4781 ex·

318 4808 609 4892 violenta3
638 4822 703 4876 et
731 4814 867 4878 haec
898 4815 1168 4896 impedit
1194 4823 1688 4890 sacramentum,
1707 4816 1793 4878 ita
1903 4816 2320 4896 spectandum
2351 4822 2448 4878 est
2477 4823 2732 4897 tempus
2771 4815 2952 4890 illud,
2989 4823 3058 4878 ut
3088 4836 3234 4878 cum
3275 4804 3430 4880 ma?

318 4910 471 4989 quod
502 4912 707 4975 taliter
748 4913 935 4988 lotuS,
968 4932 1095 4977 non
1134 4922 1232 4977 est
1267 4914 1640 4997 baptizatus
1674 4916 1793 4979 Ne-
1898 4913 2023 4994 jori
2058 4916 2415 4978 reverentia
2453 4915 2760 4998 suscipiat
2788 4923 3275 4978 sacramentum.
3311 4916 3400 4978 De

318 5008 537 5072 minem
576 5012 749 5074 enim
785 5013 955 5093 cogit
983 5012 1151 5076 Deus
1188 5013 1267 5076 ad
1308 5013 1493 5077 bona.
1527 5015 1669 5078 Alia
1698 5024 1796 5078 est
1903 5014 2183 5077 secundo
2213 5020 2450 5090 autem,
2481 5012 2594 5096 qui
2635 5012 2882 5076 scilicet
2909 5030 3038 5076 non
3075 5013 3275 5076 utitur
3305 5032 3400 5076 ra-

320 5108 539 5172 coactio
586 5109 931 5173 inductiva.
977 5110 1053 5173 Et
1101 5111 1157 5173 si
1199 5111 1343 5194 quis
1390 5111 1484 5174 sie
1531 5113 1791 5175 immer-
1901 5112 2328 5188 tione,tamen
2356 5112 2700 5195 aliquando
2729 5131 2883 5176 usus
2913 5113 3198 5188 est,dico
3227 5112 3398 5194 quod

318 5211 487 5282 gutur
524 5206 585 5268 in
624 5227 809 5290 aqua,
844 5216 1063 5290 utpote
1104 5208 1377 5291 flagellis
1416 5217 1526 5273 aut
1572 5210 1788 5287 minis,
1902 5213 2285 5295 supponitur
2327 5231 2500 5276 nunc
2541 5212 2952 5276 habitualiter
2993 5211 3397 5276 consentiens

322 5298 407 5364 ita
428 5305 585 5386 quod
622 5306 837 5388 potius
865 5307 1005 5370 vult
1031 5308 1428 5390 Baptismum
1468 5309 1793 5395 suscipere
1900 5311 2037 5376 sive
2066 5310 2470 5388 dissentienS,
2499 5313 2850 5374 secundum
2881 5311 3051 5396 quod
3079 5329 3148 5374 se
3174 5309 3400 5373 habuit

552 5439 617 5493 T.
649 5441 731 5492 24.
3108 5447 3140 5500 9
