4267 6250
539 3053 584 3095 ρ.
609 3041 683 3081 ¹97
701 3038 751 3083 n.

542 4410 789 4463 Quaerunt-

515 4485 618 4517 cuu
644 4477 683 4518 ¹.

519 4908 704 5015 guith.
725 4924 766 4953 ιιι

804 465 923 532 ¹98

1653 489 1718 534 IN
1757 487 1980 534 Lummt
2021 489 2084 534 tv
2125 487 2609 535 SENTENTunmt.
2648 507 2727 518 -
2770 491 2923 537 ΒΙὸΤ.
2964 491 3051 537 vll

806 660 1142 742 episcopos
1186 659 1559 741 dispensari.
1594 659 1672 721 Et
1709 659 1762 722 si
1807 658 1916 721 alii
1963 659 2026 721 id
2067 677 2302 740 praesu-
2333 657 2384 720 Α
2414 660 2525 721 sed
2584 660 2875 723 utilitatis
2924 661 3386 742 consequendae
3434 679 3625 723 causa
3677 661 3914 743 accipi·

807 767 1014 832 munt,
1047 758 1139 821 nil
1170 757 1435 832 faciunt,
1457 757 1606 840 quia
1635 756 1976 820 auctoritas
2005 757 2304 820 Ecclesiae

807 855 934 918 fuit
975 875 1012 918 a
1054 857 1260 938 capite
1301 856 1583 918 derivata
1630 856 1706 917 ad
1753 855 2043 918 membra
2083 873 2306 916 secun-

808 955 961 1016 dum
997 955 1288 1017 ordinem
1321 954 1619 1016 Ecclesiae
1659 954 1961 1034 primum.
1994 953 2155 1014 Hinc
2190 953 2306 1014 sic-

808 1060 881 1115 ut
937 1051 1052 1114 soli
1101 1052 1388 1134 Apostoli
1447 1059 1740 1134 poterant
1796 1049 2181 1114 confirmare
2238 1050 2303 1112 in

807 1147 1136 1232 primitiva
1165 1149 1468 1224 Ecclesia,
1492 1150 1584 1213 sic
1614 1149 2020 1230 postmodum
2053 1147 2171 1210 soli
2202 1165 2304 1210 eo·

809 1266 950 1310 rum
1013 1265 1412 1311 successores
1458 1247 1765 1329 episcopi.
1817 1247 1894 1308 Et
1941 1246 2096 1328 ipsis
2153 1245 2304 1308 solis

808 1347 1112 1409 traditum
1160 1354 1226 1410 et
1273 1346 1691 1409 commissum
1740 1353 1837 1409 est
1881 1345 2051 1407 istud
2101 1344 2305 1407 offici-

809 1464 942 1518 um,
996 1445 1298 1526 quoniam
1348 1445 1470 1526 ipsi
1529 1453 1678 1508 sunt
1728 1445 1792 1507 in
1841 1450 1973 1506 tota
2019 1442 2305 1505 Ecclesia

807 1543 1195 1625 principales
1237 1543 1499 1625 praelati.
1533 1543 1775 1606 Praelati
1813 1551 2025 1605 autem
2063 1549 2160 1604 est
2189 1542 2302 1604 du-

805 1641 954 1723 plex
984 1640 1328 1704 officium:
1366 1661 1588 1715 unum,
1623 1641 1960 1704 inferiores
1999 1642 2065 1702 in
2101 1641 2301 1721 gradu

805 1747 1102 1814 statuere,
1151 1748 1341 1823 atque
1401 1740 1466 1802 in
1525 1740 1747 1802 ordine
1806 1738 2153 1816 collocare3
2206 1755 2300 1798 se

2412 764 2534 818 tur.
2559 757 2893 841 Quumque
2924 759 3211 821 christus
3241 778 3277 821 a
3305 760 3719 821 sacramentis
3750 758 3913 820 nihil

2412 856 2751 937 acceperit,
2798 874 2923 919 non
2975 857 3194 919 debuit
3243 865 3713 920 sacramentum
3762 856 3917 920 Con-

2413 951 2797 1017 firmationis
2858 956 3171 1037 accipere,
3232 956 3397 1017 sicut
3456 974 3573 1018 nec
3633 955 3911 1027 Ordinis,

2414 1052 2565 1133 quia
2608 1061 2885 1135 potestas
2928 1054 3322 1117 excellentiae
3361 1054 3425 1115 in
3468 1053 3907 1126 sacramentiS,

2413 1157 2478 1211 et
2506 1150 2837 1232 plenitudo
2866 1152 3140 1234 Spiritus
3170 1153 3381 1215 Sancti
3415 1151 3495 1214 ab
3530 1152 3909 1214 incarnatio-

2415 1249 2513 1310 nis
2556 1251 2816 1313 exordio
2855 1249 2980 1313 fuit
3022 1252 3087 1312 in
3133 1251 3291 1333 ipso.

2516 1347 2807 1411 Secundo
2866 1351 3193 1432 quaeritur,
3258 1369 3339 1412 an
3404 1349 3785 1412 mulieribus
3844 1356 3911 1411 et
4002 1380 4029 1408 u

3936 1443 4041 1472 σοι-ι
4066 1432 4107 1475 2.

2412 1446 2629 1526 pueris
2671 1448 3009 1510 conveniat
3048 1456 3514 1511 sacramentum
3560 1447 3911 1512 confirma-

2411 1542 2604 1604 tionis
2661 1544 2971 1625 accipere.
3036 1545 3411 1617 Dicendum,
3465 1546 3635 1627 quod
3694 1543 3907 1627 perfe-

2412 1641 2653 1702 ctiones
2702 1661 2844 1724 quae
2892 1642 2959 1704 in
3002 1642 3500 1707 confirmatione
3549 1650 3613 1706 et
3653 1642 3907 1706 Ordinis

2413 1747 2809 1802 sacramento
2851 1739 3289 1814 conferuntur,
3332 1742 3397 1803 in
3443 1742 3563 1804 hoc
3600 1741 3910 1822 distingu-

806 1839 1112 1912 cundum,
1145 1855 1261 1920 pro
1298 1856 1488 1920 grege
1529 1856 1784 1900 murum
1827 1855 1893 1900 se
1935 1854 2193 1918 ponere,
2227 1853 2299 1897 ac
2338 1833 2386 1895 B
2418 1845 2629 1911 untur,
2672 1838 2840 1919 quod
2892 1838 3202 1919 perfectio
3243 1839 3495 1903 Ordinis
3536 1848 3635 1902 est
3673 1839 3751 1901 ad
3800 1839 3913 1902 ali

805 1936 1021 2018 ipsum
1069 1936 1430 2000 defendere.
1485 1935 1727 1998 Idcirco
1785 1936 2069 2016 ipsorum
2119 1934 2302 1996 dum-

803 2041 977 2096 taxat
1023 2043 1121 2097 est
1167 2033 1554 2097 confirmare
1612 2041 1675 2096 et
1721 2033 2036 2106 ordinare,
2091 2033 2155 2094 id
2208 2038 2305 2094 est

806 2133 1062 2196 ordines
1107 2132 1275 2194 dare.
1311 2132 1389 2193 Et
1426 2150 1668 2205 rursuS,
1702 2131 1852 2213 quia
1897 2131 1962 2192 in
2009 2130 2166 2211 ipsis
2209 2138 2305 2192 est

807 2230 1256 2293 ecclesiasticae
1295 2230 1690 2292 auctoritatis
1733 2228 2086 2311 plenitudo,
2121 2228 2301 2290 idcir-

805 2345 882 2391 co
921 2328 1206 2410 ipsorum
1247 2335 1344 2389 est
1380 2327 1749 2408 dispensare
1786 2326 2304 2390 confirmationis

802 2445 879 2489 ac
923 2425 1174 2489 Ordinis
1223 2432 1638 2500 sacramenta,
1691 2426 1754 2487 in
1803 2426 2041 2507 quibus
2086 2425 2305 2506 gratiae

805 2525 1137 2608 plenitudo
1167 2525 1508 2588 confertur.
1545 2525 1802 2598 lterum,
1834 2525 1986 2607 quia
2016 2525 2303 2606 ipsorum

805 2630 902 2686 est
932 2643 1150 2686 curam
1181 2624 1415 2687 habere
1445 2624 1524 2686 de
1553 2623 1874 2698 omnibuS,
1901 2623 2142 2705 placuit
2171 2622 2306 2704 Spi-

807 2721 959 2784 ritui
1009 2722 1237 2784 Sancto
1296 2729 1367 2782 ut
1424 2721 1662 2784 subditi
1721 2721 1934 2803 aliqua
1975 2721 2306 2802 ‚recipiant

807 2827 1202 2882 sacramenta
1255 2818 1620 2882 immediate
1674 2818 1753 2880 ab
1806 2819 1981 2899 ipsis.
2033 2855 2114 2862 —
2161 2818 2304 2880 Haec

808 2918 1265 2981 Bonaventura.
1329 2919 1398 2980 In
1459 2917 1696 2998 quibus
1751 2917 2004 2978 videtur
2067 2917 2306 2979 sentire

2413 1935 2567 2016 quid
2625 1935 3163 2017 dispensandu1n;
3222 1935 3740 2000 confirmationis
3796 1955 3913 1999 au-

2411 2039 2541 2094 tem
2592 2033 2899 2115 perfectio
2946 2041 3042 2095 est
3081 2035 3161 2096 ad
3210 2033 3459 2097 fortiter
3507 2036 3804 2098 standum
3846 2035 3914 2096 in

2413 2151 2480 2194 se
2522 2151 2635 2213 per
2671 2132 2935 2213 gratiam
2982 2132 3327 2214 specialem
3372 2133 3439 2195 in
3479 2134 3781 2196 adversis.
3818 2135 3913 2196 Ad

2412 2230 2534 2291 hoc
2582 2237 2795 2292 autem
2845 2230 3014 2312 quod
3064 2231 3455 2312 dispensatio
3501 2231 3775 2315 alicujus
3820 2233 3911 2294 rei

2413 2328 2599 2390 detur
2646 2347 2758 2390 seu
2808 2328 3243 2391 committatur
3297 2329 3513 2403 alicui,
3564 2329 3917 2411 requiritur

2416 2425 2723 2488 idoneitas
2762 2427 2976 2508 aliqua
3016 2427 3459 2509 praeexsistens
3492 2428 3557 2490 in
3590 2446 3667 2490 eo
3698 2429 3803 2490 cui
3838 2426 3918 2488 fit

2416 2525 2524 2587 illa
2581 2525 2971 2600 commissio,
3023 2527 3100 2589 ad
3160 2527 3491 2589 vitandum
3550 2527 3915 2609 periculum

2415 2643 2526 2686 seu
2568 2632 2897 2706 peccatum
2938 2626 3110 2706 quod
3150 2625 3447 2688 imminet
3474 2645 3551 2688 ex
3585 2625 3915 2707 dispensa-

2415 2723 2587 2785 tione
2626 2723 2887 2803 indigna
2920 2743 2933 2787 :
2969 2723 3112 2786 ideo
3152 2723 3460 2806 perfectio
3489 2724 3741 2787 Ordinis
3782 2741 3913 2786 non

2414 2821 2834 2883 committitur
2876 2822 3111 2903 pueris.
3156 2822 3389 2884 Verum
3435 2819 3742 2904 perfectio
3785 2841 3917 2902 qua

2414 2918 2559 2999 quis
2606 2919 2669 2980 in
2720 2938 2787 2980 se
2832 2919 2972 3001 ipso
3014 2918 3370 3000 perficitur,
3414 2937 3536 2984 non
3584 2920 3917 3001 praeexigit

810 3015 979 3078 sicut
1037 3015 1228 3097 paulo
1285 3023 1448 3077 ante.
1501 3015 1951 3076 Verumtamen
2011 3013 2147 3076 haec
2199 3033 2303 3076 ex·
2341 3014 2384 3079 c
2414 3017 2695 3098 aliquam
2742 3017 3221 3098 perfectionem,
3262 3018 3373 3080 sed
3421 3019 3557 3099 ipsa
3601 3016 3677 3079 fit
3718 3017 3917 3080 homo

810 3114 1043 3198 pressit
1088 3114 1165 3176 ad
1216 3113 1387 3176 hunc
1435 3132 1717 3186 sensum,
1761 3112 1928 3194 quod
1979 3112 2130 3176 solis
2174 3114 2305 3196 epi-

807 3213 1018 3295 scopis
1049 3212 1370 3275 ordinario
1396 3212 1538 3292 jure
1568 3212 1688 3273 ista
1717 3212 2118 3273 conveniunt.
2135 3212 2307 3285 Quod

809 3318 1055 3373 constat
1084 3330 1162 3373 ex
1193 3328 1268 3373 eo
1297 3309 1468 3391 quod
1509 3310 1677 3371 circa
1715 3310 1988 3372 litteram
2030 3310 2253 3371 scribit
2288 3330 2302 3373 :

809 3409 1110 3482 Quamvis
1159 3410 1450 3471 sacerdos
1509 3426 1635 3470 non
1685 3409 1891 3471 valeat
1937 3409 2306 3471 auctoritate

813 3508 1071 3590 propria
1128 3505 1532 3579 confirmare,
1583 3514 1798 3568 tamen
1857 3524 1970 3588 pro
2022 3525 2308 3569 necessa-

815 3606 910 3668 ria
951 3624 1142 3667 causa
1178 3624 1470 3667 summus
1513 3603 1801 3667 Pontifex
1841 3612 2048 3685 potest
2085 3604 2206 3666 hoc
2246 3606 2305 3667 ei

812 3704 1232 3777 committere,
1275 3703 1494 3785 sicque
1533 3702 1922 3784 pontificalis
1965 3703 2307 3766 auctoritas

811 3801 1171 3866 necessario
1223 3802 1302 3864 ad
1360 3800 1554 3882 hujus
1609 3801 1989 3863 sacramenti
2039 3802 2310 3864 admini-

813 3900 1184 3964 strationem
1229 3900 1570 3962 concurrit.

892 4099 1150 4161 Restant
1179 4097 1385 4159 adhuc
1418 4096 1648 4177 aliquae
1687 4095 2067 4177 quaestiones
2110 4096 2311 4160 mino-

2415 3115 2681 3178 idoneus
2733 3134 2843 3178 seu
2897 3116 3243 3198 perfectus,
3287 3137 3407 3180 nec
3454 3136 3531 3179 ex
3580 3116 3701 3179 hoc
3750 3117 3917 3198 peri-

2416 3215 2635 3276 culum
2686 3215 2999 3276 imminet.
3043 3216 3201 3277 Hinc
3244 3215 3658 3279 Confirmatio
3706 3223 3917 3297 potest

2416 3313 2633 3394 pueris
2664 3312 2848 3385 tradi,
2882 3320 2945 3374 et
2975 3331 3251 3394 congrue
3284 3314 3573 3387 traditur,
3606 3314 3911 3395 quoniam

2416 3419 2565 3473 aetas
2609 3410 2922 3473 infantilis
2965 3418 3136 3473 caret
3174 3411 3434 3474 fictione
3474 3431 3599 3494 qua
3642 3412 3916 3494 impedi-

2415 3516 2519 3570 tur
2548 3510 2923 3572 sacramenti
2956 3510 3247 3573 efl'ectus.
3286 3511 3428 3574 ldeo
3458 3512 3752 3592 quamvis
3783 3529 3915 3573 non

2417 3614 2733 3689 competat
2762 3609 2823 3669 ei
2854 3616 3007 3669 tunc
3039 3626 3321 3689 pugnare
3351 3617 3415 3671 et
3444 3608 3763 3683 confiteri,
3784 3609 3917 3691 ple-

2415 3724 2497 3767 ne
2546 3714 2757 3768 tamen
2816 3706 3451 3788 effectumsuscipit
3506 3708 3911 3781 sacramenti,

2416 3822 2530 3886 per
2560 3824 2754 3885 quem
2786 3812 3072 3886 tempore
3112 3813 3471 3887 opportuno
3510 3806 3631 3868 erit
3656 3806 3736 3869 ad
3770 3823 3919 3868 con-

2416 3902 2733 3964 fitendum
2774 3910 2967 3984 atque
3007 3904 3423 3984 pugnandum
3466 3904 3752 3977 idoneuS,
3785 3904 3916 3967 nisi

2419 4001 2675 4064 interim
2721 4000 3013 4063 collatam
3062 4001 3329 4081 gratiam
3380 4003 3605 4083 perdat
3646 4020 3917 4084 peccan-

2418 4099 2517 4161 do.
2571 4099 2699 4160 Nec
2746 4099 2826 4160 ab
2876 4098 2996 4161 hoc
3053 4108 3450 4163 sacramento
3501 4100 3917 4164 excludendae

811 4216 914 4260 res
953 4196 1091 4259 sine
1129 4194 1521 4276 argumentis
1559 4194 1838 4256 breviter
1875 4195 2307 4275 expediendae,
2340 4202 2389 4265 D
2421 4205 2570 4259 sunt
2618 4198 2846 4279 puellae
2895 4204 2958 4260 et
3001 4197 3325 4271 muliereS,
3369 4218 3569 4279 quum
3620 4199 3914 4261 innume-

816 4301 887 4356 ut
927 4294 1163 4357 vitetur
1207 4292 1554 4374 prolixitas.

897 4394 1107 4456 Prima
1135 4400 1251 4466 est,
1274 4412 1355 4455 an
1387 4391 1673 4455 Christus
1703 4391 1924 4453 debuit
1953 4410 2309 4455 sacramen-

816 4500 954 4554 tum
998 4490 1514 4555 confirmationis
1553 4490 1862 4571 accipere.

892 4590 986 4653 Ad
1048 4590 1214 4671 quod
1273 4589 1543 4651 Thomas
1595 4606 1608 4650 :

810 4690 1342 4772 Baptismum,est
1372 4688 1436 4749 in
1469 4694 1817 4769 praecept03
1849 4688 1990 4749 ideo
2020 4688 2307 4750 christus

809 4789 1014 4852 voluit
1042 4786 1372 4869 baptizari,
1399 4794 1469 4847 ut
1499 4784 1768 4848 formam
1799 4785 2179 4849 obedientiae
2210 4786 2309 4847 da-

771 4942 782 4963 ,
811 4896 922 4951 ret.
959 4887 1218 4968 Propter
1257 4885 1425 4966 quod
1465 4884 1627 4947 dixit
1662 4885 1728 4947 B.
1761 4885 1984 4947 Joanni
2020 4903 2033 4947 :
2068 4886 2171 4947 Sic
2209 4886 2310 4947 de-

810 4994 912 5051 cet
941 5005 1056 5049 nos
1096 4985 1363 5067 implere
1393 5002 1649 5047 omnem
1687 4984 2021 5064 justitiam.
2055 4984 2307 5047 Justitia

809 5104 1088 5167 namque
1135 5084 1426 5146 consistit
1475 5082 1540 5144 in
1591 5083 1953 5146 obedientia
2004 5082 2183 5163 legiS,
2237 5090 2307 5144 ut

807 5186 1031 5268 quinto
1062 5184 1296 5248 dicitur
1327 5182 1716 5245 Ethicorum.
1754 5181 2167 5245 Confirmatio
2196 5201 2304 5243 au-

805 5292 934 5347 tem
1005 5301 1129 5346 non
1193 5289 1290 5345 est
1347 5288 1814 5344 sacramentum
1882 5279 2299 5355 necessitatiS,

1663 4588 1998 4670 Suscipere
2043 4589 2310 4671 (inquit)

2420 4295 2653 4357 rabiles
2688 4313 2975 4377 personae
3004 4315 3193 4358 sexus
3224 4296 3487 4359 feminei
3520 4297 3585 4359 in
3616 4296 3914 4378 spiritua-

2420 4394 2465 4456 li
2510 4412 2721 4476 pugna
2758 4394 3295 4475 triumphaverint
3333 4395 3625 4475 gloriose.

2514 4492 2722 4555 Tertio
2779 4492 3105 4573 quaeritur,
3166 4512 3246 4554 an
3310 4493 3622 4555 universis
3680 4493 3913 4556 adultae

2418 4591 2639 4665 aetatis,
2682 4592 2872 4653 etiam
2926 4590 3118 4653 mutis
3162 4599 3225 4653 et
3270 4591 3711 4665 morientibuS,
3752 4591 3913 4654 con·
3944 4591 3999 4619 ⁰⁰

2420 4690 2698 4752 firmatio
2756 4690 2837 4751 sit
2890 4690 3259 4771 praestanda.
3315 4691 3689 4763 Dicendum,
3740 4691 3912 4771 quod

2420 4788 2727 4870 perfectio
2792 4788 2855 4849 in
2916 4787 3415 4851 confirmatione
3476 4788 3723 4859 collata,
3784 4806 3911 4849 non

2418 4886 2747 4967 praeexigit
2773 4885 2961 4948 aliam
2996 4886 3600 4968 perfectionem,sed
3632 4906 3746 4968 per
3774 4904 3917 4948 eam

2417 4986 2607 5047 homo
2640 4985 2703 5046 in
2740 4985 2997 5066 propria
3036 5003 3306 5067 persona
3344 4984 3697 5066 perficitur,
3732 4993 3802 5046 ut
3830 4985 3919 5046 sit

2414 5084 2491 5144 ad
2540 5082 2937 5164 spiritualem
3001 5102 3274 5164 pugnam
3340 5084 3624 5145 idoneus.
3676 5083 3914 5155 Quum-

2414 5201 2539 5262 que
2590 5180 2938 5263 unicuique
2986 5182 3201 5243 adulto
3250 5181 3545 5263 expediat
3590 5181 3913 5245 fortitudi-

2414 5299 2563 5342 nem
2594 5280 2757 5341 hanc
2790 5278 3275 5353 habere‚nullus
3310 5278 3591 5360 ipsorum
3624 5280 3919 5343 dummo-

3972 4514 4215 4566 Quartus-
