4267 6250
693 1001 742 1100 5¹53

743 987 794 1092 3?-

563 1373 832 1424 lbidmvsto.

862 475 940 540 74

1527 493 1592 540 m
1632 493 1856 540 mulum
1897 495 1958 541 lv
1999 493 2485 542 smmum.
2527 511 2607 522 -
2648 493 2803 540 msT.
2846 493 2909 557 13
2952 493 3177 551 QUAEST.
3222 493 3287 540 IX

863 665 1092 730 animm
1121 665 1319 748 prolis
1350 683 1466 728 nec
1500 665 1846 728 infidelitas
1876 673 2212 748 parentum
2248 682 2355 746 po-
2385 661 2439 725 A
2468 670 2761 745 parentes
2790 663 2928 726 sine
2960 663 3209 728 mortali
3240 671 3499 747 peccato
3525 663 3822 739 fuissent,
3854 665 3961 726 ha-

863 771 986 826 test
1029 781 1282 839 nocere,
1332 783 1453 827 nec
1505 763 1666 827 fides
1725 765 2044 847 prodesse.
2097 765 2359 846 Propter

863 863 1032 944 quod
1082 863 1388 926 Dominus
1438 881 1552 945 per
1593 862 1989 925 Ezechielem
2032 869 2299 925 testatur
2340 879 2354 925 ε

864 960 1096 1025 Omnes
1134 961 1363 1024 animae
1401 979 1556 1024 meae
1586 968 1770 1039 sunt3
1801 961 2014 1024 anima
2043 979 2187 1042 quae
2217 978 2361 1042 pec-

797 1080 808 1091 ·
863 1059 1122 1134 caverit,
1158 1060 1295 1142 ipsa
1327 1059 1672 1138 morietur3
1703 1059 1882 1122 filius
1917 1076 2042 1121 non
2083 1057 2361 1140 portabit

863 1157 1257 1239 iniquitatem
1289 1158 1516 1240 patris3
1531 1157 1780 1239 justitia
1804 1156 1960 1238 justi
1993 1175 2183 1238 super
2212 1175 2359 1218 eum

862 1256 1001 1318 erit.
1049 1257 1138 1318 De
1185 1256 1316 1319 Noe
1362 1273 1640 1338 quoque,
1689 1255 1805 1319 Job
1853 1263 1918 1317 et
1964 1253 2223 1318 Daniele
2271 1254 2357 1317 lo-

862 1355 1081 1439 quitur
1118 1355 1426 1418 Dominus
1460 1372 1474 1416 :
1509 1355 1740 1417 Filium
1780 1361 1844 1417 et
1878 1352 2081 1416 filiam
2121 1371 2249 1416 non
2290 1352 2359 1415 li·

860 1453 1193 1518 berabunt.

938 1651 1030 1714 Ad
1074 1651 1208 1714 haec
1253 1651 1691 1714 Bonaventura
1736 1650 2077 1733 respondet
2113 1668 2127 1713 z
2171 1649 2355 1712 Dixe-

857 1758 1006 1812 runt
1055 1749 1336 1832 quidam,
1388 1750 1556 1831 quod
1606 1748 1769 1811 fides
1825 1756 2161 1831 parentum
2221 1757 2355 1811 erat

2467 761 2677 824 hendo
2720 761 2917 825 fidem
2964 761 3319 825 formatam.
3364 763 3650 844 Denique
3692 761 3827 825 fide
3872 763 3964 824 in-

2468 860 2659 923 formi
2701 860 2871 922 fiunt
2914 861 3244 936 miracula,
3285 867 3350 923 et
3386 881 3553 924 unus
3600 861 3787 924 alteri
3830 879 3971 944 pro-

2468 966 2650 1021 curat
2698 976 3069 1041 corpoream
3109 959 3488 1040 sanitatem3
3529 961 3698 1023 Deus
3751 966 3967 1022 autem

2469 1057 2729 1140 pronior
2794 1065 2891 1120 est
2948 1058 3098 1120 dare
3166 1059 3500 1121 sanitatem
3568 1057 3966 1140 spiritualem

2470 1174 2661 1239 quam
2706 1156 3118 1239 corporalem.
3154 1155 3453 1230 Quamvis
3496 1156 3759 1219 demum
3800 1155 3969 1218 fides

2470 1254 2765 1317 informis
2824 1271 2951 1317 non
3008 1255 3217 1337 placet
3272 1256 3401 1317 Deo
3448 1262 3753 1336 tanquam
3810 1254 3966 1337 quid

2470 1353 2867 1415 meritorium
2918 1354 2997 1416 de
3046 1353 3383 1434 condigno,
3426 1361 3704 1415 attamen
3755 1353 3969 1435 placet

2468 1451 2527 1513 ei
2568 1451 2736 1514 sicut
2764 1451 3215 1534 dispositivum
3254 1470 3333 1514 ex
3366 1468 3663 1533 congruo.
3698 1451 3963 1524 Rursus,

2468 1549 2761 1633 quamvis
2791 1549 2954 1612 fides
2993 1549 3289 1614 informis
3327 1567 3455 1613 non
3490 1548 3737 1612 sufficit
3764 1550 3841 1612 ad
3875 1568 3969 1612 re-

2469 1649 2839 1711 missionem
2882 1649 3156 1731 propriae
3194 1649 3400 1732 culpae
3435 1649 3723 1724 actualiS,
3757 1649 3969 1732 potuit

2466 1755 2679 1810 tamen
2720 1745 3023 1810 sufficere
3064 1747 3251 1810 modo
3290 1755 3591 1830 praetacto
3626 1748 3706 1811 ad
3744 1748 3969 1811 remis-

855 1849 1212 1911 remedium
1263 1846 1549 1931 parvulo,
1593 1866 1717 1911 non
1769 1846 2211 1930 principaliter
2258 1867 2352 1909 ra·
2390 1845 2439 1908 B
2466 1845 2713 1908 sionem
2755 1845 2979 1908 alienae
3022 1845 3227 1928 culpae
3268 1845 3620 1928 originaliS,
3660 1846 3967 1929 quoniam

853 1947 1026 2011 tione
1067 1956 1245 2010 actus
1289 1947 1610 2021 credendi,
1653 1947 1763 2009 sed
1808 1946 2052 2009 ratione
2092 1947 2355 2009 virtute·

857 2065 982 2128 que
1025 2046 1272 2120 crediti,
1306 2065 1341 2107 a
1379 2063 1508 2128 quo
1549 2052 1618 2107 ut
1662 2045 1922 2118 credito,
1958 2043 2107 2106 fluit
2148 2045 2352 2107 virtus

855 2153 918 2208 et
960 2143 1253 2208 efficacia
1295 2143 1360 2206 in
1407 2143 1620 2206 omnia
1667 2151 2077 2206 sacramenta.
2121 2143 2353 2216 Quum-

855 2263 980 2326 que
1011 2243 1324 2306 creditum
1360 2261 1688 2323 nunquam
1723 2241 1806 2302 sit
1837 2241 2110 2304 informe
2140 2260 2351 2324 respe-

853 2350 958 2405 ctu
1009 2341 1163 2404 fidei
1210 2340 1504 2404 informis
1547 2347 1610 2403 et
1649 2339 1804 2402 fidei
1848 2340 2157 2414 formatas,
2208 2339 2352 2403 ideo

853 2459 968 2523 per
1002 2439 1198 2502 fidem
1240 2446 1834 2521 quantumcumque
1865 2437 2207 2501 informem
2248 2438 2352 2501 da·

851 2538 1038 2601 batur
1073 2537 1429 2600 remedium
1469 2537 1754 2619 parvulo.
1790 2573 1868 2582 —
1897 2535 2097 2599 Aliter
2134 2545 2349 2600 tamen

850 2644 1061 2720 potest
1088 2636 1236 2711 dici,
1265 2637 1435 2719 quod
1465 2654 1593 2700 non
1625 2636 1836 2718 ipsum
1869 2636 2205 2711 creditum,
2239 2637 2347 2699 sed

852 2734 1164 2818 professio
1191 2733 1345 2798 fidei
1376 2734 1500 2796 fuit
1529 2735 1882 2797 remedium
1914 2736 2194 2816 parvule,
2211 2754 2349 2817 quae

849 2835 1004 2896 dum
1049 2833 1247 2896 fiebat
1286 2841 1460 2896 motu
1502 2832 1656 2895 fidei
1697 2841 1806 2894 aut
1841 2840 1984 2896 actu
2024 2833 2345 2907 exteriori,

849 2938 985 2994 erat
1032 2932 1364 3015 dispositio
1421 2931 1766 2994 curationis
1819 2951 1832 2995 :
1887 2932 2053 3014 quod
2108 2931 2233 2994 fuit
2280 2933 2347 2994 in

2465 1943 2669 2025 maior
2715 1944 3048 2026 dispositio
3097 1945 3445 2027 requiritur
3490 1944 3567 2006 ad
3628 1945 3749 2007 hoe
3794 1945 3969 2026 quod

2463 2042 2819 2105 remittatur
2862 2041 3109 2104 actuale
3154 2061 3345 2124 quam
3390 2043 3721 2123 originale,
3764 2061 3967 2125 quum

2460 2140 2707 2203 actuale
2738 2140 2819 2202 sit
2849 2159 2925 2203 ex
2958 2140 3217 2223 propria
3247 2139 3467 2222 culpa:
3490 2140 3728 2202 idcirco
3758 2141 3971 2222 requi-

2460 2240 2545 2301 rit
2571 2239 2961 2302 attritionem
3002 2258 3150 2301 cum
3192 2239 3339 2302 fide.
3374 2240 3581 2314 Quum
3614 2259 3765 2322 ergo
3802 2240 3969 2322 obji-

2463 2338 2644 2411 citur,
2678 2339 2848 2419 quod
2880 2338 3321 2420 unusquisque
3353 2338 3498 2420 plus
3530 2347 3811 2402 meretur
3839 2339 3969 2401 sibi

2460 2456 2651 2519 quam
2702 2437 2907 2512 alteri,
2956 2454 3177 2500 verum
3226 2445 3343 2512 est,
3396 2437 3628 2500 ceteris
3678 2437 3963 2520 paribus.

2462 2535 2603 2598 Haec
2646 2536 3106 2597 Bonaventura.
3636 2605 3645 2614 ,

2538 2633 2851 2708 Quaeritur
2895 2634 3069 2708 item,
3102 2653 3181 2696 an
3224 2634 3303 2696 ad
3347 2633 3795 2696 remissionem
3836 2633 3963 2697 ori-

2455 2732 2685 2814 ginalis
2744 2731 3005 2794 suffecit
3063 2751 3181 2815 pro
3236 2733 3523 2815 parvulis
3582 2732 3716 2796 sola
3773 2733 3963 2797 fides.

2455 2832 2629 2905 Quod
2660 2831 2753 2893 sic
2784 2831 3072 2895 videtur:
3098 2831 3251 2913 quia
3282 2831 3619 2914 Gregorius
3651 2831 3963 2915 loquitur,

2456 2931 2627 3012 quod
2661 2947 2774 3012 pro
2806 2930 3087 3012 parvulis
3120 2929 3381 2993 suffecit
3409 2929 3543 2994 sola
3573 2930 3757 2993 fides,
3784 2932 3969 3013 Hugo

849 3030 1360 3103 circumcisione,
1394 3036 1458 3091 et
1493 3030 1680 3091 modo
1719 3029 1785 3090 in
1813 3029 2158 3111 BaptismO,
2192 3048 2344 3112 quo·
2383 3023 2426 3086 C
2458 3046 2715 3111 quoque
2755 3027 3007 3100 fatetur,
3040 3029 3209 3111 quod
3252 3036 3539 3111 tempore
3580 3029 3739 3110 legis
3782 3037 3967 3092 natu-

848 3130 1024 3191 niam
1062 3129 1151 3191 ibi
1186 3136 1282 3191 est
1312 3128 1622 3210 professio
1652 3127 1804 3191 fidei
1848 3129 1986 3211 ipso
2015 3129 2201 3192 facto.
2235 3130 2347 3191 Ve-

849 3247 991 3289 rum
1051 3227 1361 3310 professio
1409 3226 1564 3288 fidei
1621 3246 1811 3308 quam
1872 3226 2192 3289 faciebant
2240 3247 2345 3309 pa-

849 3334 1080 3399 renteS,
1131 3324 1546 3408 reputabatur
1594 3324 1860 3407 parvulo
1909 3325 1972 3387 in
2030 3324 2343 3388 medelam

849 3442 925 3486 ex
963 3424 1180 3486 divina
1226 3422 1678 3486 misericordia.
1727 3424 1802 3485 Et
1841 3422 1990 3505 quia
2032 3422 2345 3506 professio

850 3520 1004 3584 fidei
1069 3522 1135 3583 in
1196 3520 1471 3584 habente
1529 3528 1775 3583 tantum
1839 3521 2146 3603 originale
2204 3534 2345 3603 pec·

848 3628 1084 3695 catum,
1138 3618 1540 3682 sufficienter
1585 3620 1868 3701 disponit
1914 3621 1992 3682 ad
2050 3620 2340 3701 gratiam,

847 3718 1142 3802 quamvis
1177 3735 1304 3781 non
1337 3718 1452 3780 fiat
1481 3718 1545 3780 in
1579 3718 1838 3781 caritate
1866 3718 2139 3800 (habens
2168 3718 2340 3781 enim

846 3816 1154 3897 originale
1182 3824 1454 3891 tantum,
1487 3836 1687 3899 quum
1720 3836 1846 3880 non
1877 3825 2170 3880 teneatur
2201 3836 2345 3881 con·

847 3915 988 3989 teri,
1041 3915 1183 3978 ideo
1231 3934 1309 3977 ex
1367 3916 1500 3978 sola
1550 3916 1874 3979 voluntate
1932 3916 2233 3978 credendi
2280 3924 2346 3979 et

846 4012 1272 4095 captivatione
1333 4012 1694 4076 intellectus
1758 4022 2068 4095 praeparat
2129 4033 2197 4077 se
2263 4015 2341 4076 ad

845 4111 1109 4192 gratiam
1159 4131 1174 4175 :
1225 4111 1319 4174 sic
1367 4120 1432 4174 et
1475 4112 1780 4193 parvulus
1831 4120 2218 4194 praeparatur
2264 4113 2341 4175 ad

2455 3148 2539 3191 rae
2567 3146 2693 3191 non
2726 3127 2986 3190 fuerunt
3015 3136 3409 3191 sacramenta
3448 3129 3663 3211 aliqua
3702 3129 3767 3191 in
3804 3148 3967 3212 prae-

2455 3235 2640 3309 cepto
2660 3246 2673 3290 :
2694 3245 2841 3308 ergo
2870 3228 3003 3289 sine
3028 3227 3324 3289 exteriori
3358 3228 3536 3308 signo
3558 3235 3623 3290 et
3643 3227 3967 3292 sacrificio

2453 3326 2757 3408 parvulus
2793 3325 3014 3407 quibat
3044 3326 3960 3408 salvari.—Respondendum,

2454 3424 2623 3506 quod
2671 3424 2842 3486 circa
2899 3424 3031 3487 haec
3080 3431 3177 3487 est
3225 3422 3461 3506 duplex
3509 3424 3747 3506 opinio.
3800 3426 3959 3500 Una,

2453 3522 2620 3605 quod
2667 3540 2795 3585 non
2844 3522 3101 3585 habitus
3143 3521 3320 3597 fidei,
3356 3523 3466 3585 sed
3507 3522 3671 3585 fides
3716 3523 3963 3587 ratione

2452 3629 2630 3683 actus
2680 3628 2743 3683 et
2786 3628 2997 3684 motus
3046 3621 3181 3684 sive
3233 3620 3673 3703 professioniS,
3718 3630 3783 3685 et
3830 3641 3962 3686 non

2454 3720 2921 3801 cujuscumque
2980 3719 3419 3802 professioniS,
3468 3721 3579 3783 sed
3632 3720 3775 3801 ejus
3831 3741 3965 3804 qua

2454 3818 2921 3901 profitebantur
2948 3818 3287 3900 parvulum
3320 3819 3673 3881 curandum
3704 3838 3845 3883 esse
3875 3820 3963 3882 ab

2458 3934 2535 3979 eo
2564 3936 2757 3999 quem
2794 3916 3265 3999 exspectabant.
3298 3917 3503 3998 Atque
3536 3918 3617 3980 de
3654 3918 3773 3980 hac
3812 3936 3961 4001 pro-

2452 4014 2728 4078 fessione
2758 4014 2955 4096 aliqui
2991 4014 3234 4089 dicunt,
3259 4016 3619 4097 oportuisse
3645 4017 3815 4099 quod
3846 4016 3875 4078 f
3880 4016 3964 4080 ie·

2454 4121 2550 4175 ret
2592 4130 2719 4176 non
2769 4120 3016 4175 tantum
3067 4120 3212 4175 actu
3264 4113 3495 4176 mentis
3545 4121 3609 4177 et
3650 4114 3803 4188 oriS,
3846 4117 3961 4178 sed

845 4212 1110 4291 gratiam
1147 4211 1370 4273 merito
1399 4210 1686 4290 congrui,
1713 4210 1900 4273 modo
1931 4216 2248 4292 praetacto.
2274 4212 2339 4273 ln
2372 4213 2424 4275 D
2454 4212 2645 4273 etiam
2686 4211 2868 4291 signo
2897 4210 3161 4285 visibili,
3196 4220 3266 4273 ut
3296 4211 3618 4275 sacrificio
3648 4220 3759 4274 aut
3786 4213 3961 4277 deci-

843 4309 1304 4390 justificatione
1347 4309 1522 4372 enim
1566 4328 1676 4372 seu
1724 4310 2048 4372 curatione
2094 4310 2342 4392 parvuli

848 4407 1058 4490 potius
1105 4408 1449 4489 requiritur
1495 4408 1793 4470 meritum
1838 4408 2096 4488 congrui
2148 4427 2339 4490 quam

847 4505 1168 4587 condigni,
1220 4507 1760 4588 quemadmodum
1809 4514 1874 4569 et
1921 4506 1986 4568 in
2031 4506 2343 4587 justifica-

845 4604 1018 4668 tione
1058 4604 1323 4686 adulti);
1366 4604 1509 4668 ideo
1547 4605 1890 4667 dicendum
1933 4604 2072 4667 sine
2111 4606 2341 4687 praeju-

844 4702 1033 4774 dicio,
1076 4703 1244 4785 quod
1293 4702 1456 4766 fides
1505 4702 1800 4765 informis
1851 4710 2185 4784 parentum
2236 4721 2342 4785 po-

842 4808 1005 4864 terat
1051 4819 1190 4864 esse
1241 4801 1596 4864 remedium
1645 4801 1932 4884 parvulo,
1985 4801 2337 4883 praesertim

843 4918 1041 4981 quum
1082 4898 1299 4961 nullus
1330 4899 1413 4961 sit
1443 4906 1654 4961 certus
1684 4919 1754 4962 se
1783 4917 1922 4961 esse
1958 4899 2020 4960 in
2055 4898 2335 4973 caritate,

842 4996 981 5058 sine
1018 4995 1400 5059 revelatione
1434 5014 1448 5058 ε
1482 4996 1701 5080 sicque
1741 4996 1916 5059 nulla
1954 4996 2182 5061 fuisset
2211 5016 2342 5060 cer-

841 5094 1048 5156 titudo
1095 5094 1174 5157 de
1223 5094 1472 5176 parvuli
1527 5094 1872 5157 curatione.
1925 5095 2097 5157 Alias
2146 5095 2337 5158 etiam

838 5192 1088 5255 actuale
1133 5200 1468 5275 peccatum
1526 5200 1863 5275 parentum
1917 5193 2342 5275 imputaretur

841 5289 1126 5373 parvulo,
1159 5291 1269 5373 qui
1308 5298 1563 5354 curatus
1597 5298 1662 5353 et
1689 5291 1966 5353 salvatus
2006 5290 2252 5365 fuisset,
2284 5292 2338 5353 si

2456 4309 2754 4382 matione,
2786 4317 2896 4370 aut
2924 4309 3140 4391 aliquo
3181 4309 3309 4372 alio
3348 4310 3531 4392 signo
3565 4330 3580 4374 :
3614 4311 3765 4392 quia
3799 4311 3959 4375 fide-

2457 4409 2613 4470 lium
2648 4408 2931 4471 Ecclesia
2970 4427 3224 4491 semper
3260 4409 3475 4492 aliqua
3512 4408 3737 4471 habuit
3776 4410 3963 4491 signa

2458 4506 2521 4569 in
2554 4505 2789 4589 quibus
2820 4505 3277 4587 colligebantur
3308 4514 3370 4571 et
3399 4508 3965 4572 communicabant

2456 4606 2705 4679 fideles,
2756 4614 2820 4669 et
2867 4605 3334 4688 profitebantur
3381 4607 3577 4671 fidem
3638 4608 3701 4669 in
3761 4607 3958 4671 facto.

2458 4705 2635 4767 Unde
2662 4704 3053 4785 Augustinus
3082 4712 3302 4769 contra
3330 4706 3629 4768 Faustum
3663 4724 3678 4769 ε
3712 4707 3780 4768 In
3814 4708 3964 4769 nul-

2459 4802 2591 4863 lum
2641 4820 2873 4865 nomen
2926 4802 3251 4885 religionis
3298 4822 3416 4867 nec
3465 4822 3633 4867 verae
3675 4822 3794 4867 nec
3842 4804 3965 4867 fal-

2456 4920 2541 4963 sae
2582 4900 2847 4962 adunari
2896 4900 3188 4963 homines
3238 4909 3525 4983 possunt,
3566 4901 3693 4963 nisi
3738 4901 3967 4984 aliquo

2454 4997 2781 5077 signorum
2841 5005 2950 5059 aut
2997 4997 3352 5061 visibilium
3412 5005 3965 5064 sacramentorum

2455 5094 2773 5158 consortio
2816 5095 3136 5157 uniantur.
3179 5096 3422 5161 Idcirco
3462 5100 3634 5179 quod
3679 5096 3767 5163 ait
3810 5098 3970 5163 Gre-

2449 5192 2687 5274 goriuS,
2707 5191 2851 5255 Sola
2880 5190 3011 5254 fide
3042 5201 3375 5274 parentum
3410 5194 3842 5269 salvabantur,
3868 5198 3967 5261 in-

2449 5290 2701 5371 telligit,
2722 5291 2891 5373 quod
2922 5292 3060 5354 sine
3092 5308 3405 5355 consensu
3436 5292 3694 5375 fideque
3724 5312 3967 5377 parvu-
