<?xml version="1.0" encoding="UTF-8"?>
<!DOCTYPE html PUBLIC "-//W3C//DTD XHTML 1.0 Transitional//EN"
    "http://www.w3.org/TR/xhtml1/DTD/xhtml1-transitional.dtd">
<html xmlns="http://www.w3.org/1999/xhtml" xml:lang="en" lang="en">
 <head>
  <title>
</title>
<meta http-equiv="Content-Type" content="text/html;charset=utf-8" />
  <meta name='ocr-system' content='tesseract 3.04.00' />
  <meta name='ocr-capabilities' content='ocr_page ocr_carea ocr_par ocr_line ocrx_word'/>
</head>
<body>
  <div class='ocr_page' id='page_1' title='image "./doctorisecstati04unkngoog_0370.png"; bbox 0 0 4267 6250; ppageno 0'>
   <div class='ocr_carea' id='block_1_1' title="bbox 890 438 3073 507">
    <p class='ocr_par' dir='ltr' id='par_1_1' title="bbox 890 438 3073 507">
     <span class='ocr_line' id='line_1_1' title="bbox 890 438 3073 507; baseline 0 -3"><span class='ocrx_word' id='word_1_1' title='bbox 890 438 1016 504; x_wconf 78' lang='lat'><strong>352</strong></span> <span class='ocrx_word' id='word_1_2' title='bbox 1809 459 1986 507; x_wconf 65' lang='lat' dir='ltr'><strong>mmm</strong></span> <span class='ocrx_word' id='word_1_3' title='bbox 2026 460 2089 507; x_wconf 89' lang='lat' dir='ltr'><strong>1v</strong></span> <span class='ocrx_word' id='word_1_4' title='bbox 2129 457 2613 506; x_wconf 57' lang='lat' dir='ltr'><strong>summanum.</strong></span> <span class='ocrx_word' id='word_1_5' title='bbox 2654 477 2735 487; x_wconf 97' lang='lat'><strong>—</strong></span> <span class='ocrx_word' id='word_1_6' title='bbox 2774 459 2929 506; x_wconf 72' lang='lat' dir='ltr'><strong>nis-r.</strong></span> <span class='ocrx_word' id='word_1_7' title='bbox 2968 460 3073 506; x_wconf 74' lang='lat' dir='ltr'><strong>xxv</strong></span> 
     </span>
    </p>
   </div>
   <div class='ocr_carea' id='block_1_2' title="bbox 887 631 4000 2226">
    <p class='ocr_par' dir='ltr' id='par_1_2' title="bbox 887 631 4000 2226">
     <span class='ocr_line' id='line_1_2' title="bbox 892 631 3995 717; baseline -0.001 -21"><span class='ocrx_word' id='word_1_8' title='bbox 892 633 1233 713; x_wconf 88' lang='lat' dir='ltr'><strong>peccatum</strong></span> <span class='ocrx_word' id='word_1_9' title='bbox 1261 650 1396 697; x_wconf 91' lang='lat' dir='ltr'><strong>non</strong></span> <span class='ocrx_word' id='word_1_10' title='bbox 1431 633 1825 699; x_wconf 78' lang='lat' dir='ltr'><strong>succederet.</strong></span> <span class='ocrx_word' id='word_1_11' title='bbox 1860 634 1988 699; x_wconf 87' lang='lat' dir='ltr'><strong>Sed</strong></span> <span class='ocrx_word' id='word_1_12' title='bbox 2018 634 2171 698; x_wconf 87' lang='lat' dir='ltr'><strong>etsi</strong></span> <span class='ocrx_word' id='word_1_13' title='bbox 2200 635 2281 698; x_wconf 91' lang='lat' dir='ltr'><strong>de</strong></span> <span class='ocrx_word' id='word_1_14' title='bbox 2310 635 2575 716; x_wconf 85' lang='lat' dir='ltr'><strong>peccato</strong></span> <span class='ocrx_word' id='word_1_15' title='bbox 2606 633 2979 699; x_wconf 82' lang='lat' dir='ltr'><strong>succedenti</strong></span> <span class='ocrx_word' id='word_1_16' title='bbox 3007 633 3391 717; x_wconf 87' lang='lat' dir='ltr'><strong>poenitentia</strong></span> <span class='ocrx_word' id='word_1_17' title='bbox 3418 633 3670 714; x_wconf 79' lang='lat' dir='ltr'><strong>agatur,</strong></span> <span class='ocrx_word' id='word_1_18' title='bbox 3697 633 3762 696; x_wconf 89' lang='lat' dir='ltr'><strong>et</strong></span> <span class='ocrx_word' id='word_1_19' title='bbox 3786 631 3995 714; x_wconf 83' lang='lat' dir='ltr'><strong>poeni-</strong></span> 
     </span>
     <span class='ocr_line' id='line_1_3' title="bbox 893 747 3995 832; baseline -0.001 -20"><span class='ocrx_word' id='word_1_20' title='bbox 893 747 1098 812; x_wconf 89' lang='lat' dir='ltr'><strong>tentia</strong></span> <span class='ocrx_word' id='word_1_21' title='bbox 1139 766 1288 830; x_wconf 85' lang='lat' dir='ltr'><strong>quae</strong></span> <span class='ocrx_word' id='word_1_22' title='bbox 1334 751 1691 832; x_wconf 85' lang='lat' dir='ltr'><strong>praecessit,</strong></span> <span class='ocrx_word' id='word_1_23' title='bbox 1733 751 1799 814; x_wconf 90' lang='lat' dir='ltr'><strong>et</strong></span> <span class='ocrx_word' id='word_1_24' title='bbox 1841 751 1971 814; x_wconf 88' lang='lat' dir='ltr'><strong>alia</strong></span> <span class='ocrx_word' id='word_1_25' title='bbox 2015 752 2312 814; x_wconf 85' lang='lat' dir='ltr'><strong>anteacta</strong></span> <span class='ocrx_word' id='word_1_26' title='bbox 2356 750 2530 815; x_wconf 90' lang='lat' dir='ltr'><strong>bona</strong></span> <span class='ocrx_word' id='word_1_27' title='bbox 2574 751 3018 832; x_wconf 85' lang='lat' dir='ltr'><strong>reviviscunt3</strong></span> <span class='ocrx_word' id='word_1_28' title='bbox 3066 750 3184 814; x_wconf 88' lang='lat' dir='ltr'><strong>sed</strong></span> <span class='ocrx_word' id='word_1_29' title='bbox 3230 750 3344 814; x_wconf 90' lang='lat' dir='ltr'><strong>illa</strong></span> <span class='ocrx_word' id='word_1_30' title='bbox 3388 751 3669 830; x_wconf 88' lang='lat' dir='ltr'><strong>tantum,</strong></span> <span class='ocrx_word' id='word_1_31' title='bbox 3714 765 3865 829; x_wconf 89' lang='lat' dir='ltr'><strong>quae</strong></span> <span class='ocrx_word' id='word_1_32' title='bbox 3914 765 3995 810; x_wconf 86' lang='lat' dir='ltr'><strong>ex</strong></span> 
     </span>
     <span class='ocr_line' id='line_1_4' title="bbox 894 861 3996 948; baseline 0 -22"><span class='ocrx_word' id='word_1_33' title='bbox 894 863 1160 928; x_wconf 88' lang='lat' dir='ltr'><strong>caritate</strong></span> <span class='ocrx_word' id='word_1_34' title='bbox 1196 865 1600 945; x_wconf 88' lang='lat' dir='ltr'><strong>prodierunt.</strong></span> <span class='ocrx_word' id='word_1_35' title='bbox 1643 865 1766 929; x_wconf 88' lang='lat' dir='ltr'><strong>Illa</strong></span> <span class='ocrx_word' id='word_1_36' title='bbox 1808 867 1986 929; x_wconf 90' lang='lat' dir='ltr'><strong>enim</strong></span> <span class='ocrx_word' id='word_1_37' title='bbox 2023 865 2167 929; x_wconf 88' lang='lat' dir='ltr'><strong>sola</strong></span> <span class='ocrx_word' id='word_1_38' title='bbox 2203 866 2356 928; x_wconf 89' lang='lat' dir='ltr'><strong>viva</strong></span> <span class='ocrx_word' id='word_1_39' title='bbox 2393 868 2571 947; x_wconf 89' lang='lat' dir='ltr'><strong>sunt,</strong></span> <span class='ocrx_word' id='word_1_40' title='bbox 2613 883 2761 948; x_wconf 87' lang='lat' dir='ltr'><strong>quae</strong></span> <span class='ocrx_word' id='word_1_41' title='bbox 2800 884 2883 930; x_wconf 91' lang='lat' dir='ltr'><strong>ex</strong></span> <span class='ocrx_word' id='word_1_42' title='bbox 2920 867 3187 930; x_wconf 91' lang='lat' dir='ltr'><strong>caritate</strong></span> <span class='ocrx_word' id='word_1_43' title='bbox 3224 861 3393 929; x_wconf 90' lang='lat' dir='ltr'><strong>fiunt</strong></span> <span class='ocrx_word' id='word_1_44' title='bbox 3422 885 3437 927; x_wconf 76' lang='grc' dir='ltr'>ε</span> <span class='ocrx_word' id='word_1_45' title='bbox 3469 865 3749 946; x_wconf 88' lang='lat' dir='ltr'><strong>ideoque</strong></span> <span class='ocrx_word' id='word_1_46' title='bbox 3784 864 3845 926; x_wconf 88' lang='lat' dir='ltr'><strong>si</strong></span> <span class='ocrx_word' id='word_1_47' title='bbox 3882 881 3996 944; x_wconf 88' lang='lat' dir='ltr'><strong>per</strong></span> 
     </span>
     <span class='ocr_line' id='line_1_5' title="bbox 890 979 3991 1063; baseline -0 -22"><span class='ocrx_word' id='word_1_48' title='bbox 890 979 1232 1058; x_wconf 86' lang='lat' dir='ltr'><strong>sequentia</strong></span> <span class='ocrx_word' id='word_1_49' title='bbox 1259 983 1524 1061; x_wconf 87' lang='lat' dir='ltr'><strong>peccata</strong></span> <span class='ocrx_word' id='word_1_50' title='bbox 1560 981 2058 1061; x_wconf 85' lang='lat' dir='ltr'><strong>mortificantur,</strong></span> <span class='ocrx_word' id='word_1_51' title='bbox 2089 999 2207 1062; x_wconf 89' lang='lat' dir='ltr'><strong>per</strong></span> <span class='ocrx_word' id='word_1_52' title='bbox 2234 982 2743 1063; x_wconf 82' lang='lat' dir='ltr'><strong>subsequentem</strong></span> <span class='ocrx_word' id='word_1_53' title='bbox 2776 983 3228 1062; x_wconf 70' lang='lat' dir='ltr'><strong>poenitentiam</strong></span> <span class='ocrx_word' id='word_1_54' title='bbox 3266 982 3657 1046; x_wconf 88' lang='lat' dir='ltr'><strong>reviviscere</strong></span> <span class='ocrx_word' id='word_1_55' title='bbox 3690 980 3991 1062; x_wconf 87' lang='lat' dir='ltr'><strong>possunt.</strong></span> 
     </span>
     <span class='ocr_line' id='line_1_6' title="bbox 889 1094 3992 1181; baseline -0.001 -22"><span class='ocrx_word' id='word_1_56' title='bbox 889 1095 1052 1168; x_wconf 84' lang='lat' dir='ltr'><strong>Quae</strong></span> <span class='ocrx_word' id='word_1_57' title='bbox 1082 1114 1237 1160; x_wconf 92' lang='lat' dir='ltr'><strong>vero</strong></span> <span class='ocrx_word' id='word_1_58' title='bbox 1275 1098 1417 1162; x_wconf 91' lang='lat' dir='ltr'><strong>sine</strong></span> <span class='ocrx_word' id='word_1_59' title='bbox 1456 1100 1722 1163; x_wconf 88' lang='lat' dir='ltr'><strong>caritate</strong></span> <span class='ocrx_word' id='word_1_60' title='bbox 1752 1094 1942 1179; x_wconf 90' lang='lat' dir='ltr'><strong>fiunt,</strong></span> <span class='ocrx_word' id='word_1_61' title='bbox 1973 1101 2236 1163; x_wconf 89' lang='lat' dir='ltr'><strong>mortua</strong></span> <span class='ocrx_word' id='word_1_62' title='bbox 2272 1101 2339 1164; x_wconf 86' lang='lat' dir='ltr'><strong>et</strong></span> <span class='ocrx_word' id='word_1_63' title='bbox 2377 1100 2600 1163; x_wconf 87' lang='lat' dir='ltr'><strong>inania</strong></span> <span class='ocrx_word' id='word_1_64' title='bbox 2638 1101 3032 1181; x_wconf 85' lang='lat' dir='ltr'><strong>generantur</strong></span> <span class='ocrx_word' id='word_1_65' title='bbox 3062 1119 3077 1161; x_wconf 94' lang='lat'><strong>:</strong></span> <span class='ocrx_word' id='word_1_66' title='bbox 3111 1100 3177 1161; x_wconf 90' lang='lat' dir='ltr'><strong>et</strong></span> <span class='ocrx_word' id='word_1_67' title='bbox 3204 1097 3351 1162; x_wconf 89' lang='lat' dir='ltr'><strong>ideo</strong></span> <span class='ocrx_word' id='word_1_68' title='bbox 3390 1115 3507 1179; x_wconf 89' lang='lat' dir='ltr'><strong>per</strong></span> <span class='ocrx_word' id='word_1_69' title='bbox 3540 1095 3992 1178; x_wconf 85' lang='lat' dir='ltr'><strong>poenitentiam</strong></span> 
     </span>
     <span class='ocr_line' id='line_1_7' title="bbox 889 1212 3986 1297; baseline -0 -22"><span class='ocrx_word' id='word_1_70' title='bbox 889 1213 1279 1278; x_wconf 86' lang='lat' dir='ltr'><strong>reviviscere</strong></span> <span class='ocrx_word' id='word_1_71' title='bbox 1334 1232 1468 1278; x_wconf 90' lang='lat' dir='ltr'><strong>non</strong></span> <span class='ocrx_word' id='word_1_72' title='bbox 1515 1214 1758 1279; x_wconf 88' lang='lat' dir='ltr'><strong>valent.</strong></span> <span class='ocrx_word' id='word_1_73' title='bbox 1812 1215 2131 1280; x_wconf 88' lang='lat' dir='ltr'><strong>Similiter</strong></span> <span class='ocrx_word' id='word_1_74' title='bbox 2180 1215 2679 1297; x_wconf 85' lang='lat' dir='ltr'><strong>intelligendum</strong></span> <span class='ocrx_word' id='word_1_75' title='bbox 2732 1216 2833 1278; x_wconf 90' lang='lat' dir='ltr'><strong>est</strong></span> <span class='ocrx_word' id='word_1_76' title='bbox 2880 1214 3069 1296; x_wconf 91' lang='lat' dir='ltr'><strong>illud,</strong></span> <span class='ocrx_word' id='word_1_77' title='bbox 3119 1213 3305 1278; x_wconf 90' lang='lat' dir='ltr'><strong>Nihil</strong></span> <span class='ocrx_word' id='word_1_78' title='bbox 3355 1213 3633 1295; x_wconf 90' lang='lat' dir='ltr'><strong>prosunt</strong></span> <span class='ocrx_word' id='word_1_79' title='bbox 3678 1212 3986 1288; x_wconf 89' lang='lat' dir='ltr'><strong>lamenta,</strong></span> 
     </span>
     <span class='ocr_line' id='line_1_8' title="bbox 889 1328 3989 1414; baseline -0.001 -22"><span class='ocrx_word' id='word_1_80' title='bbox 889 1330 1055 1409; x_wconf 89' lang='lat' dir='ltr'><strong>etc.;</strong></span> <span class='ocrx_word' id='word_1_81' title='bbox 1095 1329 1160 1392; x_wconf 92' lang='lat' dir='ltr'><strong>et</strong></span> <span class='ocrx_word' id='word_1_82' title='bbox 1199 1328 1388 1410; x_wconf 91' lang='lat' dir='ltr'><strong>illud,</strong></span> <span class='ocrx_word' id='word_1_83' title='bbox 1431 1331 1616 1396; x_wconf 91' lang='lat' dir='ltr'><strong>Nihil</strong></span> <span class='ocrx_word' id='word_1_84' title='bbox 1652 1331 1850 1412; x_wconf 91' lang='lat' dir='ltr'><strong>valet,</strong></span> <span class='ocrx_word' id='word_1_85' title='bbox 1892 1335 2013 1396; x_wconf 91' lang='lat' dir='ltr'><strong>etc.</strong></span> <span class='ocrx_word' id='word_1_86' title='bbox 2058 1332 2128 1395; x_wconf 90' lang='lat' dir='ltr'><strong>Si</strong></span> <span class='ocrx_word' id='word_1_87' title='bbox 2168 1333 2345 1395; x_wconf 89' lang='lat' dir='ltr'><strong>enim</strong></span> <span class='ocrx_word' id='word_1_88' title='bbox 2392 1331 2789 1414; x_wconf 86' lang='lat' dir='ltr'><strong>replicentur</strong></span> <span class='ocrx_word' id='word_1_89' title='bbox 2831 1331 3118 1413; x_wconf 87' lang='lat' dir='ltr'><strong>peccata,</strong></span> <span class='ocrx_word' id='word_1_90' title='bbox 3159 1329 3328 1394; x_wconf 92' lang='lat' dir='ltr'><strong>nihil</strong></span> <span class='ocrx_word' id='word_1_91' title='bbox 3375 1329 3548 1393; x_wconf 88' lang='lat' dir='ltr'><strong>valet</strong></span> <span class='ocrx_word' id='word_1_92' title='bbox 3582 1328 3663 1392; x_wconf 91' lang='lat' dir='ltr'><strong>ad</strong></span> <span class='ocrx_word' id='word_1_93' title='bbox 3708 1328 3989 1392; x_wconf 88' lang='lat' dir='ltr'><strong>salutem</strong></span> 
     </span>
     <span class='ocr_line' id='line_1_9' title="bbox 890 1443 3987 1531; baseline -0.001 -23"><span class='ocrx_word' id='word_1_94' title='bbox 890 1446 994 1509; x_wconf 91' lang='lat' dir='ltr'><strong>vel</strong></span> <span class='ocrx_word' id='word_1_95' title='bbox 1023 1447 1104 1509; x_wconf 90' lang='lat' dir='ltr'><strong>ad</strong></span> <span class='ocrx_word' id='word_1_96' title='bbox 1133 1447 1392 1511; x_wconf 89' lang='lat' dir='ltr'><strong>veniam</strong></span> <span class='ocrx_word' id='word_1_97' title='bbox 1425 1449 1492 1510; x_wconf 90' lang='lat' dir='ltr'><strong>in</strong></span> <span class='ocrx_word' id='word_1_98' title='bbox 1522 1449 1673 1527; x_wconf 88' lang='lat' dir='ltr'><strong>fine,</strong></span> <span class='ocrx_word' id='word_1_99' title='bbox 1697 1450 2074 1531; x_wconf 87' lang='lat' dir='ltr'><strong>praecedens</strong></span> <span class='ocrx_word' id='word_1_100' title='bbox 2111 1449 2498 1530; x_wconf 86' lang='lat' dir='ltr'><strong>lamentum,</strong></span> <span class='ocrx_word' id='word_1_101' title='bbox 2522 1449 2679 1531; x_wconf 91' lang='lat' dir='ltr'><strong>quia</strong></span> <span class='ocrx_word' id='word_1_102' title='bbox 2713 1449 2881 1512; x_wconf 91' lang='lat' dir='ltr'><strong>nihil</strong></span> <span class='ocrx_word' id='word_1_103' title='bbox 2911 1447 3305 1528; x_wconf 85' lang='lat' dir='ltr'><strong>relinquitur</strong></span> <span class='ocrx_word' id='word_1_104' title='bbox 3330 1446 3413 1510; x_wconf 89' lang='lat' dir='ltr'><strong>de</strong></span> <span class='ocrx_word' id='word_1_105' title='bbox 3442 1446 3595 1509; x_wconf 85' lang='lat' dir='ltr'><strong>vitae</strong></span> <span class='ocrx_word' id='word_1_106' title='bbox 3622 1443 3987 1508; x_wconf 84' lang='lat' dir='ltr'><strong>munditia:</strong></span> 
     </span>
     <span class='ocr_line' id='line_1_10' title="bbox 889 1559 3988 1648; baseline -0.001 -24"><span class='ocrx_word' id='word_1_107' title='bbox 889 1561 1046 1642; x_wconf 90' lang='lat' dir='ltr'><strong>quia</strong></span> <span class='ocrx_word' id='word_1_108' title='bbox 1091 1564 1205 1625; x_wconf 89' lang='lat' dir='ltr'><strong>aut</strong></span> <span class='ocrx_word' id='word_1_109' title='bbox 1250 1565 1516 1644; x_wconf 86' lang='lat' dir='ltr'><strong>peccata</strong></span> <span class='ocrx_word' id='word_1_110' title='bbox 1551 1563 1827 1628; x_wconf 88' lang='lat' dir='ltr'><strong>dimissa</strong></span> <span class='ocrx_word' id='word_1_111' title='bbox 1871 1566 2169 1644; x_wconf 88' lang='lat' dir='ltr'><strong>redeunt,</strong></span> <span class='ocrx_word' id='word_1_112' title='bbox 2210 1567 2285 1629; x_wconf 93' lang='lat' dir='ltr'><strong>ut</strong></span> <span class='ocrx_word' id='word_1_113' title='bbox 2330 1565 2724 1648; x_wconf 88' lang='lat' dir='ltr'><strong>quibusdam</strong></span> <span class='ocrx_word' id='word_1_114' title='bbox 2774 1564 3010 1646; x_wconf 90' lang='lat' dir='ltr'><strong>placet,</strong></span> <span class='ocrx_word' id='word_1_115' title='bbox 3052 1579 3259 1645; x_wconf 90' lang='lat' dir='ltr'><strong>quum</strong></span> <span class='ocrx_word' id='word_1_116' title='bbox 3305 1562 3739 1644; x_wconf 81' lang='lat' dir='ltr'><strong>replicantur3</strong></span> <span class='ocrx_word' id='word_1_117' title='bbox 3778 1559 3887 1623; x_wconf 90' lang='lat' dir='ltr'><strong>vel</strong></span> <span class='ocrx_word' id='word_1_118' title='bbox 3932 1559 3988 1622; x_wconf 91' lang='lat' dir='ltr'><strong>si</strong></span> 
     </span>
     <span class='ocr_line' id='line_1_11' title="bbox 887 1677 3992 1763; baseline -0 -23"><span class='ocrx_word' id='word_1_119' title='bbox 887 1694 1021 1740; x_wconf 89' lang='lat' dir='ltr'><strong>non</strong></span> <span class='ocrx_word' id='word_1_120' title='bbox 1067 1678 1364 1758; x_wconf 89' lang='lat' dir='ltr'><strong>redeunt,</strong></span> <span class='ocrx_word' id='word_1_121' title='bbox 1401 1680 1498 1742; x_wconf 91' lang='lat' dir='ltr'><strong>eis</strong></span> <span class='ocrx_word' id='word_1_122' title='bbox 1537 1681 1760 1743; x_wconf 88' lang='lat' dir='ltr'><strong>tamen</strong></span> <span class='ocrx_word' id='word_1_123' title='bbox 1801 1680 2058 1762; x_wconf 80' lang='lat' dir='ltr'><strong>deletiS,</strong></span> <span class='ocrx_word' id='word_1_124' title='bbox 2099 1683 2367 1763; x_wconf 89' lang='lat' dir='ltr'><strong>propter</strong></span> <span class='ocrx_word' id='word_1_125' title='bbox 2409 1681 2947 1763; x_wconf 87' lang='lat' dir='ltr'><strong>ingratitudinem</strong></span> <span class='ocrx_word' id='word_1_126' title='bbox 2987 1681 3083 1743; x_wconf 89' lang='lat' dir='ltr'><strong>ita</strong></span> <span class='ocrx_word' id='word_1_127' title='bbox 3120 1698 3272 1744; x_wconf 86' lang='lat' dir='ltr'><strong>reus</strong></span> <span class='ocrx_word' id='word_1_128' title='bbox 3309 1681 3375 1743; x_wconf 92' lang='lat' dir='ltr'><strong>et</strong></span> <span class='ocrx_word' id='word_1_129' title='bbox 3414 1677 3799 1742; x_wconf 90' lang='lat' dir='ltr'><strong>immundus</strong></span> <span class='ocrx_word' id='word_1_130' title='bbox 3838 1693 3992 1739; x_wconf 88' lang='lat' dir='ltr'><strong>con-</strong></span> 
     </span>
     <span class='ocr_line' id='line_1_12' title="bbox 889 1788 3993 1880; baseline -0.002 -24"><span class='ocrx_word' id='word_1_131' title='bbox 889 1794 1206 1874; x_wconf 87' lang='lat' dir='ltr'><strong>stituitur,</strong></span> <span class='ocrx_word' id='word_1_132' title='bbox 1256 1812 1463 1875; x_wconf 92' lang='lat' dir='ltr'><strong>quum</strong></span> <span class='ocrx_word' id='word_1_133' title='bbox 1511 1797 1725 1860; x_wconf 85' lang='lat' dir='ltr'><strong>adhuc</strong></span> <span class='ocrx_word' id='word_1_134' title='bbox 1767 1796 1844 1876; x_wconf 82' lang='lat' dir='ltr'><strong>in</strong></span> <span class='ocrx_word' id='word_1_135' title='bbox 1887 1798 2231 1880; x_wconf 87' lang='lat' dir='ltr'><strong>expiandis</strong></span> <span class='ocrx_word' id='word_1_136' title='bbox 2281 1797 2679 1880; x_wconf 86' lang='lat' dir='ltr'><strong>implicatur,</strong></span> <span class='ocrx_word' id='word_1_137' title='bbox 2716 1814 2791 1860; x_wconf 89' lang='lat' dir='ltr'><strong>ac</strong></span> <span class='ocrx_word' id='word_1_138' title='bbox 2837 1798 2893 1861; x_wconf 90' lang='lat' dir='ltr'><strong>si</strong></span> <span class='ocrx_word' id='word_1_139' title='bbox 2931 1797 3071 1878; x_wconf 67' lang='lat' dir='ltr'><strong>,iam</strong></span> <span class='ocrx_word' id='word_1_140' title='bbox 3118 1796 3331 1859; x_wconf 89' lang='lat' dir='ltr'><strong>deleta</strong></span> <span class='ocrx_word' id='word_1_141' title='bbox 3376 1793 3681 1858; x_wconf 87' lang='lat' dir='ltr'><strong>redirent.</strong></span> <span class='ocrx_word' id='word_1_142' title='bbox 3722 1791 3823 1855; x_wconf 85' lang='lat' dir='ltr'><strong>Dc</strong></span> <span class='ocrx_word' id='word_1_143' title='bbox 3868 1788 3993 1851; x_wconf 89' lang='lat' dir='ltr'><strong>hoc</strong></span> 
     </span>
     <span class='ocr_line' id='line_1_13' title="bbox 890 1905 3993 1996; baseline -0.001 -24"><span class='ocrx_word' id='word_1_144' title='bbox 890 1911 1133 1991; x_wconf 89' lang='lat' dir='ltr'><strong>tamen,</strong></span> <span class='ocrx_word' id='word_1_145' title='bbox 1185 1911 1435 1976; x_wconf 88' lang='lat' dir='ltr'><strong>scilicet</strong></span> <span class='ocrx_word' id='word_1_146' title='bbox 1481 1928 1564 1975; x_wconf 85' lang='lat' dir='ltr'><strong>an</strong></span> <span class='ocrx_word' id='word_1_147' title='bbox 1610 1915 1875 1994; x_wconf 88' lang='lat' dir='ltr'><strong>peccata</strong></span> <span class='ocrx_word' id='word_1_148' title='bbox 1921 1914 2210 1994; x_wconf 87' lang='lat' dir='ltr'><strong>redeant,</strong></span> <span class='ocrx_word' id='word_1_149' title='bbox 2250 1915 2403 1996; x_wconf 91' lang='lat' dir='ltr'><strong>post</strong></span> <span class='ocrx_word' id='word_1_150' title='bbox 2446 1913 2709 1996; x_wconf 88' lang='lat' dir='ltr'><strong>plenius</strong></span> <span class='ocrx_word' id='word_1_151' title='bbox 2754 1931 3046 1996; x_wconf 84' lang='lat' dir='ltr'><strong>agemus.</strong></span> <span class='ocrx_word' id='word_1_152' title='bbox 3090 1912 3431 1991; x_wconf 88' lang='lat' dir='ltr'><strong>Similiter,</strong></span> <span class='ocrx_word' id='word_1_153' title='bbox 3472 1909 3639 1972; x_wconf 90' lang='lat' dir='ltr'><strong>nihil</strong></span> <span class='ocrx_word' id='word_1_154' title='bbox 3687 1908 3865 1971; x_wconf 89' lang='lat' dir='ltr'><strong>valet</strong></span> <span class='ocrx_word' id='word_1_155' title='bbox 3910 1905 3993 1968; x_wconf 89' lang='lat' dir='ltr'><strong>ad</strong></span> 
     </span>
     <span class='ocr_line' id='line_1_14' title="bbox 892 2024 4000 2111; baseline -0.001 -22"><span class='ocrx_word' id='word_1_156' title='bbox 892 2027 1173 2091; x_wconf 88' lang='lat' dir='ltr'><strong>salutem</strong></span> <span class='ocrx_word' id='word_1_157' title='bbox 1215 2027 1661 2109; x_wconf 88' lang='lat' dir='ltr'><strong>obtinendam,</strong></span> <span class='ocrx_word' id='word_1_158' title='bbox 1702 2029 1807 2093; x_wconf 92' lang='lat' dir='ltr'><strong>vel</strong></span> <span class='ocrx_word' id='word_1_159' title='bbox 1849 2031 1931 2093; x_wconf 90' lang='lat' dir='ltr'><strong>ad</strong></span> <span class='ocrx_word' id='word_1_160' title='bbox 1980 2031 2373 2094; x_wconf 85' lang='lat' dir='ltr'><strong>munditiam</strong></span> <span class='ocrx_word' id='word_1_161' title='bbox 2414 2031 2569 2095; x_wconf 86' lang='lat' dir='ltr'><strong>vitae</strong></span> <span class='ocrx_word' id='word_1_162' title='bbox 2606 2029 2998 2111; x_wconf 87' lang='lat' dir='ltr'><strong>habendam,</strong></span> <span class='ocrx_word' id='word_1_163' title='bbox 3040 2029 3301 2094; x_wconf 88' lang='lat' dir='ltr'><strong>veniam</strong></span> <span class='ocrx_word' id='word_1_164' title='bbox 3338 2028 3420 2092; x_wconf 88' lang='lat' dir='ltr'><strong>de</strong></span> <span class='ocrx_word' id='word_1_165' title='bbox 3465 2024 3831 2090; x_wconf 87' lang='lat' dir='ltr'><strong>malefactis</strong></span> <span class='ocrx_word' id='word_1_166' title='bbox 3878 2039 4000 2104; x_wconf 87' lang='lat' dir='ltr'><strong>po-</strong></span> 
     </span>
     <span class='ocr_line' id='line_1_15' title="bbox 893 2121 3993 2226; baseline -0.002 -20"><span class='ocrx_word' id='word_1_167' title='bbox 893 2161 1095 2225; x_wconf 86' lang='lat' dir='ltr'><strong>scere,</strong></span> <span class='ocrx_word' id='word_1_168' title='bbox 1147 2146 1213 2208; x_wconf 89' lang='lat' dir='ltr'><strong>et</strong></span> <span class='ocrx_word' id='word_1_169' title='bbox 1257 2145 1603 2209; x_wconf 84' lang='lat' dir='ltr'><strong>malefacta</strong></span> <span class='ocrx_word' id='word_1_170' title='bbox 1654 2146 1870 2210; x_wconf 91' lang='lat' dir='ltr'><strong>denuo</strong></span> <span class='ocrx_word' id='word_1_171' title='bbox 1928 2146 2186 2209; x_wconf 87' lang='lat' dir='ltr'><strong>iterare.</strong></span> <span class='ocrx_word' id='word_1_172' title='bbox 2237 2145 2340 2208; x_wconf 86' lang='lat' dir='ltr'><strong>Ita</strong></span> <span class='ocrx_word' id='word_1_173' title='bbox 2394 2146 2594 2209; x_wconf 87' lang='lat' dir='ltr'><strong>etiam</strong></span> <span class='ocrx_word' id='word_1_174' title='bbox 2648 2121 3151 2226; x_wconf 86' lang='lat' dir='ltr'><strong>intelligendum</strong></span> <span class='ocrx_word' id='word_1_175' title='bbox 3208 2144 3307 2207; x_wconf 88' lang='lat' dir='ltr'><strong>est</strong></span> <span class='ocrx_word' id='word_1_176' title='bbox 3361 2141 3526 2206; x_wconf 90' lang='lat' dir='ltr'><strong>illud</strong></span> <span class='ocrx_word' id='word_1_177' title='bbox 3583 2139 3761 2222; x_wconf 91' lang='lat' dir='ltr'><strong>quod</strong></span> <span class='ocrx_word' id='word_1_178' title='bbox 3814 2139 3993 2202; x_wconf 88' lang='lat' dir='ltr'><strong>idem</strong></span> 
     </span>
    </p>
   </div>
   <div class='ocr_carea' id='block_1_3' title="bbox 605 2254 3993 2343">
    <p class='ocr_par' dir='ltr' id='par_1_3' title="bbox 605 2254 3993 2343">
     <span class='ocr_line' id='line_1_16' title="bbox 605 2254 3993 2343; baseline -0.004 -14"><span class='ocrx_word' id='word_1_179' title='bbox 605 2282 869 2340; x_wconf 69' lang='lat' dir='ltr'><strong>Aug.d0v0-</strong></span> <span class='ocrx_word' id='word_1_180' title='bbox 894 2260 1308 2340; x_wconf 86' lang='lat' dir='ltr'><strong>Augustinus</strong></span> <span class='ocrx_word' id='word_1_181' title='bbox 1349 2260 1507 2323; x_wconf 90' lang='lat' dir='ltr'><strong>alibi</strong></span> <span class='ocrx_word' id='word_1_182' title='bbox 1547 2263 1642 2324; x_wconf 90' lang='lat' dir='ltr'><strong>ait</strong></span> <span class='ocrx_word' id='word_1_183' title='bbox 1673 2281 1688 2324; x_wconf 93' lang='lat'><strong>:</strong></span> <span class='ocrx_word' id='word_1_184' title='bbox 1720 2261 2116 2325; x_wconf 87' lang='lat' dir='ltr'><strong>Poenitentia</strong></span> <span class='ocrx_word' id='word_1_185' title='bbox 2153 2263 2253 2325; x_wconf 88' lang='lat' dir='ltr'><strong>est</strong></span> <span class='ocrx_word' id='word_1_186' title='bbox 2289 2261 2593 2343; x_wconf 86' lang='lat' dir='ltr'><strong>quaedam</strong></span> <span class='ocrx_word' id='word_1_187' title='bbox 2631 2260 2915 2325; x_wconf 89' lang='lat' dir='ltr'><strong>dolentis</strong></span> <span class='ocrx_word' id='word_1_188' title='bbox 2956 2261 3266 2340; x_wconf 89' lang='lat' dir='ltr'><strong>vindicta,</strong></span> <span class='ocrx_word' id='word_1_189' title='bbox 3309 2275 3569 2340; x_wconf 87' lang='lat' dir='ltr'><strong>semper</strong></span> <span class='ocrx_word' id='word_1_190' title='bbox 3604 2256 3887 2339; x_wconf 87' lang='lat' dir='ltr'><strong>puniens</strong></span> <span class='ocrx_word' id='word_1_191' title='bbox 3925 2254 3993 2316; x_wconf 90' lang='lat' dir='ltr'><strong>in</strong></span> 
     </span>
    </p>
   </div>
   <div class='ocr_carea' id='block_1_4' title="bbox 596 2347 862 2515">
    <p class='ocr_par' dir='ltr' id='par_1_4' title="bbox 596 2347 862 2515">
     <span class='ocr_line' id='line_1_17' title="bbox 596 2347 849 2402; baseline -0.004 -12"><span class='ocrx_word' id='word_1_192' title='bbox 596 2347 849 2402; x_wconf 66' lang='lat' dir='ltr'><strong>npoenitm</strong></span> 
     </span>
     <span class='ocr_line' id='line_1_18' title="bbox 599 2411 862 2515; baseline -0.004 0"><span class='ocrx_word' id='word_1_193' title='bbox 599 2411 706 2515; x_wconf 59' lang='grc' dir='ltr'><strong><em>ῗξίᾱ.</em></strong></span> <span class='ocrx_word' id='word_1_194' title='bbox 732 2483 775 2515; x_wconf 88' lang='lat' dir='ltr'><strong>n.</strong></span> <span class='ocrx_word' id='word_1_195' title='bbox 796 2474 862 2514; x_wconf 76' lang='lat'><strong>25.</strong></span> 
     </span>
    </p>
   </div>
   <div class='ocr_carea' id='block_1_5' title="bbox 854 2369 3996 2807">
    <p class='ocr_par' dir='ltr' id='par_1_5' title="bbox 854 2369 3996 2807">
     <span class='ocr_line' id='line_1_19' title="bbox 854 2369 3995 2458; baseline -0.002 -20"><span class='ocrx_word' id='word_1_196' title='bbox 854 2379 966 2439; x_wconf 89' lang='lat' dir='ltr'><strong>&#39;se</strong></span> <span class='ocrx_word' id='word_1_197' title='bbox 1007 2377 1185 2458; x_wconf 90' lang='lat' dir='ltr'><strong>quod</strong></span> <span class='ocrx_word' id='word_1_198' title='bbox 1221 2377 1400 2440; x_wconf 90' lang='lat' dir='ltr'><strong>dolet</strong></span> <span class='ocrx_word' id='word_1_199' title='bbox 1440 2379 1874 2442; x_wconf 88' lang='lat' dir='ltr'><strong>commisisse.</strong></span> <span class='ocrx_word' id='word_1_200' title='bbox 1908 2378 1992 2440; x_wconf 91' lang='lat' dir='ltr'><strong>Et</strong></span> <span class='ocrx_word' id='word_1_201' title='bbox 2036 2376 2209 2440; x_wconf 85' lang='lat' dir='ltr'><strong>infra</strong></span> <span class='ocrx_word' id='word_1_202' title='bbox 2250 2397 2263 2439; x_wconf 92' lang='lat'><strong>:</strong></span> <span class='ocrx_word' id='word_1_203' title='bbox 2306 2377 2616 2450; x_wconf 88' lang='lat' dir='ltr'><strong>Quotidie</strong></span> <span class='ocrx_word' id='word_1_204' title='bbox 2661 2377 3020 2441; x_wconf 90' lang='lat' dir='ltr'><strong>dolendum</strong></span> <span class='ocrx_word' id='word_1_205' title='bbox 3063 2378 3163 2441; x_wconf 88' lang='lat' dir='ltr'><strong>est</strong></span> <span class='ocrx_word' id='word_1_206' title='bbox 3207 2376 3288 2440; x_wconf 91' lang='lat' dir='ltr'><strong>de</strong></span> <span class='ocrx_word' id='word_1_207' title='bbox 3334 2375 3625 2458; x_wconf 88' lang='lat' dir='ltr'><strong>peccate,</strong></span> <span class='ocrx_word' id='word_1_208' title='bbox 3668 2371 3847 2454; x_wconf 87' lang='lat' dir='ltr'><strong>quod</strong></span> <span class='ocrx_word' id='word_1_209' title='bbox 3882 2369 3995 2434; x_wconf 89' lang='lat' dir='ltr'><strong>de-</strong></span> 
     </span>
     <span class='ocr_line' id='line_1_20' title="bbox 891 2486 3995 2575; baseline -0.003 -20"><span class='ocrx_word' id='word_1_210' title='bbox 891 2492 1094 2555; x_wconf 87' lang='lat' dir='ltr'><strong>clarat</strong></span> <span class='ocrx_word' id='word_1_211' title='bbox 1129 2494 1274 2575; x_wconf 88' lang='lat' dir='ltr'><strong>ipsa</strong></span> <span class='ocrx_word' id='word_1_212' title='bbox 1309 2493 1680 2558; x_wconf 88' lang='lat' dir='ltr'><strong>dilectionis</strong></span> <span class='ocrx_word' id='word_1_213' title='bbox 1717 2495 1948 2558; x_wconf 89' lang='lat' dir='ltr'><strong>virtus.</strong></span> <span class='ocrx_word' id='word_1_214' title='bbox 1981 2493 2309 2558; x_wconf 86' lang='lat' dir='ltr'><strong>Poenitere</strong></span> <span class='ocrx_word' id='word_1_215' title='bbox 2336 2493 2511 2557; x_wconf 88' lang='lat' dir='ltr'><strong>enim</strong></span> <span class='ocrx_word' id='word_1_216' title='bbox 2552 2494 2651 2557; x_wconf 91' lang='lat' dir='ltr'><strong>est</strong></span> <span class='ocrx_word' id='word_1_217' title='bbox 2684 2508 2945 2574; x_wconf 86' lang='lat' dir='ltr'><strong>poenam</strong></span> <span class='ocrx_word' id='word_1_218' title='bbox 2982 2493 3225 2572; x_wconf 88' lang='lat' dir='ltr'><strong>tenere,</strong></span> <span class='ocrx_word' id='word_1_219' title='bbox 3258 2492 3334 2554; x_wconf 92' lang='lat' dir='ltr'><strong>ut</strong></span> <span class='ocrx_word' id='word_1_220' title='bbox 3362 2507 3623 2572; x_wconf 87' lang='lat' dir='ltr'><strong>semper</strong></span> <span class='ocrx_word' id='word_1_221' title='bbox 3656 2487 3891 2569; x_wconf 84' lang='lat' dir='ltr'><strong>puniat</strong></span> <span class='ocrx_word' id='word_1_222' title='bbox 3925 2486 3995 2548; x_wconf 92' lang='lat' dir='ltr'><strong>in</strong></span> 
     </span>
     <span class='ocr_line' id='line_1_21' title="bbox 890 2603 3996 2692; baseline -0.002 -20"><span class='ocrx_word' id='word_1_223' title='bbox 890 2627 962 2673; x_wconf 90' lang='lat' dir='ltr'><strong>se</strong></span> <span class='ocrx_word' id='word_1_224' title='bbox 997 2609 1397 2691; x_wconf 81' lang='lat' dir='ltr'><strong>ulciscendO,</strong></span> <span class='ocrx_word' id='word_1_225' title='bbox 1439 2611 1617 2691; x_wconf 90' lang='lat' dir='ltr'><strong>quod</strong></span> <span class='ocrx_word' id='word_1_226' title='bbox 1656 2610 1992 2674; x_wconf 88' lang='lat' dir='ltr'><strong>commisit</strong></span> <span class='ocrx_word' id='word_1_227' title='bbox 2027 2610 2379 2692; x_wconf 87' lang='lat' dir='ltr'><strong>peccando.</strong></span> <span class='ocrx_word' id='word_1_228' title='bbox 2422 2609 2542 2674; x_wconf 88' lang='lat' dir='ltr'><strong>Ille</strong></span> <span class='ocrx_word' id='word_1_229' title='bbox 2579 2610 2800 2673; x_wconf 90' lang='lat' dir='ltr'><strong>autem</strong></span> <span class='ocrx_word' id='word_1_230' title='bbox 2846 2625 3107 2690; x_wconf 84' lang='lat' dir='ltr'><strong>poenam</strong></span> <span class='ocrx_word' id='word_1_231' title='bbox 3146 2608 3345 2688; x_wconf 88' lang='lat' dir='ltr'><strong>tenet,</strong></span> <span class='ocrx_word' id='word_1_232' title='bbox 3387 2607 3502 2688; x_wconf 91' lang='lat' dir='ltr'><strong>qui</strong></span> <span class='ocrx_word' id='word_1_233' title='bbox 3546 2621 3807 2686; x_wconf 88' lang='lat' dir='ltr'><strong>semper</strong></span> <span class='ocrx_word' id='word_1_234' title='bbox 3844 2603 3996 2666; x_wconf 89' lang='lat' dir='ltr'><strong>vin-</strong></span> 
     </span>
     <span class='ocr_line' id='line_1_22' title="bbox 887 2719 3996 2807; baseline -0.002 -19"><span class='ocrx_word' id='word_1_235' title='bbox 887 2725 1064 2788; x_wconf 86' lang='lat' dir='ltr'><strong>dicat</strong></span> <span class='ocrx_word' id='word_1_236' title='bbox 1091 2726 1269 2807; x_wconf 91' lang='lat' dir='ltr'><strong>quod</strong></span> <span class='ocrx_word' id='word_1_237' title='bbox 1307 2726 1719 2790; x_wconf 89' lang='lat' dir='ltr'><strong>commisisse</strong></span> <span class='ocrx_word' id='word_1_238' title='bbox 1757 2743 1827 2790; x_wconf 91' lang='lat' dir='ltr'><strong>se</strong></span> <span class='ocrx_word' id='word_1_239' title='bbox 1864 2727 2063 2790; x_wconf 91' lang='lat' dir='ltr'><strong>dolet.</strong></span> <span class='ocrx_word' id='word_1_240' title='bbox 2106 2725 2504 2791; x_wconf 87' lang='lat' dir='ltr'><strong>Poenitentia</strong></span> <span class='ocrx_word' id='word_1_241' title='bbox 2540 2741 2693 2806; x_wconf 87' lang='lat' dir='ltr'><strong>ergo</strong></span> <span class='ocrx_word' id='word_1_242' title='bbox 2733 2723 2833 2789; x_wconf 87' lang='lat' dir='ltr'><strong>est</strong></span> <span class='ocrx_word' id='word_1_243' title='bbox 2867 2723 3156 2787; x_wconf 88' lang='lat' dir='ltr'><strong>vindicta</strong></span> <span class='ocrx_word' id='word_1_244' title='bbox 3202 2739 3461 2804; x_wconf 88' lang='lat' dir='ltr'><strong>semper</strong></span> <span class='ocrx_word' id='word_1_245' title='bbox 3497 2719 3778 2804; x_wconf 87' lang='lat' dir='ltr'><strong>puniens</strong></span> <span class='ocrx_word' id='word_1_246' title='bbox 3814 2719 3887 2782; x_wconf 90' lang='lat' dir='ltr'><strong>in</strong></span> <span class='ocrx_word' id='word_1_247' title='bbox 3924 2735 3996 2782; x_wconf 88' lang='lat' dir='ltr'><strong>se</strong></span> 
     </span>
    </p>
   </div>
   <div class='ocr_carea' id='block_1_6' title="bbox 600 2836 3996 2922">
    <p class='ocr_par' dir='ltr' id='par_1_6' title="bbox 600 2836 3996 2922">
     <span class='ocr_line' id='line_1_23' title="bbox 600 2836 3996 2922; baseline -0.001 -20"><span class='ocrx_word' id='word_1_248' title='bbox 600 2857 706 2902; x_wconf 72' lang='lat' dir='ltr'><strong>md.</strong></span> <span class='ocrx_word' id='word_1_249' title='bbox 727 2857 857 2900; x_wconf 63' lang='grc' dir='ltr'><strong>ωε.</strong></span> <span class='ocrx_word' id='word_1_250' title='bbox 889 2842 1067 2922; x_wconf 88' lang='lat' dir='ltr'><strong>quod</strong></span> <span class='ocrx_word' id='word_1_251' title='bbox 1107 2840 1286 2905; x_wconf 88' lang='lat' dir='ltr'><strong>dolet</strong></span> <span class='ocrx_word' id='word_1_252' title='bbox 1327 2842 1762 2906; x_wconf 89' lang='lat' dir='ltr'><strong>commisisse.</strong></span> <span class='ocrx_word' id='word_1_253' title='bbox 1804 2842 1978 2916; x_wconf 85' lang='lat' dir='ltr'><strong>Quid</strong></span> <span class='ocrx_word' id='word_1_254' title='bbox 2021 2843 2222 2906; x_wconf 90' lang='lat' dir='ltr'><strong>restat</strong></span> <span class='ocrx_word' id='word_1_255' title='bbox 2258 2841 2451 2905; x_wconf 88' lang='lat' dir='ltr'><strong>nobis</strong></span> <span class='ocrx_word' id='word_1_256' title='bbox 2488 2841 2618 2904; x_wconf 89' lang='lat' dir='ltr'><strong>nisi</strong></span> <span class='ocrx_word' id='word_1_257' title='bbox 2656 2839 2877 2904; x_wconf 89' lang='lat' dir='ltr'><strong>dolere</strong></span> <span class='ocrx_word' id='word_1_258' title='bbox 2913 2839 2983 2903; x_wconf 90' lang='lat' dir='ltr'><strong>in</strong></span> <span class='ocrx_word' id='word_1_259' title='bbox 3019 2839 3206 2903; x_wconf 78' lang='lat' dir='ltr'><strong>vita?</strong></span> <span class='ocrx_word' id='word_1_260' title='bbox 3245 2839 3371 2902; x_wconf 90' lang='lat' dir='ltr'><strong>Ubi</strong></span> <span class='ocrx_word' id='word_1_261' title='bbox 3410 2838 3587 2902; x_wconf 88' lang='lat' dir='ltr'><strong>enim</strong></span> <span class='ocrx_word' id='word_1_262' title='bbox 3620 2836 3806 2900; x_wconf 92' lang='lat' dir='ltr'><strong>dolor</strong></span> <span class='ocrx_word' id='word_1_263' title='bbox 3846 2837 3996 2900; x_wconf 84' lang='lat' dir='ltr'><strong>fini-</strong></span> 
     </span>
    </p>
   </div>
   <div class='ocr_carea' id='block_1_7' title="bbox 889 2951 3995 3156">
    <p class='ocr_par' dir='ltr' id='par_1_7' title="bbox 889 2951 3995 3156">
     <span class='ocr_line' id='line_1_24' title="bbox 890 2951 3995 3039; baseline -0.002 -20"><span class='ocrx_word' id='word_1_264' title='bbox 890 2958 1021 3037; x_wconf 92' lang='lat' dir='ltr'><strong>tur,</strong></span> <span class='ocrx_word' id='word_1_265' title='bbox 1070 2957 1289 3020; x_wconf 89' lang='lat' dir='ltr'><strong>deficit</strong></span> <span class='ocrx_word' id='word_1_266' title='bbox 1338 2959 1403 3021; x_wconf 88' lang='lat' dir='ltr'><strong>et</strong></span> <span class='ocrx_word' id='word_1_267' title='bbox 1451 2957 1858 3039; x_wconf 86' lang='lat' dir='ltr'><strong>poenitentia.</strong></span> <span class='ocrx_word' id='word_1_268' title='bbox 1912 2957 1982 3022; x_wconf 89' lang='lat' dir='ltr'><strong>Si</strong></span> <span class='ocrx_word' id='word_1_269' title='bbox 2031 2975 2186 3022; x_wconf 91' lang='lat' dir='ltr'><strong>vero</strong></span> <span class='ocrx_word' id='word_1_270' title='bbox 2238 2957 2624 3039; x_wconf 86' lang='lat' dir='ltr'><strong>poenitentia</strong></span> <span class='ocrx_word' id='word_1_271' title='bbox 2674 2951 2922 3035; x_wconf 88' lang='lat' dir='ltr'><strong>finitur,</strong></span> <span class='ocrx_word' id='word_1_272' title='bbox 2964 2955 3124 3036; x_wconf 92' lang='lat' dir='ltr'><strong>quid</strong></span> <span class='ocrx_word' id='word_1_273' title='bbox 3174 2955 3569 3036; x_wconf 88' lang='lat' dir='ltr'><strong>relinquitur</strong></span> <span class='ocrx_word' id='word_1_274' title='bbox 3618 2953 3699 3016; x_wconf 89' lang='lat' dir='ltr'><strong>de</strong></span> <span class='ocrx_word' id='word_1_275' title='bbox 3748 2953 3945 3017; x_wconf 85' lang='lat' dir='ltr'><strong>venia</strong></span> <span class='ocrx_word' id='word_1_276' title='bbox 3964 2951 3995 3014; x_wconf 75' lang='lat'><strong>⁴?</strong></span> 
     </span>
     <span class='ocr_line' id='line_1_25' title="bbox 889 3069 3994 3156; baseline -0.001 -20"><span class='ocrx_word' id='word_1_277' title='bbox 889 3071 1172 3137; x_wconf 85' lang='lat' dir='ltr'><strong>Tamdiu</strong></span> <span class='ocrx_word' id='word_1_278' title='bbox 1209 3072 1488 3155; x_wconf 86' lang='lat' dir='ltr'><strong>gaudeat</strong></span> <span class='ocrx_word' id='word_1_279' title='bbox 1530 3075 1594 3137; x_wconf 88' lang='lat' dir='ltr'><strong>et</strong></span> <span class='ocrx_word' id='word_1_280' title='bbox 1634 3074 1851 3155; x_wconf 85' lang='lat' dir='ltr'><strong>speret</strong></span> <span class='ocrx_word' id='word_1_281' title='bbox 1887 3073 1968 3137; x_wconf 89' lang='lat' dir='ltr'><strong>de</strong></span> <span class='ocrx_word' id='word_1_282' title='bbox 2005 3073 2237 3155; x_wconf 86' lang='lat' dir='ltr'><strong>gratia,</strong></span> <span class='ocrx_word' id='word_1_283' title='bbox 2271 3073 2590 3156; x_wconf 85' lang='lat' dir='ltr'><strong>quamdiu</strong></span> <span class='ocrx_word' id='word_1_284' title='bbox 2630 3073 3037 3137; x_wconf 86' lang='lat' dir='ltr'><strong>sustentatur</strong></span> <span class='ocrx_word' id='word_1_285' title='bbox 3072 3089 3111 3136; x_wconf 88' lang='lat' dir='ltr'><strong>a</strong></span> <span class='ocrx_word' id='word_1_286' title='bbox 3146 3071 3553 3154; x_wconf 86' lang='lat' dir='ltr'><strong>poenitentia.</strong></span> <span class='ocrx_word' id='word_1_287' title='bbox 3593 3069 3771 3135; x_wconf 91' lang='lat' dir='ltr'><strong>Dicit</strong></span> <span class='ocrx_word' id='word_1_288' title='bbox 3812 3069 3994 3134; x_wconf 85' lang='lat' dir='ltr'><strong>enim</strong></span> 
     </span>
    </p>
   </div>
   <div class='ocr_carea' id='block_1_8' title="bbox 729 3186 4069 3271">
    <p class='ocr_par' dir='ltr' id='par_1_8' title="bbox 729 3186 4069 3271">
     <span class='ocr_line' id='line_1_26' title="bbox 729 3186 4069 3271; baseline -0.001 -20"><span class='ocrx_word' id='word_1_289' title='bbox 729 3220 861 3260; x_wconf 65' lang='lat' dir='ltr'><strong>mm,</strong></span> <span class='ocrx_word' id='word_1_290' title='bbox 890 3190 1221 3253; x_wconf 89' lang='lat' dir='ltr'><strong>Dominus</strong></span> <span class='ocrx_word' id='word_1_291' title='bbox 1263 3209 1279 3251; x_wconf 76' lang='grc' dir='ltr'><strong><em>ε</em></strong></span> <span class='ocrx_word' id='word_1_292' title='bbox 1321 3189 1527 3269; x_wconf 89' lang='lat' dir='ltr'><strong>Vade,</strong></span> <span class='ocrx_word' id='word_1_293' title='bbox 1570 3190 1635 3254; x_wconf 88' lang='lat' dir='ltr'><strong>et</strong></span> <span class='ocrx_word' id='word_1_294' title='bbox 1679 3190 1967 3271; x_wconf 87' lang='lat' dir='ltr'><strong>amplius</strong></span> <span class='ocrx_word' id='word_1_295' title='bbox 2007 3191 2147 3254; x_wconf 91' lang='lat' dir='ltr'><strong>noli</strong></span> <span class='ocrx_word' id='word_1_296' title='bbox 2194 3207 2483 3271; x_wconf 88' lang='lat' dir='ltr'><strong>peccare.</strong></span> <span class='ocrx_word' id='word_1_297' title='bbox 2524 3189 2673 3254; x_wconf 91' lang='lat' dir='ltr'><strong>Non</strong></span> <span class='ocrx_word' id='word_1_298' title='bbox 2721 3189 2914 3269; x_wconf 86' lang='lat' dir='ltr'><strong>dixit,</strong></span> <span class='ocrx_word' id='word_1_299' title='bbox 2955 3189 3054 3253; x_wconf 89' lang='lat' dir='ltr'><strong>Ne</strong></span> <span class='ocrx_word' id='word_1_300' title='bbox 3100 3206 3366 3270; x_wconf 86' lang='lat' dir='ltr'><strong>pecces3</strong></span> <span class='ocrx_word' id='word_1_301' title='bbox 3404 3188 3520 3251; x_wconf 90' lang='lat' dir='ltr'><strong>sed</strong></span> <span class='ocrx_word' id='word_1_302' title='bbox 3565 3204 3649 3251; x_wconf 90' lang='lat' dir='ltr'><strong>ne</strong></span> <span class='ocrx_word' id='word_1_303' title='bbox 3685 3186 3997 3249; x_wconf 88' lang='lat' dir='ltr'><strong>voluntas</strong></span> <span class='ocrx_word' id='word_1_304' title='bbox 4062 3206 4069 3211; x_wconf 93' lang='lat'>·</span> 
     </span>
    </p>
   </div>
   <div class='ocr_carea' id='block_1_9' title="bbox 599 3274 666 3314">
    <p class='ocr_par' dir='ltr' id='par_1_9' title="bbox 599 3274 666 3314">
     <span class='ocr_line' id='line_1_27' title="bbox 599 3274 666 3314; baseline 0 0"><span class='ocrx_word' id='word_1_305' title='bbox 599 3274 666 3314; x_wconf 79' lang='lat' dir='ltr'><strong>ss.</strong></span> 
     </span>
    </p>
   </div>
   <div class='ocr_carea' id='block_1_10' title="bbox 596 4132 864 4302">
    <p class='ocr_par' dir='ltr' id='par_1_10' title="bbox 596 4132 864 4302">
     <span class='ocr_line' id='line_1_28' title="bbox 627 4132 864 4179; baseline 0.004 -2"><span class='ocrx_word' id='word_1_306' title='bbox 627 4132 690 4177; x_wconf 82' lang='lat' dir='ltr'><strong>De</strong></span> <span class='ocrx_word' id='word_1_307' title='bbox 705 4132 864 4179; x_wconf 74' lang='lat' dir='ltr'><strong>Poenit.</strong></span> 
     </span>
     <span class='ocr_line' id='line_1_29' title="bbox 596 4195 846 4302; baseline 0.012 -64"><span class='ocrx_word' id='word_1_308' title='bbox 596 4195 701 4302; x_wconf 50' lang='grc' dir='ltr'><strong>ἕξει.</strong></span> <span class='ocrx_word' id='word_1_309' title='bbox 733 4210 791 4248; x_wconf 79' lang='grc' dir='ltr'><strong>ιιι,</strong></span> <span class='ocrx_word' id='word_1_310' title='bbox 821 4208 846 4241; x_wconf 78' lang='lat' dir='ltr'><strong>e</strong></span> 
     </span>
    </p>
   </div>
   <div class='ocr_carea' id='block_1_11' title="bbox 890 3302 3994 3621">
    <p class='ocr_par' dir='ltr' id='par_1_11' title="bbox 890 3302 3994 3621">
     <span class='ocr_line' id='line_1_30' title="bbox 890 3302 3994 3389; baseline -0.002 -19"><span class='ocrx_word' id='word_1_311' title='bbox 890 3306 1203 3389; x_wconf 89' lang='lat' dir='ltr'><strong>peccandi</strong></span> <span class='ocrx_word' id='word_1_312' title='bbox 1239 3306 1308 3369; x_wconf 95' lang='lat' dir='ltr'><strong>in</strong></span> <span class='ocrx_word' id='word_1_313' title='bbox 1344 3307 1410 3369; x_wconf 92' lang='lat' dir='ltr'><strong>te</strong></span> <span class='ocrx_word' id='word_1_314' title='bbox 1447 3306 1716 3370; x_wconf 87' lang='lat' dir='ltr'><strong>oriatur.</strong></span> <span class='ocrx_word' id='word_1_315' title='bbox 1751 3307 1942 3380; x_wconf 85' lang='lat' dir='ltr'><strong>Quod</strong></span> <span class='ocrx_word' id='word_1_316' title='bbox 1981 3307 2314 3387; x_wconf 91' lang='lat' dir='ltr'><strong>quomodo</strong></span> <span class='ocrx_word' id='word_1_317' title='bbox 2346 3306 2735 3387; x_wconf 87' lang='lat' dir='ltr'><strong>servabitur,</strong></span> <span class='ocrx_word' id='word_1_318' title='bbox 2766 3305 2897 3368; x_wconf 90' lang='lat' dir='ltr'><strong>nisi</strong></span> <span class='ocrx_word' id='word_1_319' title='bbox 2934 3305 3123 3369; x_wconf 88' lang='lat' dir='ltr'><strong>dolor</strong></span> <span class='ocrx_word' id='word_1_320' title='bbox 3159 3305 3227 3367; x_wconf 91' lang='lat' dir='ltr'><strong>in</strong></span> <span class='ocrx_word' id='word_1_321' title='bbox 3263 3303 3649 3387; x_wconf 86' lang='lat' dir='ltr'><strong>poenitentia</strong></span> <span class='ocrx_word' id='word_1_322' title='bbox 3684 3302 3994 3367; x_wconf 88' lang='lat' dir='ltr'><strong>continue</strong></span> 
     </span>
     <span class='ocr_line' id='line_1_31' title="bbox 891 3419 3989 3505; baseline -0.001 -20"><span class='ocrx_word' id='word_1_323' title='bbox 891 3422 1348 3487; x_wconf 81' lang='lat' dir='ltr'><strong>custodiatur?</strong></span> <span class='ocrx_word' id='word_1_324' title='bbox 1386 3423 1515 3487; x_wconf 89' lang='lat' dir='ltr'><strong>Sed</strong></span> <span class='ocrx_word' id='word_1_325' title='bbox 1551 3440 1812 3505; x_wconf 89' lang='lat' dir='ltr'><strong>semper</strong></span> <span class='ocrx_word' id='word_1_326' title='bbox 1839 3422 2080 3503; x_wconf 88' lang='lat' dir='ltr'><strong>doleat,</strong></span> <span class='ocrx_word' id='word_1_327' title='bbox 2113 3424 2181 3487; x_wconf 89' lang='lat' dir='ltr'><strong>et</strong></span> <span class='ocrx_word' id='word_1_328' title='bbox 2213 3423 2294 3487; x_wconf 89' lang='lat' dir='ltr'><strong>de</strong></span> <span class='ocrx_word' id='word_1_329' title='bbox 2323 3424 2549 3487; x_wconf 89' lang='lat' dir='ltr'><strong>dolore</strong></span> <span class='ocrx_word' id='word_1_330' title='bbox 2586 3422 2901 3505; x_wconf 79' lang='lat' dir='ltr'><strong>gaudeat3</strong></span> <span class='ocrx_word' id='word_1_331' title='bbox 2942 3424 3007 3485; x_wconf 90' lang='lat' dir='ltr'><strong>et</strong></span> <span class='ocrx_word' id='word_1_332' title='bbox 3043 3439 3175 3485; x_wconf 91' lang='lat' dir='ltr'><strong>non</strong></span> <span class='ocrx_word' id='word_1_333' title='bbox 3213 3422 3303 3485; x_wconf 90' lang='lat' dir='ltr'><strong>sit</strong></span> <span class='ocrx_word' id='word_1_334' title='bbox 3334 3422 3496 3485; x_wconf 82' lang='lat' dir='ltr'><strong>satis</strong></span> <span class='ocrx_word' id='word_1_335' title='bbox 3533 3420 3709 3501; x_wconf 90' lang='lat' dir='ltr'><strong>quod</strong></span> <span class='ocrx_word' id='word_1_336' title='bbox 3743 3419 3989 3500; x_wconf 87' lang='lat' dir='ltr'><strong>doleat,</strong></span> 
     </span>
     <span class='ocr_line' id='line_1_32' title="bbox 891 3532 2809 3621; baseline -0.001 -19"><span class='ocrx_word' id='word_1_337' title='bbox 891 3539 1006 3603; x_wconf 90' lang='lat' dir='ltr'><strong>sed</strong></span> <span class='ocrx_word' id='word_1_338' title='bbox 1054 3557 1136 3604; x_wconf 86' lang='lat' dir='ltr'><strong>ex</strong></span> <span class='ocrx_word' id='word_1_339' title='bbox 1182 3534 1309 3603; x_wconf 84' lang='lat' dir='ltr'><strong>fide</strong></span> <span class='ocrx_word' id='word_1_340' title='bbox 1333 3532 1594 3618; x_wconf 80' lang='lat' dir='ltr'><strong>doleat,</strong></span> <span class='ocrx_word' id='word_1_341' title='bbox 1636 3540 1702 3602; x_wconf 90' lang='lat' dir='ltr'><strong>et</strong></span> <span class='ocrx_word' id='word_1_342' title='bbox 1745 3556 1879 3603; x_wconf 91' lang='lat' dir='ltr'><strong>non</strong></span> <span class='ocrx_word' id='word_1_343' title='bbox 1927 3556 2189 3621; x_wconf 89' lang='lat' dir='ltr'><strong>semper</strong></span> <span class='ocrx_word' id='word_1_344' title='bbox 2233 3538 2526 3603; x_wconf 88' lang='lat' dir='ltr'><strong>doluisse</strong></span> <span class='ocrx_word' id='word_1_345' title='bbox 2569 3536 2809 3602; x_wconf 88' lang='lat' dir='ltr'><strong>doleat.</strong></span> 
     </span>
    </p>
   </div>
   <div class='ocr_carea' id='block_1_12' title="bbox 1615 3835 3263 3913">
    <p class='ocr_par' dir='ltr' id='par_1_12' title="bbox 1615 3835 3263 3913">
     <span class='ocr_line' id='line_1_33' title="bbox 1615 3835 3263 3913; baseline -0.002 -12"><span class='ocrx_word' id='word_1_346' title='bbox 1615 3835 1686 3901; x_wconf 89' lang='lat' dir='ltr'><strong>C.</strong></span> <span class='ocrx_word' id='word_1_347' title='bbox 1729 3838 2268 3901; x_wconf 78' lang='lat' dir='ltr'><strong>Determinatio</strong></span> <span class='ocrx_word' id='word_1_348' title='bbox 2318 3837 2825 3913; x_wconf 73' lang='lat' dir='ltr'><strong>intellioentiae</strong></span> <span class='ocrx_word' id='word_1_349' title='bbox 2870 3838 3263 3900; x_wconf 78' lang='lat' dir='ltr'><strong>dictorum.</strong></span> 
     </span>
    </p>
   </div>
   <div class='ocr_carea' id='block_1_13' title="bbox 853 4102 3997 4649">
    <p class='ocr_par' dir='ltr' id='par_1_13' title="bbox 853 4102 3997 4649">
     <span class='ocr_line' id='line_1_34' title="bbox 1022 4102 3995 4186; baseline -0.002 -17"><span class='ocrx_word' id='word_1_350' title='bbox 1022 4106 1124 4169; x_wconf 92' lang='lat' dir='ltr'><strong>De</strong></span> <span class='ocrx_word' id='word_1_351' title='bbox 1173 4104 1558 4186; x_wconf 86' lang='lat' dir='ltr'><strong>poenitentia</strong></span> <span class='ocrx_word' id='word_1_352' title='bbox 1603 4103 2068 4186; x_wconf 83' lang='lat' dir='ltr'><strong>perfectorum,</strong></span> <span class='ocrx_word' id='word_1_353' title='bbox 2109 4102 2216 4166; x_wconf 89' lang='lat' dir='ltr'><strong>vel</strong></span> <span class='ocrx_word' id='word_1_354' title='bbox 2266 4103 2348 4166; x_wconf 89' lang='lat' dir='ltr'><strong>ad</strong></span> <span class='ocrx_word' id='word_1_355' title='bbox 2394 4103 2675 4167; x_wconf 88' lang='lat' dir='ltr'><strong>salutem</strong></span> <span class='ocrx_word' id='word_1_356' title='bbox 2722 4102 3093 4182; x_wconf 87' lang='lat' dir='ltr'><strong>sufficienti,</strong></span> <span class='ocrx_word' id='word_1_357' title='bbox 3135 4102 3635 4185; x_wconf 84' lang='lat' dir='ltr'><strong>intelligendum</strong></span> <span class='ocrx_word' id='word_1_358' title='bbox 3672 4104 3773 4168; x_wconf 87' lang='lat' dir='ltr'><strong>est</strong></span> <span class='ocrx_word' id='word_1_359' title='bbox 3810 4102 3995 4185; x_wconf 85' lang='lat' dir='ltr'><strong>quod</strong></span> 
     </span>
     <span class='ocr_line' id='line_1_35' title="bbox 853 4218 3997 4303; baseline -0.002 -17"><span class='ocrx_word' id='word_1_360' title='bbox 853 4228 1095 4303; x_wconf 82' lang='lat' dir='ltr'><strong>‘supra</strong></span> <span class='ocrx_word' id='word_1_361' title='bbox 1138 4220 1331 4299; x_wconf 81' lang='lat' dir='ltr'><strong>dixit,</strong></span> <span class='ocrx_word' id='word_1_362' title='bbox 1371 4219 1622 4283; x_wconf 88' lang='lat' dir='ltr'><strong>scilicet</strong></span> <span class='ocrx_word' id='word_1_363' title='bbox 1673 4238 1687 4279; x_wconf 72' lang='grc' dir='ltr'><em>τ</em></span> <span class='ocrx_word' id='word_1_364' title='bbox 1736 4219 2133 4282; x_wconf 88' lang='lat' dir='ltr'><strong>Poenitentia</strong></span> <span class='ocrx_word' id='word_1_365' title='bbox 2180 4220 2281 4282; x_wconf 90' lang='lat' dir='ltr'><strong>est</strong></span> <span class='ocrx_word' id='word_1_366' title='bbox 2324 4219 2615 4281; x_wconf 84' lang='lat' dir='ltr'><strong>vindicta</strong></span> <span class='ocrx_word' id='word_1_367' title='bbox 2664 4235 2925 4299; x_wconf 88' lang='lat' dir='ltr'><strong>semper</strong></span> <span class='ocrx_word' id='word_1_368' title='bbox 2973 4218 3253 4299; x_wconf 87' lang='lat' dir='ltr'><strong>puniens</strong></span> <span class='ocrx_word' id='word_1_369' title='bbox 3299 4218 3476 4299; x_wconf 91' lang='lat' dir='ltr'><strong>quod</strong></span> <span class='ocrx_word' id='word_1_370' title='bbox 3522 4218 3883 4299; x_wconf 88' lang='lat' dir='ltr'><strong>commisit,</strong></span> <span class='ocrx_word' id='word_1_371' title='bbox 3930 4218 3997 4281; x_wconf 88' lang='lat' dir='ltr'><strong>et</strong></span> 
     </span>
     <span class='ocr_line' id='line_1_36' title="bbox 894 4334 3995 4418; baseline -0.002 -16"><span class='ocrx_word' id='word_1_372' title='bbox 894 4339 1023 4402; x_wconf 87' lang='lat' dir='ltr'><strong>alia</strong></span> <span class='ocrx_word' id='word_1_373' title='bbox 1059 4336 1466 4418; x_wconf 80' lang='lat' dir='ltr'><strong>hujusmodi.</strong></span> <span class='ocrx_word' id='word_1_374' title='bbox 1503 4335 1678 4399; x_wconf 91' lang='lat' dir='ltr'><strong>Illud</strong></span> <span class='ocrx_word' id='word_1_375' title='bbox 1717 4352 1897 4416; x_wconf 89' lang='lat' dir='ltr'><strong>ver0,</strong></span> <span class='ocrx_word' id='word_1_376' title='bbox 1943 4335 2013 4399; x_wconf 89' lang='lat' dir='ltr'><strong>Si</strong></span> <span class='ocrx_word' id='word_1_377' title='bbox 2057 4335 2443 4417; x_wconf 89' lang='lat' dir='ltr'><strong>poenitentia</strong></span> <span class='ocrx_word' id='word_1_378' title='bbox 2478 4335 2726 4416; x_wconf 87' lang='lat' dir='ltr'><strong>finitur,</strong></span> <span class='ocrx_word' id='word_1_379' title='bbox 2766 4334 2934 4398; x_wconf 90' lang='lat' dir='ltr'><strong>nihil</strong></span> <span class='ocrx_word' id='word_1_380' title='bbox 2971 4335 3052 4398; x_wconf 88' lang='lat' dir='ltr'><strong>de</strong></span> <span class='ocrx_word' id='word_1_381' title='bbox 3093 4336 3286 4399; x_wconf 90' lang='lat' dir='ltr'><strong>venia</strong></span> <span class='ocrx_word' id='word_1_382' title='bbox 3321 4335 3735 4417; x_wconf 89' lang='lat' dir='ltr'><strong>relinquitur,</strong></span> <span class='ocrx_word' id='word_1_383' title='bbox 3764 4336 3995 4417; x_wconf 89' lang='lat' dir='ltr'><strong>dupli-</strong></span> 
     </span>
     <span class='ocr_line' id='line_1_37' title="bbox 893 4449 3990 4533; baseline -0.001 -16"><span class='ocrx_word' id='word_1_384' title='bbox 893 4455 1054 4518; x_wconf 89' lang='lat' dir='ltr'><strong>citer</strong></span> <span class='ocrx_word' id='word_1_385' title='bbox 1082 4452 1290 4533; x_wconf 89' lang='lat' dir='ltr'><strong>accipi</strong></span> <span class='ocrx_word' id='word_1_386' title='bbox 1320 4450 1556 4531; x_wconf 86' lang='lat' dir='ltr'><strong>potest.</strong></span> <span class='ocrx_word' id='word_1_387' title='bbox 1577 4450 1647 4514; x_wconf 89' lang='lat' dir='ltr'><strong>Si</strong></span> <span class='ocrx_word' id='word_1_388' title='bbox 1671 4451 1848 4514; x_wconf 89' lang='lat' dir='ltr'><strong>enim</strong></span> <span class='ocrx_word' id='word_1_389' title='bbox 1875 4450 2069 4531; x_wconf 84' lang='lat' dir='ltr'><strong>juxta</strong></span> <span class='ocrx_word' id='word_1_390' title='bbox 2097 4450 2540 4531; x_wconf 89' lang='lat' dir='ltr'><strong>quorumdam</strong></span> <span class='ocrx_word' id='word_1_391' title='bbox 2562 4449 3366 4532; x_wconf 85' lang='lat' dir='ltr'><strong>intelligentiam,peccata</strong></span> <span class='ocrx_word' id='word_1_392' title='bbox 3393 4451 3667 4515; x_wconf 87' lang='lat' dir='ltr'><strong>dimissa</strong></span> <span class='ocrx_word' id='word_1_393' title='bbox 3688 4450 3990 4531; x_wconf 85' lang='lat' dir='ltr'><strong>redeunt,</strong></span> 
     </span>
     <span class='ocr_line' id='line_1_38' title="bbox 893 4565 3996 4649; baseline -0.001 -15"><span class='ocrx_word' id='word_1_394' title='bbox 893 4568 1084 4634; x_wconf 87' lang='lat' dir='ltr'><strong>facile</strong></span> <span class='ocrx_word' id='word_1_395' title='bbox 1123 4568 1224 4632; x_wconf 88' lang='lat' dir='ltr'><strong>est</strong></span> <span class='ocrx_word' id='word_1_396' title='bbox 1257 4565 1619 4649; x_wconf 86' lang='lat' dir='ltr'><strong>intelligere</strong></span> <span class='ocrx_word' id='word_1_397' title='bbox 1655 4565 1822 4630; x_wconf 88' lang='lat' dir='ltr'><strong>nihil</strong></span> <span class='ocrx_word' id='word_1_398' title='bbox 1860 4566 1941 4630; x_wconf 90' lang='lat' dir='ltr'><strong>de</strong></span> <span class='ocrx_word' id='word_1_399' title='bbox 1984 4567 2178 4631; x_wconf 88' lang='lat' dir='ltr'><strong>venia</strong></span> <span class='ocrx_word' id='word_1_400' title='bbox 2218 4565 2502 4647; x_wconf 90' lang='lat' dir='ltr'><strong>relinqui</strong></span> <span class='ocrx_word' id='word_1_401' title='bbox 2538 4586 2553 4628; x_wconf 76' lang='grc' dir='ltr'><strong><em>ε</em></strong></span> <span class='ocrx_word' id='word_1_402' title='bbox 2588 4565 2745 4647; x_wconf 90' lang='lat' dir='ltr'><strong>quia</strong></span> <span class='ocrx_word' id='word_1_403' title='bbox 2780 4567 3044 4649; x_wconf 85' lang='lat' dir='ltr'><strong>peccata</strong></span> <span class='ocrx_word' id='word_1_404' title='bbox 3078 4566 3355 4631; x_wconf 86' lang='lat' dir='ltr'><strong>dimissa</strong></span> <span class='ocrx_word' id='word_1_405' title='bbox 3396 4567 3634 4631; x_wconf 89' lang='lat' dir='ltr'><strong>iterum</strong></span> <span class='ocrx_word' id='word_1_406' title='bbox 3672 4566 3996 4648; x_wconf 85' lang='lat' dir='ltr'><strong>replican-</strong></span> 
     </span>
    </p>
   </div>
   <div class='ocr_carea' id='block_1_14' title="bbox 891 4682 3996 4875">
    <p class='ocr_par' dir='ltr' id='par_1_14' title="bbox 891 4682 3996 4875">
     <span class='ocr_line' id='line_1_39' title="bbox 891 4682 3996 4765; baseline -0 -15"><span class='ocrx_word' id='word_1_407' title='bbox 891 4688 1021 4751; x_wconf 88' lang='lat' dir='ltr'><strong>tur.</strong></span> <span class='ocrx_word' id='word_1_408' title='bbox 1054 4685 1240 4751; x_wconf 89' lang='lat' dir='ltr'><strong>Sicut</strong></span> <span class='ocrx_word' id='word_1_409' title='bbox 1275 4683 1452 4747; x_wconf 91' lang='lat' dir='ltr'><strong>enim</strong></span> <span class='ocrx_word' id='word_1_410' title='bbox 1490 4682 1603 4747; x_wconf 91' lang='lat' dir='ltr'><strong>ille</strong></span> <span class='ocrx_word' id='word_1_411' title='bbox 1639 4683 1755 4765; x_wconf 92' lang='lat' dir='ltr'><strong>qui</strong></span> <span class='ocrx_word' id='word_1_412' title='bbox 1802 4700 1885 4747; x_wconf 82' lang='lat' dir='ltr'><strong>ex</strong></span> <span class='ocrx_word' id='word_1_413' title='bbox 1921 4683 2237 4748; x_wconf 89' lang='lat' dir='ltr'><strong>servitute</strong></span> <span class='ocrx_word' id='word_1_414' title='bbox 2276 4684 2345 4746; x_wconf 91' lang='lat' dir='ltr'><strong>in</strong></span> <span class='ocrx_word' id='word_1_415' title='bbox 2385 4682 2751 4748; x_wconf 85' lang='lat' dir='ltr'><strong>libertatem</strong></span> <span class='ocrx_word' id='word_1_416' title='bbox 2790 4683 3301 4763; x_wconf 88' lang='lat' dir='ltr'><strong>manumittitur,</strong></span> <span class='ocrx_word' id='word_1_417' title='bbox 3338 4684 3603 4750; x_wconf 81' lang='lat' dir='ltr'><strong>interim</strong></span> <span class='ocrx_word' id='word_1_418' title='bbox 3640 4702 3787 4749; x_wconf 88' lang='lat' dir='ltr'><strong>vere</strong></span> <span class='ocrx_word' id='word_1_419' title='bbox 3826 4684 3996 4751; x_wconf 83' lang='lat' dir='ltr'><strong>liber</strong></span> 
     </span>
     <span class='ocr_line' id='line_1_40' title="bbox 891 4790 3993 4875; baseline -0.001 -16"><span class='ocrx_word' id='word_1_420' title='bbox 891 4796 1012 4875; x_wconf 90' lang='lat' dir='ltr'><strong>est,</strong></span> <span class='ocrx_word' id='word_1_421' title='bbox 1055 4795 1120 4858; x_wconf 92' lang='lat' dir='ltr'><strong>et</strong></span> <span class='ocrx_word' id='word_1_422' title='bbox 1165 4793 1384 4855; x_wconf 88' lang='lat' dir='ltr'><strong>tamen</strong></span> <span class='ocrx_word' id='word_1_423' title='bbox 1435 4792 1702 4873; x_wconf 90' lang='lat' dir='ltr'><strong>propter</strong></span> <span class='ocrx_word' id='word_1_424' title='bbox 1751 4790 2069 4855; x_wconf 85' lang='lat' dir='ltr'><strong>offensam</strong></span> <span class='ocrx_word' id='word_1_425' title='bbox 2116 4791 2187 4853; x_wconf 90' lang='lat' dir='ltr'><strong>in</strong></span> <span class='ocrx_word' id='word_1_426' title='bbox 2240 4790 2623 4855; x_wconf 87' lang='lat' dir='ltr'><strong>servitutem</strong></span> <span class='ocrx_word' id='word_1_427' title='bbox 2682 4792 2911 4873; x_wconf 85' lang='lat' dir='ltr'><strong>postea</strong></span> <span class='ocrx_word' id='word_1_428' title='bbox 2964 4794 3342 4873; x_wconf 85' lang='lat' dir='ltr'><strong>revocatur3</strong></span> <span class='ocrx_word' id='word_1_429' title='bbox 3391 4793 3488 4857; x_wconf 89' lang='lat' dir='ltr'><strong>sic</strong></span> <span class='ocrx_word' id='word_1_430' title='bbox 3532 4794 3598 4857; x_wconf 86' lang='lat' dir='ltr'><strong>et</strong></span> <span class='ocrx_word' id='word_1_431' title='bbox 3646 4792 3993 4875; x_wconf 86' lang='lat' dir='ltr'><strong>poenitenti</strong></span> 
     </span>
    </p>
   </div>
   <div class='ocr_carea' id='block_1_15' title="bbox 889 4906 3991 5337">
    <p class='ocr_par' dir='ltr' id='par_1_15' title="bbox 889 4906 3991 5337">
     <span class='ocr_line' id='line_1_41' title="bbox 889 4906 3987 4993; baseline -0.001 -18"><span class='ocrx_word' id='word_1_432' title='bbox 889 4910 1154 4993; x_wconf 85' lang='lat' dir='ltr'><strong>peccata</strong></span> <span class='ocrx_word' id='word_1_433' title='bbox 1179 4924 1333 4972; x_wconf 88' lang='lat' dir='ltr'><strong>vere</strong></span> <span class='ocrx_word' id='word_1_434' title='bbox 1361 4906 1808 4988; x_wconf 89' lang='lat' dir='ltr'><strong>dimittuntur,</strong></span> <span class='ocrx_word' id='word_1_435' title='bbox 1833 4906 2147 4971; x_wconf 87' lang='lat' dir='ltr'><strong>ettamen</strong></span> <span class='ocrx_word' id='word_1_436' title='bbox 2183 4909 2451 4989; x_wconf 86' lang='lat' dir='ltr'><strong>propter</strong></span> <span class='ocrx_word' id='word_1_437' title='bbox 2478 4906 2797 4971; x_wconf 87' lang='lat' dir='ltr'><strong>offensam</strong></span> <span class='ocrx_word' id='word_1_438' title='bbox 2826 4924 2973 4988; x_wconf 86' lang='lat' dir='ltr'><strong>quae</strong></span> <span class='ocrx_word' id='word_1_439' title='bbox 3012 4908 3385 4989; x_wconf 85' lang='lat' dir='ltr'><strong>replicatur,</strong></span> <span class='ocrx_word' id='word_1_440' title='bbox 3422 4909 3661 4973; x_wconf 90' lang='lat' dir='ltr'><strong>iterum</strong></span> <span class='ocrx_word' id='word_1_441' title='bbox 3688 4908 3987 4972; x_wconf 86' lang='lat' dir='ltr'><strong>redeunt.</strong></span> 
     </span>
     <span class='ocr_line' id='line_1_42' title="bbox 890 5022 3989 5106; baseline -0.001 -14"><span class='ocrx_word' id='word_1_442' title='bbox 890 5028 959 5094; x_wconf 90' lang='lat' dir='ltr'><strong>Si</strong></span> <span class='ocrx_word' id='word_1_443' title='bbox 989 5042 1144 5090; x_wconf 89' lang='lat' dir='ltr'><strong>vero</strong></span> <span class='ocrx_word' id='word_1_444' title='bbox 1181 5041 1316 5088; x_wconf 91' lang='lat' dir='ltr'><strong>non</strong></span> <span class='ocrx_word' id='word_1_445' title='bbox 1352 5022 1563 5087; x_wconf 88' lang='lat' dir='ltr'><strong>redire</strong></span> <span class='ocrx_word' id='word_1_446' title='bbox 1591 5023 1914 5102; x_wconf 85' lang='lat' dir='ltr'><strong>dicantur,</strong></span> <span class='ocrx_word' id='word_1_447' title='bbox 1950 5040 2106 5086; x_wconf 86' lang='lat' dir='ltr'><strong>sane</strong></span> <span class='ocrx_word' id='word_1_448' title='bbox 2144 5024 2364 5105; x_wconf 90' lang='lat' dir='ltr'><strong>potest</strong></span> <span class='ocrx_word' id='word_1_449' title='bbox 2396 5022 2551 5103; x_wconf 90' lang='lat' dir='ltr'><strong>dici,</strong></span> <span class='ocrx_word' id='word_1_450' title='bbox 2584 5023 2785 5087; x_wconf 89' lang='lat' dir='ltr'><strong>etiam</strong></span> <span class='ocrx_word' id='word_1_451' title='bbox 2822 5023 2917 5086; x_wconf 88' lang='lat' dir='ltr'><strong>sic</strong></span> <span class='ocrx_word' id='word_1_452' title='bbox 2952 5023 3122 5086; x_wconf 88' lang='lat' dir='ltr'><strong>nihil</strong></span> <span class='ocrx_word' id='word_1_453' title='bbox 3156 5024 3237 5087; x_wconf 91' lang='lat' dir='ltr'><strong>de</strong></span> <span class='ocrx_word' id='word_1_454' title='bbox 3264 5026 3459 5088; x_wconf 91' lang='lat' dir='ltr'><strong>venia</strong></span> <span class='ocrx_word' id='word_1_455' title='bbox 3492 5024 3773 5106; x_wconf 90' lang='lat' dir='ltr'><strong>relinqui</strong></span> <span class='ocrx_word' id='word_1_456' title='bbox 3805 5044 3825 5086; x_wconf 74' lang='grc' dir='ltr'><strong><em>ε</em></strong></span> <span class='ocrx_word' id='word_1_457' title='bbox 3854 5042 3989 5090; x_wconf 89' lang='lat' dir='ltr'><strong>non</strong></span> 
     </span>
     <span class='ocr_line' id='line_1_43' title="bbox 890 5138 3991 5226; baseline -0.001 -19"><span class='ocrx_word' id='word_1_458' title='bbox 890 5142 1068 5226; x_wconf 88' lang='lat' dir='ltr'><strong>quod</strong></span> <span class='ocrx_word' id='word_1_459' title='bbox 1107 5142 1384 5205; x_wconf 87' lang='lat' dir='ltr'><strong>dimissa</strong></span> <span class='ocrx_word' id='word_1_460' title='bbox 1423 5140 1687 5221; x_wconf 88' lang='lat' dir='ltr'><strong>peccata</strong></span> <span class='ocrx_word' id='word_1_461' title='bbox 1722 5138 1963 5203; x_wconf 90' lang='lat' dir='ltr'><strong>iterum</strong></span> <span class='ocrx_word' id='word_1_462' title='bbox 2003 5138 2435 5221; x_wconf 89' lang='lat' dir='ltr'><strong>imputentur,</strong></span> <span class='ocrx_word' id='word_1_463' title='bbox 2476 5139 2593 5203; x_wconf 89' lang='lat' dir='ltr'><strong>sed</strong></span> <span class='ocrx_word' id='word_1_464' title='bbox 2633 5139 2790 5221; x_wconf 85' lang='lat' dir='ltr'><strong>quia</strong></span> <span class='ocrx_word' id='word_1_465' title='bbox 2825 5141 3093 5222; x_wconf 89' lang='lat' dir='ltr'><strong>propter</strong></span> <span class='ocrx_word' id='word_1_466' title='bbox 3128 5140 3664 5221; x_wconf 86' lang='lat' dir='ltr'><strong>ingratitudinem</strong></span> <span class='ocrx_word' id='word_1_467' title='bbox 3709 5141 3800 5205; x_wconf 83' lang='lat' dir='ltr'><strong>ita</strong></span> <span class='ocrx_word' id='word_1_468' title='bbox 3835 5158 3991 5206; x_wconf 87' lang='lat' dir='ltr'><strong>reus</strong></span> 
     </span>
     <span class='ocr_line' id='line_1_44' title="bbox 889 5256 2605 5337; baseline -0.005 -9"><span class='ocrx_word' id='word_1_469' title='bbox 889 5263 956 5328; x_wconf 91' lang='lat' dir='ltr'><strong>et</strong></span> <span class='ocrx_word' id='word_1_470' title='bbox 995 5256 1384 5325; x_wconf 87' lang='lat' dir='ltr'><strong>immundus</strong></span> <span class='ocrx_word' id='word_1_471' title='bbox 1431 5256 1873 5337; x_wconf 86' lang='lat' dir='ltr'><strong>constituitur,</strong></span> <span class='ocrx_word' id='word_1_472' title='bbox 1913 5272 1989 5321; x_wconf 88' lang='lat' dir='ltr'><strong>ac</strong></span> <span class='ocrx_word' id='word_1_473' title='bbox 2034 5256 2092 5321; x_wconf 87' lang='lat' dir='ltr'><strong>si</strong></span> <span class='ocrx_word' id='word_1_474' title='bbox 2141 5256 2255 5320; x_wconf 89' lang='lat' dir='ltr'><strong>illa</strong></span> <span class='ocrx_word' id='word_1_475' title='bbox 2298 5256 2605 5321; x_wconf 90' lang='lat' dir='ltr'><strong>redirent.</strong></span> 
     </span>
    </p>
   </div>
  </div>
 </body>
</html>
