4267 6250
58 1466 60 1525 ζ
115 1481 315 1533 reeta-m.

801 516 892 563 ΔΝ
931 516 1100 565 BONO
1139 515 1340 572 omar
1378 513 1787 563 sursum!
1825 514 1943 563 mo
1983 515 2105 564 UNO
2146 516 2413 567 PEGGATO
2452 520 2593 569 snm
2633 521 2795 581 Ano,
2834 522 2963 571 HC.

3310 508 3431 573 387

337 681 480 744 dare
525 683 606 745 de
647 700 800 759 uno,
833 702 962 747 non
1001 703 1070 747 se
1109 684 1508 747 emendando
1544 684 1624 747 de
1659 682 1824 749 aliis.
1856 683 1908 747 A
1937 690 2147 749 tutum
2198 687 2263 750 in
2312 707 2441 751 una
2494 690 2719 771 gratia,
2770 712 2911 774 quae
2957 691 3129 757 delet
3174 709 3434 757 omnem

335 813 412 825 --
447 780 707 855 RursuS‚
739 781 942 845 durus
979 789 1147 845 esset
1184 783 1376 845 homo
1415 780 1526 863 qui
1567 798 1694 845 non
1735 799 1830 843 re-

337 876 572 959 ciperet
616 878 1006 943 solutionem
1051 886 1116 943 et
1161 878 1662 943 satisfactionem
1709 897 1828 961 pro

339 992 458 1035 una
498 982 676 1058 parte
720 977 925 1040 debiti
968 977 1096 1041 sibi
1137 976 1422 1059 obligati,
1463 977 1588 1039 nisi
1630 985 1696 1039 et
1737 985 1826 1039 to-

335 1080 464 1135 tum
494 1074 734 1155 pariter
761 1075 1134 1139 solveretur.
1169 1076 1334 1157 Ergo
1368 1074 1572 1139 multo
1607 1074 1824 1137 minus

334 1171 448 1235 hoc
487 1174 670 1235 decet
709 1174 1272 1257 superpiissimum
1315 1175 1537 1237 Deum.

405 1272 672 1353 Insuper
717 1272 976 1334 videtur
1019 1272 1190 1355 quod
1241 1271 1612 1355 poenitentia
1660 1271 1823 1334 facta

335 1367 396 1429 in
443 1368 718 1443 mortali,
761 1370 845 1432 sit
880 1370 1092 1433 valida
1133 1387 1147 1433 :
1187 1371 1344 1433 alias
1381 1370 1556 1431 enim
1597 1387 1819 1432 omnes

335 1485 614 1531 essemus
659 1468 729 1531 in
775 1469 1000 1550 grandi
1043 1469 1353 1551 periculo,
1398 1488 1599 1550 quum
1645 1467 1819 1549 igno-

333 1583 539 1629 remus
597 1586 676 1629 an
735 1567 915 1648 digni
973 1568 1176 1630 simus
1231 1584 1448 1630 amore
1511 1586 1592 1629 an
1649 1567 1816 1629 odio.

332 1664 656 1749 Quumque
709 1666 1060 1729 mortaliter
1106 1674 1328 1748 peccet
1372 1666 1484 1748 qui
1531 1684 1600 1727 se
1647 1682 1818 1727 com-

333 1762 517 1825 mittit
545 1764 930 1839 discrimini,
959 1772 1279 1846 oporteret
1311 1782 1428 1827 nos
1466 1764 1820 1827 indesinen-

1937 784 2191 866 culpam
2242 788 2596 862 mortalem,
2650 808 2851 871 quum
2900 790 3131 853 habeat
3177 808 3436 855 omnem

1935 882 2239 947 virtutem
2288 884 2412 948 sibi
2460 906 2811 968 annexam3
2859 896 2924 952 et
2971 888 3127 952 item
3176 898 3439 973 propter

1935 980 2219 1045 divinam
2273 983 2647 1065 largitatem,
2698 1005 2841 1069 quae
2888 1005 3294 1069 nequaquam
3344 1006 3438 1051 se-

1935 1079 2219 1141 cundum
2248 1088 2493 1163 partem
2521 1084 2863 1165 gratificat,
2896 1084 3027 1148 imo
3053 1103 3311 1149 omnem
3344 1085 3436 1149 of-

1933 1174 2181 1240 fensam
2212 1178 2403 1242 simul
2436 1182 2786 1263 condonat3
2818 1191 2883 1246 et
2922 1203 3143 1246 rursus
3174 1192 3438 1266 propter

1933 1281 2193 1355 peccata
2224 1277 2528 1352 mortalia,
2544 1298 2687 1361 quae
2713 1282 2931 1344 omnia
2957 1281 3437 1345 communicant

1933 1370 2000 1433 in
2027 1374 2360 1437 aversione
2397 1384 2587 1458 atque
2627 1386 2996 1461 contemptu
3037 1380 3172 1455 Dei,
3206 1388 3271 1443 et
3296 1398 3433 1444 om-

1931 1470 2039 1532 nia
2065 1478 2217 1532 sunt
2246 1480 2464 1536 contra
2494 1475 2697 1537 Deum
2726 1484 2791 1538 et
2820 1486 3039 1541 contra
3076 1498 3300 1541 unum.
3335 1479 3431 1542 Id-

1929 1567 2122 1642 circo,
2162 1570 2217 1631 si
2256 1571 2423 1634 Deus
2463 1574 2819 1636 remitteret
2864 1576 3123 1658 culpam
3170 1576 3251 1641 de
3301 1596 3431 1641 uno

1927 1665 2066 1728 sine
2112 1668 2261 1741 alio,
2313 1669 2367 1731 is
2422 1671 2525 1731 cui
2586 1673 2953 1747 remittitur,
3006 1673 3202 1737 simul
3260 1682 3429 1737 esset

1925 1765 2171 1827 amicus
2200 1773 2265 1827 et
2304 1767 2629 1843 inimicus,
2663 1788 3007 1834 conversus
3046 1780 3113 1834 et
3138 1791 3423 1847 aversuS,

329 1868 418 1923 ter
443 1863 744 1926 reiterare
770 1864 1214 1945 poenitentiam
1237 1863 1416 1926 nobis
1443 1862 1810 1943 injunctam,
1849 1862 1896 1925 B
1926 1863 2373 1927 reconciliatus
2401 1873 2467 1929 et
2502 1884 2629 1930 non
2670 1869 3136 1932 reconciliatus.
3168 1871 3316 1933 Ideo
3356 1870 3421 1933 in

328 1978 516 2040 quum
565 1962 770 2023 simus
829 1961 1056 2024 incerti
1103 1980 1184 2024 an
1235 1980 1374 2024 eam
1427 1981 1504 2024 ex
1553 1962 1813 2024 caritate

328 2058 720 2122 solverimus

399 2157 636 2221 Deinde
675 2166 941 2241 apparet
979 2159 1148 2240 quod
1192 2176 1388 2241 opera
1431 2158 1596 2221 facta
1637 2166 1814 2222 extra

330 2256 668 2330 caritatem,
700 2275 830 2320 non
870 2256 1002 2319 sint
1037 2257 1362 2320 meritoria
1397 2256 1672 2338 alicujus
1706 2256 1814 2321 bo-

328 2354 410 2427 ni,
439 2373 555 2417 nec
585 2354 970 2419 minorativa
995 2354 1272 2435 alicujus
1307 2355 1632 2438 supplicii.
1666 2355 1812 2419 Pec-

1923 1960 2303 2025 Ecclesiaste
2341 1963 2612 2026 habetur
2644 1983 2659 2027 :
2691 1966 2807 2039 Qui
2849 1967 2913 2029 in
2956 1984 3083 2031 uno
3121 1986 3422 2050 peccave-
3471 1988 3701 2044 Euan,

1922 2059 2026 2132 rit,
2059 2061 2261 2123 multa
2308 2061 2475 2125 bona
2524 2064 2764 2145 perdet.
2810 2064 2887 2127 Et
2934 2065 2999 2127 B.
3031 2065 3303 2129 Jacobus
3352 2067 3418 2130 in
3447 2052 3515 2095 ¹⁸·
3716 2130 3727 2141 ,

1923 2176 2038 2220 sua
2082 2158 2173 2221 ait
2221 2158 2537 2223 Canonica
2587 2177 2601 2223 :
2653 2160 2770 2235 Qui
2818 2161 3091 2225 offendit
3150 2164 3216 2225 in
3266 2181 3417 2239 une,
3485 2184 3639 2231 socon.
3668 2200 3713 2239 n.

1921 2255 2127 2319 factus
2156 2265 2254 2320 est
2281 2258 2569 2321 omnium
2604 2278 2771 2322 reus.
2794 2260 3105 2333 Quoniam
3136 2262 3247 2343 qui
3279 2281 3423 2345 pec-
3450 2250 3517 2292 ¹⁰·

1923 2362 2024 2417 cat
2073 2355 2141 2417 in
2191 2374 2340 2431 uno,
2373 2376 2501 2421 non
2548 2358 2856 2421 satisfacit
2902 2377 3017 2441 pro
3064 2360 3303 2442 aliquo,
3345 2379 3423 2425 eo

331 2458 490 2514 cator
517 2472 818 2536 namque,
833 2453 1188 2515 secundum
1220 2454 1642 2535 Augustinum
1655 2502 1668 2527 ,
1683 2472 1810 2517 non

331 2557 417 2610 est
441 2551 670 2632 dignus
701 2569 832 2634 quo
860 2552 1142 2615 vescitur
1171 2570 1352 2634 pane.
1372 2587 1455 2597 —
1483 2552 1562 2613 Et
1588 2571 1626 2613 a
1655 2570 1814 2615 mor-

331 2654 428 2709 tuo
463 2656 526 2710 et
563 2649 947 2732 displicente
985 2657 1050 2712 et
1088 2650 1236 2713 odio
1273 2649 1511 2723 habito,
1542 2667 1672 2713 non
1707 2668 1814 2732 po-

1921 2453 2092 2533 quod
2142 2453 2209 2517 in
2258 2455 2435 2517 omni
2484 2463 2745 2537 peccato
2792 2475 2959 2519 unus
3006 2457 3359 2521 offenditur
3401 2476 3417 2521 :

1923 2550 2053 2612 imo
2084 2550 2148 2612 in
2179 2551 2479 2615 omnibus
2510 2553 2785 2634 peccatis
2824 2573 2991 2617 unus
3018 2562 3085 2619 et
3123 2555 3293 2618 idem
3326 2556 3422 2619 in-

1920 2647 2287 2722 honoratur,
2320 2649 2703 2731 relinquitur
2732 2659 2923 2734 atque
2952 2654 3419 2735 contemnitur;

1920 2752 1984 2807 et
2043 2745 2441 2829 impossibile
2488 2754 2586 2809 est
2641 2748 2813 2829 quod
2869 2750 3036 2812 Deus
3084 2750 3279 2813 simul
3337 2752 3422 2814 sit

1917 2843 2167 2906 amicus
2226 2852 2291 2906 et
2346 2844 2647 2907 inimicus
2710 2846 3022 2926 ejusdem.
3084 2848 3245 2911 Hinc
3304 2868 3423 2933 per

327 2754 440 2808 test
466 2750 812 2830 procedere
845 2766 1008 2831 opus
1042 2756 1378 2833 acceptum
1419 2749 1478 2813 ei
1517 2749 1629 2831 qui
1663 2750 1812 2813 odio

327 2844 502 2908 habet
551 2847 754 2909 illum.
799 2847 923 2910 Sed
969 2847 1081 2929 qui
1131 2848 1198 2910 in
1239 2846 1491 2910 mortali
1539 2855 1636 2911 est
1681 2847 1813 2910 cul-

328 2961 420 3023 pa,
449 2952 547 3007 est
575 2944 993 3028 spiritualiter
1023 2953 1334 3021 mortuuS,
1356 2963 1433 3009 ac
1462 2946 1810 3028 displicens
1917 2942 2147 3005 lsaiam
2194 2943 2504 3007 Dominus
2552 2944 2833 3027 loquitur
2876 2963 2891 3009 :
2936 2946 3097 3010 Ecce
3143 2948 3221 3011 ad
3272 2966 3419 3012 con-
3466 2971 3711 3026 ιιινιιμ.

328 3040 446 3103 Deo
487 3050 552 3105 et
593 3042 893 3106 inimicus
933 3044 1095 3125 ejus.
1135 3079 1218 3089 —
1253 3044 1567 3126 AmpliuS‚
1610 3063 1809 3126 quum
1842 3040 1886 3106 C
1919 3042 2237 3105 tentiones
2274 3050 2341 3105 et
2384 3042 2525 3105 lites
2564 3042 2903 3136 jejqunatis3
2936 3047 3252 3130 numquid
3294 3048 3421 3113 tale
3446 3037 3491 3079 ⁵·

329 3158 504 3220 poena
550 3141 783 3205 inferni
837 3142 1024 3206 finita
1071 3144 1155 3206 sit
1203 3142 1542 3216 intensive,
1593 3143 1648 3204 si
1697 3162 1812 3226 per
1919 3149 2016 3203 est
2053 3140 2379 3222 jejunium
2423 3143 2593 3223 quod
2636 3143 2845 3224 elegi?
2878 3144 3217 3226 Gregorius
3264 3164 3420 3228 quo-

329 3255 508 3320 opera
555 3239 721 3303 bona
767 3247 948 3303 extra
987 3241 1314 3304 caritatem
1361 3240 1525 3304 facta
1567 3241 1812 3304 minue·
1919 3258 2044 3321 que
2094 3240 2161 3302 in
2210 3239 2477 3302 homilia
2510 3256 2525 3302 z
2558 3240 2678 3313 Qui
2726 3242 2819 3304 sic
2864 3243 2990 3305 alia
3037 3244 3301 3326 plangit,
3348 3252 3421 3307 ut

329 3345 510 3410 retur,
553 3345 766 3421 posset
805 3340 1067 3402 tandem
1117 3359 1234 3422 per
1275 3358 1350 3402 ea
1391 3339 1667 3403 totaliter
1707 3359 1812 3402 ex·
1917 3336 2044 3401 alia
2089 3338 2466 3413 committat,
2510 3339 2951 3420 poenitentiam
3000 3359 3187 3422 agere
3232 3343 3419 3406 dissi-

329 3435 476 3516 piari
517 3455 592 3499 ac
629 3436 790 3500 tolli.
1920 3436 2120 3498 mulat
2157 3443 2266 3499 aut
2296 3435 2563 3516 ignorat.
2598 3435 2727 3499 Hoc
2766 3438 2961 3501 etiam
3000 3439 3243 3502 ratione
3274 3458 3417 3522 pro-

397 3534 464 3597 ln
501 3535 867 3617 oppositum
911 3544 1028 3610 est,
1061 3537 1232 3619 quod
1270 3536 1524 3599 nullum
1567 3536 1806 3599 bonum
1918 3532 2105 3596 batur
2152 3551 2167 3596 :
2214 3533 2365 3615 quia
2412 3533 2479 3595 in
2526 3534 2647 3596 hoc
2705 3543 3003 3616 peccator
3044 3537 3275 3618 dignus
3320 3543 3419 3600 est

326 3641 412 3694 est
440 3635 1012 3716 irremuneratum3
1045 3643 1108 3698 et
1146 3637 1316 3717 quod
1356 3637 1524 3698 Deus
1553 3653 1682 3698 non
1713 3641 1810 3696 est

325 3732 570 3812 pronior
621 3733 702 3796 ad
760 3732 1158 3815 puniendum
1221 3753 1412 3816 quam
1480 3733 1559 3796 ad
1627 3733 1808 3814 igno-

325 3832 634 3894 scendum.

395 4027 569 4090 Circa
595 4027 734 4092 haec
763 4027 988 4091 scribit
1017 4028 1458 4092 Bonaventura
1489 4044 1506 4090 t
1538 4026 1806 4101 Quidam

324 4123 607 4189 dixerunt
634 4127 714 4190 de
741 4145 868 4191 uno
897 4134 1156 4209 peccato
1183 4124 1672 4189 satisfactionem
1699 4123 1808 4187 fie-

1915 3649 2126 3714 poena,
2161 3630 2330 3712 quod
2362 3631 2427 3692 in
2458 3649 2527 3693 se
2558 3630 2901 3713 imaginem
2932 3633 3043 3697 Dei
3078 3634 3411 3698 deformat.

1915 3729 2080 3811 Ergo
2111 3747 2237 3792 non
2266 3728 2573 3791 satisfacit
2602 3729 2727 3791 nisi
2756 3748 2872 3812 per
2900 3730 3415 3795 reformationem

1917 3827 2237 3909 imaginis,
2280 3846 2421 3909 quae
2465 3844 2593 3889 non
2638 3826 3020 3891 reformatur
3066 3828 3189 3890 nisi
3237 3829 3415 3893 omni

1915 3926 2168 3990 mortali
2200 3932 2460 4008 peccato
2489 3925 2925 3989 excluso.11aec
2954 3926 3407 3990 Bonaventura.

1994 4025 2112 4099 Qui
2154 4030 2619 4105 consequenter
2658 4024 3049 4106 respondens
3092 4025 3171 4087 ad
3215 4024 3411 4100 istud,

1916 4131 2130 4185 utrum
2164 4122 2355 4186 homo
2382 4121 2734 4196 abstinens,
2766 4140 2880 4184 seu
2909 4121 3035 4184 alia
3062 4123 3411 4188 satisfacto·

324 4221 371 4282 ri
401 4241 605 4305 posse,
639 4232 970 4307 peccatore
999 4224 1341 4288 exsistente
1372 4224 1438 4286 in
1474 4223 1623 4299 alio,
1654 4223 1806 4306 quia
1835 4227 1884 4290 D
1915 4221 2008 4283 ria
2037 4228 2103 4282 et
2141 4219 2606 4302 poenitentialia
2641 4237 2835 4302 opera
2869 4227 3047 4283 extra
3086 4221 3413 4286 caritatem

324 4319 624 4384 immensa
666 4321 778 4385 Dei
829 4321 1184 4404 benignitas
1225 4329 1514 4403 acceptat
1559 4321 1804 4384 satisfa-

323 4419 586 4483 ctionem
645 4419 1119 4502 quantumlibet
1175 4419 1510 4483 modicam.
1566 4420 1802 4483 Verum

321 4515 382 4577 bi
427 4536 551 4581 non
599 4518 1028 4593 adverterunt,
1081 4518 1235 4601 quid
1283 4518 1365 4580 sit
1413 4517 1796 4581 satisfacere.

319 4613 462 4678 Nam
499 4616 864 4680 satisfacere
903 4634 1033 4679 non
1071 4616 1276 4678 solum
1317 4615 1604 4696 designat
1651 4617 1802 4679 tole-

319 4713 612 4777 rationem
643 4733 848 4797 poenae
875 4732 994 4796 pro
1023 4714 1230 4796 culpa.
1265 4713 1400 4778 Non
1430 4715 1606 4778 enim
1635 4714 1800 4778 Deus

316 4809 652 4876 delectatur
679 4813 918 4876 directe
950 4813 1013 4875 in
1046 4813 1254 4894 poenis
1292 4813 1547 4887 nostri3‚
1581 4814 1692 4875 sed
1732 4813 1798 4876 in

311 4906 546 4987 justitia
586 4911 932 4975 voluntatis
973 4919 1039 4974 et
1087 4910 1626 4984 reconciliatione,
1659 4930 1802 4993 quae

314 5010 510 5089 agitur
555 5029 673 5094 per
717 5011 986 5074 virtutes
1032 5017 1096 5073 et
1153 5027 1268 5092 per
1315 5010 1798 5073 conversionem

319 5110 536 5172 mentis
583 5109 661 5171 ad
721 5108 956 5192 ipsum.
1007 5108 1184 5184 Quod
1231 5126 1372 5172 esse
1420 5125 1548 5172 non
1595 5115 1802 5190 potest

319 5208 610 5286 quamdiu
638 5207 897 5289 aliquod
927 5215 1262 5290 peccatum
1293 5207 1558 5270 mortale
1589 5213 1804 5270 manet

323 5302 382 5366 in
409 5306 588 5370 nobis
607 5323 624 5368 :
641 5313 707 5370 et
733 5306 878 5381 hoc,
893 5314 1152 5390 propter
1179 5307 1645 5372 connexionem
1674 5305 1800 5369 vir-

1913 4337 2240 4393 exercenS,
2272 4318 2619 4382 satisfaciat
2646 4335 2763 4400 pro
2800 4318 3100 4401 peccatiS,
3132 4319 3254 4384 hoc
3292 4327 3409 4395 est,

1912 4427 2130 4481 utrum
2162 4417 2353 4482 homo
2382 4418 2694 4482 contritus
2722 4425 2788 4480 et
2814 4417 3145 4482 confessus
3180 4437 3253 4482 ac
3282 4437 3413 4503 poe-

1911 4517 2245 4580 nitentiam
2281 4516 2404 4578 sibi
2435 4516 2783 4597 injunctam
2815 4517 2880 4579 in
2912 4517 3173 4581 caritate
3202 4517 3411 4582 facere

1911 4615 2239 4690 inchoanS,
2290 4623 2353 4678 et
2398 4623 2545 4678 ante
2596 4614 2737 4696 ejus
2795 4616 3289 4698 completionem
3341 4619 3409 4680 in

1911 4713 2177 4778 mortale
2222 4714 2450 4777 vitium
2512 4731 2839 4788 corruens,
2890 4715 3235 4778 satisfaciat
3291 4734 3409 4799 pro

1908 4812 2038 4875 illis
2077 4811 2409 4885 confessiS,
2452 4811 2881 4874 continuando
2924 4819 2988 4874 et
3029 4813 3410 4895 complendo

1909 4911 2407 4974 satisfactionem
2452 4910 2577 4973 sibi
2624 4910 2980 4992 injunctam
3024 4929 3040 4973 ε
3082 4910 3409 4974 Satisface-

1912 5029 2001 5083 re,
2049 5010 2279 5092 inquit,
2328 5029 2405 5072 ex
2456 5027 2571 5072 sua
2618 5008 3087 5090 significatione
3136 5008 3409 5073 includit

1909 5109 2022 5171 Dei
2060 5107 2563 5190 acceptationem
2602 5115 2667 5172 et
2706 5108 3287 5171 reconciliationem
3332 5127 3405 5171 ac

1908 5207 2278 5270 amicitiam.
2328 5207 2663 5290 Quumque
2716 5207 2857 5268 sine
2908 5206 3109 5287 gratia
3153 5215 3403 5288 gratum

1908 5305 2186 5369 faciente
2222 5313 2287 5368 et
2324 5304 2583 5369 caritate
2624 5303 3022 5386 impossibile
3062 5305 3147 5368 sit
3184 5324 3403 5389 quem-
