4267 6250
623 5019 707 5060 nrt.
727 5017 770 5060 ὃ.

845 468 968 534 400

1498 490 1564 535 m
1602 489 1826 536 Lunum
1867 489 1928 535 IV
1969 486 2454 535 summanum
2492 504 2574 515 -
2614 487 2768 533 ms'r.
2808 485 2931 550 xv;
2974 487 3199 543 Qufflsr.
3242 487 3303 534 lv

845 654 1186 718 utilitatem
1237 655 1379 736 ejus
1428 657 1532 719 cui
1581 657 1658 719 fit
1695 658 1873 739 (nam
1921 663 2152 720 cuncta
2198 676 2341 739 quae
2369 656 2422 719 A
2451 656 2543 719 rei
2583 656 2805 720 alienae
2844 662 3051 738 potest
3086 654 3427 739 tripliciter
3464 673 3532 718 se
3562 654 3816 717 habere.
3854 654 3961 716 In-

843 754 1243 836 possidemus
1275 755 1395 817 sub
1426 756 1668 819 ratione
1699 755 1876 818 utilis
1913 756 2215 837 cadunt);
2249 755 2341 817 id-

843 852 1032 926 circO,
1048 852 1202 914 dum
1233 871 1333 915 res
1364 854 1755 917 restituenda
1782 854 2037 916 videtur
2063 853 2341 935 graviter

841 950 1031 1012 noxia
1073 950 1132 1012 ei
1183 951 1284 1013 cui
1331 959 1500 1014 esset
1547 951 1938 1015 restituenda
1981 952 2084 1015 vel
2130 951 2337 1025 alteri,

842 1066 970 1111 non
1000 1056 1098 1111 est
1125 1067 1242 1131 pro
1271 1058 1424 1111 tunc
1457 1049 1552 1111 illi
1593 1050 2002 1113 restituenda.
2039 1049 2342 1112 Detinens

841 1164 993 1210 vero
1021 1165 1184 1221 eam,
1203 1165 1333 1210 non
1362 1146 1552 1210 debet
1578 1166 1721 1211 eam
1749 1146 1874 1210 sibi
1903 1147 2339 1230 appropriare,

843 1244 953 1306 sed
998 1244 1099 1306 vel
1143 1263 1488 1319 reservare,
1539 1253 1610 1307 ut
1651 1264 1792 1308 eam
1838 1262 2118 1326 congruo
2168 1245 2344 1308 resti-

843 1348 982 1404 tuat
1009 1349 1319 1425 tempore,
1351 1343 1456 1405 vel
1485 1342 1640 1405 alibi
1670 1342 1918 1406 tradere
1955 1343 2158 1405 tutius
2198 1361 2343 1406 con-

843 1441 1238 1503 servandam.
1274 1441 1508 1504 Verum
1542 1441 1642 1503 his
1672 1440 1869 1522 objici
1909 1447 2141 1523 potest,
2172 1440 2342 1523 quod

845 1538 1194 1601 simoniace
1243 1539 1583 1621 recipiens,
1635 1539 1860 1601 illicite
1910 1539 2164 1622 recipit,
2214 1557 2341 1602 non

844 1642 1060 1699 tamen
1090 1637 1280 1700 debet
1309 1638 1643 1700 restituere
1673 1637 1862 1700 danti.
1879 1638 2188 1701 Similiter
2216 1657 2345 1701 me·

847 1735 1043 1797 retrix
1073 1736 1298 1799 vitiose
1331 1736 1561 1819 recipit
1587 1735 1866 1819 pretium
1906 1736 2189 1819 corporis
2220 1736 2340 1810 sui,

2449 755 2702 817 terdum
2759 774 3036 837 namque
3101 762 3199 818 est
3256 753 3587 837 injuriosa,
3646 751 3965 816 videlicet

2451 860 2671 916 contra
2699 852 3091 916 voluntatem
3125 853 3369 917 domini
3411 852 3528 927 rei,
3560 859 3633 914 ut
3668 858 3847 934 patet
3888 850 3959 911 in

2450 950 2673 1033 rapina
2699 958 2765 1013 et
2794 950 2964 1015 furto
2998 968 3013 1013 ε
3044 958 3327 1034 tuncque
3356 956 3611 1013 tenetur
3645 949 3841 1011 homo
3874 947 3961 1010 ad

2451 1051 2943 1125 restitutionem,
2976 1068 3105 1113 non
3144 1050 3352 1113 solum
3396 1050 3639 1112 ratione
3678 1048 3793 1122 rei,
3836 1046 3962 1110 sed

2450 1149 2645 1212 etiam
2688 1149 2932 1213 ratione
2970 1149 3295 1231 injuriosae
3328 1148 3621 1222 actionis,
3652 1147 3961 1229 quamvis

2452 1267 2552 1310 res
2581 1247 2750 1331 apud
2791 1248 3005 1331 ipsum
3045 1265 3173 1310 non
3214 1254 3489 1321 maneat,
3520 1254 3585 1309 et
3624 1246 3789 1311 ultra
3828 1245 3963 1307 hoc

2452 1364 2567 1428 pro
2598 1345 2835 1427 injuria
2873 1345 3063 1408 debet
3100 1345 3336 1428 puniri.
3371 1344 3684 1417 Secundo,
3715 1343 3963 1425 aliquis

2450 1446 2686 1528 accipit
2741 1464 2878 1508 rem
2932 1445 3193 1507 alterius
3252 1445 3317 1507 in
3376 1464 3557 1507 suam
3608 1444 3961 1506 utilitatem

2451 1543 2693 1626 absque
2734 1543 2906 1605 illius
2949 1543 3187 1624 injuria
3222 1551 3287 1606 et
3325 1543 3641 1617 dissensu,
3672 1542 3841 1605 sicut
3888 1542 3959 1604 in

2454 1650 2676 1705 mutuo
2718 1658 2733 1704 ε
2779 1650 3061 1724 tuncque
3106 1650 3361 1704 tenetur
3398 1642 3735 1705 restituere
3775 1640 3961 1724 quod

2452 1740 2721 1823 accepit,
2755 1758 2881 1803 non
2922 1740 3130 1803 solum
3172 1740 3414 1803 ratione
3456 1740 3571 1814 rei,
3604 1740 3713 1803 sed
3753 1739 3959 1802 etiam

847 1850 974 1895 non
1005 1841 1218 1897 tamen
1248 1834 1570 1916 obligatur
1600 1834 1862 1898 reddere
1901 1835 2096 1897 danti.
2133 1834 2211 1896 Et
2250 1852 2343 1896 re·
2378 1842 2425 1905 B
2454 1838 2865 1921 acceptionis,
2899 1838 3091 1900 etiam
3134 1838 3189 1900 si
3230 1856 3365 1900 rem
3398 1838 3615 1902 amisit
3646 1854 3662 1899 ε
3694 1844 3964 1900 tenetur

847 1933 1314 2015 spondendum,
1356 1933 1527 2015 quod
1562 1933 1797 2015 aliquis
1840 1932 2186 2016 dupliciter
2225 1931 2346 1994 illi-

847 2030 972 2093 cite
1004 2030 1128 2094 dat.
1162 2030 1394 2106 Prim0,
1430 2032 1731 2113 quoniam
1763 2031 1932 2093 datio
1971 2031 2109 2113 ipsa
2143 2037 2347 2093 exstat

847 2129 1071 2191 illicita
1117 2138 1181 2192 et
1218 2138 1437 2193 contra
1471 2130 1700 2212 legem,
1742 2138 1813 2193 ut
1850 2131 2199 2193 simoniace
2236 2130 2347 2192 tri-

847 2226 1071 2289 buens,
1118 2227 1194 2289 Et
1231 2227 1376 2290 talis
1416 2236 1700 2291 meretur
1732 2228 1902 2311 quod
1942 2228 2119 2291 dedit
2164 2228 2346 2291 amit-

848 2332 981 2387 tere
1016 2342 1030 2386 :
1064 2325 1302 2389 idcirco
1330 2344 1459 2389 non
1490 2325 1682 2389 debet
1717 2326 1776 2389 ei
1819 2326 2136 2390 restitutio
2174 2324 2339 2389 fieri.

848 2421 976 2485 Nec
1005 2423 1116 2505 qui
1148 2424 1409 2506 recepit,
1435 2431 1642 2507 potest
1671 2424 1843 2487 licite
1874 2424 2170 2499 retinere,
2194 2441 2347 2507 quo-

850 2521 1022 2583 niam
1067 2529 1285 2585 contra
1330 2522 1534 2603 legem
1578 2522 1848 2606 accepit,
1893 2523 2004 2585 sed
2049 2522 2241 2585 debet
2277 2522 2343 2584 in

852 2619 990 2702 pios
1022 2639 1176 2682 usus
1207 2629 1591 2683 convertere.
1627 2621 1941 2695 SecundO,
1972 2620 2206 2703 aliquis
2241 2621 2348 2683 do-

851 2726 959 2780 nat
989 2718 1234 2794 illicite,
1257 2719 1409 2801 quia
1436 2720 1545 2781 dat
1572 2727 1833 2802 propter
1861 2718 2155 2782 illicitam
2183 2736 2343 2793 rem,

852 2817 1144 2900 quamvis
1194 2818 1333 2900 ipsa
1384 2818 1554 2880 datio
1603 2836 1731 2881 non
1789 2817 2050 2881 exsistat
2097 2816 2341 2892 illicita,

850 2914 1017 2977 sicut
1068 2914 1225 2978 dans
1284 2915 1605 2978 meretrici
1663 2922 1924 2998 propter
1979 2914 2344 2977 fornicatio-

2454 1935 2695 2019 quippe
2731 1936 2792 1998 ei
2823 1953 3327 2017 recompensam,
3360 1936 3472 2017 qui
3504 1935 3627 1999 sibi
3658 1934 3965 1998 exhibuit

2451 2034 2737 2115 gratiam.
2781 2034 3013 2108 Tertio,
3054 2034 3202 2116 quis
3239 2034 3475 2117 accipit
3510 2052 3648 2096 rem
3685 2032 3961 2096 alterius

2452 2130 2695 2213 absque
2740 2131 2914 2194 illius
2959 2132 3216 2213 inJ'uria,
3248 2149 3378 2194 non
3419 2138 3636 2195 tamen
3675 2148 3790 2215 pro
3834 2149 3963 2193 sua

2453 2230 2747 2305 utilitate,
2782 2237 2853 2293 ut
2890 2231 2953 2292 in
2994 2230 3428 2313 depositorum
3472 2230 3955 2295 commissione.

2454 2328 2696 2392 Idcirco
2743 2328 2856 2411 qui
2903 2329 3140 2411 accipit
3186 2329 3293 2403 ita,
3348 2330 3413 2391 in
3470 2329 3651 2393 nullo
3698 2337 3965 2393 tenetur

2456 2426 2699 2489 ratione
2741 2426 3133 2509 acceptionis
3176 2444 3191 2489 ε
3234 2428 3365 2491 imo
3411 2428 3783 2511 accipiendo
3834 2428 3963 2491 im-

2455 2526 2678 2609 pendit
2706 2524 3109 2607 obsequium.
3142 2526 3419 2588 Tenetur
3454 2533 3668 2590 autem
3707 2525 3961 2590 ratione

2456 2624 2568 2686 rei.
2602 2623 2779 2687 Unde
2808 2622 2861 2685 si
2894 2623 2954 2685 ei
2985 2622 3394 2686 subtrahatur
3421 2624 3664 2706 absque
3692 2624 3963 2706 propria

2455 2722 2665 2805 culpa,
2712 2739 2839 2784 non
2883 2727 3137 2785 tenetur
3177 2723 3257 2785 ad
3300 2722 3807 2803 restitutionem;
3856 2741 3961 2785 se-

2454 2838 2567 2883 cus
2616 2827 2803 2895 esset,
2856 2819 2910 2882 si
2970 2838 3048 2882 ex
3108 2838 3334 2902 magna
3392 2840 3506 2883 sua
3562 2821 3965 2903 negligentia

2455 2919 2750 3002 perderet
2791 2936 2947 2981 rem.
3327 2926 3336 2932 ‘

849 3030 999 3075 nem
1033 3029 1047 3074 :
1084 3012 1225 3075 ideo
1257 3012 1492 3075 mulier
1520 3013 1736 3075 datum
1770 3012 1929 3075 illud
1972 3019 2182 3095 potest
2218 3011 2344 3075 sibi
2380 3017 2427 3083 C
2534 3016 3082 3091 Quemadmodum
3128 3024 3341 3079 autem
3401 3023 3642 3079 tactum
3698 3025 3795 3080 est
3842 3037 3961 3081 su·

849 3111 1022 3175 licite
1054 3111 1369 3192 retinere3
1406 3111 1458 3174 si
1499 3118 1713 3175 tamen
1753 3131 1868 3195 per
1906 3110 2199 3175 fraudem
2234 3119 2346 3175 aut

847 3211 1063 3273 dolum
1097 3210 1502 3293 superfluum
1541 3210 1783 3292 aliquid
1823 3210 2088 3274 extorsit
2115 3230 2153 3273 a
2181 3211 2341 3284 vir0,

844 3318 1100 3373 tenetur
1128 3309 1463 3373 restituere
1490 3310 1569 3373 ei.
1585 3345 1667 3356 —
1685 3310 1989 3374 Praeterea
2017 3310 2347 3374 adverten-

845 3409 1020 3483 dum,
1063 3409 1234 3490 quod
1277 3408 1575 3491 praelatus
1619 3427 1754 3471 rem
1801 3407 2099 3474 Ecclesiae
2139 3409 2345 3492 tripli-

844 3507 1004 3570 citer
1043 3514 1250 3590 potest
1291 3506 1646 3590 subripere.
1686 3508 1918 3582 Prim0,
1959 3508 2012 3570 si
2057 3525 2191 3570 rem
2238 3507 2348 3569 Ec-

845 3605 1054 3669 clesiae
1121 3623 1247 3668 non
1316 3605 1464 3681 sibi,
1525 3606 1636 3668 sed
1701 3605 1885 3668 alteri
1952 3606 2342 3689 deputatam,

844 3711 1130 3787 usurpet,
1163 3711 1235 3766 ut
1273 3703 1327 3766 si
1367 3704 1708 3788 episcopus
1750 3722 1885 3766 rem
1923 3705 2186 3788 capituli
2217 3706 2343 3769 sibi

845 3811 1158 3886 usurpet:
1191 3811 1256 3866 et
1297 3803 1389 3866 sic
1429 3803 1694 3885 planum
1732 3811 1849 3879 est,
1883 3804 2054 3886 quod
2095 3806 2344 3868 restitu-

845 3903 1084 3965 tionem
1117 3899 1344 3964 debeat
1373 3901 1582 3965 facere
1613 3901 1738 3984 ipsi
1770 3902 2070 3985 capitulo,
2104 3921 2345 3985 ponen-

846 4000 928 4063 do
977 4000 1041 4062 in
1091 4018 1317 4062 manus
1366 4018 1590 4063 eorum
1636 4000 1716 4063 ad
1763 4018 1923 4082 quos
1970 4009 2216 4082 spectat
2266 4002 2344 4065 de

842 4097 1006 4179 jure.
1041 4097 1354 4172 Secundo,
1389 4097 1444 4160 si
1474 4117 1610 4160 rem
1642 4097 1944 4161 Ecclesiae
1974 4098 2341 4181 deputatam

2458 3133 2591 3198 pra,
2627 3113 2951 3198 principes
2976 3113 3293 3196 justitiam
3325 3132 3700 3179 conservare
3732 3122 3965 3180 tenen-

2454 3222 2559 3277 tur
2590 3215 2656 3276 in
2684 3221 2893 3294 terra3
2925 3222 2989 3276 et
3018 3214 3072 3276 si
3104 3232 3218 3297 per
3246 3231 3467 3276 eorum
3498 3213 3963 3296 negligentiam

2458 3313 2753 3388 latroneS,
2788 3313 3141 3395 praedoneS,
3184 3311 3557 3395 spoliatores
3596 3313 3969 3376 increscant

2454 3430 2529 3475 ac
2588 3412 2866 3495 spolient
2922 3412 3219 3486 viatores„
3270 3418 3571 3474 tenentur
3626 3413 3965 3496 principes

2456 3509 2580 3592 ipsi
2620 3509 2908 3592 spoliatis
2957 3510 3035 3572 ad
3080 3509 3571 3572 restitutionem.
3614 3509 3771 3572 Nam
3810 3512 3963 3573 red-

2456 3608 2625 3670 ditus
2654 3626 2815 3690 quos
2842 3607 3103 3682 habent,
3135 3615 3287 3670 sunt
3313 3607 3497 3690 quasi
3526 3608 3847 3690 stipendia
3876 3610 3963 3672 ad

2456 3707 2576 3770 hoc
2620 3707 2931 3781 instituta,
2964 3714 3034 3768 ut
3071 3706 3138 3767 in
3176 3706 3363 3768 terris
3402 3705 3535 3769 suis
3572 3715 3963 3770 conservent

2453 3803 2788 3886 justitiam.
2822 3839 2903 3850 —
2944 3803 3220 3867 Tenetur
3261 3803 3454 3866 etiam
3498 3803 3691 3867 homo
3730 3804 3806 3866 ad
3856 3823 3961 3868 re-
4040 3831 4173 3874 uu.

2457 3903 2855 3967 stitutionem
2902 3903 3118 3965 statim
3168 3910 3230 3965 et
3280 3901 3470 3965 citius
3512 3919 3640 3983 quo
3683 3909 3899 3984 potest
3942 3919 3957 3965 :

2457 4003 2759 4085 quoniam
2798 4002 2966 4064 sicut
3002 4009 3338 4083 peccatum
3376 4008 3475 4064 est
3510 4018 3646 4062 rem
3676 3999 3959 4064 alienam

2457 4100 2695 4182 injuste
2751 4100 3064 4182 accipere,
3128 4099 3213 4161 ita
3279 4105 3613 4180 peccatum
3680 4106 3744 4161 et
3804 4117 3960 4162 eam

845 4215 976 4260 suae
1007 4195 1330 4268 custodiae,
1365 4195 1430 4257 in
1462 4195 1820 4258 dominium
1860 4196 2200 4260 transferat
2235 4199 2345 4261 ali·
2373 4201 2424 4264 D
2454 4199 2625 4281 apud
2664 4216 2734 4261 se
2773 4198 3057 4261 detinere
3098 4197 3299 4260 invito
3336 4196 3599 4260 domino
3642 4197 3754 4259 rei.
3790 4197 3959 4261 Nam

845 4313 1052 4369 orum,
1095 4301 1316 4377 utpote
1365 4301 1818 4375 cognatorum3
1860 4303 1924 4357 et
1967 4303 2118 4358 tunc
2165 4298 2342 4361 rcsti-

845 4401 1025 4456 tuere
1063 4393 1254 4455 debet
1292 4392 1611 4467 Ecclesiae,
1644 4399 1836 4475 atque
1875 4393 1997 4456 sub
2037 4413 2152 4457 sua
2194 4414 2347 4459 cura

846 4490 1100 4554 habere.
1153 4490 1384 4564 Tertio,
1437 4497 1646 4572 potest
1691 4490 1812 4554 hoc
1865 4490 2077 4554 facere
2130 4494 2346 4558 animo

848 4590 1005 4664 solo,
1039 4588 1192 4652 dum
1233 4588 1480 4652 scilicet
1517 4589 1747 4673 incipit
1782 4589 2018 4653 habere
2055 4593 2346 4656 animum

849 4687 1216 4771 possidendi
1265 4707 1400 4751 rem
1450 4687 1750 4752 Ecclesiae
1795 4697 2097 4772 tanquam
2139 4710 2343 4767 suam,

849 4806 976 4851 non
1017 4785 1276 4850 nomine
1307 4785 1647 4867 Ecclesiae3
1689 4794 1970 4871 tuncque
2012 4791 2346 4854 restituere

851 4885 1062 4961 debet,
1093 4886 1284 4948 talem
1329 4885 1620 4948 animum
1663 4886 2057 4968 deponendo.

931 4984 1244 5067 AmpliuS,
1286 4983 1455 5048 circa
1507 4983 1690 5047 illum
1739 4985 1848 5067 qui
1891 5004 2029 5049 rem
2071 4987 2344 5051 alienam

851 5084 1120 5166 accepit,
1171 5089 1323 5146 sunt
1369 5083 1497 5146 duo
1543 5083 2020 5160 consideranda,
2073 5093 2343 5168 utpote:

854 5201 954 5245 res
995 5188 1278 5264 accepta,
1319 5189 1384 5244 et
1420 5181 1560 5263 ipsa
1595 5183 1902 5265 acceptio.
1948 5183 2211 5248 Ratione
2255 5185 2346 5247 rei

853 5287 1106 5345 tenetur
1140 5281 1476 5346 restituere
1513 5298 1675 5344 eam.
1709 5281 1852 5364 Ipsa
1879 5299 2032 5346 vero
2061 5283 2348 5366 acceptio

2456 4295 2726 4380 impedit
2773 4296 3100 4360 hominem
3146 4295 3228 4358 ab
3278 4314 3397 4358 usu
3442 4295 3534 4358 rei
3580 4314 3729 4359 suae.
3776 4294 3855 4357 Et
3900 4297 3959 4359 si

2454 4396 2819 4478 objiciatur,
2863 4396 3033 4477 quod
3082 4413 3217 4457 rem
3264 4394 3539 4457 alienam
3590 4394 3955 4471 restituere,

2453 4503 2552 4558 est
2600 4503 2992 4578 praeceptum
3044 4493 3533 4568 affirmativum,
3584 4510 3735 4574 ergo
3788 4492 3959 4557 obli-

2453 4601 2560 4676 gat
2606 4611 2882 4675 semper,
2926 4593 3037 4656 sed
3086 4609 3213 4655 non
3260 4592 3340 4655 ad
3388 4609 3691 4674 semper3
3738 4592 3961 4657 dicen-

2456 4692 2809 4775 dum‚quod
2841 4697 3229 4774 praeceptum
3258 4690 3379 4755 hoc
3407 4690 3699 4774 quamvis
3730 4709 3961 4755 secun-

2456 4792 2610 4854 dum
2640 4790 2913 4854 formam
2955 4789 3299 4853 verborum
3341 4789 3425 4851 sit
3460 4787 3953 4866 affirmativum,

2458 4891 2747 4973 implicat
2810 4897 3024 4952 tamen
3092 4888 3160 4951 in
3226 4907 3295 4951 se
3355 4889 3723 4970 negativum
3789 4889 3955 4952 illud

2457 4995 2847 5070 praeceptum
2890 5005 3017 5069 quo
3057 4985 3475 5069 prohibemur
3510 5005 3649 5050 rem
3687 4987 3957 5050 alterius

2457 5085 2761 5148 detinere.
2812 5120 2894 5132 ·-
2930 5085 3075 5149 Haec
3120 5085 3392 5148 Thomas
3440 5085 3507 5148 in
3558 5085 3835 5150 Summa.
3882 5087 3955 5148 ln

2458 5186 2666 5267 prima
2702 5186 2960 5248 demum
3002 5185 3320 5259 secundae,
3353 5185 3703 5268 quaestione
3742 5193 3957 5248 cente-

2458 5284 2622 5346 sima
2651 5283 2893 5367 quinta,
2925 5283 3139 5366 aliqua
3168 5284 3394 5347 scribit
3428 5285 3510 5348 de
3544 5285 3671 5361 hie„
3701 5303 3845 5368 quae
3886 5285 3955 5348 in
