4267 6250
547 935 567 980 1
576 936 741 982 Joann.
750 949 809 991 iv,

542 1004 611 1045 20.

550 3299 654 3342 diat.
667 3311 810 3350 xxxix,

546 3495 687 3540 Reor.
701 3509 759 3547 ιι,
770 3497 809 3539 6.

567 4967 734 5010 Jounn.
750 4981 809 5020 ιιι,

544 5031 611 5072 20.

571 5091 745 5147 Ephes.
762 5104 805 5145 v,

542 5157 609 5204 ss,
631 5157 695 5198 1³.

828 438 948 504 472

1466 454 1533 503 m
1571 454 1795 501 numm
1837 453 1898 499 lv
1938 450 2422 498 summum.
2462 465 2544 478 —
2583 448 2738 495 msT.
2777 446 2948 512 xvl13
2991 446 3216 504 QUAEST.
3255 448 3296 493 V

830 628 1124 710 gationis,
1158 635 1221 691 et
1262 626 1477 709 aliqua
1517 631 1925 689 sacramenta.
1960 620 2330 703 Recognitio
2357 620 2408 683 Α
2438 618 2784 683 sessionem
2833 617 3354 682 sacramentalem
3402 634 3417 679 ε
3457 616 3702 713 idcirco
3751 615 3817 678 in
3865 635 3949 679 ea

833 733 1049 791 autem
1078 726 1341 790 ofsensae
1371 726 1482 788 Dei
1524 732 1621 788 est
1659 724 1736 786 de
1776 721 2119 786 dictamine
2151 728 2329 782 natu-

837 825 989 889 ralis
1028 826 1288 889 rationis
1328 844 1441 907 per
1479 824 1678 887 fidem
1717 822 1969 903 adjutae.
2002 819 2330 895 Quomodo

838 923 1011 986 enim
1042 924 1161 987 scit
1200 924 1392 987 homo
1420 941 1488 985 se
1525 921 1854 985 offendere
1883 920 2102 992 Deum,
2136 936 2328 999 quem

836 1042 965 1087 non
1010 1022 1205 1097 videt,
1240 1022 1365 1084 nisi
1412 1022 1479 1083 in
1525 1020 1741 1101 aliquo
1790 1018 1964 1081 radio
2011 1015 2166 1079 fidei
2209 1016 2330 1078 hoc

836 1124 1218 1203 cognoscat?
1261 1120 1469 1194 Quum
1526 1126 1739 1181 autem
1799 1135 1913 1198 per
1960 1114 2160 1178 fidem
2212 1114 2330 1176 hoc

836 1218 1106 1293 noverit,
1139 1218 1334 1281 dictat
1365 1217 1523 1280 ratio
1561 1223 1633 1278 ut
1670 1234 1784 1297 per
1826 1213 2168 1276 mentalem
2200 1211 2332 1274 cul-

834 1338 933 1400 pae
962 1316 1529 1397 recognitionem‚a
1554 1315 1683 1377 Deo
1712 1312 1965 1376 veniam
2004 1309 2334 1373 humiliter

832 1413 1479 1497 deprecetur.Vocalis
1508 1420 1723 1475 autem
1752 1410 2069 1473 confessio
2097 1408 2332 1490 duplex

834 1520 933 1575 est
963 1530 977 1575 :
1012 1532 1159 1588 una,
1190 1531 1331 1595 quae
1362 1511 1439 1574 rit
1469 1512 1631 1589 De03
1664 1509 1808 1584 alia,
1842 1527 1983 1591 quae
2022 1507 2049 1569 f
2052 1507 2099 1569 it
2132 1506 2336 1569 homi-

834 1612 920 1673 ni.
955 1609 1268 1673 Vocaliter
1306 1611 1435 1674 Deo
1465 1607 1780 1682 confiteri,
1813 1607 2009 1669 dictat
2038 1605 2198 1668 ratio
2228 1624 2334 1667 na-

834 1709 1057 1771 turalis
1088 1726 1215 1771 non
1246 1707 1642 1789 simpliciter,
1656 1707 1767 1769 sed
1798 1706 1863 1768 in
1894 1704 2336 1785 casu,quando

2441 718 2579 799 lege
2609 717 2856 779 institui
2888 717 3110 780 debuit
3142 717 3206 779 in
3237 736 3362 799 qua
3391 723 3489 779 est
3515 716 3780 779 evidens
3805 734 3944 779 ma-

2439 817 2762 880 nifestatio
2808 816 3115 892 veritatis,
3146 816 3400 898 quando
3448 815 3748 877 videlice-t
3786 815 3944 878 Ver·
3973 835 4260 887 lma-‚ms

2441 915 2596 978 bum
2647 924 2710 978 et
2759 916 3080 998 Sapientia
3136 916 3248 979 Dei
3296 915 3493 978 Patris
3549 914 3790 977 factum
3841 922 3948 977 est

2441 1032 2609 1088 caro,
2644 1020 2714 1075 ut
2753 1013 3156 1096 intelligibile
3197 1014 3386 1077 fieret
3425 1012 3748 1075 sensibile.
3782 1012 3946 1075 Con-

2442 1111 2754 1187 formiter,
2807 1113 2959 1195 quia
3005 1113 3072 1175 in
3119 1112 3238 1175 hac
3287 1112 3426 1193 lege
3471 1130 3672 1193 genus
3718 1112 3948 1173 huma-

2443 1229 2596 1272 num
2625 1228 2741 1293 per
2762 1211 3036 1273 Verbum
3065 1212 3462 1273 incarnatum
3491 1210 3618 1272 Deo
3647 1210 3812 1272 Patri
3842 1217 3948 1272 est

2445 1307 2950 1383 reconciliatum,
2977 1309 3192 1372 decuit
3230 1309 3296 1371 in
3325 1309 3546 1371 eadem
3587 1326 3947 1371 sacramen-

2443 1417 2579 1470 tum
2615 1408 3032 1471 confessionis
3060 1408 3332 1481 institui,
3365 1407 3550 1488 eujus
3582 1406 3739 1488 legis
3771 1407 3948 1489 prin-

2445 1505 2670 1588 cipalis
2701 1506 2852 1569 finis
2891 1514 2988 1569 est
3026 1506 3458 1569 reconciliatio
3492 1506 3624 1586 jam
3656 1505 3940 1587 prael'ata.

2447 1604 2543 1666 Fit
2579 1612 2793 1667 autem
2831 1604 3267 1667 reconciliatio
3303 1604 3424 1666 ista
3462 1604 3780 1667 mediante
3823 1604 3944 1666 hu-

2447 1720 2635 1765 mano
2681 1702 2943 1766 arbitrio
2987 1719 3002 1764 :
3048 1702 3285 1766 idcirco
3330 1702 3648 1765 confessio
3695 1701 3816 1764 ista
3864 1701 3946 1764 fit

832 1807 1133 1870 videlicet
1175 1807 1342 1869 Deus
1382 1806 1501 1869 hoc
1546 1804 1763 1886 exigit,
1796 1804 1963 1867 sicut
2001 1802 2212 1883 exegit
2254 1802 2332 1864 ab
2373 1801 2418 1863 B
2446 1800 2714 1875 homini,
2749 1807 2818 1863 ut
2848 1801 3039 1864 homo
3069 1800 3153 1863 sit
3187 1800 3384 1882 judex
3414 1808 3478 1862 θῖ
3510 1800 3747 1862 arbiter
3779 1800 3946 1863 inter

689 1942 747 1979 m.
792 1961 803 1971 .
835 1905 1033 1970 Adam
1064 1910 1129 1967 et
1158 1903 1333 1967 Cain.
1369 1903 1684 1965 Vocaliter
1712 1920 1863 1965 vero
1903 1900 2198 1964 confiteri
2229 1900 2336 1962 ho-

740 2022 751 2044 ’
793 2002 1019 2077 ·mini,
1054 2020 1182 2065 non
1226 2002 1421 2064 dictat
1469 2009 1694 2063 natura
1739 1999 1861 2062 nisi
1914 1999 1979 2061 in
2026 1999 2332 2080 generali,

832 2100 1135 2163 videlicet
1162 2100 1330 2181 quod
1362 2098 1758 2162 reconciliari
1783 2098 1911 2160 Deo
1935 2103 2182 2179 oportet
2207 2114 2336 2160 om·

835 2198 1028 2262 nibus
1060 2197 1264 2260 modis
1302 2197 1539 2279 quibus
1582 2196 1717 2278 ipse
1758 2195 2031 2258 instituit
2067 2213 2142 2257 ac
2182 2214 2334 2277 prae-

833 2298 1024 2380 cepit.
1060 2297 1292 2379 Sicque
1322 2302 1567 2369 natura,
1592 2295 1654 2357 id
1688 2301 1785 2357 est
1810 2294 1971 2356 ratio
2002 2293 2331 2367 naturalis,

832 2394 1095 2458 dictavit
1124 2394 1287 2476 quod
1319 2393 1373 2455 si
1405 2394 1569 2455 Deus
1598 2392 2004 2456 constitueret
2030 2391 2336 2453 arbitrum

834 2493 1000 2557 inter
1029 2510 1097 2555 se
1136 2498 1200 2555 et
1240 2498 1659 2573 peccatorem,
1692 2489 1785 2552 illi
1824 2497 1993 2553 esset
2028 2487 2334 2553 confiten-

833 2592 986 2654 dum
1032 2590 1098 2653 in
1142 2589 1424 2653 veritate.
1472 2588 1615 2653 Haec
1658 2588 2115 2652 Bonaventura.
2219 2633 2225 2638 .

912 2689 1219 2763 Quocirca
1248 2687 1604 2761 sciendum,
1637 2687 1807 2769 quod
1838 2686 2070 2748 veritas
2102 2685 2332 2749 horum

832 2788 1151 2869 dependet
1178 2805 1255 2849 ex
1286 2786 1523 2861 hoc,an
1554 2785 1825 2848 naturali
1857 2784 2099 2848 ratione
2128 2784 2336 2846 valeat

834 2885 1278 2959 demonstrari,
1311 2884 1479 2966 quod
1521 2885 1688 2947 Deus
1727 2882 2039 2964 gloriosus
2076 2902 2151 2945 ac
2189 2883 2334 2946 ado·

2444 1899 2646 1963 Deum
2695 1906 2758 1963 et
2805 1899 3116 1962 homines,
3165 1899 3417 1962 Arbiter
3463 1898 3700 1961 etenim
3752 1898 3948 1961 debet

2443 2018 2584 2062 esse
2626 1998 2793 2073 talis,
2827 1999 2996 2081 quod
3043 2017 3307 2063 manum
3351 1998 3552 2080 possit
3598 2015 3836 2080 ponere
3876 1998 3946 2059 in

2443 2105 2807 2179 utrumque.
2842 2097 2970 2159 Nec
3009 2096 3153 2159 talis
3186 2095 3394 2179 potuit
3431 2114 3569 2159 esse
3607 2113 3946 2178 quousque

2444 2197 2610 2259 Deus
2651 2195 2856 2257 factus
2887 2202 2984 2258 est
3021 2195 3248 2275 hom03
3281 2202 3563 2276 tuncque
3593 2196 3786 2258 homo
3815 2195 3949 2257 dei-

2444 2294 2674 2357 ficatus
2704 2294 2887 2356 datus
2917 2302 3014 2357 est
3050 2293 3236 2357 nobis
3275 2294 3587 2357 mediator
3613 2301 3676 2356 et
3704 2293 3948 2355 arbiter

2444 2393 2752 2467 ChristuS,
2785 2392 2895 2475 qui
2935 2392 3144 2475 potuit
3185 2392 3436 2455 mittere
3467 2411 3728 2455 manum
3760 2411 3946 2455 suam

2443 2490 2508 2553 in
2566 2492 2770 2554 Deum
2827 2491 3074 2554 Patrem
3132 2498 3196 2554 et
3253 2491 3569 2565 homineS,
3627 2490 3946 2553 exsistens

2442 2588 2608 2650 Deus
2641 2596 2704 2650 et
2731 2588 2942 2651 home.
2955 2588 3072 2663 Qui
3105 2588 3366 2671 reliquit
3393 2588 3460 2650 in
3492 2588 3778 2651 Ecclesia
3803 2607 3950 2651 suc-

2443 2705 2726 2749 cessores
2771 2687 3064 2761 vicariOS,
3098 2705 3258 2768 quos
3299 2686 3630 2749 constituit
3672 2685 3948 2749 arbitros

2442 2793 2506 2846 et
2537 2792 2812 2848 rectores
2844 2785 3066 2869 populi
3098 2785 3219 2860 sui,
3243 2785 3479 2867 quibus
3509 2784 3952 2848 auctoritatem

2443 2884 2898 2947 reconciliandi
2931 2883 3263 2946 concessit.
3297 2883 3634 2965 Quumque
3673 2883 3950 2947 auctori-

834 2984 1069 3046 randus
1111 2982 1339 3045 habeat
1377 2981 1743 3044 distinctam
1786 2988 1977 3063 atque
2021 2980 2334 3043 omnimo-
2370 2983 2414 3046 C
2444 2987 2538 3043 tas
2581 2981 2696 3043 ista
2742 2980 2937 3043 fuerit
2980 2981 3262 3063 primum
3310 2981 3375 3044 in
3416 2980 3687 3056 Christo,
3721 3000 3838 3044 nec
3878 2982 3948 3044 in

835 3082 981 3145 dam
1013 3079 1473 3164 providentiam
1504 3086 1761 3142 actuum
1792 3079 2234 3153 humanorum,
2252 3078 2337 3142 ita

837 3180 1007 3260 quod
1054 3179 1250 3260 judex
1302 3178 1385 3240 sit
1436 3185 1498 3241 et
1549 3184 1986 3240 remunerator
2042 3197 2263 3241 eorum
2317 3195 2331 3238 t

838 3279 917 3342 de
965 3297 1092 3359 qua
1136 3277 1485 3360 quaestione
1534 3277 1777 3340 dictum
1826 3283 1924 3339 est
1969 3295 2164 3358 super
2210 3277 2336 3359 pri-

838 3375 1387 3458 mum.Apostolus
1416 3382 1631 3438 autem
1658 3375 1737 3437 ad
1766 3374 2059 3438 Hebraeos
2088 3375 2340 3437 videtur

839 3476 961 3538 hoc
1008 3474 1162 3538 fidei
1215 3475 1521 3556 deputare
1569 3491 1583 3536 :
1630 3473 2053 3536 Accedentem
2098 3475 2338 3556 (inqui-

840 3574 984 3654 ens)
1030 3573 1108 3635 ad
1157 3573 1358 3635 Deum
1406 3579 1653 3653 oportet
1708 3572 1965 3634 credere
2015 3571 2167 3653 quia
2218 3578 2334 3646 est,

841 3679 905 3734 et
944 3672 1094 3754 quia
1132 3671 1608 3753 exquirentium
1648 3689 1715 3733 se
1759 3677 2196 3732 remunerator
2233 3671 2333 3732 sit.

839 3771 915 3832 Et
964 3777 1230 3843 constat,
1280 3769 1449 3851 quod
1498 3775 1808 3851 quantum
1857 3768 1936 3830 ad
1986 3768 2334 3850 simpliceS‚

838 3866 959 3929 hoc
1002 3867 1085 3928 sit
1126 3865 1280 3928 fidei
1324 3873 1591 3928 tantum.

904 3966 1168 4046 Insuper
1197 3965 1425 4046 quaerit
1452 3965 1903 4038 Bonaventura‚
1918 3983 1997 4026 an
2030 3964 2342 4028 confessio

835 4063 960 4125 fuit
999 4062 1289 4125 instituta
1334 4062 1399 4124 in
1446 4062 1583 4142 lege
1627 4061 1881 4144 scripta.
1927 4063 2334 4144 Respondet:

2444 3080 2579 3143 alio
2611 3098 2750 3143 esse
2787 3079 2997 3162 quivit
3041 3086 3381 3162 antequam
3428 3078 3606 3143 venit
3645 3079 3754 3144 ille
3792 3099 3952 3163 prae·

2447 3179 2675 3262 cipuus
2709 3179 3038 3254 mediator,
3071 3196 3188 3261 per
3215 3179 3401 3259 cujus
3441 3178 3946 3242 incarnationem

2447 3276 2729 3340 deificati
2761 3284 2911 3338 sunt
2939 3276 3230 3339 homines
3245 3277 3442 3358 (quod
3473 3276 3681 3339 solum
3706 3276 3948 3339 factum

2449 3383 2545 3438 θεῖ
2575 3375 2638 3436 in
2669 3375 3036 3456 evangelica
3068 3375 3264 3455 lege);
3288 3375 3524 3437 idcirco
3553 3381 3708 3436 tunc
3737 3374 3948 3438 solum

2449 3474 2812 3536 instit-utum
2851 3480 2949 3535 est
2991 3472 3410 3536 confessionis
3451 3481 3943 3536 sacramentum.

2449 3572 2592 3635 Haec
2635 3571 3087 3634 Bonave-ntura.

2517 3669 2633 3743 Qui
2665 3678 3129 3752 consequenter
3159 3669 3428 3751 inquirit
3455 3670 3534 3732 de
3563 3670 3948 3732 sacramenti

2449 3767 2643 3849 hujus
2676 3768 3073 3830 institutione
3103 3775 3168 3830 et
3196 3767 3600 3849 obligatione.
3636 3769 3714 3830 Et
3742 3769 3821 3831 de
3853 3768 3949 3830 in·

2447 3866 2776 3928 stitutione
2806 3865 3048 3929 dictum
3088 3873 3182 3929 est
3213 3884 3406 3948 supra
3443 3885 3521 3928 ex
3553 3866 3764 3929 verbis
3797 3866 3948 3949 ipsi·
3975 3887 4234 3940 aisa-wa.

2449 3984 2544 4026 us.
2579 3964 2668 4026 De
2706 3963 3092 4044 obligatione
3123 3981 3272 4026 vero
3310 3963 3535 4027 scribit
3571 3964 3738 4026 sicut
3772 3983 3947 4027 nunc
3977 3953 4232 4006 Mum

2451 4063 2886 4124 introductum
2929 4069 3042 4124 est.

838 4162 976 4225 Duo
1006 4167 1157 4224 sunt
1186 4160 1627 4243 principaliter
1656 4160 1722 4222 in
1754 4161 2176 4236 consessione,
2197 4179 2338 4243 pro—
2368 4161 2418 4224 D
2529 4161 2717 4224 Porro
2760 4161 2838 4223 de
2877 4169 3162 4243 tempore
3201 4161 3628 4242 obligationiS,
3659 4181 3740 4224 an
3779 4162 3952 4225 scili·

841 4266 983 4342 pter
1014 4277 1154 4340 quae
1183 4258 1368 4320 valde
1406 4257 1795 4320 conveniens
1834 4258 1960 4320 fuit
1996 4258 2338 4322 confessio-

840 4376 989 4420 nem
1032 4357 1299 4418 institui.
1334 4355 1620 4418 Primum
1660 4364 1755 4418 est
1792 4356 2065 4419 detectio
2099 4364 2174 4420 ,θῖ
2215 4377 2342 4420 ma-

840 4453 1163 4517 nifestatio
1209 4453 1481 4535 propriae
1519 4453 1745 4534 culpae,
1775 4461 1840 4516 et
1885 4455 2002 4516 iste
2045 4463 2142 4517 est
2186 4455 2338 4518 finis

842 4550 1260 4616 confessionis
1290 4551 1356 4612 in
1396 4567 1502 4630 se;
1532 4552 1884 4614 secundum
1924 4559 2021 4615 est
2058 4554 2338 4616 reconci-

842 4651 1018 4714 liatio
1056 4649 1407 4733 peccatoris
1448 4668 1595 4712 cum
1635 4650 1783 4724 Deo,
1817 4650 1927 4732 qui
1966 4658 2062 4714 est
2103 4651 2339 4733 princi-

841 4749 1045 4832 palior
1082 4747 1253 4811 sinis.
1287 4748 1496 4811 Primo
1532 4765 1683 4829 ergo
1722 4748 1800 4810 rit
1840 4749 2156 4813 confessio
2200 4769 2340 4832 pro-

841 4857 982 4932 pter
1036 4848 1477 4912 detectionem.
1532 4847 1825 4910 Peccator
1882 4849 2123 4931 quippe
2181 4850 2336 4912 dum

838 4948 1004 5011 male
1034 4947 1185 5028 agit,
1218 4947 1352 5009 odit
1392 4946 1601 5010 lucem
1638 4963 1653 5008 ε
1688 4947 1830 5010 ideo
1870 4946 1934 5008 in
1974 4947 2335 5011 reversione

834 5047 915 5109 ad
940 5044 1281 5128 justitiam,
1317 5051 1567 5126 oportet
1610 5044 1902 5126 redargui
1942 5044 2336 5109 infructuosa

834 5163 1028 5227 opera
1056 5142 1487 5206 tenebrarum.
1524 5143 1670 5216 Quae
1708 5151 1923 5205 autem
1956 5151 2330 5225 arguuntur,

830 5262 865 5306 a
898 5243 1141 5306 lumine
1175 5240 1679 5304 manifestantur.
1718 5242 1895 5316 Quod
1930 5243 2009 5305 rit
2038 5261 2155 5325 per
2185 5261 2331 5307 con-

2449 4267 2552 4322 cet
2579 4259 2793 4322 statim
2825 4267 2968 4341 post
3002 4259 3244 4341 peccati
3281 4260 3800 4324 commissionem
3831 4279 3950 4323 seu

2448 4358 2900 4420 admissionem
2931 4365 3218 4439 oporteat
3245 4357 3562 4432 confiteri,
3595 4357 3896 4420 disseruit
3928 4376 3945 4421 ε

2448 4456 2536 4518 De
2571 4455 2969 4518 consessione
3001 4456 3311 4537 contingit
3346 4457 3518 4539 loqui
3548 4455 3895 4538 dupliciter
3929 4475 3944 4520 :

2449 4553 2678 4635 primo,
2728 4562 3038 4634 quantum
3086 4554 3164 4617 ad
3218 4555 3451 4616 mentis
3499 4554 3946 4637 propositum3

2447 4653 2748 4726 secundo,
2782 4660 3090 4734 quantum
3131 4653 3209 4716 ad
3240 4653 3564 4720 verbalem
3595 4654 3950 4735 expressio-

2447 4770 2614 4814 nem.
2669 4751 2880 4825 Quoad
2943 4751 3250 4833 primum,
3311 4751 3736 4815 communiter
3791 4752 3949 4814 dici·

2445 4856 2566 4924 tur,
2585 4849 2754 4931 quod
2783 4868 2928 4912 reus
2959 4857 3209 4912 tenetur
3241 4868 3595 4932 proponere
3625 4850 3942 4926 confiteri,

2445 4949 2699 5030 quando
2728 4948 3424 5030 conteriturzquoniam
3455 4949 3589 5012 sine
3620 4951 3948 5032 proposito

2443 5047 2792 5110 confitendi
2851 5054 2914 5110 et
2970 5048 3351 5110 emendandi
3413 5065 3540 5111 non
3599 5049 3945 5111 dimittitur

2443 5147 2652 5229 culpa,
2693 5147 2858 5209 sicut
2907 5165 3024 5209 nec
3067 5146 3205 5209 sine
3249 5147 3646 5211 contritione.
3681 5147 3774 5210 Ad
3817 5147 3940 5212 hoc

2442 5253 2653 5308 autem
2701 5253 2973 5319 tenetur,
3027 5245 3280 5327 quando
3331 5245 3630 5326 recogitat
3677 5247 3938 5329 culpam
