4267 6250
853 506 976 576 260

1519 527 1584 574 m
1624 527 1848 575 unam!
1887 525 1950 574 IV
1991 523 2479 573 summanum
2518 539 2601 552 ··-
2638 522 2793 569 msr.
2836 521 2921 586 X}
2962 521 3189 578 Qusssr.
3230 520 3299 566 m

851 697 1011 762 Nam
1050 697 1217 762 sicut
1263 699 1331 763 in
1375 699 1637 782 speculo
1674 717 1804 762 uno
1841 696 2048 762 solum
2087 704 2187 760 est
2227 713 2354 757 una
2382 693 2435 758 A
2464 701 2624 776 post.
2677 693 2745 757 Si
2797 701 3009 757 autem
3068 691 3455 776 praecederet
3508 687 3956 773 quantitatem,

855 795 1084 878 imag0,
1118 805 1181 860 et
1221 797 1421 861 fracto
1463 798 1726 880 speculo
1770 796 1836 859 in
1879 795 2169 880 qualibet
2211 793 2353 876 ejus

854 901 1034 977 parte
1073 895 1284 977 imago
1323 895 1621 976 resultat3
1653 897 1740 958 ita
1777 895 1898 958 sub
1935 894 2114 957 totali
2146 892 2353 956 forma

853 1000 950 1055 est
979 992 1288 1070 Christus,
1322 994 1433 1077 qui
1463 1001 1560 1056 est
1588 994 1700 1057 Dei
1729 993 1926 1057 Patris
1957 993 2187 1074 imago,
2210 1010 2353 1073 quae

854 1089 1046 1152 etiam
1080 1090 1323 1172 integre
1357 1091 1719 1154 continetur
1750 1090 1814 1152 in
1856 1089 2145 1172 qualibet
2176 1094 2352 1169 parte

855 1187 1078 1252 hostiae
1119 1188 1354 1254 fractae.
1388 1190 1562 1253 Unde
1611 1189 1777 1251 sicut
1824 1207 1901 1252 ex
1949 1187 2351 1269 oppositione

854 1285 947 1346 rei
996 1286 1074 1348 ad
1122 1286 1406 1350 diversas
1461 1295 1672 1370 partes
1725 1286 1992 1369 speculi,
2043 1284 2353 1348 resultant

853 1383 1120 1448 diversae
1169 1385 1514 1467 imagines3
1555 1387 1641 1448 ita
1687 1405 1766 1448 ex
1815 1384 2168 1468 prolatione
2212 1401 2352 1445 ver-

855 1479 1082 1546 borum
1131 1502 1274 1566 quae
1331 1485 1675 1566 praecessit,
1729 1491 1792 1546 et
1851 1483 1988 1565 ipsa
2043 1481 2351 1544 fractione

737 1623 747 1652 .
853 1579 1074 1644 formae
1105 1589 1508 1657 consecratae,
1543 1581 1806 1645 resultat
1845 1580 2132 1644 Christus
2167 1579 2231 1641 in
2260 1578 2353 1641 di-

556 3758 825 3817 (Is-questa.

851 1678 1056 1740 versis
1095 1678 1318 1742 hostiae
1367 1679 1674 1762 partibus.
1709 1676 1920 1742 Rebus
1969 1695 2119 1759 ergo
2168 1678 2234 1739 in
2284 1694 2351 1738 se

853 1775 1289 1852 consideratis,
1337 1784 1806 1841 sacramentum
1859 1774 2030 1838 istud
2077 1782 2175 1837 est
2223 1773 2353 1856 ple-

2460 800 2630 855 esset
2664 799 2813 856 ante
2855 800 2920 854 et
2958 798 3121 874 post,
3152 798 3218 853 et
3254 797 3383 853 tota
3427 788 3493 852 in
3538 795 3691 862 toto,
3722 792 3787 849 et
3829 791 3961 848 tota

2462 889 2529 952 in
2573 890 2860 972 partibus
2894 907 2909 953 ε
2943 888 3485 973 quemadmodum
3515 893 3643 950 tota
3672 883 3965 948 substan-

2462 987 2634 1049 tialis
2692 986 2897 1051 forma
2954 985 3111 1067 ligni
3168 992 3266 1048 est
3323 986 3389 1048 in
3438 982 3727 1068 qualibet
3784 989 3965 1064 parte

2462 1085 2622 1166 ejuS,
2656 1085 2741 1148 ita
2770 1085 2940 1167 quod
2968 1084 3243 1147 totalitas
3274 1083 3495 1147 formae
3524 1078 3965 1145 substantialis

2460 1201 2587 1246 non
2640 1183 2902 1266 respicit
2943 1182 3317 1265 quantitatis
3359 1180 3758 1254 totalitatem,
3790 1179 3966 1241 sicut

2462 1288 2559 1343 est
2584 1282 2665 1344 de
2702 1282 3009 1346 totalitate
3050 1281 3401 1345 formarum
3438 1278 3960 1352 accidentalium,

2461 1399 2605 1462 quae
2634 1379 2984 1442 fundantur
3014 1380 3081 1442 in
3110 1379 3464 1463 quantitate
3492 1386 3555 1440 et
3593 1393 3967 1461 proesuppo-

2462 1484 2625 1540 nunt
2667 1478 2891 1560 ipsam.
2929 1478 3172 1559 Corpus
3219 1482 3434 1539 autem
3478 1474 3709 1539 Christi
3758 1473 3965 1536 conti·

2460 1583 2649 1638 netur
2685 1575 2974 1639 absolute
3014 1574 3134 1638 sub
3174 1573 3548 1657 speciebus;
3580 1581 3646 1636 et
3679 1572 3801 1636 hoc
3830 1589 3963 1633 non

2462 1674 2761 1737 convenit
2802 1673 3173 1737 substantiae
3214 1672 3533 1735 mediante
3579 1670 3960 1754 quantitate,

2462 1772 2573 1835 sed
2604 1772 2844 1835 ratione
2874 1770 3244 1835 substantia)
3280 1771 3346 1832 in
3384 1789 3577 1853 quam
3606 1769 3967 1832 substantia

852 1893 1008 1937 num
1041 1875 1398 1956 miraculis3
1421 1861 1685 1958 pensata
1712 1881 1928 1938 tamen
1957 1873 2352 1954 omnipoten-
2384 1871 2433 1936 B
2461 1871 2645 1952 panis
2676 1889 2983 1934 conversa
3011 1878 3109 1932 est
3132 1887 3147 1932 ε
3172 1869 3313 1932 ideo
3344 1869 3535 1931 etiam
3574 1874 3721 1930 ante
3748 1866 3967 1929 fracti-

853 1971 940 2034 tia
988 1972 1100 2035 Dei
1148 1972 1408 2054 gloriosi
1455 1991 1529 2034 ae
1578 1971 1920 2045 benedieti,
1954 1971 2135 2053 quasi
2185 1969 2349 2032 desi·

851 2077 1014 2132 nunt
1039 2088 1179 2134 esse
1209 2071 1538 2146 miracula,
1573 2077 1643 2132 ut
1679 2069 1904 2133 asserit
1931 2069 2345 2151 Augustinus,

851 2167 996 2231 Haec
1036 2168 1594 2233 Antisiodorensis.

930 2264 1010 2327 At
1067 2284 1218 2330 vero
1273 2267 1543 2330 Thomas
1597 2284 1612 2328 ε
1663 2267 1845 2330 Circa
1901 2267 2043 2340 hoc,
2101 2266 2212 2340 ait,
2266 2285 2349 2328 an

849 2378 1082 2444 corpus
1113 2363 1345 2426 Christi
1376 2363 1460 2426 sit
1498 2372 1701 2426 totum
1733 2364 1853 2427 sub
1894 2362 2181 2446 qualibet
2209 2382 2349 2446 par-

849 2469 912 2524 te
942 2462 1325 2543 specierum,
1344 2471 1440 2525 est
1468 2462 1706 2545 duplex
1735 2463 1974 2545 opinio.
2000 2463 2154 2536 Una,
2179 2462 2349 2545 quod

848 2558 1054 2623 hostia
1099 2561 1341 2642 integra
1383 2568 1818 2644 permanente,
1851 2560 2139 2624 Christus
2179 2567 2348 2623 totus

846 2665 946 2722 est
994 2659 1058 2721 in
1105 2659 1312 2723 hostia
1369 2667 1520 2736 tota,
1571 2677 1699 2723 non
1747 2659 1813 2721 in
1863 2658 2150 2742 qualibet
2206 2658 2349 2741 ejus

849 2765 1067 2839 parte3
1118 2758 1323 2822 hostia
1367 2776 1520 2821 vero
1567 2759 1791 2832 divisa,
1847 2757 2132 2822 Christus
2177 2763 2349 2821 totus

849 2863 1066 2917 manet
1093 2855 1214 2918 sub
1253 2855 1541 2939 qualibet
1579 2857 1722 2938 ejus
1761 2863 1958 2939 parte.
1992 2856 2070 2918 Et
2099 2861 2350 2939 ponunt

848 2952 1214 3035 exemplum
1255 2955 1333 3016 de
1370 2955 1651 3037 speculo.
1684 2955 1921 3017 Verum
1965 2955 2136 3017 istud
2182 2961 2348 3017 stare

2460 1986 2650 2031 onem
2689 1977 2787 2031 est
2816 1976 3018 2031 totum
3050 1969 3116 2030 in
3146 1975 3300 2043 toto,
3332 1975 3397 2030 et
3429 1974 3634 2030 totum
3667 1966 3735 2028 in
3764 1965 3963 2048 parti-

2458 2065 2601 2142 buS,
2633 2068 2937 2149 quoniam
2970 2066 3364 2150 ubicumque
3402 2073 3535 2130 erat
3572 2073 3707 2129 tota
3733 2072 3967 2128 natura

2459 2165 2664 2248 paniS,
2696 2173 2793 2228 est
2834 2173 2964 2228 tota
3006 2172 3233 2228 natura
3274 2164 3559 2247 corporis
3603 2163 3862 2237 Christi,
3900 2170 3966 2225 et

2457 2283 2574 2347 per
2620 2282 3017 2346 consequens
3064 2270 3271 2327 totum
3314 2281 3545 2346 corpus
3596 2261 3855 2334 Christi,
3900 2269 3968 2324 et

2458 2369 2588 2425 tota
2616 2362 2934 2444 quantitas
2965 2362 3127 2443 ejus.
3164 2361 3240 2424 Et
3268 2360 3401 2425 haec
3432 2367 3528 2424 est
3557 2359 3779 2442 opinio
3806 2358 3961 2434 alia,

2457 2480 2599 2544 quae
2642 2461 2853 2524 verior
2891 2479 3033 2523 esse
3074 2459 3347 2522 videtur.

2537 2560 2727 2622 Porro
2756 2559 2999 2623 moveri
3041 2559 3105 2620 in
3148 2559 3307 2634 loco,
3343 2556 3777 2640 praesupponit
3814 2575 3965 2620 esse

2458 2658 2525 2721 in
2568 2658 2727 2721 loco.
2760 2658 2935 2722 Unde
2973 2657 3052 2720 ad
3090 2657 3211 2721 hoc
3249 2657 3421 2741 quod
3458 2656 3703 2740 aliquid
3732 2673 3852 2739 per
3892 2675 3965 2720 se

2460 2764 2790 2822 moveatur
2830 2757 2895 2820 in
2937 2757 3097 2834 1000,
3128 2763 3380 2841 oportet
3418 2755 3588 2839 quod
3627 2774 3744 2838 per
3773 2775 3843 2819 se
3876 2756 3966 2818 sit

2459 2856 2525 2918 in
2558 2856 2717 2930 loen,
2751 2863 2815 2918 et
2852 2856 3023 2938 quod
3062 2875 3178 2938 per
3214 2875 3283 2918 se
3324 2862 3675 2929 moveatur,
3708 2872 3837 2917 non
3880 2855 3965 2917 ad

2458 2961 2703 3016 motum
2742 2954 3023 3016 alterius,
3056 2954 3172 3016 Per
3196 2952 3495 3016 accidens
3522 2969 3672 3018 vero
3708 2951 3963 3034 aliquid

849 3068 977 3114 non
1008 3059 1236 3134 potest,
1261 3053 1563 3135 quoniam
1594 3052 1800 3116 hostia
1831 3053 2073 3135 integra
2103 3071 2348 3137 perma-
2384 3053 2428 3116 C
2460 3060 2750 3116 movetur
2796 3053 2862 3114 in
2921 3052 3061 3116 loco
3116 3051 3477 3135 dupliciter.
3523 3050 3754 3125 Primo,
3802 3049 3967 3133 quia

848 3158 1063 3226 nente,
1099 3150 1386 3213 Christus
1415 3151 1630 3234 aliquo
1663 3153 1850 3215 modo
1879 3160 1975 3215 est
2003 3151 2123 3215 sub
2155 3152 2348 3235 parti-

847 3248 970 3311 bus
998 3248 1240 3312 hostiae.
1274 3248 1340 3312 Si
1376 3267 1527 3330 ergo
1566 3268 1694 3313 non
1731 3250 1816 3312 sit
1852 3248 1944 3312 ibi
1991 3250 2347 3313 secundum

849 3354 1080 3422 totum,
1131 3348 1254 3411 erit
1309 3346 1399 3409 ibi
1457 3348 1812 3411 secundum
1871 3356 2116 3432 partem
2171 3366 2185 3411 ε
2237 3349 2348 3412 sed

848 3463 1040 3509 omne
1069 3445 1240 3529 quod
1271 3454 1368 3509 est
1407 3452 1610 3510 totum
1644 3447 1710 3509 in
1742 3454 1893 3521 toto,
1927 3454 1992 3510 et
2029 3466 2175 3530 pars
2206 3448 2349 3529 ejus

852 3545 917 3607 in
964 3552 1162 3627 parte,
1205 3552 1301 3607 est
1338 3544 1428 3608 ibi
1473 3544 1820 3627 situaliter3
1851 3546 2072 3629 sicque
2115 3564 2348 3629 corpus

853 3643 1082 3706 Christi
1143 3643 1456 3706 situaliter
1503 3652 1670 3707 esset
1719 3644 1785 3707 in
1843 3653 2239 3709 sacramento
2286 3654 2350 3709 et

853 3741 1402 3825 circumscriptive
1424 3760 1439 3806 ε
1462 3743 1632 3825 quod
1663 3743 2092 3826 improbatum
2123 3752 2222 3807 est
2248 3763 2350 3806 su-

850 3858 984 3922 pra.
1038 3840 1419 3924 Exemplum
1467 3859 1724 3926 quoque
1780 3843 1860 3905 de
1909 3842 2173 3925 speculo
2219 3859 2344 3905 non

848 3945 946 4001 est
972 3945 1218 4021 aptum,
1251 3939 1404 4021 quia
1441 3939 1652 4022 imago
1689 3939 1936 4022 speculi
1969 3958 2096 4003 non
2126 3948 2225 4003 est
2254 3939 2345 4003 ibi

845 4043 918 4099 ut
963 4036 1170 4100 forma
1215 4037 1504 4101 absolute
1551 4039 1889 4122 quiescens
1937 4038 2004 4101 in
2059 4039 2340 4121 speculo,

843 4135 954 4198 sed
983 4136 1405 4216 adgeneratur
1432 4155 1510 4199 ex
1541 4136 2023 4218 repercussione
2057 4154 2070 4198 :
2105 4137 2345 4200 idcirco

2458 3171 2573 3234 per
2599 3152 2896 3215 accidens
2926 3160 3023 3215 est
3053 3152 3119 3214 in
3150 3151 3545 3234 loco,sicque
3574 3149 3795 3213 formai
3825 3168 3967 3213 mo-

2456 3258 2689 3313 ventur
2717 3268 2833 3333 per
2859 3249 3174 3313 accidens,
3211 3249 3523 3323 Secundo,
3555 3248 3706 3330 quia
3740 3266 3865 3330 per
3894 3267 3965 3310 se

2456 3356 2553 3411 est
2592 3349 2657 3411 in
2698 3348 2859 3424 loco,
2899 3349 3011 3412 sed
3054 3367 3170 3431 per
3210 3348 3507 3413 accidens
3552 3354 3846 3412 movetur
3896 3347 3963 3409 in

2459 3447 2617 3523 1000,
2663 3455 2733 3509 ut
2770 3455 2944 3531 patet
2985 3449 3052 3510 in
3091 3447 3191 3510 his
3229 3447 3342 3529 qui
3382 3447 3702 3510 vehuntur
3742 3462 3759 3509 t
3802 3464 3963 3509 nam

2457 3546 2633 3609 locus
2672 3565 2865 3629 quem
2908 3553 3174 3621 mutant,
3208 3554 3305 3609 est
3340 3564 3458 3628 per
3494 3564 3563 3609 se
3600 3562 3823 3610 eorum
3872 3545 3963 3608 lo-

2455 3663 2569 3707 cus
2600 3645 3035 3728 propriu8,vel
3066 3646 3445 3709 eommunis.
3465 3645 3706 3728 Corpus
3734 3653 3960 3708 autem

2457 3743 2690 3807 Christi
2722 3744 2788 3806 in
2829 3744 2969 3807 loco
3005 3763 3199 3826 quem
3238 3744 3485 3826 species
3518 3750 3791 3818 mutant,
3826 3761 3959 3807 non

2456 3849 2553 3903 est
2600 3860 2716 3925 per
2761 3860 2851 3917 se,
2894 3860 3103 3925 neque
3150 3842 3318 3905 sicut
3360 3842 3427 3905 in
3478 3842 3617 3906 loco
3664 3842 3958 3925 proprio,

2455 3958 2665 4021 neque
2694 3940 2861 4003 sicut
2889 3940 2955 4003 in
2986 3940 3126 4003 loco
3156 3940 3485 4003 communi
3518 3958 3533 4003 ε
3568 3939 3811 4003 idcirco
3840 3958 3963 4023 per

2454 4056 2524 4100 se
2568 4039 2811 4102 moveri
2860 4056 2987 4103 non
3038 4045 3247 4122 potest
3292 4038 3359 4101 in
3408 4037 3540 4113 illo,
3578 4057 3789 4121 neque
3840 4057 3961 4121 per

2451 4138 2747 4201 accidens
2795 4138 2961 4201 sicut
3003 4154 3268 4220 corpora
3312 4144 3651 4201 moventur
3687 4155 3806 4219 per
3854 4155 3960 4199 ac-

841 4235 1151 4315 quamdiu
1199 4242 1297 4297 est
1343 4253 1471 4296 una
1518 4233 1897 4316 superficies
1943 4235 2213 4317 speculi,
2265 4236 2344 4298 fit
2371 4235 2423 4299 D
2453 4236 2707 4315 cidens3
2738 4237 2848 4299 sed
2878 4254 2956 4300 eo
2988 4236 3177 4300 modo
3203 4254 3332 4318 quo
3360 4235 3603 4318 aliquid
3644 4254 3761 4318 per
3789 4236 3961 4299 acci-

841 4332 1050 4394 solum
1083 4350 1209 4393 una
1237 4330 1684 4404 reverberatio,
1709 4338 1772 4394 et
1803 4351 1916 4415 per
1945 4350 2343 4416 consequens

843 4446 971 4489 una
1009 4429 1216 4509 imago
1255 4428 1518 4490 resultat
1535 4447 1552 4508 ;
1583 4428 1786 4493 fracto
1812 4436 2024 4493 autem
2055 4432 2339 4513 speculo,

841 4533 993 4588 sunt
1025 4526 1240 4590 multae
1269 4526 1672 4608 superficies,
1704 4535 1766 4590 et
1801 4546 1917 4610 per
1946 4546 2342 4612 consequens

843 4624 1061 4688 multae
1100 4623 1504 4704 reflexiones,
1536 4644 1610 4688 ac
1655 4625 1868 4690 multae
1909 4626 2219 4709 imagines
2251 4647 2345 4690 re-

841 4722 1170 4785 sultantes
1213 4722 1278 4786 Si
1327 4730 1542 4785 autem
1588 4732 1756 4786 esset
1802 4724 2008 4787 forma
2051 4726 2342 4790 absolute

841 4820 1180 4903 quiescens
1237 4821 1303 4883 in
1361 4820 1674 4902 subjecto,
1729 4830 1839 4885 aut
1894 4831 2061 4885 esset
2115 4841 2340 4887 conse·

840 4936 1046 5000 quens
1085 4917 1528 5001 quantitatem,
1561 4919 1728 4982 sicut
1752 4919 1982 4984 albedo
2019 4940 2164 5003 quae
2198 4921 2341 4984 fun-

840 5016 1123 5079 daturin
1163 5016 1546 5100 superficie3
1576 5026 1689 5080 aut
1726 5019 2145 5100 quantitatem
2186 5039 2341 5104 prae-

841 5116 1096 5191 eedenS,
1147 5123 1219 5178 ut
1263 5115 1471 5179 forma
1516 5116 1969 5182 substantialis.
2017 5119 2090 5183 Si·
2132 5120 2345 5202 primo

845 5213 1054 5289 mode,
1087 5215 1165 5277 de
1205 5214 1582 5278 necessitate
1621 5224 1788 5279 esset
1828 5224 1958 5280 tota
1998 5218 2064 5279 in
2093 5225 2247 5293 toto,
2280 5226 2346 5280 et

845 5330 992 5397 pars
1037 5312 1102 5375 in
1136 5320 1336 5396 parte,
1373 5321 1522 5377 ante
1563 5312 1944 5393 *fractionem
1983 5316 2230 5399 speculi
2279 5326 2343 5380 et

2451 4333 2609 4397 dens
2638 4343 2735 4398 est
2766 4334 2831 4397 in
2861 4333 3021 4410 loco,
3054 4342 3118 4397 et
3156 4353 3271 4417 per
3298 4334 3596 4398 accidens
3634 4342 3955 4397 movetur.

2450 4432 2578 4495 Nec
2607 4432 2828 4495 differt
2850 4432 2953 4513 (ut
2979 4433 3178 4515 aliqui
3207 4432 3461 4515 dicunt)
3487 4433 3719 4507 dicere,
3732 4440 3956 4497 utrum

2452 4531 2700 4613 species
2769 4540 3145 4594 moveantur
3204 4532 3269 4593 in
3328 4531 3553 4594 eodem
3620 4530 3781 4605 loc0,
3846 4540 3959 4594 aut

2454 4629 2913 4693 transferantur
2940 4629 3019 4692 de
3049 4629 3188 4693 loco
3214 4629 3296 4692 ad
3327 4629 3540 4693 locum
3560 4647 3575 4691 ε
3594 4630 3747 4712 quia
3778 4630 3955 4712 quod

2452 4728 2519 4790 in
2549 4729 2773 4791 eodem
2804 4729 2942 4792 loco
2978 4728 3333 4791 secundum
3368 4727 3791 4791 substantiam
3826 4746 3957 4791 ma-

2452 4846 2611 4889 nens
2642 4836 2954 4903 movetur,
2989 4834 3193 4890 mutat
3222 4826 3434 4891 locum
3454 4845 3581 4891 non
3614 4826 3827 4889 solum
3858 4846 3954 4889 se—

2452 4927 2734 4990 cundum
2783 4935 3015 5010 parteS,
3050 4927 3161 4991 sed
3210 4927 3565 4990 seeundum
3612 4934 3844 5001 totum,
3878 4934 3952 4989 ut

2450 5033 2628 5089 sexto
2675 5025 3086 5109 physicorum
3135 5024 3457 5108 probatur.
3488 5060 3571 5072 —-
3596 5025 3742 5089 Haec
3786 5026 3949 5089 Tho-

2452 5142 2587 5187 mas
2631 5125 2697 5187 in
2740 5125 3007 5207 Scripto.

2530 5222 2798 5305 Insuper
2841 5223 2906 5285 in
2950 5224 3138 5287 tertia
3179 5232 3379 5306 parte,
3412 5224 3763 5307 quaestione
3802 5244 3946 5307 sep·

2450 5321 2803 5401 tuagesima
2849 5329 3025 5385 sexta
3066 5339 3081 5385 :
3125 5324 3193 5385 ln
3241 5332 3657 5401 sacramento,
3708 5325 3943 5409 inquit,
4024 5348 4099 5389 m.
4119 5346 4154 5388 ³.
4224 5306 4226 5373 ἓ
