4267 6250
833 456 956 523 584

1460 475 1527 523 m
1565 474 1789 523 nummu
1828 475 1891 521 lv
1930 472 2416 521 summumst.
2457 490 2539 503 ·-
2576 472 2731 519 msr.
2771 472 2944 536 11113
2987 472 3211 529 Qnsss'r.
3253 472 3300 521 n

840 665 953 711 seu
990 646 1129 730 ipsa
1156 645 1475 722 contritio,
1498 664 1639 730 quae
1669 651 1767 708 est
1795 664 1941 728 pars
1970 662 2328 707 sacramen·
2359 643 2410 708 A
2440 642 2605 706 fecte
2644 641 2966 725 significat
3003 642 3187 707 illum
3225 642 3532 708 effectum
3566 661 3582 707 ε
3617 644 3762 707 ideo
3798 662 3941 709 om-

839 745 885 807 ti
932 765 947 809 z
991 763 1119 808 non
1168 762 1319 827 ergo
1366 752 1464 808 est
1507 762 1607 807 res
1656 743 1879 827 ipsius.
1924 742 2329 825 Responden-

840 844 995 906 dum
1024 844 1103 907 ad
1134 837 1629 926 primumquod
1660 842 1924 905 interior
1955 840 2330 924 poenitentia

838 942 905 1005 in
932 949 1243 1024 quantum
1274 950 1371 1005 est
1398 948 1577 1004 actus
1608 940 1879 1013 virtutiS,
1892 946 1989 1003 est
2013 958 2204 1001 causa
2227 957 2332 1001 ex-

834 1040 1109 1115 terioriS,
1142 1040 1679 1121 quemadmodum
1722 1039 1787 1101 in
1825 1037 2053 1102 ceteris
2082 1037 2331 1100 virtuti-

834 1137 955 1201 bus
1002 1146 1181 1202 actus
1230 1138 1563 1201 interiores
1612 1144 1762 1201 sunt
1808 1155 2013 1200 causae
2060 1136 2328 1198 exterio·

832 1255 1014 1317 rum3
1046 1237 1157 1300 sed
1197 1238 1263 1299 in
1302 1243 1613 1319 quantum
1646 1243 1741 1299 est
1768 1242 1949 1298 actus
1981 1252 2329 1317 cooperans

830 1337 910 1399 ad
968 1336 1361 1399 sanationem
1421 1334 1687 1418 peccati,
1739 1334 2017 1417 pertinet
2067 1333 2147 1396 ad
2198 1352 2329 1415 poe-

832 1434 1168 1497 nitentium
1231 1441 1752 1513 sacramentum3
1810 1450 1929 1495 nec
1986 1439 2083 1495 est
2138 1450 2328 1494 causa

830 1532 1183 1605 exterioriS,
1215 1533 1326 1596 sed
1366 1531 1637 1594 effectus
1670 1549 1784 1593 seu
1821 1530 2140 1612 signatum
2179 1530 2328 1612 ipsi-

750 1614 764 1627 ’
832 1650 923 1694 us.
940 1631 1076 1694 Non
1107 1630 1281 1694 enim
1312 1629 1503 1694 habet
1533 1628 1889 1692 efficaciam
1921 1636 2140 1692 contra
2171 1646 2330 1691 mor-

544 3619 625 3663 Pe.
646 3632 741 3671 xcv.
758 3621 801 3662 ⁶.

536 4012 732 4070 cmm
741 4011 803 4058 D'.

830 1728 987 1792 bum
1035 1729 1303 1812 peccati,
1340 1728 1466 1791 nisi
1516 1746 1593 1791 ex
1636 1727 2077 1810 suppositione
2126 1728 2326 1810 poeni-

2439 741 2544 804 nia
2587 741 2706 805 ista
2751 742 2945 805 simul
2989 749 3139 805 sunt
3185 762 3386 805 unum
3435 750 3936 807 sacramentum.

2519 840 2804 922 Denique
2836 841 2898 904 in
2940 842 3374 915 sacramentis,
3412 842 3477 904 in
3507 841 3746 924 quibus
3783 849 3946 904 sunt

2441 938 2705 1001 materia
2734 946 2798 1001 et
2827 938 3052 1013 forma,
3075 939 3463 1021 significatio
3494 939 3946 1022 principaliter

2439 1044 2536 1099 est
2581 1056 2660 1100 ex
2707 1045 2885 1120 parte
2935 1038 3238 1113 materiae,
3287 1037 3583 1102 efficacia
3627 1056 3708 1100 ex
3758 1046 3944 1121 parte

2437 1134 2660 1199 formae
2693 1154 2707 1197 :
2741 1136 3002 1213 idcirco,
3025 1155 3226 1220 quum
3257 1145 3436 1201 actus
3467 1137 3840 1220 poenitentis
3872 1136 3942 1200 in

2438 1235 2558 1297 hoc
2594 1243 2988 1299 sacramento
3035 1235 3164 1298 sint
3205 1234 3374 1299 sicut
3413 1235 3696 1310 materia,
3729 1242 3794 1298 et
3831 1234 3944 1298 ab·

2437 1333 2669 1396 solutio
2707 1334 3054 1397 sacerdotis
3091 1342 3164 1396 ut
3190 1333 3427 1413 forma3
3459 1341 3936 1397 sacramentum

2437 1432 2558 1495 hoc
2614 1439 2924 1513 quantum
2986 1433 3067 1495 ad
3126 1433 3436 1496 rationem
3498 1432 3935 1513 significandi,

2437 1529 2880 1613 principaliter
2908 1530 3200 1593 consistit
3237 1531 3302 1592 in
3341 1539 3488 1593 actu
3526 1530 3936 1613 poenitentis3

2436 1628 2546 1690 sed
2576 1636 2885 1710 quantum
2917 1628 2996 1691 ad
3027 1627 3411 1704 efficaciam,
3444 1628 3510 1691 in
3543 1635 3690 1691 actu
3727 1646 3940 1691 sacer-

2435 1725 2622 1797 dotis,
2656 1726 2720 1788 id
2760 1733 2857 1789 est
2893 1726 3312 1789 absolutione.
3347 1726 3508 1790 Hinc
3547 1734 3758 1809 partes
3801 1726 3938 1791 1>oe-

828 1827 1043 1891 tentiae
1076 1826 1409 1890 exterioris
1440 1833 1505 1889 et
1532 1825 1847 1889 desiderio
1878 1824 2318 1888 absolutionis.
2359 1820 2408 1885 B
2436 1824 2721 1888 nitentiae
2767 1824 3168 1907 assignantur
3209 1844 3288 1889 ex
3337 1833 3514 1909 parte
3563 1826 3938 1907 poenitentis

827 1925 923 1988 Ad
966 1926 1343 2001 secundum,
1386 1924 1558 2007 quod
1603 1923 1713 1986 illa
1756 1924 1882 1986 duo
1921 1930 2087 1985 stant
2129 1922 2324 1985 simul

826 2023 1182 2087 secundum
1226 2024 1500 2087 rationes
1542 2022 1843 2085 diversas.

905 2123 986 2185 At
1042 2139 1195 2185 vero
1252 2121 1305 2185 si
1363 2127 1703 2204 quaeratur,
1754 2127 1970 2182 utrum
2029 2118 2325 2182 remissio

826 2227 1235 2304 peccatorum
1290 2218 1375 2281 sit
1418 2226 1667 2281 tantum
1724 2236 1825 2281 res
1881 2217 2077 2299 hujus
2122 2236 2326 2280 sacra-

828 2318 1061 2399 menti3
1093 2318 1459 2391 dicendum,
1483 2316 1652 2399 quod
1682 2334 1783 2380 res
1812 2315 2087 2397 alicujus
2118 2334 2322 2377 sacra-

826 2418 1029 2481 menti
1058 2424 1155 2480 est
1183 2433 1310 2480 non
1340 2422 1587 2479 tantum
1618 2434 1809 2496 quam
1838 2414 2046 2478 efficit
2072 2414 2326 2477 actuali-

822 2524 922 2579 ter
950 2515 1410 2598 dispensatum,
1434 2514 1546 2577 sed
1575 2513 1769 2576 etiam
1798 2519 1871 2575 ut
1899 2512 1965 2574 in
1996 2511 2325 2596 proposito

824 2613 1157 2678 exsistens.
1192 2613 1528 2696 Quumque
1569 2611 1947 2676 Poenitentia
1986 2612 2053 2673 in
2098 2627 2324 2693 propo-

824 2712 949 2776 sito
976 2711 1310 2786 exsistam,
1344 2709 1589 2774 efficiat
1618 2710 2059 2773 remissionem
2099 2728 2322 2792 pecca-

822 2817 1032 2873 torum
1064 2826 1192 2872 non
1224 2807 1431 2871 solum
1462 2807 1671 2890 quoad
1700 2825 1974 2889 poenam,
1988 2808 2099 2870 sed
2128 2808 2319 2870 etiam

824 2907 1031 2992 quoad
1073 2907 1367 2990 eulpam3
1400 2906 1543 2969 ideo
1580 2904 1873 2969 remissio
1911 2913 2319 2988 peccatorum

2437 1923 2636 2003 magis
2677 1941 2871 2005 quam
2908 1924 3320 1989 absolventis,
3355 1924 3431 1987 Et
3459 1924 3628 1987 sicut
3660 1923 3938 2007 prolatio

2434 2020 2654 2085 formae
2683 2021 3028 2085 verborum
3067 2023 3133 2085 in
3175 2022 3499 2105 Baptismo
3537 2040 3666 2086 non
3705 2022 3938 2086 dividi-

2433 2128 2538 2182 tur
2568 2128 2786 2183 contra
2822 2128 2952 2184 tres
2990 2121 3455 2196 immersioneS,
3489 2122 3582 2185 sic
3615 2120 3936 2185 absolutio

2433 2218 2778 2283 sacerdotis
2835 2237 2962 2283 non
3021 2221 3281 2303 ponitur
3335 2238 3484 2302 pars
3531 2228 3752 2284 contra
3801 2228 3936 2283 tres

2432 2317 2588 2380 alias
2629 2317 3022 2382 Poenitentioe
3063 2326 3273 2401 partes
3315 2318 3629 2382 distincta.

2511 2414 2805 2497 Amplius
2835 2415 3256 2499 quaeritur,an
3287 2416 3484 2481 verba
3509 2416 3936 2481 absolutionis

2433 2512 2706 2577 debeant
2735 2533 2850 2597 per
2889 2515 3148 2578 modum
3181 2516 3649 2598 deprecationis
3687 2515 3935 2599 profer—

2433 2612 2507 2674 ri.
2563 2613 3021 2695 Respondetur,
3069 2614 3240 2697 quod
3287 2614 3579 2697 quasdam
3635 2622 3788 2678 sunt
3833 2634 3934 2678 sa-

2433 2718 2759 2773 cramenta
2802 2710 2869 2774 in
2909 2730 3184 2795 quorum
3227 2712 3634 2796 susceptione
3663 2732 3777 2777 seu
3821 2714 3932 2777 ad—

2433 2808 2899 2871 ministratione
2943 2828 3197 2893 semper
3244 2813 3658 2893 consequitur
3693 2812 3934 2894 aliquis

2431 2904 2704 2969 effectus
2746 2907 2812 2969 in
2853 2908 3266 2991 suscipiente,
3298 2916 3370 2971 ut
3401 2909 3465 2972 in
3500 2909 3804 2973 omnibus
3835 2929 3934 2973 sa-

824 3014 1097 3088 utroque
1146 3005 1333 3068 modo
1381 3012 1480 3067 est
1525 3022 1625 3067 res
1681 3004 2073 3067 Poenitentiae
2122 3022 2323 3067 sacra·
2354 3001 2398 3066 C
2432 3004 2774 3068 oramentis
2816 3025 2959 3088 quae
3001 3007 3430 3070 characterem
3481 3008 3868 3091 imprimunt
3914 3028 3931 3073 ε

826 3104 1023 3169 menti
1059 3121 1075 3168 τ
1112 3122 1255 3188 quae
1300 3102 1641 3185 aliquando
1686 3110 1975 3186 tempore
2022 3102 2324 3186 praecedit

824 3209 1289 3266 sacramentum
1339 3201 1659 3282 exterius;
1708 3201 2050 3284 aliquando
2106 3209 2322 3265 autem

824 3303 893 3365 in
919 3303 1059 3385 ipso
1088 3309 1484 3365 sacramento
1512 3299 1809 3376 efficitur,
1826 3307 1896 3362 ut
1924 3301 2078 3364 dum
2108 3302 2324 3365 attrito

828 3400 1080 3465 obicem
1120 3417 1248 3463 non
1290 3399 1549 3483 ponenti
1581 3400 1768 3462 datur
1801 3400 1867 3463 in
1908 3401 2045 3483 ipsa
2075 3399 2322 3464 confes-

830 3499 1007 3562 sione
1039 3506 1103 3561 et
1130 3497 1529 3561 absolutione
1557 3497 1759 3578 gratia
1787 3504 1977 3579 atque
2006 3499 2319 3561 remissio

828 3597 1005 3660 Unde
1034 3615 1227 3679 super
1256 3595 1437 3670 illud,
1470 3594 1795 3658 Confessio
1823 3604 1887 3658 et
1915 3596 2326 3678 pulchritudo

830 3695 896 3758 in
945 3701 1291 3777 conspectu
1340 3693 1503 3775 ejus,
1554 3694 1644 3756 ait
1690 3692 1909 3757 Glossa
1960 3711 1976 3756 ε
2029 3694 2093 3757 Si
2149 3713 2325 3757 amas

830 3792 1399 3876 pulchritudinem,
1434 3791 1762 3867 confitere,
1798 3798 1868 3854 ut
1904 3791 1993 3855 sis
2032 3792 2321 3873 pulcher,

830 3891 896 3954 id
938 3898 1035 3954 est
1070 3891 1302 3972 justus.

919 3991 1223 4055 Praeterea
1278 3989 1607 4072 quaeritur,
1664 4007 1744 4052 an
1807 3989 2184 4054 Poenitentia
2242 3991 2325 4054 sit

830 4109 1033 4154 unum
1097 4093 1587 4152 sacramentum.
1651 4087 1730 4150 Et
1781 4088 2319 4170 respondendum,

2433 3103 2672 3167 idcirco
2703 3104 2768 3166 in
2801 3104 2930 3168 illis
2967 3112 3226 3189 propter
3256 3106 3704 3170 certitudinem
3735 3107 3936 3171 verba

2431 3203 2802 3285 exprimunt
2835 3204 3318 3284 praesentialiter
3355 3205 3734 3269 sacramenti
3773 3206 3934 3270 effe-

2433 3307 2632 3376 ctum,
2665 3301 2768 3364 vel
2813 3321 2928 3384 per
2969 3302 3232 3365 modum
3276 3302 3716 3378 indicativum,
3747 3313 3822 3368 ut
3863 3306 3934 3368 in

2433 3397 2758 3481 Baptismo
2805 3407 2870 3462 et
2917 3399 3436 3476 confirmatione,
3481 3403 3585 3466 vel
3633 3421 3750 3486 per
3797 3423 3933 3468 mo-

2434 3498 2588 3559 dum
2648 3497 3123 3580 imperativum,
3175 3506 3246 3561 ut
3293 3499 3359 3562 in
3417 3499 3670 3564 Ordinis
3729 3520 3938 3565 sacra·

2437 3602 2669 3658 mento.
2734 3596 2804 3658 In
2867 3596 3245 3660 Poenitentia
3307 3607 3522 3662 autem
3582 3600 3937 3682 impeditur

2435 3692 2698 3755 omnino
2755 3691 3027 3756 effectus
3083 3694 3502 3759 absolutionis
3561 3715 3676 3780 per
3735 3697 3936 3762 indis-

2437 3792 2820 3874 positionem
2863 3793 3246 3873 voluntatis3
3283 3803 3563 3858 attamen
3611 3796 3934 3861 absolutio

2434 3897 2744 3971 quantum
2787 3897 2885 3953 est
2913 3891 2999 3954 de
3041 3910 3131 3966 se,
3164 3891 3567 3956 sufficienter
3603 3895 3934 3958 certitudi-

2434 3988 2789 4070 naliterque
2837 3989 3083 4052 inducit
3129 3989 3458 4066 effectum,
3498 3991 3622 4055 nisi
3665 3992 3932 4057 aliunde

2432 4086 2516 4149 sit
2553 4087 3106 4170 impedimentum.
3138 4090 3287 4154 Ideo
3321 4089 3638 4155 absolutio
3676 4110 3794 4174 per
3833 4091 3930 4155 in—

829 4188 1000 4272 quod
1048 4188 1305 4270 quando
1349 4185 1623 4250 effectus
1669 4185 1959 4269 procedit
1997 4204 2077 4249 ex
2126 4187 2323 4269 pluri·
2353 4186 2401 4248 D
2431 4185 2778 4249 dicativum
2809 4185 2888 4249 fit
2917 4187 3199 4264 modum,
3225 4188 3334 4252 sed
3365 4189 3774 4272 praemittitur
3796 4209 3934 4254 ora·

827 4285 948 4348 bus
988 4285 1196 4348 causis
1235 4285 1652 4366 congregatis,
1685 4293 1840 4347 tunc
1882 4284 2061 4347 nulla
2101 4304 2320 4349 earum

826 4391 925 4446 est
961 4402 1077 4466 per
1112 4402 1181 4446 se
1216 4401 1408 4446 causa
1446 4381 1751 4466 plenaria,
1786 4391 1856 4445 ut
1884 4390 2058 4466 patet
2090 4384 2169 4447 de
2199 4392 2320 4447 tra-

826 4481 1130 4545 hentibus
1168 4499 1418 4544 navem.
1454 4481 1662 4555 Quum
1698 4499 1849 4562 ergo
1879 4481 2152 4545 effectus
2191 4483 2321 4547 Poe-

822 4580 1109 4644 nitentiae
1158 4597 1285 4643 non
1333 4586 1655 4662 sequatur,
1698 4578 1819 4642 nisi
1868 4579 2085 4664 aliquo
2130 4581 2322 4646 modo

825 4677 1357 4743 concurrentibus
1386 4676 1687 4741 omnibus
1716 4697 1858 4760 quae
1888 4679 1966 4741 ad
2009 4679 2320 4743 Poeniten-

822 4777 975 4841 tiam
1026 4777 1462 4859 requiruntur,
1503 4777 1720 4840 omnia
1759 4777 1869 4839 illa
1915 4776 2110 4840 simul
2153 4797 2322 4842 sum-

821 4885 929 4960 pta
959 4875 1196 4939 habent
1224 4876 1535 4939 rationem
1564 4876 1755 4939 unius
1786 4894 1991 4940 causae
2021 4875 2320 4958 perfectae

820 4983 1111 5058 respectu
1163 4974 1337 5037 illius
1385 4972 1676 5037 effectus
1730 4976 2067 5058 Quumque
2114 4995 2319 5039 sacra-

819 5081 1035 5137 menta
1082 5073 1372 5136 efficiant
1431 5072 1876 5155 significando,
1928 5075 2071 5136 ideo
2122 5075 2315 5137 etiam

818 5173 1035 5235 omnia
1083 5170 1193 5234 illa
1240 5171 1434 5234 simul
1483 5169 1722 5233 habent
1768 5170 2077 5233 rationem
2123 5172 2316 5235 unius

816 5269 1004 5353 signi,
1055 5271 1209 5333 dum
1259 5268 1763 5351 unumquodque
1810 5286 2030 5332 eorum
2085 5269 2317 5353 imper-

2430 4283 2522 4346 tio
2561 4283 2692 4358 illa,
2724 4284 3112 4360 Misereatur,
3145 4305 3228 4350 ne
3266 4285 3540 4350 effectus
3584 4286 3932 4352 absolutio-

2433 4382 2532 4443 nis
2591 4382 3006 4464 impediatur3
3057 4392 3270 4447 tamen
3327 4403 3456 4448 non
3511 4393 3609 4448 est
3655 4387 3736 4450 de
3785 4406 3930 4451 esse

2432 4481 2834 4555 sacramenti,
2867 4481 2978 4544 sed
3019 4482 3097 4545 de
3136 4482 3300 4546 bene
3335 4502 3476 4546 esse
3519 4484 3742 4567 ipsiuS.

2510 4580 2830 4644 Postremo
2879 4579 2983 4643 hic
3041 4582 3350 4664 quaeritur
3393 4583 3474 4646 de
3522 4582 3928 4649 institutione

2431 4677 2626 4759 hujus
2667 4679 3069 4755 sacramenti,
3101 4687 3167 4743 et
3201 4699 3284 4743 an
3326 4680 3520 4745 fuerit
3559 4681 3926 4748 institutum

2429 4785 2576 4840 ante
2633 4778 2974 4842 Salvatoris
3030 4780 3398 4856 adventum,
3446 4781 3547 4844 vel
3596 4782 3804 4845 solum
3857 4783 3926 4846 in

2429 4877 2794 4958 evangelica
2851 4877 3006 4959 lege.
3071 4878 3446 4954 Dicendum,
3496 4881 3664 4963 quod
3725 4901 3930 4946 sacra·

2431 4983 2717 5038 mentum
2759 4977 3148 5040 Poenitentiae
3196 4979 3484 5042 consistit
3524 4979 3590 5040 in
3628 4981 3930 5044 determi-

2427 5080 2576 5137 nato
2616 5076 2804 5138 modo
2843 5076 3070 5157 agendi
3115 5077 3558 5160 poenitentiam
3591 5097 3606 5143 ε
3641 5081 3752 5162 qui
3799 5098 3931 5143 mo·

2426 5174 2544 5236 dus
2601 5191 2730 5236 non
2788 5174 3033 5238 exstitit
3087 5194 3362 5259 semper,
3423 5196 3544 5240 nec
3600 5177 3770 5241 idem
3829 5188 3932 5243 est

2422 5272 2594 5354 apud
2632 5289 2886 5352 omnes;
2931 5273 3074 5338 ideo
3116 5282 3214 5338 est
3255 5275 3638 5340 institutum.
3671 5313 3752 5324 —
3781 5278 3926 5343 Por-
