4267 6250
128 4915 363 4972 cs.p.513A.

916 498 1005 547 Art
1044 496 1331 547 lccmsu
1369 498 1576 547 Possrr
1613 497 1693 545 AG
1732 496 1971 545 nunu·
2010 497 2346 557 omem!
2385 498 2900 549 Exconumcm

3337 477 3457 545 517

352 668 535 752 prius
572 668 655 733 ab
688 670 1349 735 excommunicatione
1390 670 1473 735 sit
1500 669 1851 734 absolutus.
1884 669 1938 735 A
1965 670 2183 747 nicati,
2217 672 2371 735 dum
2409 673 2548 735 sine
2585 672 2756 754 justa
2795 691 2984 737 causa
3026 669 3461 736 excommuni-

420 768 514 831 Ad
546 770 903 833 secundum
933 770 1301 845 dicendum,
1318 770 1489 852 quod
1518 788 1719 851 quum
1751 787 1855 831 ex-

354 868 855 932 communicatio
901 868 985 931 sit
1042 869 1332 951 quaedam
1390 886 1601 951 poena,
1651 875 1860 950 potest

351 966 547 1029 homo
575 965 657 1028 ab
688 965 799 1028 illa
838 967 1078 1029 invitus
1116 965 1379 1030 absolvi.
1414 966 1647 1029 Malum
1682 965 1856 1028 enim

354 1083 561 1147 poenae
604 1082 731 1128 non
776 1071 876 1129 est
919 1084 1175 1147 semper
1216 1084 1293 1128 ex
1337 1065 1596 1147 propria
1635 1064 1857 1127 volun-

352 1170 503 1237 tate,
540 1170 611 1225 ut
642 1164 886 1226 malum
916 1164 1144 1246 culpae,
1176 1183 1213 1226 a
1255 1182 1381 1246 qua
1421 1181 1611 1227 nemo
1651 1168 1859 1245 potest

353 1261 600 1325 absolvi
634 1261 894 1325 invitus.

430 1360 527 1423 Ad
560 1360 823 1423 tertium
853 1360 1392 1443 respondendum,
1411 1360 1578 1444 quod
1610 1377 1860 1423 excom-

356 1458 827 1522 municationes
856 1475 985 1522 non
1023 1458 1263 1521 habent
1299 1458 1759 1522 connexionem
1792 1458 1857 1520 in

355 1556 574 1640 aliquo
621 1557 791 1619 sicut
834 1563 1094 1639 peccata
1144 1556 1435 1620 mortalia
1482 1574 1497 1617 z
1542 1556 1686 1619 ideo
1734 1575 1861 1618 una

358 1656 496 1718 sine
523 1655 651 1718 alia
682 1662 892 1737 potest
916 1654 1175 1718 auferri.
1200 1656 1435 1718 Verum
1467 1674 1632 1717 unus
1661 1674 1859 1738 quan-

358 1755 569 1836 doque
616 1761 716 1816 est
760 1753 1352 1817 excommunicatus
1412 1752 1707 1836 pluribus
1754 1771 1860 1815 ex-

1965 778 2179 849 catur3
2211 771 2420 845 terti0,
2439 790 2518 835 ex
2550 778 2727 854 parte
2757 769 3458 844 excommunicationiS,

1964 868 2219 950 quando
2283 869 2438 933 ordo
2501 870 2666 951 juris
2733 888 2863 934 non
2929 869 3322 933 observatur.
3390 869 3460 931 ln

1964 965 2266 1029 omnibus
2318 967 2524 1031 modis
2581 967 2682 1030 his
2733 968 3048 1032 sententia
3097 984 3464 1031 excommu-

1966 1063 2304 1127 nicationis
2352 1067 2627 1128 tenenda
2673 1072 2770 1128 θεῖ
2815 1084 2890 1129 ac
2937 1066 3243 1139 timenda,
3285 1083 3466 1128 exce-

1966 1162 2093 1245 ptis
2153 1162 2406 1225 casibus
2462 1162 2688 1225 tribuS.
2739 1164 2988 1227 Primus
3043 1171 3160 1237 est,
3211 1163 3466 1246 quando

1966 1261 2532 1324 excommunicans
2563 1262 3163 1325 excommunicandi
3197 1268 3467 1344 potesta-

1966 1366 2095 1422 tem
2153 1377 2281 1423 non
2342 1359 2552 1423 habet.
2611 1358 2962 1435 SecunduS,
3013 1360 3268 1443 quando
3322 1366 3468 1442 post

1966 1457 2461 1541 appellationem
2519 1458 2600 1521 ab
2657 1458 3210 1522 excommunicato
3265 1457 3468 1540 legiti-

1968 1575 2072 1619 me
2103 1556 2544 1639 interpositam
2575 1557 3183 1621 excommunicatur.
3200 1556 3464 1630 TertiuS,

1968 1656 2224 1737 quando
2265 1654 2644 1718 manifestus
2687 1672 2864 1719 error
2902 1655 2968 1718 in
3011 1654 3326 1718 sententia
3365 1672 3470 1716 ex-

1970 1752 2272 1835 primitur
2304 1770 2319 1815 :
2353 1761 2426 1815 ut
2463 1754 2517 1816 si
2549 1753 2816 1827 dicatur,
2850 1751 3351 1816 Excommunico
3377 1759 3466 1825 te,

358 1850 1055 1914 communicationibus
1092 1869 1128 1912 a
1154 1850 1373 1932 judice
1403 1868 1531 1914 uno
1565 1868 1578 1912 ε
1614 1858 1677 1913 et
1704 1857 1859 1913 tunc
1896 1854 1943 1917 B
1972 1852 2276 1934 quoniam
2315 1851 2522 1915 credis
2561 1852 2628 1914 in
2669 1852 3011 1915 Christum.
3045 1850 3188 1915 Haec
3225 1852 3465 1914 Petrus.

359 1950 617 2031 quaudo
643 1948 727 2010 ab
757 1967 884 2010 una
911 1948 1284 2023 absolvitur,
1315 1949 1396 2012 ab
1427 1949 1727 2012 omnibus
1754 1948 1861 2011 ab-

360 2047 523 2110 solvi
570 2046 908 2129 accipitur,
960 2048 1085 2109 nisi
1133 2047 1499 2130 oppositum
1550 2047 1862 2130 exprima-

360 2152 487 2219 tur,
537 2153 650 2209 aut
706 2146 772 2210 in
822 2164 973 2209 casu
1022 2164 1159 2227 quo⁴
1198 2146 1342 2229 quis
1396 2145 1859 2209 absolutionem

362 2243 664 2326 impetrat
694 2250 941 2307 tantum
971 2244 1050 2307 de
1082 2262 1209 2307 uno
1238 2262 1388 2307 casu
1428 2245 1863 2307 excommuni-

364 2343 656 2417 cationiS‚
688 2361 891 2425 quum
936 2360 1053 2426 pro
1091 2341 1385 2426 pluribus
1428 2342 1864 2406 excommuni-

364 2448 543 2503 catus
584 2441 687 2503 sit.
722 2441 1049 2504 Interdum
1087 2458 1239 2504 vero
1276 2441 1865 2504 excommunicatus

363 2547 461 2601 est
484 2558 525 2601 a
552 2537 825 2602 diversis
851 2538 1209 2620 judicibus:
1231 2546 1509 2621 tuncque
1538 2538 1867 2601 absolutus

366 2637 447 2701 ab
504 2638 1169 2701 excommunicatione
1227 2657 1373 2712 una,
1422 2655 1551 2702 non
1610 2644 1869 2719 propter

367 2737 487 2800 hoc
528 2745 625 2800 est
667 2735 996 2799 absolutus
1034 2736 1115 2799 ab
1152 2736 1297 2810 alia,
1330 2736 1453 2800 nisi
1494 2754 1717 2800 omnes
1758 2735 1868 2797 alii

368 2836 445 2898 ad
476 2835 854 2917 petitionem
889 2835 1031 2916 ejus
1058 2834 1525 2898 absolutionem
1557 2834 1700 2915 ejus
1730 2851 1871 2897 con-

369 2932 656 3007 firment,
690 2932 793 2995 vel
832 2932 956 2995 nisi
986 2949 1210 2996 omnes
1250 2932 1445 2995 ceteri
1480 2932 1728 3013 judices
1766 2932 1871 2993 de-

2052 1950 2366 2013 Consonat
2408 1950 2510 2013 his
2550 1949 2924 2023 RicharduS,
2957 1950 3068 2032 qui
3124 1949 3324 2012 multa
3369 1948 3472 2013 his

1970 2048 2166 2123 addit,
2199 2049 2278 2111 de
2309 2048 2544 2131 quibus
2582 2054 2951 2131 pertranseo
2988 2048 3292 2130 quoniam
3332 2066 3473 2111 rara

1972 2154 2120 2209 sunt
2159 2154 2224 2209 et
2258 2146 2518 2227 juristas
2557 2147 2758 2227 magis
2797 2153 3210 2209 concernunt.
3243 2146 3473 2228 Aliqua

1972 2252 2185 2307 tamen
2217 2252 2489 2327 tangam.
2523 2245 2740 2326 Itaque
2770 2244 3019 2326 quaerit,
3049 2264 3129 2307 an
3161 2244 3474 2307 sententia

1973 2342 2654 2406 excommunicationis
2699 2342 2822 2404 lata
2864 2348 3082 2405 contra
3121 2342 3474 2405 communi-

1974 2449 2192 2515 tatem,
2244 2447 2474 2504 teneat.
2526 2440 2890 2522 Respondet
2939 2458 2954 2501 ε
3005 2440 3092 2503 Dc
3149 2441 3270 2504 hoc
3323 2447 3474 2502 sunt

1976 2540 2117 2603 duae
2157 2538 2514 2621 opinioneS,
2548 2556 2819 2620 quarum
2851 2537 3060 2601 verior
3093 2539 3268 2613 dicit,
3302 2538 3472 2620 quod

1978 2656 2103 2701 non
2146 2643 2341 2711 tenet,
2374 2636 2530 2699 alias
2574 2654 2702 2699 non
2741 2644 3074 2699 caveretur
3111 2634 3471 2718 periculum

1975 2736 2358 2809 animarum,
2421 2734 2592 2817 quod
2651 2733 2966 2796 institutio
3022 2734 3222 2796 vitare
3275 2734 3476 2796 inten-

1977 2834 2087 2897 dit.
2121 2870 2202 2879 —
2241 2834 2476 2896 Iterum
2527 2832 2776 2915 quaerit,
2818 2851 2896 2921 an
2947 2838 3238 2895 mortuus
3285 2838 3478 2915 queat

1976 2931 2539 2996 excommunicari.
2572 2930 2934 3012 Respondet
2961 2931 3130 3012 quod
3161 2929 3313 3004 imo,
3346 2946 3475 2992 non

370 3031 676 3095 mandent
712 3032 824 3094 uni
854 3029 1318 3094 absolutionem
1362 3030 1583 3113 ipsius
1616 3066 1694 3076 —
1724 3030 1869 3093 Haec
1904 3033 1947 3096 C
1978 3031 2148 3113 quod
2195 3028 2772 3094 excommunicatio
2821 3030 3002 3091 cedat
3047 3027 3174 3091 illis
3224 3028 3291 3091 in
3344 3046 3478 3110 poe-

368 3131 641 3195 Thomas
688 3131 753 3193 in
794 3129 1065 3212 Scripto.

451 3228 807 3294 Concordat
832 3229 1055 3291 Petrus
1095 3228 1161 3290 in
1192 3227 1513 3303 omnibuS,
1547 3235 1611 3291 et
1647 3229 1870 3309 adjun-

368 3329 463 3410 git
486 3345 501 3390 ε
524 3326 1075 3402 Quemadmodum
1107 3325 1174 3389 in
1214 3326 1530 3389 medicina
1558 3326 1871 3408 corporali

369 3426 610 3510 duplex
644 3431 741 3488 est
778 3425 1006 3488 modus
1048 3424 1335 3498 sanandi,
1368 3441 1497 3507 quo
1537 3425 1739 3486 utitur
1782 3443 1873 3487 sa-

372 3527 559 3609 piens
592 3525 881 3588 medicus
902 3541 916 3586 :
936 3543 1103 3586 unus
1134 3542 1249 3605 per
1284 3523 1707 3586 medicamina
1735 3524 1873 3585 dul-

372 3627 493 3699 cia,
525 3624 691 3686 alius
732 3642 847 3706 per
873 3641 1089 3685 amara
1118 3623 1253 3684 sive
1294 3621 1650 3702 mordacia3
1686 3623 1771 3684 ita
1808 3623 1873 3684 in

376 3723 697 3787 medicina
736 3721 1057 3804 spirituali
1098 3721 1325 3784 modus
1368 3719 1583 3784 suavis
1623 3729 1719 3784 est
1763 3739 1877 3804 per

373 3820 883 3885 exhortationem
944 3827 1009 3881 et
1069 3825 1611 3882 sacramentorum
1676 3819 1875 3881 admi-

376 3918 841 3990 nistrationem,
894 3917 1121 3979 modus
1178 3915 1461 3990 mordax,
1514 3935 1629 3998 per
1675 3917 1877 3979 incre-

380 4018 705 4102 pationem
769 4022 833 4078 et
895 4022 1435 4077 sacramentorum
1499 4014 1879 4078 subtractio-

384 4135 555 4180 nem.
589 4114 871 4188 Quorum
917 4120 1187 4194 utroque
1232 4112 1423 4175 debet
1461 4112 1554 4174 uti
1600 4112 1882 4176 Ecclesia

1978 3149 2125 3193 nam
2164 3137 2276 3192 aut
2307 3129 2713 3204 medicinam,
2745 3128 2859 3192 sed
2889 3129 2956 3190 in
2991 3127 3280 3193 criminis
3308 3128 3478 3192 dete-

1978 3229 2338 3302 stationem,
2371 3234 2562 3310 atque
2597 3228 2676 3290 ad
2716 3227 3008 3291 vivorum
3043 3234 3374 3302 terrorem,
3407 3234 3478 3288 ut

1979 3347 2018 3390 a
2054 3326 2290 3389 talibus
2329 3324 2680 3388 sceleribus
2723 3333 3204 3407 compescantur
3237 3342 3250 3388 :
3285 3331 3350 3388 et
3391 3326 3481 3387 ita

1980 3433 2079 3488 est
2132 3423 2711 3487 excommunicatio
2769 3423 2877 3486 illa
2935 3422 3078 3484 aliis
3138 3423 3476 3486 medicina.

1981 3523 2214 3604 Sicque
2245 3521 2884 3584 excommunicantur
2913 3521 3193 3584 haeretici
3224 3529 3290 3583 et
3317 3521 3484 3584 schi-

1984 3621 2257 3696 smatici,
2310 3627 2374 3682 et
2420 3619 2532 3702 qui
2588 3619 2958 3682 haereticum
3017 3619 3486 3682 constituerunt

1984 3720 2309 3793 heredem,
2333 3719 2400 3780 hi
2431 3735 2688 3800 quoque
2715 3717 2828 3800 qui
2857 3723 3085 3799 sponte
3113 3716 3488 3780 occiderunt

1985 3837 2054 3882 se
2102 3819 2294 3901 ipsos.
2336 3851 2418 3862 —-
2453 3815 2744 3898 Amplius
2783 3814 3164 3890 sciscitatur,
3199 3834 3279 3877 an
3329 3833 3490 3878 uxor

1987 3918 2189 4001 possit
2216 3913 2757 3979 excommunicari
2788 3931 2906 3995 pro
2935 3920 3196 3996 peccato
3225 3913 3326 3976 sui
3357 3933 3487 3977 ma-

1988 4017 2115 4089 riti,
2151 4022 2215 4077 et
2251 4013 2375 4076 filii
2416 4021 2526 4074 aut
2569 4011 2723 4075 siliae
2761 4029 2877 4094 pro
2920 4029 3182 4074 suorum
3221 4030 3487 4076 excessu

1990 4121 2350 4196 parentum,
2394 4110 2496 4173 vel
2545 4129 2655 4172 rex
2706 4126 2822 4191 pro
2871 4109 3044 4171 vitiis
3091 4109 3313 4191 populi
3361 4110 3482 4172 sui.

384 4211 869 4294 spiritualisque
910 4210 1199 4273 medicus
1242 4210 1423 4292 juxta
1472 4209 1877 4273 infirmorum
1913 4209 1962 4271 D
1988 4210 2348 4293 Respondet
2381 4226 2394 4270 :
2427 4208 2652 4271 Nullus
2695 4207 3346 4270 excommunicandus
3391 4215 3488 4271 est

387 4310 822 4373 conditionem
860 4315 1050 4391 atque
1092 4307 1457 4371 morborum
1488 4309 1878 4370 varietatem.

386 4410 534 4472 Ideo
579 4407 881 4472 convenit
920 4408 978 4470 ei
1017 4407 1571 4470 excommunicare
1616 4407 1885 4470 nonnul-

390 4509 503 4583 loS,
544 4523 705 4589 quos
747 4524 864 4589 per
902 4505 1203 4588 pietatem
1244 4522 1371 4568 non
1409 4505 1578 4567 valet
1615 4505 1886 4585 corrige-

388 4626 475 4670 re.
508 4603 893 4670 Communio
919 4611 1133 4666 autem
1164 4603 1463 4667 Ecclesiae
1493 4602 1729 4685 duplex
1759 4609 1884 4666 est:

390 4725 517 4768 una
567 4703 835 4767 interior
883 4720 999 4784 per
1044 4702 1395 4776 caritatem,
1444 4701 1571 4764 alia
1616 4701 1891 4764 exterior

391 4823 507 4886 per
535 4802 1034 4867 ecclesiasticam
1070 4801 1399 4862 unitatem.
1419 4800 1627 4863 Prima
1654 4799 1890 4862 auferri

391 4921 517 4966 non
567 4907 777 4984 potest
815 4900 1011 4981 juste,
1044 4899 1153 4961 sed
1198 4898 1496 4973 secunda,
1532 4905 1603 4960 ut
1648 4898 1889 4960 dictum

391 5008 505 5064 est.
540 5036 623 5046 -
651 5000 842 5061 Porro
872 4997 1187 5060 sententia
1214 4996 1893 5059 excommunicationis

394 5099 633 5180 injusta
659 5103 925 5160 vocatur
954 5094 1329 5177 tripliciter:
1355 5093 1585 5176 prim0,
1607 5113 1685 5156 ex
1716 5103 1895 5177 parte

393 5193 1036 5266 excommunicantis„
1069 5191 1323 5274 quando
1370 5210 1567 5273 pravo
1612 5193 1747 5255 zelo
1794 5211 1899 5254 ex-

398 5293 865 5372 eommunicat3
898 5290 1201 5365 secundo,
1220 5309 1298 5352 ex
1328 5298 1505 5371 parte
1536 5307 1898 5353 excommu-

1991 4309 2113 4371 nisi
2176 4324 2292 4389 pro
2348 4314 2609 4388 peccato
2657 4323 2774 4368 suo
2824 4305 3095 4368 mortali.
3142 4306 3310 4380 Ideo,
3360 4306 3485 4370 nisi

1992 4425 2152 4470 uxor
2181 4404 2750 4468 communicaverit
2787 4403 2852 4466 in
2894 4403 3164 4466 crimine
3201 4404 3348 4480 viri,
3378 4412 3490 4467 aut

1992 4503 2244 4568 soboles
2302 4503 2368 4565 in
2420 4510 2756 4584 parentum
2814 4501 3116 4576 facinore,
3167 4521 3296 4566 non
3343 4511 3494 4566 sunt

1995 4620 2111 4686 pro
2151 4602 2406 4664 illorum
2449 4601 2724 4682 peccatis
2767 4600 3384 4664 excommunicandi.
3417 4602 3496 4664 Et

1996 4699 2250 4782 quando
2308 4698 2401 4761 sic
2457 4698 3116 4771 excommunicantur,
3166 4704 3321 4761 tunc
3367 4716 3496 4762 non

1998 4815 2114 4882 pro
2158 4795 2416 4859 illorum
2461 4795 2866 4870 criminibuS,
2897 4795 3008 4859 sed
3057 4813 3173 4878 pro
3221 4797 3500 4878 propriis

1998 4895 2640 4960 excommunicationi
2672 4893 3050 4957 subduntur.
3085 4896 3177 4957 Ita
3205 4903 3269 4958 et
3300 4915 3410 4958 rex
3445 4896 3499 4959 si

1999 4997 2065 5059 in
2111 4994 2422 5076 regimine
2472 5001 2536 5056 et
2576 4992 2970 5056 correctione
3011 4994 3235 5076 populi
3277 4995 3377 5057 sui
3421 4995 3505 5057 sit

2001 5093 2329 5176 negligens
2371 5092 2670 5164 multum,
2701 5110 2822 5154 nec
2864 5091 3140 5155 monitus
3181 5111 3247 5155 se
3285 5111 3501 5156 emen-

2001 5193 2128 5264 det,
2192 5199 2398 5272 potest
2451 5189 2994 5252 excommunicari
3051 5206 3166 5271 pro
3224 5191 3502 5271 propriis

2004 5289 2296 5371 ignaviis,
2321 5286 3002 5369 incorrigibilitatibus,
3027 5286 3494 5351 inobedientiis.
