4267 6250
763 497 884 562 432
1413 516 1480 563 m
1518 514 1742 562 uanum
1785 514 1848 561 tv
1887 511 2373 561 surtran-runnu.
2414 530 2496 540 —
2538 512 2690 559 nis-r.
2731 510 2878 575 xV13
2920 510 3143 568 ousssr.
3188 511 3209 556 1

759 685 1050 768 gratiam,
1083 704 1225 769 quae
1260 693 1360 749 est
1392 686 1625 749 animae
1663 686 1874 759 decor,
1908 701 2034 747 non
2064 682 2249 746 tollit.
2285 676 2337 747 A
2366 680 2666 745 universa
2699 680 2975 745 venialia
3006 686 3266 762 peccata
3300 676 3639 751 consumit,
3672 674 3875 739 etiam

762 783 1075 859 Secundo,
1119 802 1234 866 per
1280 784 1424 847 hoc·
1445 784 1615 867 quod
1661 781 2071 865 pulchritudo
2113 798 2257 863 quae
2364 780 2505 843 sine
2535 780 2766 842 actuali
2799 778 3179 861 cogitatione
3209 796 3321 841 seu
3356 774 3875 840 consideratione

761 882 948 956 inest,
1000 882 1348 964 impeditur
1394 901 1476 945 ne
1522 881 1680 945 foris
1728 886 2051 963 appareat,
2092 879 2260 941 sicut
2367 877 2673 960 ipsorum.

761 1000 877 1063 pcr
907 980 1238 1063 pulverem
1279 980 1690 1063 pulchritudo
1727 978 1914 1041 faciei
1947 977 2257 1056 foedatur3
2447 976 2635 1039 Sexto
2666 974 2953 1057 inquirit,
2986 982 3203 1037 utrum
3231 974 3311 1037 ad
3340 972 3691 1037 venialium
3718 990 3873 1035 eon—

760 1078 1034 1161 talisque
1091 1078 1341 1141 macula
1396 1085 1493 1141 est
1551 1078 1616 1141 in
1675 1076 1912 1140 veniali
1971 1082 2255 1157 peccato,
2368 1072 2715 1136 sessionem
2752 1078 3067 1135 tenemur.
3100 1070 3481 1153 Respondet,
3515 1069 3686 1151 quod
3716 1086 3869 1132 con-

764 1178 916 1259 quia
963 1193 1078 1259 per
1125 1178 1339 1259 ipsum
1388 1176 1737 1259 impeditur
1781 1174 1998 1256 gratiae
2044 1173 2257 1246 decor,
2370 1170 2564 1234 fessio
2602 1171 2679 1233 ad
2728 1171 2849 1233 hoc
2892 1168 3249 1233 necessaria
3286 1175 3403 1243 est,
3435 1174 3507 1230 ut
3544 1167 3871 1250 poenitens

764 1293 845 1337 ne
873 1282 1002 1337 tam
1036 1274 1317 1356 perfecte
1357 1274 1423 1335 in
1460 1273 1710 1337 actibus
1745 1270 2026 1334 exterius
2055 1276 2262 1334 osten·
2370 1267 2865 1333 satisfactionem
2902 1267 3175 1349 accipiat
3216 1266 3570 1330 secundum
3610 1282 3871 1329 mensu-

764 1373 966 1435 datur.
985 1371 1227 1436 Idcirco
1255 1372 1334 1434 ad
1365 1372 1508 1435 talis
1539 1370 1804 1434 maeulae
1834 1368 2258 1431 detersionem
2371 1386 2507 1429 ram
2566 1384 2679 1429 seu
2736 1366 2999 1429 modum
3047 1365 3285 1428 delicti.
3337 1365 3599 1429 Peccato
3648 1370 3867 1426 autern

765 1487 894 1534 non
942 1478 1192 1553 oportet
1241 1488 1470 1534 novam
1512 1469 1781 1551 gratiam
1827 1465 2102 1541 infundi,
2149 1465 2261 1528 sed
2373 1464 2609 1527 veniali
2638 1482 2765 1528 non
2801 1463 3072 1527 debetur
3106 1482 3294 1547 poena
3331 1462 3752 1526 satisfactoria
3778 1467 3873 1523 ta-

764 1589 880 1653 per
935 1577 1146 1633 actum
1199 1570 1416 1651 gratiae
1482 1566 1934 1642 inexsistentiS,
1995 1564 2263 1647 impedi·
2374 1570 2516 1625 xata
2557 1581 2571 1626 ε
2612 1563 2765 1646 quia
2808 1580 2997 1645 poena
3039 1561 3149 1624 illa
3188 1568 3356 1624 esset
3392 1560 3873 1644 proportionata

764 1675 1050 1731 mentum
1094 1668 1462 1731 relucentiae
1501 1666 1719 1749 gratiae
1759 1664 1918 1729 tolli.
2374 1679 2577 1743 poenae
2616 1661 2863 1743 peccati
2905 1660 3210 1735 mortalis,
3242 1679 3281 1722 a
3318 1677 3445 1743 quo
3482 1658 3732 1723 veniale
3770 1657 3870 1719 di-

837 1767 1068 1842 Quinto
1099 1766 1460 1847 interrogat,
1474 1772 1687 1828 utrum
1717 1763 1918 1846 gratia
1948 1762 2086 1825 sine
2115 1778 2262 1824 con·
2373 1765 2495 1822 stat
2538 1759 2605 1821 in
2646 1758 2995 1822 infinitum.
3036 1757 3197 1821 Hinc
3240 1776 3356 1840 per
3392 1756 3594 1820 solam
3634 1755 3875 1820 contri-

763 1865 1020 1928 tritione
1050 1866 1607 1948 possit-peccatum
1638 1862 1888 1926 veniale
1917 1860 2253 1923 dimittere.
2296 1862 2343 1925 B
2373 1858 2613 1921 tionem
2662 1857 3029 1920 interiorem
3078 1864 3409 1939 peccatum
3456 1855 3705 1919 veniale
3757 1871 3877 1936 po—

765 1964 842 2027 Et
897 1963 1238 2045 respondet
1298 1980 1312 2025 :
1373 1961 1632 2025 Veniale
1697 1978 1826 2024 non
1892 1958 2257 2031 dimittitur,
2373 1963 2497 2020 test
2557 1955 2815 2019 dimitti.
2878 1955 2955 2018 Et
3014 1957 3183 2037 quod
3241 1955 3458 2038 aliqua
3516 1951 3875 2017 satisfactio

766 2062 1074 2144 quamdiu
1114 2060 1408 2124 voluntas
1449 2067 1663 2122 manet
1700 2058 1764 2121 in
1803 2058 1932 2121 illo.
1965 2056 2265 2119 Volunta-
2374 2055 2650 2119 exterior
2688 2074 2803 2137 pro
2841 2072 2918 2118 eo
2956 2054 3335 2136 injungitur,
3372 2053 3493 2117 hoc
3532 2052 3731 2133 magis
3766 2057 3873 2113 est

765 2168 898 2224 tem
928 2168 1141 2223 autem
1175 2161 1470 2223 recedere
1499 2157 1579 2220 ab
1609 2175 1687 2220 eo
1716 2157 1886 2239 quod
1916 2155 2141 2229 voluit,
2169 2161 2265 2217 est
2372 2154 2450 2217 ad
2498 2154 2903 2217 devotionem
2943 2152 3044 2217 vel
3094 2152 3541 2216 contritionem
3590 2151 3872 2214 excitan-

767 2259 825 2322 ei
857 2258 1200 2340 displicere
1229 2257 1399 2340 quod
1431 2255 1690 2339 placuit.
1723 2254 2018 2337 Talisque
2047 2251 2267 2335 displi-
2371 2252 2746 2335 dam,quam
2776 2253 2855 2315 ad
2884 2250 3422 2315 satisfaciendum.
3442 2250 3590 2313 ldeo
3616 2250 3693 2312 ad
3724 2266 3875 2311 con-

767 2356 978 2420 centia
1021 2356 1200 2420 dolor
1240 2354 1640 2418 contritionis
1683 2360 1968 2428 vocatur,
2011 2351 2264 2435 quando
2370 2350 2716 2414 sessionem
2755 2349 3105 2413 venialium
3139 2366 3267 2413 non
3297 2357 3613 2422 tenemur,
3654 2365 3873 2429 neque

767 2474 884 2537 per
910 2454 1176 2536 gratiam
1209 2452 1627 2516 informatur:
1662 2452 1813 2514 hine
1843 2450 2092 2514 veniale
2121 2467 2266 2531 pec·
2370 2449 2747 2512 necessitate
2788 2448 3097 2523 absoluta,
3144 2447 3295 2531 quia
3340 2448 3434 2510 sic
3482 2448 3561 2511 de
3608 2446 3701 2510 eis
3743 2464 3875 2509 nec

767 2562 980 2617 catum
1011 2553 1150 2617 sine
1181 2551 1562 2616 contritione
1593 2568 1721 2615 non
1749 2550 2114 2613 dimittitur.
2148 2548 2265 2612 Ve-
2372 2548 2705 2630 poenitere,
2747 2566 2865 2611 nec
2908 2566 2984 2611 ea
3029 2547 3231 2610 vitare
3268 2553 3607 2625 tenemur;
3654 2562 3877 2627 neque

768 2671 912 2715 rum
947 2652 1245 2716 contritio
1285 2650 1625 2733 tripliciter
1661 2648 1868 2731 accipi
1907 2654 2139 2730 potest,
2171 2646 2265 2708 vi·
2372 2646 2749 2709 necessitate
2780 2665 2921 2729 quae
2950 2652 3049 2709 est
3076 2664 3153 2708 ex
3178 2651 3357 2728 parte
3381 2644 3553 2718 finis
3567 2643 3877 2707 videlicet

770 2751 1002 2814 delicet
1055 2768 1069 2813 :
1121 2768 1236 2832 pro
1293 2748 1538 2822 habitu,
1591 2755 1656 2811 et
1711 2753 1879 2822 actu,
1929 2764 2004 2808 ac
2053 2744 2265 2807 medio
2371 2745 2768 2808 remissionis
2813 2762 3057 2819 eorum,
3112 2743 3266 2827 quia
3306 2750 3372 2806 et
3427 2743 3565 2807 sine
3623 2742 3877 2805 confes-

773 2850 980 2913 modo.
1031 2848 1262 2911 Habitu
1309 2854 1524 2910 autem
1583 2845 1896 2908 exsistens
1943 2843 2261 2917 contritio,
2369 2844 2549 2908 sione
2602 2852 2749 2907 actu
2797 2843 2899 2907 vel
2950 2843 3278 2926 proposito
3334 2842 3679 2906 exsistente
3727 2860 3881 2924 pos-

767 2965 896 3011 non
941 2946 1190 3010 sufficit
1229 2946 1306 3008 ad
1353 2944 1597 3027 peccati
1637 2942 1906 3005 venialis
1947 2942 2264 3005 dimissio-
2372 2950 2522 3006 sunt
2552 2942 2832 3021 remitti;
2874 2942 2985 3005 sed
3024 2941 3436 3025 perfectionis
3474 2948 3571 3004 est
3606 2959 3683 3004 ea
3718 2959 3877 3004 con·

771 3065 920 3109 nem
955 3063 970 3108 ε
1004 3045 1158 3107 alias
1190 3044 1583 3129 quicumque
1613 3042 1917 3105 virtutem
1950 3042 2264 3125 poeniten-
2295 3045 2340 3109 C
2374 3042 2565 3106 fiteri.
2600 3078 2682 3089 —
2717 3042 2861 3106 Haec
2906 3041 3195 3105 Thomas,

769 3145 874 3209 tiae
903 3144 1168 3218 habens,
1201 3144 1388 3226 cujus
1417 3150 1596 3206 actus
1635 3149 1732 3204 est
1767 3142 1906 3224 ipsa
1943 3141 2261 3216 contritio,
2453 3144 2930 3217 Verumtamen,
2964 3141 3133 3204 sicut
3164 3140 3585 3224 praehabitum
3632 3147 3749 3214 est,
3801 3141 3874 3204 in
3946 3176 4012 3219 p.
4044 3165 4141 3208 42⁸
4164 3163 4237 3208 cz

768 3250 1139 3308 consecutus
1167 3249 1334 3306 esset
1364 3240 1804 3305 remissionem
1837 3239 2100 3304 venialis
2129 3257 2267 3321 pec·
2373 3241 2697 3324 aliquibus
2728 3240 2984 3304 casibus
3013 3246 3310 3302 tenemur
3337 3239 3417 3302 de
3446 3239 3539 3303 eis
3570 3238 3873 3303 confiteri

769 3342 931 3422 cati3
973 3341 1102 3404 imo
1132 3341 1225 3403 sic
1255 3339 1504 3403 veniale
1535 3357 1683 3401 cum
1710 3338 1912 3419 gratia
1939 3345 2104 3400 stare
2136 3354 2265 3400 non
2375 3348 2643 3423 utraque
2672 3339 3087 3403 necessitate:
3122 3346 3194 3400 ut
3222 3337 3273 3400 si
3306 3337 3452 3421 quis
3480 3356 3609 3402 non
3638 3337 3876 3401 habeat

771 3447 1002 3524 posset.
1050 3440 1178 3502 Nec
1217 3446 1434 3501 tamen
1480 3455 1734 3520 semper
1775 3435 2124 3518 requiritur
2164 3453 2265 3497 ac·
2374 3438 2500 3502 nisi
2544 3437 2821 3500 venialia
2863 3444 3143 3519 peecata,
3191 3455 3391 3519 quum
3434 3442 3726 3500 teneatur
3770 3455 3875 3500 se-

771 3539 961 3601 tualis
1009 3537 1327 3611 contritio,
1379 3535 1532 3618 quia
1581 3536 1674 3598 sic
1726 3542 2059 3617 peccatum
2107 3533 2267 3596 obli·
2376 3536 2502 3600 mel
2543 3536 2838 3600 confiteri
2877 3536 2945 3598 in
2983 3553 3171 3610 anno,
3203 3542 3458 3597 tenetur
3493 3554 3569 3597 ea
3604 3534 3875 3608 confite·

767 3646 909 3700 tum
935 3637 1171 3699 dimitti
1202 3653 1330 3699 non
1361 3640 1592 3718 posset.
1625 3633 1867 3696 Idcirco
1895 3633 2263 3709 dicendum,
2377 3635 2430 3698 ri
2454 3633 2732 3717 :alioqui
2762 3633 3087 3696 videretur
3112 3639 3539 3714 transgressor
3567 3631 3875 3716 praecepti

771 3736 942 3819 quod
991 3734 1340 3817 requiritur
1396 3732 1694 3797 contritio
1747 3730 1958 3795 medio
2006 3732 2197 3796 modo
2246 3749 2261 3794 :
2377 3732 2696 3796 Ecclesiae.
2732 3731 2809 3794 Et
2838 3731 3004 3795 sicut
3032 3739 3330 3794 tenemur
3366 3731 3445 3793 de
3484 3731 3577 3793 eis
3607 3731 3878 3813 poenite-

773 3833 1025 3916 quando
1068 3831 1369 3895 videlicet
1413 3831 1532 3894 etsi
1581 3836 1914 3913 peccatum
1965 3845 2093 3892 non
2144 3829 2268 3891 dis·
2376 3850 2446 3896 re
2480 3831 2858 3894 necessitate
2887 3848 2964 3892 ex
2996 3836 3174 3912 parte
3203 3829 3380 3903 finis,
3414 3829 3501 3892 ita
3530 3837 3593 3891 et
3620 3847 3696 3892 ea
3726 3847 3877 3893 con-

770 3931 1006 4016 pliceat
1036 3939 1184 3994 actu
1221 3929 1545 4012 explicite,
1577 3928 1875 4011 displicet
1900 3935 2114 3992 tamen
2150 3927 2266 3989 im·
2376 3929 2548 3994 fiteri
2592 3935 2891 3993 tenemur
2932 3927 3053 3990 ista
3094 3926 3494 4003 necessitate,
3536 3927 3759 3989 saltem
3805 3927 3877 3990 in

769 4031 1012 4114 plicite,
1064 4028 1369 4112 quoniam
1423 4047 1502 4090 ex
1544 4027 1781 4090 virtute
1835 4035 2014 4091 actus
2071 4045 2265 4109 quem
2376 4047 2527 4091 casu
2577 4027 2643 4089 in
2691 4043 2820 4109 quo
2867 4032 2932 4088 et
2979 4025 3057 4088 de
3106 4025 3201 4089 eis
3247 4025 3559 4109 poenitere
3604 4024 3881 4088 adstrin-

768 4128 918 4211 agit,
963 4134 1341 4211 sequeretur
1387 4124 1796 4207 displicentia
1847 4123 2112 4188 actualis
2165 4142 2268 4187 ex·
2375 4126 2605 4209 gimur.

770 4227 992 4311 plicita
1029 4226 1274 4309 peccati
1314 4223 1606 4297 venialiS,
1640 4222 1693 4284 si
1735 4223 2030 4303 cogitatio
2069 4222 2147 4286 ad
2194 4222 2267 4285 il·
2296 4224 2346 4286 D
2457 4224 2762 4306 Septimo,
2796 4223 3136 4305 investigat
3163 4224 3242 4286 de
3270 4222 3571 4286 remediis
3611 4240 3878 4304 genera—

769 4324 880 4390 lud
912 4324 1204 4387 ferretur.
1227 4323 1410 4396 Hine,
1429 4321 1584 4383 dum
1613 4319 1806 4383 homo
1835 4337 1951 4401 per
1984 4320 2265 4384 caritatis
2378 4323 2550 4386 libus
2602 4340 2717 4404 per
2773 4341 2917 4405 quae
2968 4321 3245 4384 venialia
3300 4320 3729 4384 remittuntur.
3782 4321 3879 4384 De

767 4423 1076 4487 affectum
1117 4422 1320 4485 fertur
1358 4421 1426 4482 in
1465 4420 1690 4493 Deum,
1721 4418 2016 4501 quamvis
2059 4425 2269 4482 actua·
2375 4421 2615 4506 quibus
2660 4427 2929 4483 testatur
2981 4438 2996 4482 ε
3050 4419 3309 4483 Veniale
3367 4426 3701 4502 peccatum
3757 4437 3882 4501 per

769 4524 918 4587 liter
945 4523 1026 4585 de
1055 4520 1416 4585 venialibus
1449 4518 1656 4601 culpis
1695 4518 1828 4581 suis
1868 4534 1994 4581 non
2035 4517 2265 4595 doleat,
2378 4519 2655 4584 caritatis
2704 4518 3022 4584 fervorem
3071 4518 3440 4595 dimittitur,
3494 4517 3603 4601 qui
3662 4517 3883 4581 fervor

771 4623 904 4685 imo
953 4640 1072 4684 nec
1121 4620 1355 4702 cogitet
1411 4615 1732 4700 explicite,
1782 4624 1993 4680 tamen
2043 4634 2269 4680 eorum
2377 4619 2679 4702 explicite
2716 4617 2819 4680 vel
2865 4616 3178 4700 implicite
3218 4617 3505 4680 continet
3550 4616 3877 4682 contritio—

771 4720 1216 4785 remissionem
1266 4719 1333 4781 in
1381 4724 1513 4780 toto
1561 4716 1662 4780 vel
1713 4715 1779 4778 in
1823 4723 2002 4798 parte
2051 4733 2269 4780 conse·
2378 4736 2548 4781 nem.
2594 4716 2757 4779 Hinc
2804 4734 2918 4797 per
2966 4714 3077 4777 illa
3118 4734 3261 4797 quae
3304 4733 3384 4778 ex
3428 4734 3497 4778 se
3537 4725 3681 4780 nata
3724 4723 3883 4780 sunt

771 4820 992 4904 quitur
1025 4837 1039 4882 ε
1073 4819 1226 4901 quia
1258 4819 1324 4880 in
1359 4816 1471 4880 illo
1507 4823 1683 4880 motu
1722 4815 2036 4897 implicite
2075 4815 2272 4879 conti·
2380 4815 2655 4878 excitare
2686 4813 2965 4876 caritatis
2994 4813 3337 4888 fervorem,
3360 4813 3637 4877 venialia
3664 4815 3881 4878 dimit-

770 4926 961 4983 netur
987 4917 1395 5001 displicentia
1431 4916 1510 4978 de
1551 4921 1813 4998 peccato
1841 4914 2076 4977 veniali
2117 4930 2266 4989 un0,
2378 4915 2427 4976 ti
2457 4913 2777 4976 dicuntur.
2809 4911 3189 4993 Hujusmodi
3226 4920 3442 4975 autem
3480 4919 3630 4974 sunt
3660 4913 3882 4975 omnia

771 5018 874 5081 vel
907 5016 1224 5101 pluribus,
1257 5015 1359 5080 vel
1389 5013 1710 5079 omnibus
1746 5013 1823 5076 Et
1855 5012 1910 5076 si
1951 5011 2272 5075 ferventer
2380 5031 2521 5095 quae
2572 5009 2912 5074 conferunt
2966 5010 3255 5093 gratiam,
3306 5011 3476 5073 sicut
3523 5010 3739 5074 omnia
3783 5029 3883 5074 sa-

771 5118 974 5180 fertur
1005 5117 1071 5180 in
1101 5117 1325 5190 Deum,
1353 5113 1654 5196 displicet
1682 5112 1742 5175 ei
1770 5129 1960 5176 omne
1989 5110 2162 5194 quod
2190 5111 2270 5173 ab
2381 5116 2746 5188 eramenta3
2796 5127 2873 5172 ea
2930 5127 3183 5192 quoque
3241 5127 3357 5191 per
3412 5126 3555 5191 quae
3609 5105 3883 5192 impedi-

772 5217 914 5299 ipso
942 5214 1234 5278 retardat.
1253 5213 1426 5278 Unde
1451 5217 1828 5294 potestesse
1859 5218 1989 5273 tam
2016 5209 2271 5274 fervens
2383 5216 2599 5272 menta
2657 5207 2925 5270 fervoris
2984 5206 3261 5270 caritatis
3318 5225 3393 5269 ac
3438 5207 3655 5290 gratiae
3706 5208 3887 5272 aufe-

774 5321 985 5382 motus
1015 5332 1130 5378 seu
1155 5310 1414 5376 affectio
1444 5309 1726 5373 caritatis
1754 5309 1819 5371 in
1849 5309 2074 5385 Deum,
2098 5310 2271 5391 quod
2383 5315 2633 5385 runtur,
2674 5312 2747 5368 ut
2792 5324 2957 5389 aqua
2998 5305 3353 5382 benedicta,
3394 5325 3539 5389 quae
3575 5307 3887 5372 virtutem
