4267 6250
842 472 965 539 576
1741 490 1918 539 tunm
1958 492 2020 539 iv
2063 488 2548 539 smmrimun.
2588 508 2670 521 —-
2709 492 2864 539 nis'r.
2906 492 3037 539 xxii

842 664 955 726 sed
983 660 1305 745 oportebit
1341 660 1472 723 Deo
1510 659 1931 735 committere,
1964 665 2029 722 et
2055 677 2237 723 orare
2267 665 2339 720 ut
2365 658 2418 721 A
2447 658 2967 723 commissionem
3005 658 3132 723 sibi
3171 659 3404 723 factam
3453 668 3519 724 et
3565 660 3732 724 ultra
3767 668 3944 744 pote-

841 767 1133 825 occurrat
1162 758 1469 843 periculO,
1488 765 1552 821 et
1577 758 1845 839 gratiam
1872 756 2337 821 emendationis
2445 765 2672 821 statem
2703 757 2827 821 sibi
2865 776 3254 833 concessam,
3285 778 3359 821 ac
3395 766 3616 843 postea
3654 768 3880 842 petens
3908 780 3948 823 a

841 858 1127 923 conferat
1173 858 1483 921 monacho
1524 857 1654 920 tali.
1690 856 1756 931 Si
1798 874 1951 921 vero
1990 855 2187 919 abbas
2231 874 2338 938 po·
2445 873 2562 919 suo
2591 856 2918 939 superiore
2949 856 3488 932 ratihabitionem,
3521 856 3808 921 sufficiat
3837 858 3949 921 illa

838 958 989 1020 terit
1028 958 1185 1021 alias
1222 955 1580 1037 excogitare
1618 962 1726 1018 aut
1768 953 2058 1019 invenire
2095 954 2335 1035 justam
2444 953 2722 1018 obtenta.
2755 956 3117 1039 Respondet
3145 957 3318 1038 quod
3347 973 3495 1019 non.
3529 956 3737 1031 Quum
3767 956 3946 1020 enim

842 1056 1151 1120 rationem
1194 1062 1303 1118 aut
1344 1054 1745 1118 occasionem
1786 1052 2158 1117 removendi
2203 1070 2337 1115 mo·
2445 1070 2574 1116 non
2603 1052 2898 1116 habuerit
2928 1061 3305 1137 potestatem
3335 1053 3709 1119 absolvendi
3739 1054 3944 1129 illum,

840 1155 1117 1217 nachum
1151 1152 1335 1216 illum
1364 1172 1401 1215 a
1429 1170 1545 1217 suo
1573 1151 1815 1226 officio,
1837 1150 2028 1214 debet
2058 1170 2210 1214 eum
2241 1170 2336 1214 re·
2443 1151 2608 1215 nihil
2638 1150 2794 1215 fecit
2822 1151 3008 1215 illum
3037 1151 3444 1217 absolvendo.
3479 1152 3641 1216 Hinc
3671 1153 3952 1217 remitte·

842 1271 1095 1316 movere
1140 1270 1216 1315 ac
1260 1269 1577 1325 revocare,
1609 1258 1674 1314 et
1713 1249 1927 1313 debite
1969 1249 2336 1332 disciplina·
2443 1269 2512 1313 re
2542 1250 2732 1313 debet
2757 1249 2950 1313 talem
2979 1251 3057 1313 ad
3088 1250 3488 1333 superiorem
3516 1270 3554 1313 a
3584 1268 3713 1333 quo
3743 1251 3947 1333 possit

839 1370 926 1414 re.
979 1349 1404 1414 conformiter
1449 1348 1795 1413 dicendum
1851 1349 1930 1412 de
1986 1348 2334 1412 avisatione
2441 1348 2709 1423 absolvi,
2743 1348 2853 1430 qui
2884 1348 3075 1412 debet
3113 1347 3298 1411 illum
3337 1347 3667 1412 absolvere
3695 1358 3807 1411 aut
3834 1348 3948 1412 ali-

838 1449 1240 1513 confessoriS.
2443 1447 2548 1511 cui
2597 1447 2747 1509 dare
2794 1447 3235 1511 auctoritatem
3279 1446 3653 1511 absolvendi
3702 1446 3940 1530 ipsum.

916 1548 1149 1622 Quaerit
1194 1565 1448 1629 quoque
1498 1546 1671 1609 idem·
1709 1546 1949 1621 doctor,
1980 1554 2198 1609 utrum
2243 1565 2335 1609 sa·
2441 1582 2521 1592 ——
2550 1546 2694 1609 Haec
2732 1546 3060 1609 HenricuS.
3095 1546 3214 1620 Qui
3269 1547 3335 1609 in
3379 1546 3770 1620 Quodlibetis
3809 1546 3945 1609 suis

837 1646 1058 1709 cerdos
1089 1645 1331 1708 habens
1362 1651 1737 1728 potestatem
1764 1644 2139 1708 absolvendi
2171 1644 2334 1707 limi·
2442 1644 2592 1707 hinc
2643 1644 2790 1707 inde
2833 1644 2959 1706 alia
3004 1644 3204 1706 multa
3250 1644 3479 1726 quaerit
3520 1644 3598 1706 de
3641 1643 3766 1721 his,
3799 1663 3946 1726 quae

836 1752 1053 1821 tatam,
1094 1751 1160 1806 et
1200 1751 1414 1806 tamen
1466 1742 1803 1807 absolvens
1850 1743 1931 1806 ab
1978 1742 2121 1805 aliis
2171 1744 2336 1806 ultra
2445 1742 2612 1805 infra
2653 1750 3008 1823 tangentur.

1710 2176 2623 2290 DISTINCTIO
2719 2178 3060 2288 XXII

1764 2495 1846 2559 A.
1868 2497 1953 2559 Si
1980 2497 2288 2571 peccata
2327 2498 2637 2560 dimissa
2670 2499 3004 2562 redeant.

535 2820 808 2927 ’ᾖΒὲζξξῖζ
1109 2847 1372 2929 peccata
1422 2845 1668 2909 dimitti
1717 2844 1866 2907 ante
1913 2844 2048 2907 oris
2103 2842 2586 2907 confessionem
2623 2843 2726 2908 vel
2774 2846 2993 2928 operis
3037 2846 3578 2928 satisfactionem,
3627 2848 3690 2912 ei
3737 2850 3940 2913 etiam

535 2946 702 2999 dismv,
715 2958 808 3001 pro·

534 3022 635 3054 te..

594 2757 667 2815 cs.
704 2757 807 2801 dist.
848 2726 1443 3051 QUUMQUE
1480 2729 1711 2794 multis
1741 2728 2242 2793 auctoritatibus
2277 2744 2476 2809 supra
2517 2728 2606 2792 sit
2632 2730 2980 2811 assertum,
3013 2731 3082 2794 in
3111 2748 3266 2795 vera
3293 2731 3510 2795 cordis
3547 2734 3942 2800 contritione

1108 2963 1223 3045 qui
1252 2960 1604 3043 aliquando
1634 2960 1703 3023 in
1732 2960 1980 3023 crimen
2007 2958 2385 3040 relapsurus
2414 2959 2548 3042 est3
2587 2960 2928 3041 quaeritur,
2961 2962 3019 3025 si
3051 2962 3203 3043 post
3233 2962 3448 3026 cordis
3476 2964 3943 3029 contritionem

833 3082 1128 3148 confiteri
1169 3077 1657 3160 contempserit,
1688 3076 1793 3141 vel
1829 3076 1899 3139 in
1928 3076 2272 3158 peccatum
2301 3074 2474 3140 idem
2515 3076 2620 3140 vel
2649 3076 2868 3142 simile
2899 3078 3226 3159 ceciderit,
3251 3096 3336 3144 an
3371 3082 3637 3162 peccata
3661 3081 3944 3147 dimissa

830 3199 1119 3264 redeant.
1162 3195 1369 3277 Cujus
1406 3191 1794 3275 quaestionis
1830 3191 2073 3256 solutio
2123 3189 2402 3254 obscura
2445 3193 2545 3256 est
2581 3193 2646 3255 et
2695 3192 3028 3274 perplexa,
3068 3193 3218 3258 aliis
3273 3196 3738 3276 asserentibuS,
3786 3197 3942 3262 aliis

829 3315 1094 3380 econtra
1138 3309 1553 3394 negantibus,
1596 3308 1863 3390 peccata
1912 3307 2115 3370 semel
2164 3306 2440 3370 dimissa
2489 3307 2768 3372 ulterius
2805 3309 3107 3391 replicari
3143 3310 3227 3374 ad
3267 3329 3554 3392 poenam.
3601 3312 3732 3387 Qui
3780 3331 3939 3378 vero

826 3431 1057 3495 dicunt
1100 3429 1367 3512 peccata
1411 3425 1688 3489 dimissa
1742 3423 1977 3504 redire,
2018 3422 2304 3488 subditis
2359 3441 2430 3487 se
2485 3424 2796 3488 muniunt
2841 3425 3264 3490 testimoniis.
3311 3425 3706 3492 Ambrosius
3763 3430 3856 3494 ait
3919 3450 3934 3492 :

517 3565 798 3609 Ambio-iat.
825 3547 1081 3611 Donate
1118 3545 1427 3623 invicem,
1469 3543 1527 3605 si
1566 3540 1730 3605 alter
1766 3541 1835 3604 in
1882 3539 2164 3603 alterum
2205 3540 2466 3622 peccat3
2506 3539 2755 3621 alioqui
2799 3540 2982 3605 Deus
3017 3543 3253 3624 repetit
3295 3543 3593 3608 dimissa.
3635 3544 3706 3608 Si
3755 3547 3937 3609 enim

515 3627 797 3736 {ffph‘m’
827 3663 895 3726 in
932 3663 1039 3726 his
1076 3660 1493 3742 contemptus
1536 3657 1757 3738 fuerit,
1792 3655 1934 3720 sine
1976 3655 2178 3720 dubio
2217 3653 2550 3720 revocabit
2593 3647 2987 3720 sententiam
3023 3675 3141 3738 per
3175 3675 3376 3740 quam
3411 3659 3936 3725 misericordiam

583 3807 761 3852 aaut.
826 3779 1113 3859 dederat,
1158 3777 1332 3842 sicut
1367 3776 1436 3838 in
1477 3772 1835 3856 Evangelio
1873 3771 1955 3836 de
2000 3789 2191 3837 servo
2231 3788 2516 3853 nequam
2562 3771 2822 3853 legitur,
2865 3773 2982 3853 qui
3031 3773 3100 3837 in
3138 3790 3528 3838 conservum
3563 3792 3761 3839 suum
3803 3776 3936 3841 im-

529 3873 800 3978 'fifffiffiiss
828 3895 979 3979 pius
1032 3893 1479 3976 deprehensus
1525 3889 1646 3954 est.
1700 3889 1870 3951 Item
1924 3885 2234 3952 Rabanus
2278 3907 2293 3949 ε
2339 3886 2641 3968 Nequam
2687 3905 2954 3952 servum
2999 3889 3268 3953 tradidit
3311 3889 3494 3955 Deus
3543 3891 3930 3974 tortoribus,

528 3995 749 4048 dmm·
764 3997 800 4039 ¹·
827 4010 1257 4093 quoadusque
1297 4006 1595 4072 redderet
1630 4004 2015 4069 universum
2052 4002 2373 4085 debitum,
2414 4003 2571 4084 quia
2605 4021 2740 4069 non
2775 4005 2994 4069 solum
3033 4007 3299 4087 peccata
3334 4023 3483 4087 quae
3520 4009 3672 4088 post
3707 4007 3936 4091 Bapti-

826 4144 1048 4191 smum
1085 4125 1286 4188 homo
1317 4121 1472 4202 egit,
1506 4119 1983 4203 reputabuntur
2018 4118 2078 4183 ei
2108 4117 2193 4182 ad
2219 4135 2506 4200 poenam,
2533 4119 2650 4183 sed
2687 4120 2886 4183 etiam
2925 4120 3269 4203 originalia
3295 4139 3444 4203 quae
3479 4123 3550 4186 in
3587 4121 3932 4205 Baptismo

592 4273 771 4332 angor,
827 4244 982 4308 sunt
1010 4243 1071 4308 ei
1108 4240 1405 4304 dimissa.
1440 4238 1608 4302 Item
1645 4236 2002 4317 Gregorius
2036 4255 2050 4296 τ
2083 4236 2188 4298 Ex
2223 4234 2418 4298 dictis
2447 4235 2841 4317 evangelicis
2871 4237 3146 4316 constat,
3173 4237 3330 4318 quia
3357 4238 3416 4302 si
3443 4255 3527 4302 ex
3557 4239 3696 4303 toto
3735 4240 3936 4306 corde

528 4335 797 4452 ssffffibffss’·
826 4377 960 4424 non
996 4358 1399 4422 dimittimus
1447 4352 1624 4436 quod
1670 4352 1740 4414 in
1786 4368 1907 4415 nos
1954 4351 2382 4433 delinquitur,
2426 4353 2492 4415 et
2525 4352 2652 4414 hoc
2699 4369 2961 4416 rursum
3013 4353 3298 4436 exigitur
3333 4355 3512 4436 quod
3551 4355 3694 4436 jam
3735 4356 3936 4421 nobis

526 4506 798 4565 imam„
827 4495 944 4561 per
997 4472 1451 4558 poenitentiam
1513 4469 1866 4533 dimissum
1932 4469 2136 4562 fuisse
2200 4467 2669 4552 gaudebamus.
2726 4471 2894 4533 Item
2943 4471 3357 4553 Augustinus
3408 4493 3423 4534 z
3473 4472 3653 4537 Dicit
3715 4473 3927 4555 DeuS,

526 4571 793 4684 &gg-„132
825 4593 1126 4673 Dimitte,
1174 4591 1241 4654 et
1292 4586 1663 4652 dimittetur
1716 4583 1837 4648 tibi
1870 4605 1885 4647 :
1918 4584 1978 4648 si
2025 4601 2147 4667 ego
2197 4585 2383 4666 prius
2429 4585 2676 4668 dimisi,
2717 4587 2977 4652 dimitte
3024 4588 3130 4652 vei
3172 4589 3422 4670 postea.
3463 4589 3634 4654 Nam
3686 4590 3746 4654 si
3793 4609 3934 4657 non

556 4736 795 4782 oeroenit.
823 4707 1178 4788 dimiseris,
1226 4702 1547 4770 revocabo
1604 4703 1691 4784 te,
1741 4703 1807 4766 et
1860 4702 2184 4784 quidquid
2242 4703 2645 4787 dimiseram,
2694 4705 3025 4786 replicabo
3075 4703 3218 4768 tibi.
3275 4706 3446 4771 Item
3479 4727 3495 4768 ε
3527 4707 3657 4782 Qui
3712 4710 3930 4774 divini

526 4800 791 4852 ‘¹⁵⁸⁸'¹''’⁰'⁴'
820 4825 1120 4891 beneficii
1150 4823 1417 4902 oblituS,
1458 4835 1613 4884 suas
1643 4817 1787 4882 vult
1822 4818 2156 4882 vindicare
2191 4818 2490 4899 injuriaS,
2533 4837 2666 4884 non
2693 4820 2913 4884 solum
2948 4820 3030 4885 de
3061 4821 3302 4885 futuris
3337 4825 3622 4904 peccatis
3659 4827 3930 4891 veniam

821 4961 953 5009 non
998 4939 1377 5018 merebitur,
1418 4935 1534 5000 sed
1580 4935 1781 5000 etiam
1827 4935 2181 5016 praeterita,
2225 4952 2373 5015 quae
2404 4934 2547 5015 jam
2583 4934 2710 4999 sibi
2760 4935 3036 5001 dimissa
3071 4937 3396 5018 credebat,
3427 4941 3510 5003 ad
3560 4941 3930 5008 vindictam

581 5078 709 5132 aa..
744 5079 791 5122 in
820 5058 883 5122 ei
928 5054 1439 5139 replicabuntur.
1490 5053 1660 5116 Item
1699 5051 1925 5116 Beda:
1956 5050 2276 5115 Revertar
2325 5051 2394 5114 in
2447 5051 2722 5116 domum
2781 5070 3021 5135 meam,
3080 5057 3202 5118 etc.
3252 5055 3614 5121 Timendus
3663 5059 3768 5123 est
3811 5059 3928 5126 ille

526 5140 629 5186 Lm
648 5155 706 5195 ¹¹'
720 5144 789 5186 ’δ’
822 5173 1208 5253 versiculus,
1240 5187 1375 5234 non
1414 5168 1863 5252 exponenduS,
1904 5185 1985 5232 ne
2034 5168 2228 5249 culpa
2273 5185 2473 5252 quam
2515 5169 2584 5232 in
2634 5170 2828 5235 nobis
2873 5171 3265 5236 exstinctam
3313 5173 3765 5256 credebamuS,
3803 5195 3928 5259 per

524 5311 633 5360 md.
648 5324 708 5367 xi,
724 5313 793 5360 ιο.
818 5291 1143 5360 incuriam
1190 5304 1313 5353 nos
1366 5287 1672 5352 vacantes
1727 5285 2076 5370 opprimat.
2124 5285 2294 5350 Item
2335 5306 2352 5350 ε
2393 5285 2891 5370 Quemcumque
2950 5287 3130 5354 enim
3182 5290 3336 5373 post
3377 5289 3722 5374 Baptisma
3775 5293 3924 5361 sive
