4267 6250
57 2526 59 2553 i

57 3183 62 3218 ,

59 3231 62 3312 ἱ

572 486 775 534 uranu
812 487 939 536 non
978 488 1289 536 ronanus
1328 488 1571 548 onwan,
1608 487 1933 537 nmmum·
1972 488 2039 537 nt
2075 488 2378 537 namsuo
2418 486 2889 547 samum-uu,
2929 484 3058 533 arc.
3253 463 3372 529 123

98 678 221 721 σοι...
242 690 267 725 ι,
290 665 447 721 ratur
472 657 823 740 baptizatus
852 680 893 723 a
921 668 1231 745 potestate
1260 661 1669 725 tenebrarum
1704 660 1770 723 in
1800 662 1853 726 A
1880 680 2009 725 non
2064 661 2389 725 ordinavit
2439 660 2856 743 Baptismum.
2919 660 3066 723 Ideo
3118 677 3374 742 quoque

78 744 119 783 ¹³·
290 756 672 839 adoptionem
718 758 1007 823 filiorum
1052 760 1165 823 Dei
1200 761 1418 843 :quod
1468 759 1613 823 fieri
1662 778 1769 823 ne-

288 854 415 938 quit
448 857 571 919 nisi
600 858 772 920 omni
805 866 1070 941 peccato
1098 866 1227 922 tam
1256 858 1548 940 originali
1580 878 1769 942 quam

289 954 498 1017 actuali
534 956 780 1019 mortali
812 965 1045 1021 amoto.
1063 958 1237 1022 Unde
1266 958 1344 1021 ad
1376 957 1587 1021 Titum
1620 957 1771 1020 seri-

78 1072 267 1119 mass.
294 1052 375 1115 bit
408 1054 739 1137 Apostolus
772 1074 788 1118 z
821 1058 941 1121 Per
978 1057 1299 1120 lavacrum
1350 1058 1769 1139 regeneratio-

290 1152 377 1215 nis
416 1162 477 1216 et
520 1156 949 1219 renovationis
994 1156 1267 1239 Spiritus
1308 1155 1542 1230 Sancti,
1576 1174 1767 1238 quem

287 1250 499 1315 effudit
544 1253 611 1315 in
656 1270 771 1316 nos
820 1254 1095 1317 abunde.
1148 1254 1358 1318 Tertia
1407 1254 1767 1337 congruitas

288 1357 371 1412 est
413 1370 486 1413 ex
536 1358 713 1435 parte
764 1352 1011 1416 ordinis
1059 1360 1123 1416 et
1170 1352 1516 1436 prioritatis
1564 1371 1771 1416 sacra-

290 1451 468 1513 menti
527 1451 733 1527 istiuS,
783 1454 957 1535 quod
1004 1461 1103 1517 est
1159 1461 1519 1517 ceterorum
1567 1471 1769 1516 sacra-

284 1556 620 1612 mentorum
648 1549 1354 1633 fundamentum‚janua
1381 1559 1571 1634 atque
1602 1550 1769 1635 prin·

287 1647 509 1730 cipinm
556 1666 571 1711 ε
620 1649 765 1713 ideo
814 1650 980 1715 Deus
1028 1651 1231 1714 voluit
1276 1650 1433 1713 illud
1484 1650 1767 1734 perfecte

288 1754 563 1821 statuere,
610 1756 674 1811 et
722 1748 1013 1811 omnium
1062 1748 1365 1813 vitiorum
1414 1748 1761 1812 deletivum

1879 760 1956 824 ad
2014 762 2138 824 hoc
2203 779 2333 823 non
2389 760 2710 823 ordinavit
2775 760 3010 842 ipsum,
3070 759 3374 842 quoniam

1878 875 2232 940 congruum
2273 858 2398 922 fuit
2431 858 2599 942 quod
2639 858 3010 939 hujusmodi
3047 857 3374 941 poenalita-

1878 964 1973 1019 tes
2024 957 2087 1018 in
2139 957 2324 1021 nobis
2373 957 2783 1039 relinqueret,
2832 957 2910 1020 ad
2965 955 3372 1021 manifestan-

1877 1055 2033 1118 dum
2070 1058 2434 1139 aequitatem
2473 1056 2677 1119 divini
2710 1056 2962 1136 judicii,
2993 1056 3071 1118 ad
3115 1055 3374 1118 demon-

1878 1154 2207 1217 strandum
2247 1154 2528 1217 fructum
2573 1154 2885 1238 passionis
2917 1154 3172 1227 Christi,
3203 1160 3267 1216 et
3295 1153 3373 1215 ad

1876 1252 2386 1336 promovendum
2427 1253 2730 1316 meritum
2763 1252 2948 1316 liberi
2977 1252 3244 1315 arbitrii.
3279 1251 3372 1315 Ad

1876 1352 2416 1415 manifestandum
2463 1352 2828 1435 aequitatem
2875 1351 3078 1415 divini
3118 1350 3372 1432 judicii,

1876 1456 1947 1512 ut
1986 1450 2095 1513 illa
2134 1451 2449 1514 sententia
2486 1470 2680 1534 quam
2719 1451 2886 1515 Deus
2918 1450 3269 1514 dictaverat
3295 1449 3378 1512 de

1876 1556 2079 1612 morte
2106 1548 2256 1613 Adae
2287 1556 2812 1633 posterorumque
2840 1549 3004 1631 ejus,
3025 1548 3376 1613 immobilis

1875 1654 2244 1730 perseveret
2275 1665 2289 1710 :
2327 1648 2493 1711 unde
2532 1648 2612 1711 ab
2655 1648 2764 1712 illa
2795 1666 2986 1711 nemo
3015 1648 3244 1711 evadit.
3280 1647 3373 1712 Ad

1876 1745 2342 1810 ostendendum
2398 1746 2682 1809 fructum
2743 1746 3056 1829 passionis
3114 1745 3370 1821 Christi,

289 1864 351 1907 ac
406 1847 783 1922 sanativum,
842 1854 1157 1929 quatenus
1220 1848 1355 1931 ipse
1412 1847 1763 1930 baptizatus
1800 1842 1847 1905 B
1876 1844 2029 1926 quia
2058 1845 2111 1907 si
2143 1844 2309 1908 Deus
2337 1853 2588 1909 curaret
2625 1853 2916 1907 naturam
2955 1852 3020 1907 et
3059 1844 3370 1919 fomitem,

80 1954 267 2013 Philipp-m.
292 1944 691 2025 posteriorum
722 1945 959 2009 oblitus
988 1965 1061 2009 ac
1090 1965 1312 2010 recens
1342 1946 1629 2019 effeetus,
1642 1964 1769 2009 om·

82 2020 126 2059 ¹³·
290 2042 426 2105 nino
469 2044 545 2106 ad
594 2044 895 2107 interiora
948 2045 1245 2108 extendat
1290 2063 1358 2108 se
1408 2046 1639 2128 ipsum.
1690 2044 1767 2107 Et

288 2140 423 2222 quia
448 2142 851 2225 omnipotens
878 2142 1045 2205 Deus
1075 2142 1391 2225 disposuit
1416 2162 1768 2207 sacramen-

289 2248 345 2301 to
370 2240 515 2304 huic
554 2240 913 2305 efficaciam
953 2241 1101 2304 dare
1134 2241 1221 2304 ita
1258 2242 1669 2325 praecipuam,
1704 2250 1767 2305 et

282 2338 439 2423 ‘quod
476 2339 677 2402 virtus
714 2358 789 2403 ac
830 2339 1129 2403 meritum
1172 2360 1303 2404 suae
1342 2340 1657 2424 passionis
1698 2342 1766 2404 in

291 2437 413 2518 ipso
440 2438 768 2521 potissime
798 2445 1173 2521 operaretur
1200 2446 1265 2502 et
1305 2440 1589 2519 adesset3
1622 2440 1765 2503 ideo

292 2537 563 2617 praestitit
624 2538 683 2600 ei
748 2554 1119 2620 expressam
1186 2538 1683 2620 significantiam
1744 2556 1759 2603 ε

287 2634 513 2698 ablutio
552 2636 721 2699 enim
772 2636 894 2699 ista
945 2637 1146 2717 magis
1196 2636 1434 2700 indicat
1480 2639 1759 2701 animam

290 2732 412 2796 fieri
456 2735 755 2797 mundam
788 2743 853 2798 et
890 2742 1196 2797 sanctam.
1231 2736 1391 2799 Hinc
1430 2737 1600 2800 delet
1627 2755 1765 2800 om-

288 2850 417 2893 nem
461 2831 735 2914 culpam,
767 2833 963 2894 etiam
1008 2840 1319 2914 quantum
1358 2835 1436 2897 ad
1482 2852 1760 2917 poenam,

288 2937 343 2991 et
385 2930 499 2993 hoc
541 2948 664 2993 non
710 2930 851 2993 sine
892 2930 1111 3012 gratiae
1152 2931 1495 3007 infusione,
1533 2934 1585 2995 si
1627 2934 1759 3014 jam

1875 1940 1997 2004 filii
2030 1952 2442 2007 nascerentur
2472 1944 2790 2011 immunes
2821 1962 2858 2005 a
2886 1943 3096 2025 culpa,
3129 1962 3248 2005 nec
3279 1942 3372 2005 in-

1872 2039 2166 2123 digerent
2202 2042 2558 2124 regenerari
2597 2062 2634 2105 a
2665 2041 2914 2105 Christo
2952 2058 2967 2103 :
3012 2041 3271 2116 idcirce,
3304 2049 3375 2104 ut

1872 2158 2096 2203 omnes
2135 2141 2430 2224 passione
2469 2140 2699 2204 Christi
2745 2159 2812 2203 se
2855 2148 3119 2203 noscant
3161 2158 3370 2221 egere,

1872 2239 2017 2302 data
2058 2247 2156 2302 est
2197 2246 2594 2303 sacramento
2635 2238 2839 2301 virtus
2881 2257 2919 2301 a
2960 2238 3194 2302 Christi
3237 2258 3374 2322 pas-

1873 2336 2093 2417 sioue3
2145 2337 2246 2399 vel
2297 2336 2438 2400 ideo
2485 2336 2848 2399 ordinatum
2898 2344 2994 2400 est
3049 2344 3122 2399 ut
3165 2336 3373 2421 Bapti-

1874 2454 2051 2499 smus
2089 2452 2310 2519 poenas
2353 2436 2636 2499 remittat
2673 2436 3060 2519 personaleS,
3101 2453 3230 2499 non
3269 2454 3375 2498 na-

1873 2534 2300 2616 turaleS,quia
2329 2534 2687 2597 remedium
2719 2534 2982 2617 respicit
3011 2552 3370 2616 personam,

1873 2652 1999 2696 non
2050 2640 2362 2696 naturam.
2415 2633 2507 2697 Ad
2563 2632 3067 2716 promovendum
3116 2650 3372 2715 quoque

1874 2733 2176 2796 meritum
2208 2731 2391 2796 liberi
2423 2732 2690 2796 arbitrii.
2725 2732 3102 2795 Promovent
3129 2732 3372 2815 quippe

1873 2831 2246 2912 hujusmodi
2297 2830 2695 2913 poenalitates
2741 2831 2821 2894 ad
2870 2831 3112 2894 bonum
3159 2830 3372 2893 multi-

1874 2930 2026 3013 plici
2063 2930 2252 2993 modo
2287 2948 2300 2993 :
2335 2930 2550 2993 valent
2578 2930 2752 2993 enim
2790 2930 2866 2993 ad
2899 2929 3370 2993 humiliandum

287 3035 413 3090 ante
452 3028 655 3091 infusa
698 3046 825 3091 non
871 3028 1013 3091 fuit.
1046 3029 1195 3092 Ideo
1231 3037 1389 3094 teste
1430 3030 1617 3106 Beda,
1650 3031 1760 3095 Ba·
1800 3030 1844 3095 C
1875 3046 1942 3091 se
1976 3028 2210 3111 ipsum,
2242 3028 2319 3090 ad
2351 3028 2450 3091 sui
2484 3028 2685 3110 ipsius
2716 3028 3166 3110 cognitionem,
3200 3036 3264 3090 et
3293 3029 3370 3091 ad

288 3127 537 3208 ptismus
572 3128 779 3212 aperit
822 3128 1080 3204 coelum,
1114 3136 1179 3192 ct
1220 3128 1572 3212 baptizatus
1614 3150 1760 3195 mox

290 3226 541 3290 moriens
569 3227 795 3290 evolat.
810 3226 973 3289 Hinc
1000 3228 1203 3309 gratia
1231 3228 1627 3312 baptismalis
1656 3232 1763 3293 du-

290 3324 497 3405 plicem
548 3324 738 3389 hahet
785 3327 1328 3408 comparationem
1378 3345 1393 3390 ε
1442 3347 1633 3391 unam
1682 3331 1759 3393 ad

288 3422 527 3498 bonum,
556 3425 633 3488 ad
671 3425 845 3507 quod
894 3423 1219 3504 habilitat;
1268 3425 1457 3488 aliam
1502 3427 1577 3489 ad
1630 3446 1757 3490 ma·

288 3520 427 3594 lum,
446 3542 481 3585 a
508 3540 633 3605 quo
660 3529 862 3586 curat.
889 3523 1253 3586 Secundum
1286 3524 1559 3606 primam
1592 3543 1761 3587 com-

290 3619 675 3699 parationem,
702 3621 1013 3702 competit
1042 3621 1235 3683 statui
1268 3621 1713 3704 incipientium
1739 3640 1756 3702 ;

288 3717 384 3778 sed
428 3726 731 3800 quantum
776 3719 859 3780 ad
903 3718 1120 3792 aliam,
1174 3738 1377 3801 quum
1426 3718 1509 3782 sit
1558 3720 1755 3783 medi-

287 3824 621 3880 camentum
681 3815 1063 3899 perfectum,
1108 3817 1303 3880 habet
1352 3817 1483 3880 vim
1541 3818 1758 3899 gratiae

286 3913 567 3994 perfectae.

355 4013 645 4097 Denique,
680 4013 837 4076 dum
880 4012 1209 4096 quaeritur,
1252 4033 1334 4077 an
1377 4013 1583 4077 deleat
1626 4032 1759 4078 om-

286 4129 419 4173 nem
460 4129 748 4195 poenam3
789 4111 1156 4187 dicendum,
1189 4112 1359 4194 quod
1400 4120 1497 4175 est
1522 4109 1758 4176 ‘distin-

1874 3127 2374 3190 stimulationem
2423 3127 2500 3190 ad
2551 3127 2733 3191 hona.
2787 3128 2849 3191 Si
2899 3136 3114 3192 autem
3167 3129 3371 3192 homi-

1871 3246 1984 3290 nes
2035 3227 2101 3288 in
2150 3227 2268 3288 hac
2316 3227 2446 3289 vita
2489 3235 3032 3309 consequerentur
3069 3227 3213 3290 vitae
3254 3228 3371 3289 im-

1872 3324 2320 3388 mortalitatem
2353 3333 2415 3387 et
2455 3324 2898 3389 liberationem
2938 3345 2974 3388 a
3013 3326 3142 3400 siti,
3176 3325 3366 3400 fame,

1872 3423 2487 3505 infirmitatibusque
2537 3431 2798 3497 naturae,
2852 3431 3372 3488 converterentur

1872 3522 2087 3604 plures
2126 3522 2206 3585 ad
2245 3521 2566 3584 Christum
2601 3523 3105 3605 accederentque
3140 3523 3218 3586 ad
3258 3523 3370 3586 Ba-

1872 3619 2180 3701 ptismum
2251 3619 2452 3701 magis
2520 3628 2779 3703 propter
2847 3621 2967 3684 ista
3035 3622 3371 3704 praesentia

1870 3718 2227 3792 commoda,
2260 3737 2452 3800 quam
2493 3725 2753 3800 propter
2799 3718 2999 3781 Deum
3050 3728 3113 3782 et
3150 3739 3366 3783 veram

1870 3815 2166 3890 salutem,
2207 3834 2327 3878 nec
2374 3815 2536 3879 fides
2587 3815 2848 3879 haberet
2897 3817 3218 3892 meritum,
3262 3818 3365 3880 cui

1872 3915 2032 3978 ratio
2063 3913 2376 3998 praeberet
2408 3915 2937 3997 experimentum.
2971 3951 3053 3961 —-
3081 3917 3225 3979 Haec
3253 3916 3367 3979 Bo-

1870 4020 2221 4075 naventura
2264 4013 2330 4076 in
2372 4013 2640 4096 Scripto.

1951 4111 2112 4174 Hinc
2159 4130 2415 4194 quoque
2462 4112 2528 4174 in
2571 4111 2976 4194 Breviloquio
3007 4130 3022 4174 ε
3055 4114 3364 4187 Quoniam

284 4210 579 4286 guendum
626 4212 709 4273 de
764 4209 1017 4292 poenis.·
1046 4209 1205 4272 Nam
1262 4210 1553 4292 quaedam
1610 4219 1759 4274 sunt
1787 4215 1836 4278 D
1868 4209 2136 4292 (inquit)
2199 4210 2458 4274 morbus
2519 4218 2754 4284 noster,
2820 4210 2883 4273 id
2943 4219 3041 4274 est
3099 4213 3368 4295 origina-

286 4324 465 4386 poenae
490 4309 840 4383 aeternaleS,
863 4316 928 4372 et
956 4306 1185 4390 aliquae
1216 4309 1616 4391 temporales».
1646 4310 1760 4373 Ita-

285 4423 395 4484 que
435 4405 507 4468 ab
554 4407 730 4469 omni
783 4425 973 4489 poena
1012 4406 1298 4469 aeternali
1335 4406 1610 4471 absolvit
1646 4408 1757 4472 Ba-

286 4499 549 4578 ptismus.
596 4503 685 4566 De
723 4502 1185 4586 temporalibus
1225 4521 1379 4567 vero
1418 4505 1624 4587 poenis
1662 4513 1760 4568 est

282 4596 795 4683 distinguendum,
826 4601 1131 4684 quoniam
1159 4601 1392 4684 aliquae
1422 4610 1573 4666 sunt
1608 4623 1759 4666 con-

283 4702 487 4774 tmctae,
530 4708 605 4763 ut
648 4699 874 4774 fameS,
920 4701 1059 4764 sitis
1102 4709 1169 4764 et
1212 4718 1421 4779 mors3
1466 4702 1755 4784 quaedam

283 4791 567 4876 impositae
596 4817 711 4861 seu
738 4807 1105 4880 assumptae,
1138 4805 1209 4862 ut
1244 4798 1495 4880 jejunia
1532 4808 1596 4863 et
1632 4800 1757 4882 spi-

282 4891 505 4959 ritualia
560 4915 635 4959 ac
694 4897 1047 4979 corporalia
1106 4897 1434 4970 exercitia,
1487 4897 1754 4962 laborio-

282 5009 451 5074 saque
493 5013 704 5079 opera.
754 4996 1116 5079 Baptismus
1160 5015 1311 5079 ergo
1355 4997 1631 5060 absolvit
1672 4997 1753 5061 ab

282 5091 435 5154 omni
470 5111 655 5176 poena
682 5094 1021 5178 temporali
1066 5094 1489 5158 satisfactoria
1518 5113 1629 5157 seu
1660 5115 1754 5158 as·

283 5197 528 5271 sumpta,
569 5210 693 5255 non
745 5199 963 5254 autem
1011 5192 1093 5254 ab
1146 5193 1320 5256 omni
1366 5211 1556 5276 poeua
1592 5183 1751 5256 ‘con-

284 5291 473 5351 tracta.
506 5289 697 5372 Cujus
738 5290 900 5353 ratio
928 5299 1045 5366 est,
1082 5291 1235 5373 quia
1282 5291 1449 5355 Deus
1498 5290 1579 5354 ad
1628 5291 1747 5354 hoc

1871 4307 1929 4370 le
1973 4316 2330 4391 peccatum,
2373 4315 2592 4372 contra
2632 4309 2799 4391 quod
2845 4317 2941 4373 est
2981 4311 3365 4394 BaptismuS,

1866 4407 2146 4468 animam
2202 4407 2409 4489 privat
2466 4407 2596 4470 vita
2656 4409 2894 4489 gratiae,
2949 4410 3368 4493 omniumque

1866 4504 2176 4567 virtutum
2217 4505 2596 4568 rectitudine
2632 4505 3029 4581 habilitante,
3074 4526 3366 4590 pronam-

1866 4624 1992 4687 que
2032 4605 2240 4668 reddit
2285 4606 2755 4687 quodammodo
2805 4608 2884 4671 ad
2931 4626 3188 4671 omnem
3239 4610 3370 4672 cul-

1865 4721 2046 4785 pam3
2088 4723 2162 4766 ac
2197 4703 2456 4767 aliunde
2497 4705 2890 4768 contrahitur
2928 4714 2992 4768 et
3031 4706 3262 4788 redigit
3301 4708 3367 4770 in

1864 4800 2250 4864 diabolicam
2295 4801 2692 4876 servitutem,
2743 4810 2934 4886 atque
2983 4804 3049 4866 in
3093 4811 3365 4887 potesta-

1866 4906 1994 4961 tem
2027 4899 2338 4981 principis
2379 4899 2783 4963 tenebrarum
2821 4919 2836 4963 z
2870 4902 3020 4964 hinc
3060 4910 3156 4965 est
3195 4904 3364 4985 quod

1864 4995 1941 5059 ad
1992 4997 2111 5060 hoc
2158 4997 2327 5080 quod
2376 5016 2490 5080 per
2533 4998 2688 5060 illud
2735 5007 3200 5061 sacramentum
3251 5019 3365 5083 per

1864 5095 2253 5158 contrarium
2293 5094 2630 5158 sufficiens
2673 5095 3051 5159 adhiheatur
3094 5097 3360 5161 remedii

1864 5193 2425 5268 medicamentum,
2469 5193 2761 5275 congruit
2806 5194 2872 5257 in
2921 5212 2997 5258 eo
3040 5194 3177 5258 dari
3223 5215 3361 5278 gra-

1863 5291 2019 5354 tiam
2052 5301 2528 5373 regenerantem
2563 5299 2780 5357 contra
2818 5292 3242 5375 privationem
3273 5295 3362 5358 vi-
