<?xml version="1.0" encoding="UTF-8"?>
<!DOCTYPE html PUBLIC "-//W3C//DTD XHTML 1.0 Transitional//EN"
    "http://www.w3.org/TR/xhtml1/DTD/xhtml1-transitional.dtd">
<html xmlns="http://www.w3.org/1999/xhtml" xml:lang="en" lang="en">
 <head>
  <title>
</title>
<meta http-equiv="Content-Type" content="text/html;charset=utf-8" />
  <meta name='ocr-system' content='tesseract 3.04.00' />
  <meta name='ocr-capabilities' content='ocr_page ocr_carea ocr_par ocr_line ocrx_word'/>
</head>
<body>
  <div class='ocr_page' id='page_1' title='image "./doctorisecstati04unkngoog_0503.png"; bbox 0 0 4267 6250; ppageno 0'>
   <div class='ocr_carea' id='block_1_1' title="bbox 1352 516 2498 572">
    <p class='ocr_par' dir='ltr' id='par_1_1' title="bbox 1352 516 2498 572">
     <span class='ocr_line' id='line_1_1' title="bbox 1352 516 2498 572; baseline 0.003 -9"><span class='ocrx_word' id='word_1_1' title='bbox 1352 516 1576 572; x_wconf 70' lang='lat' dir='ltr'><strong>QUAEST.</strong></span> <span class='ocrx_word' id='word_1_2' title='bbox 1618 516 1703 563; x_wconf 86' lang='lat' dir='ltr'><strong>vu</strong></span> <span class='ocrx_word' id='word_1_3' title='bbox 1748 518 1762 561; x_wconf 74' lang='grc' dir='ltr'><strong><em>Ξ</em></strong></span> <span class='ocrx_word' id='word_1_4' title='bbox 1802 516 1901 564; x_wconf 83' lang='lat' dir='ltr'><strong>cm</strong></span> <span class='ocrx_word' id='word_1_5' title='bbox 1942 516 2035 565; x_wconf 79' lang='lat' dir='ltr'><strong>sn·</strong></span> <span class='ocrx_word' id='word_1_6' title='bbox 2074 516 2498 567; x_wconf 68' lang='lat' dir='ltr'><strong>conrlmnuu</strong></span> 
     </span>
    </p>
   </div>
   <div class='ocr_carea' id='block_1_2' title="bbox 768 813 1461 889">
    <p class='ocr_par' dir='ltr' id='par_1_2' title="bbox 768 813 1461 889">
     <span class='ocr_line' id='line_1_2' title="bbox 768 813 1461 889; baseline -0.001 -11"><span class='ocrx_word' id='word_1_7' title='bbox 768 813 1251 889; x_wconf 82' lang='lat' dir='ltr'>QUAESTIO</span> <span class='ocrx_word' id='word_1_8' title='bbox 1312 814 1461 877; x_wconf 85' lang='lat' dir='ltr'><strong>VII</strong></span> 
     </span>
    </p>
   </div>
   <div class='ocr_carea' id='block_1_3' title="bbox 352 1084 1872 1758">
    <p class='ocr_par' dir='ltr' id='par_1_3' title="bbox 479 1084 1872 1168">
     <span class='ocr_line' id='line_1_3' title="bbox 479 1084 1872 1168; baseline 0.004 -20"><span class='ocrx_word' id='word_1_9' title='bbox 479 1084 571 1148; x_wconf 84' lang='lat' dir='ltr'><strong>Ed</strong></span> <span class='ocrx_word' id='word_1_10' title='bbox 602 1085 1024 1168; x_wconf 78' lang='lat' dir='ltr'><strong>quaerendum</strong></span> <span class='ocrx_word' id='word_1_11' title='bbox 1054 1090 1153 1147; x_wconf 92' lang='lat' dir='ltr'><strong>est</strong></span> <span class='ocrx_word' id='word_1_12' title='bbox 1181 1084 1536 1159; x_wconf 79' lang='lat' dir='ltr'><strong>nunc,0u1</strong></span> <span class='ocrx_word' id='word_1_13' title='bbox 1564 1084 1675 1151; x_wconf 76' lang='lat' dir='ltr'><strong>sit</strong></span> <span class='ocrx_word' id='word_1_14' title='bbox 1703 1100 1872 1153; x_wconf 82' lang='lat' dir='ltr'><strong>oon·</strong></span> 
     </span>
    </p>

    <p class='ocr_par' dir='ltr' id='par_1_4' title="bbox 352 1182 1869 1758">
     <span class='ocr_line' id='line_1_4' title="bbox 505 1182 1868 1251; baseline -0.001 -2"><span class='ocrx_word' id='word_1_15' title='bbox 505 1184 902 1251; x_wconf 76' lang='lat' dir='ltr'><strong>fitendum</strong></span> <span class='ocrx_word' id='word_1_16' title='bbox 948 1203 967 1249; x_wconf 75' lang='lat' dir='ltr'><strong><em>z</em></strong></span> <span class='ocrx_word' id='word_1_17' title='bbox 1021 1202 1103 1246; x_wconf 89' lang='lat' dir='ltr'><strong>an</strong></span> <span class='ocrx_word' id='word_1_18' title='bbox 1161 1182 1409 1246; x_wconf 87' lang='lat' dir='ltr'><strong>scilicet</strong></span> <span class='ocrx_word' id='word_1_19' title='bbox 1468 1202 1729 1247; x_wconf 89' lang='lat' dir='ltr'><strong>necesse</strong></span> <span class='ocrx_word' id='word_1_20' title='bbox 1786 1184 1868 1247; x_wconf 88' lang='lat' dir='ltr'><strong>sit</strong></span> 
     </span>
     <span class='ocr_line' id='line_1_5' title="bbox 352 1280 1869 1364; baseline 0.001 -20"><span class='ocrx_word' id='word_1_21' title='bbox 352 1280 656 1345; x_wconf 79' lang='lat' dir='ltr'><strong>confiteri</strong></span> <span class='ocrx_word' id='word_1_22' title='bbox 706 1280 969 1364; x_wconf 90' lang='lat' dir='ltr'><strong>proprio</strong></span> <span class='ocrx_word' id='word_1_23' title='bbox 1010 1281 1288 1363; x_wconf 84' lang='lat' dir='ltr'><strong>pastori3</strong></span> <span class='ocrx_word' id='word_1_24' title='bbox 1318 1300 1401 1344; x_wconf 89' lang='lat' dir='ltr'><strong>an</strong></span> <span class='ocrx_word' id='word_1_25' title='bbox 1443 1281 1635 1344; x_wconf 89' lang='lat' dir='ltr'><strong>etiam</strong></span> <span class='ocrx_word' id='word_1_26' title='bbox 1685 1283 1869 1346; x_wconf 90' lang='lat' dir='ltr'><strong>liceat</strong></span> 
     </span>
     <span class='ocr_line' id='line_1_6' title="bbox 354 1378 1866 1462; baseline 0.001 -20"><span class='ocrx_word' id='word_1_27' title='bbox 354 1380 427 1442; x_wconf 90' lang='lat' dir='ltr'><strong>in</strong></span> <span class='ocrx_word' id='word_1_28' title='bbox 470 1380 694 1462; x_wconf 90' lang='lat' dir='ltr'><strong>aliquo</strong></span> <span class='ocrx_word' id='word_1_29' title='bbox 742 1398 893 1441; x_wconf 89' lang='lat' dir='ltr'><strong>casu</strong></span> <span class='ocrx_word' id='word_1_30' title='bbox 943 1380 1107 1442; x_wconf 89' lang='lat' dir='ltr'><strong>laico</strong></span> <span class='ocrx_word' id='word_1_31' title='bbox 1156 1378 1490 1459; x_wconf 85' lang='lat' dir='ltr'><strong>confiteri3</strong></span> <span class='ocrx_word' id='word_1_32' title='bbox 1528 1388 1593 1443; x_wconf 87' lang='lat' dir='ltr'><strong>et</strong></span> <span class='ocrx_word' id='word_1_33' title='bbox 1651 1389 1866 1444; x_wconf 87' lang='lat' dir='ltr'><strong>utrum</strong></span> 
     </span>
     <span class='ocr_line' id='line_1_7' title="bbox 352 1477 1863 1554; baseline 0.001 -14"><span class='ocrx_word' id='word_1_34' title='bbox 352 1477 636 1540; x_wconf 79' lang='lat' dir='ltr'><strong>confessi</strong></span> <span class='ocrx_word' id='word_1_35' title='bbox 662 1477 987 1541; x_wconf 76' lang='lat' dir='ltr'><strong>Fratribus</strong></span> <span class='ocrx_word' id='word_1_36' title='bbox 1011 1477 1321 1541; x_wconf 88' lang='lat' dir='ltr'><strong>Ordinum</strong></span> <span class='ocrx_word' id='word_1_37' title='bbox 1351 1479 1863 1554; x_wconf 81' lang='lat' dir='ltr'><strong>mendicantium,</strong></span> 
     </span>
     <span class='ocr_line' id='line_1_8' title="bbox 353 1574 1865 1657; baseline 0.001 -18"><span class='ocrx_word' id='word_1_38' title='bbox 353 1575 729 1657; x_wconf 78' lang='lat' dir='ltr'><strong>obligentur</strong></span> <span class='ocrx_word' id='word_1_39' title='bbox 767 1574 973 1639; x_wconf 90' lang='lat' dir='ltr'><strong>nihilo</strong></span> <span class='ocrx_word' id='word_1_40' title='bbox 1014 1575 1229 1637; x_wconf 91' lang='lat' dir='ltr'><strong>minus</strong></span> <span class='ocrx_word' id='word_1_41' title='bbox 1278 1576 1503 1639; x_wconf 89' lang='lat' dir='ltr'><strong>eodem</strong></span> <span class='ocrx_word' id='word_1_42' title='bbox 1550 1594 1717 1639; x_wconf 88' lang='lat' dir='ltr'><strong>anno</strong></span> <span class='ocrx_word' id='word_1_43' title='bbox 1764 1578 1865 1640; x_wconf 88' lang='lat' dir='ltr'><strong>vel</strong></span> 
     </span>
     <span class='ocr_line' id='line_1_9' title="bbox 352 1674 1863 1758; baseline 0.001 -21"><span class='ocrx_word' id='word_1_44' title='bbox 352 1674 551 1737; x_wconf 84' lang='lat' dir='ltr'><strong>etiam</strong></span> <span class='ocrx_word' id='word_1_45' title='bbox 581 1675 809 1738; x_wconf 87' lang='lat' dir='ltr'><strong>eadem</strong></span> <span class='ocrx_word' id='word_1_46' title='bbox 841 1682 1101 1757; x_wconf 87' lang='lat' dir='ltr'><strong>peccata</strong></span> <span class='ocrx_word' id='word_1_47' title='bbox 1130 1690 1247 1737; x_wconf 91' lang='lat' dir='ltr'><strong>suo</strong></span> <span class='ocrx_word' id='word_1_48' title='bbox 1276 1675 1539 1758; x_wconf 90' lang='lat' dir='ltr'><strong>proprio</strong></span> <span class='ocrx_word' id='word_1_49' title='bbox 1568 1676 1863 1739; x_wconf 72' lang='lat' dir='ltr'><strong>confiteri</strong></span> 
     </span>
    </p>
   </div>
   <div class='ocr_carea' id='block_1_4' title="bbox 352 1772 619 1854">
    <p class='ocr_par' dir='ltr' id='par_1_5' title="bbox 352 1772 619 1854">
     <span class='ocr_line' id='line_1_10' title="bbox 352 1772 619 1854; baseline -0.004 -18"><span class='ocrx_word' id='word_1_50' title='bbox 352 1772 619 1854; x_wconf 85' lang='lat' dir='ltr'><strong>pastori.</strong></span> 
     </span>
    </p>
   </div>
   <div class='ocr_carea' id='block_1_5' title="bbox 346 1967 1865 3027">
    <p class='ocr_par' dir='ltr' id='par_1_6' title="bbox 346 1967 1865 3027">
     <span class='ocr_line' id='line_1_11' title="bbox 434 1967 1865 2052; baseline 0.003 -21"><span class='ocrx_word' id='word_1_51' title='bbox 434 1968 619 2031; x_wconf 89' lang='lat' dir='ltr'><strong>Circa</strong></span> <span class='ocrx_word' id='word_1_52' title='bbox 648 1967 787 2031; x_wconf 83' lang='lat' dir='ltr'><strong>haec</strong></span> <span class='ocrx_word' id='word_1_53' title='bbox 817 1967 1103 2050; x_wconf 90' lang='lat' dir='ltr'><strong>loquitur</strong></span> <span class='ocrx_word' id='word_1_54' title='bbox 1132 1968 1403 2033; x_wconf 79' lang='lat' dir='ltr'><strong>Thomas</strong></span> <span class='ocrx_word' id='word_1_55' title='bbox 1438 1986 1453 2032; x_wconf 91' lang='lat'><strong>:</strong></span> <span class='ocrx_word' id='word_1_56' title='bbox 1482 1969 1693 2033; x_wconf 78' lang='lat' dir='ltr'><strong>Gratia</strong></span> <span class='ocrx_word' id='word_1_57' title='bbox 1722 1989 1865 2052; x_wconf 78' lang='lat' dir='ltr'><strong>quae</strong></span> 
     </span>
     <span class='ocr_line' id='line_1_12' title="bbox 349 2065 1863 2150; baseline 0.002 -22"><span class='ocrx_word' id='word_1_58' title='bbox 349 2066 417 2128; x_wconf 92' lang='lat' dir='ltr'><strong>in</strong></span> <span class='ocrx_word' id='word_1_59' title='bbox 450 2065 869 2129; x_wconf 81' lang='lat' dir='ltr'><strong>sacramentis</strong></span> <span class='ocrx_word' id='word_1_60' title='bbox 910 2065 1259 2143; x_wconf 79' lang='lat' dir='ltr'><strong>confertur,</strong></span> <span class='ocrx_word' id='word_1_61' title='bbox 1291 2087 1330 2131; x_wconf 89' lang='lat' dir='ltr'><strong>a</strong></span> <span class='ocrx_word' id='word_1_62' title='bbox 1356 2069 1565 2150; x_wconf 89' lang='lat' dir='ltr'><strong>capite</strong></span> <span class='ocrx_word' id='word_1_63' title='bbox 1604 2069 1863 2131; x_wconf 91' lang='lat' dir='ltr'><strong>descen-</strong></span> 
     </span>
     <span class='ocr_line' id='line_1_13' title="bbox 346 2164 1863 2230; baseline 0.002 -3"><span class='ocrx_word' id='word_1_64' title='bbox 346 2164 447 2227; x_wconf 89' lang='lat' dir='ltr'><strong>dit</strong></span> <span class='ocrx_word' id='word_1_65' title='bbox 490 2164 559 2226; x_wconf 90' lang='lat' dir='ltr'><strong>in</strong></span> <span class='ocrx_word' id='word_1_66' title='bbox 605 2164 897 2227; x_wconf 88' lang='lat' dir='ltr'><strong>membra</strong></span> <span class='ocrx_word' id='word_1_67' title='bbox 930 2180 946 2226; x_wconf 75' lang='lat' dir='ltr'><strong>t</strong></span> <span class='ocrx_word' id='word_1_68' title='bbox 983 2164 1125 2228; x_wconf 90' lang='lat' dir='ltr'><strong>ideo</strong></span> <span class='ocrx_word' id='word_1_69' title='bbox 1162 2165 1337 2229; x_wconf 91' lang='lat' dir='ltr'><strong>solus</strong></span> <span class='ocrx_word' id='word_1_70' title='bbox 1378 2166 1487 2229; x_wconf 91' lang='lat' dir='ltr'><strong>ille</strong></span> <span class='ocrx_word' id='word_1_71' title='bbox 1526 2175 1621 2229; x_wconf 89' lang='lat' dir='ltr'><strong>est</strong></span> <span class='ocrx_word' id='word_1_72' title='bbox 1658 2186 1863 2230; x_wconf 88' lang='lat' dir='ltr'><strong>sacra-</strong></span> 
     </span>
     <span class='ocr_line' id='line_1_14' title="bbox 349 2261 1859 2342; baseline 0.003 -19"><span class='ocrx_word' id='word_1_73' title='bbox 349 2268 719 2324; x_wconf 88' lang='lat' dir='ltr'><strong>mentorum</strong></span> <span class='ocrx_word' id='word_1_74' title='bbox 748 2261 1019 2342; x_wconf 78' lang='lat' dir='ltr'><strong>gratiam</strong></span> <span class='ocrx_word' id='word_1_75' title='bbox 1049 2263 1515 2326; x_wconf 89' lang='lat' dir='ltr'><strong>continentium</strong></span> <span class='ocrx_word' id='word_1_76' title='bbox 1547 2264 1859 2340; x_wconf 88' lang='lat' dir='ltr'><strong>minister,</strong></span> 
     </span>
     <span class='ocr_line' id='line_1_15' title="bbox 348 2359 1865 2444; baseline 0.003 -23"><span class='ocrx_word' id='word_1_77' title='bbox 348 2360 467 2443; x_wconf 88' lang='lat' dir='ltr'><strong>qui</strong></span> <span class='ocrx_word' id='word_1_78' title='bbox 500 2360 934 2423; x_wconf 86' lang='lat' dir='ltr'><strong>ministerium</strong></span> <span class='ocrx_word' id='word_1_79' title='bbox 964 2359 1159 2423; x_wconf 88' lang='lat' dir='ltr'><strong>habet</strong></span> <span class='ocrx_word' id='word_1_80' title='bbox 1198 2381 1393 2444; x_wconf 91' lang='lat' dir='ltr'><strong>super</strong></span> <span class='ocrx_word' id='word_1_81' title='bbox 1426 2380 1659 2444; x_wconf 88' lang='lat' dir='ltr'><strong>corpus</strong></span> <span class='ocrx_word' id='word_1_82' title='bbox 1690 2363 1865 2426; x_wconf 90' lang='lat' dir='ltr'><strong>Chri-</strong></span> 
     </span>
     <span class='ocr_line' id='line_1_16' title="bbox 347 2458 1862 2544; baseline 0.001 -23"><span class='ocrx_word' id='word_1_83' title='bbox 347 2458 437 2521; x_wconf 88' lang='lat' dir='ltr'><strong>sti</strong></span> <span class='ocrx_word' id='word_1_84' title='bbox 470 2476 698 2522; x_wconf 83' lang='lat' dir='ltr'><strong>verum</strong></span> <span class='ocrx_word' id='word_1_85' title='bbox 732 2476 747 2520; x_wconf 92' lang='lat'><strong>:</strong></span> <span class='ocrx_word' id='word_1_86' title='bbox 780 2459 954 2541; x_wconf 88' lang='lat' dir='ltr'><strong>quod</strong></span> <span class='ocrx_word' id='word_1_87' title='bbox 994 2458 1195 2522; x_wconf 91' lang='lat' dir='ltr'><strong>solius</strong></span> <span class='ocrx_word' id='word_1_88' title='bbox 1224 2467 1321 2523; x_wconf 88' lang='lat' dir='ltr'><strong>est</strong></span> <span class='ocrx_word' id='word_1_89' title='bbox 1348 2460 1717 2535; x_wconf 86' lang='lat' dir='ltr'><strong>sacerdotis,</strong></span> <span class='ocrx_word' id='word_1_90' title='bbox 1750 2460 1862 2544; x_wconf 91' lang='lat' dir='ltr'><strong>qui</strong></span> 
     </span>
     <span class='ocr_line' id='line_1_17' title="bbox 350 2556 1861 2641; baseline 0.003 -22"><span class='ocrx_word' id='word_1_91' title='bbox 350 2556 823 2620; x_wconf 85' lang='lat' dir='ltr'><strong>Eucharistiam</strong></span> <span class='ocrx_word' id='word_1_92' title='bbox 874 2565 1219 2621; x_wconf 88' lang='lat' dir='ltr'><strong>consecrat.</strong></span> <span class='ocrx_word' id='word_1_93' title='bbox 1267 2558 1603 2641; x_wconf 88' lang='lat' dir='ltr'><strong>Quumque</strong></span> <span class='ocrx_word' id='word_1_94' title='bbox 1652 2560 1718 2621; x_wconf 91' lang='lat' dir='ltr'><strong>in</strong></span> <span class='ocrx_word' id='word_1_95' title='bbox 1768 2579 1861 2623; x_wconf 89' lang='lat' dir='ltr'><strong>sa-</strong></span> 
     </span>
     <span class='ocr_line' id='line_1_18' title="bbox 352 2656 1865 2740; baseline 0.003 -21"><span class='ocrx_word' id='word_1_96' title='bbox 352 2665 685 2720; x_wconf 86' lang='lat' dir='ltr'><strong>cramento</strong></span> <span class='ocrx_word' id='word_1_97' title='bbox 714 2656 1110 2723; x_wconf 81' lang='lat' dir='ltr'><strong>Poenitentiae</strong></span> <span class='ocrx_word' id='word_1_98' title='bbox 1137 2658 1339 2740; x_wconf 88' lang='lat' dir='ltr'><strong>gratia</strong></span> <span class='ocrx_word' id='word_1_99' title='bbox 1369 2658 1753 2735; x_wconf 89' lang='lat' dir='ltr'><strong>conferatur,</strong></span> <span class='ocrx_word' id='word_1_100' title='bbox 1773 2677 1865 2723; x_wconf 92' lang='lat' dir='ltr'><strong>so-</strong></span> 
     </span>
     <span class='ocr_line' id='line_1_19' title="bbox 352 2755 1864 2837; baseline 0.002 -20"><span class='ocrx_word' id='word_1_101' title='bbox 352 2755 457 2818; x_wconf 90' lang='lat' dir='ltr'><strong>lus</strong></span> <span class='ocrx_word' id='word_1_102' title='bbox 513 2756 807 2818; x_wconf 88' lang='lat' dir='ltr'><strong>sacerdos</strong></span> <span class='ocrx_word' id='word_1_103' title='bbox 854 2762 952 2819; x_wconf 89' lang='lat' dir='ltr'><strong>est</strong></span> <span class='ocrx_word' id='word_1_104' title='bbox 998 2757 1378 2819; x_wconf 87' lang='lat' dir='ltr'><strong>sacramenti</strong></span> <span class='ocrx_word' id='word_1_105' title='bbox 1428 2755 1622 2837; x_wconf 90' lang='lat' dir='ltr'><strong>hujus</strong></span> <span class='ocrx_word' id='word_1_106' title='bbox 1680 2757 1864 2820; x_wconf 90' lang='lat' dir='ltr'><strong>mini-</strong></span> 
     </span>
     <span class='ocr_line' id='line_1_20' title="bbox 350 2852 1862 2919; baseline 0.001 -4"><span class='ocrx_word' id='word_1_107' title='bbox 350 2860 505 2915; x_wconf 86' lang='lat' dir='ltr'><strong>ster.</strong></span> <span class='ocrx_word' id='word_1_108' title='bbox 542 2853 691 2917; x_wconf 90' lang='lat' dir='ltr'><strong>Ideo</strong></span> <span class='ocrx_word' id='word_1_109' title='bbox 738 2852 893 2916; x_wconf 87' lang='lat' dir='ltr'><strong>solis</strong></span> <span class='ocrx_word' id='word_1_110' title='bbox 942 2854 1379 2917; x_wconf 89' lang='lat' dir='ltr'><strong>sacerdotibus</strong></span> <span class='ocrx_word' id='word_1_111' title='bbox 1428 2853 1721 2917; x_wconf 89' lang='lat' dir='ltr'><strong>facienda</strong></span> <span class='ocrx_word' id='word_1_112' title='bbox 1764 2862 1862 2919; x_wconf 89' lang='lat' dir='ltr'><strong>est</strong></span> 
     </span>
     <span class='ocr_line' id='line_1_21' title="bbox 350 2951 1861 3027; baseline 0.001 -12"><span class='ocrx_word' id='word_1_113' title='bbox 350 2951 835 3015; x_wconf 87' lang='lat' dir='ltr'><strong>sacramentalis</strong></span> <span class='ocrx_word' id='word_1_114' title='bbox 866 2951 1203 3016; x_wconf 90' lang='lat' dir='ltr'><strong>confessio.</strong></span> <span class='ocrx_word' id='word_1_115' title='bbox 1227 2988 1309 2998; x_wconf 91' lang='grc'><strong>-</strong></span> <span class='ocrx_word' id='word_1_116' title='bbox 1327 2952 1721 3027; x_wconf 85' lang='lat' dir='ltr'><strong>Porro,sicut</strong></span> <span class='ocrx_word' id='word_1_117' title='bbox 1749 2954 1861 3017; x_wconf 87' lang='lat' dir='ltr'><strong>Ba-</strong></span> 
     </span>
    </p>
   </div>
   <div class='ocr_carea' id='block_1_6' title="bbox 3357 505 3476 570">
    <p class='ocr_par' dir='ltr' id='par_1_7' title="bbox 3357 505 3476 570">
     <span class='ocr_line' id='line_1_22' title="bbox 3357 505 3476 570; baseline -0.008 0"><span class='ocrx_word' id='word_1_118' title='bbox 3357 505 3476 570; x_wconf 67' lang='lat'><strong>4⁷7</strong></span> 
     </span>
    </p>
   </div>
   <div class='ocr_carea' id='block_1_7' title="bbox 1904 686 3477 775">
    <p class='ocr_par' dir='ltr' id='par_1_8' title="bbox 1904 686 3477 775">
     <span class='ocr_line' id='line_1_23' title="bbox 1904 686 3477 775; baseline 0.004 -24"><span class='ocrx_word' id='word_1_119' title='bbox 1904 688 1955 751; x_wconf 85' lang='grc' dir='ltr'>Α</span> <span class='ocrx_word' id='word_1_120' title='bbox 1984 686 2135 751; x_wconf 91' lang='lat' dir='ltr'><strong>hinc</strong></span> <span class='ocrx_word' id='word_1_121' title='bbox 2173 696 2404 771; x_wconf 81' lang='lat' dir='ltr'><strong>praeter</strong></span> <span class='ocrx_word' id='word_1_122' title='bbox 2437 689 2880 753; x_wconf 88' lang='lat' dir='ltr'><strong>necessitatem</strong></span> <span class='ocrx_word' id='word_1_123' title='bbox 2921 697 3130 773; x_wconf 87' lang='lat' dir='ltr'><strong>potest</strong></span> <span class='ocrx_word' id='word_1_124' title='bbox 3165 692 3312 775; x_wconf 89' lang='lat' dir='ltr'><strong>quis</strong></span> <span class='ocrx_word' id='word_1_125' title='bbox 3349 710 3477 757; x_wconf 88' lang='lat' dir='ltr'><strong>non</strong></span> 
     </span>
    </p>
   </div>
   <div class='ocr_carea' id='block_1_8' title="bbox 1976 787 3481 1839">
    <p class='ocr_par' dir='ltr' id='par_1_9' title="bbox 1982 787 2969 852">
     <span class='ocr_line' id='line_1_24' title="bbox 1982 787 2969 852; baseline 0.003 -5"><span class='ocrx_word' id='word_1_126' title='bbox 1982 787 2293 849; x_wconf 88' lang='lat' dir='ltr'><strong>sacerdoti</strong></span> <span class='ocrx_word' id='word_1_127' title='bbox 2335 787 2612 851; x_wconf 88' lang='lat' dir='ltr'><strong>venialia</strong></span> <span class='ocrx_word' id='word_1_128' title='bbox 2649 788 2969 852; x_wconf 85' lang='lat' dir='ltr'><strong>confiteri.</strong></span> 
     </span>
    </p>

    <p class='ocr_par' dir='ltr' id='par_1_10' title="bbox 1976 884 3481 1839">
     <span class='ocr_line' id='line_1_25' title="bbox 2061 884 3481 970; baseline 0.004 -24"><span class='ocrx_word' id='word_1_129' title='bbox 2061 884 2369 948; x_wconf 64' lang='lat' dir='ltr'><strong>Praeterea</strong></span> <span class='ocrx_word' id='word_1_130' title='bbox 2403 886 2887 962; x_wconf 88' lang='lat' dir='ltr'><strong>advertendum,</strong></span> <span class='ocrx_word' id='word_1_131' title='bbox 2920 889 3090 970; x_wconf 90' lang='lat' dir='ltr'><strong>quod</strong></span> <span class='ocrx_word' id='word_1_132' title='bbox 3127 887 3252 951; x_wconf 89' lang='lat' dir='ltr'><strong>alia</strong></span> <span class='ocrx_word' id='word_1_133' title='bbox 3279 908 3481 953; x_wconf 88' lang='lat' dir='ltr'><strong>sacra·</strong></span> 
     </span>
     <span class='ocr_line' id='line_1_26' title="bbox 1982 984 3478 1069; baseline 0.005 -26"><span class='ocrx_word' id='word_1_134' title='bbox 1982 988 2196 1044; x_wconf 89' lang='lat' dir='ltr'><strong>menta</strong></span> <span class='ocrx_word' id='word_1_135' title='bbox 2237 1000 2366 1045; x_wconf 92' lang='lat' dir='ltr'><strong>non</strong></span> <span class='ocrx_word' id='word_1_136' title='bbox 2411 984 2767 1047; x_wconf 91' lang='lat' dir='ltr'><strong>consistunt</strong></span> <span class='ocrx_word' id='word_1_137' title='bbox 2808 985 2873 1047; x_wconf 91' lang='lat' dir='ltr'><strong>in</strong></span> <span class='ocrx_word' id='word_1_138' title='bbox 2923 985 3045 1049; x_wconf 91' lang='lat' dir='ltr'><strong>hoc</strong></span> <span class='ocrx_word' id='word_1_139' title='bbox 3086 987 3256 1069; x_wconf 89' lang='lat' dir='ltr'><strong>quod</strong></span> <span class='ocrx_word' id='word_1_140' title='bbox 3302 1006 3478 1051; x_wconf 87' lang='lat' dir='ltr'><strong>acce-</strong></span> 
     </span>
     <span class='ocr_line' id='line_1_27' title="bbox 1979 1080 3478 1168; baseline 0.005 -26"><span class='ocrx_word' id='word_1_141' title='bbox 1979 1080 2138 1143; x_wconf 91' lang='lat' dir='ltr'><strong>dens</strong></span> <span class='ocrx_word' id='word_1_142' title='bbox 2194 1081 2274 1144; x_wconf 90' lang='lat' dir='ltr'><strong>ad</strong></span> <span class='ocrx_word' id='word_1_143' title='bbox 2331 1090 2801 1147; x_wconf 87' lang='lat' dir='ltr'><strong>sacramentum</strong></span> <span class='ocrx_word' id='word_1_144' title='bbox 2858 1084 3100 1167; x_wconf 88' lang='lat' dir='ltr'><strong>aliquid</strong></span> <span class='ocrx_word' id='word_1_145' title='bbox 3151 1092 3316 1168; x_wconf 84' lang='lat' dir='ltr'><strong>agat,</strong></span> <span class='ocrx_word' id='word_1_146' title='bbox 3367 1086 3478 1150; x_wconf 89' lang='lat' dir='ltr'><strong>sed</strong></span> 
     </span>
     <span class='ocr_line' id='line_1_28' title="bbox 1979 1168 3476 1268; baseline 0.005 -26"><span class='ocrx_word' id='word_1_147' title='bbox 1979 1180 2190 1242; x_wconf 90' lang='lat' dir='ltr'><strong>solum</strong></span> <span class='ocrx_word' id='word_1_148' title='bbox 2235 1188 2306 1243; x_wconf 92' lang='lat' dir='ltr'><strong>ut</strong></span> <span class='ocrx_word' id='word_1_149' title='bbox 2357 1182 2645 1265; x_wconf 87' lang='lat' dir='ltr'><strong>recipiat,</strong></span> <span class='ocrx_word' id='word_1_150' title='bbox 2679 1190 2749 1247; x_wconf 88' lang='lat' dir='ltr'><strong>ut</strong></span> <span class='ocrx_word' id='word_1_151' title='bbox 2794 1168 2967 1266; x_wconf 69' lang='lat' dir='ltr'><strong>pa‘tet</strong></span> <span class='ocrx_word' id='word_1_152' title='bbox 3013 1185 3079 1247; x_wconf 91' lang='lat' dir='ltr'><strong>in</strong></span> <span class='ocrx_word' id='word_1_153' title='bbox 3128 1185 3476 1268; x_wconf 88' lang='lat' dir='ltr'><strong>Baptismo,</strong></span> 
     </span>
     <span class='ocr_line' id='line_1_29' title="bbox 1978 1278 3478 1365; baseline 0.005 -26"><span class='ocrx_word' id='word_1_154' title='bbox 1978 1284 2097 1340; x_wconf 89' lang='lat' dir='ltr'><strong>etc.</strong></span> <span class='ocrx_word' id='word_1_155' title='bbox 2155 1278 2275 1341; x_wconf 90' lang='lat' dir='ltr'><strong>Sed</strong></span> <span class='ocrx_word' id='word_1_156' title='bbox 2329 1288 2508 1343; x_wconf 88' lang='lat' dir='ltr'><strong>actus</strong></span> <span class='ocrx_word' id='word_1_157' title='bbox 2565 1281 2936 1364; x_wconf 89' lang='lat' dir='ltr'><strong>recipientis</strong></span> <span class='ocrx_word' id='word_1_158' title='bbox 2993 1282 3344 1365; x_wconf 87' lang='lat' dir='ltr'><strong>requiritur</strong></span> <span class='ocrx_word' id='word_1_159' title='bbox 3399 1285 3478 1347; x_wconf 91' lang='lat' dir='ltr'><strong>ad</strong></span> 
     </span>
     <span class='ocr_line' id='line_1_30' title="bbox 1978 1376 3477 1459; baseline 0.006 -22"><span class='ocrx_word' id='word_1_160' title='bbox 1978 1376 2464 1459; x_wconf 89' lang='lat' dir='ltr'><strong>percipiendum</strong></span> <span class='ocrx_word' id='word_1_161' title='bbox 2525 1379 2887 1455; x_wconf 87' lang='lat' dir='ltr'><strong>utilitatem,</strong></span> <span class='ocrx_word' id='word_1_162' title='bbox 2941 1381 3002 1443; x_wconf 92' lang='lat' dir='ltr'><strong>id</strong></span> <span class='ocrx_word' id='word_1_163' title='bbox 3051 1388 3148 1445; x_wconf 89' lang='lat' dir='ltr'><strong>est</strong></span> <span class='ocrx_word' id='word_1_164' title='bbox 3194 1380 3477 1445; x_wconf 85' lang='lat' dir='ltr'><strong>fructum</strong></span> 
     </span>
     <span class='ocr_line' id='line_1_31' title="bbox 1978 1476 3478 1562; baseline 0.005 -26"><span class='ocrx_word' id='word_1_165' title='bbox 1978 1492 2091 1537; x_wconf 89' lang='lat' dir='ltr'><strong>seu</strong></span> <span class='ocrx_word' id='word_1_166' title='bbox 2120 1476 2390 1556; x_wconf 80' lang='lat' dir='ltr'><strong>gratiam</strong></span> <span class='ocrx_word' id='word_1_167' title='bbox 2429 1479 2832 1554; x_wconf 86' lang='lat' dir='ltr'><strong>sacramenti,</strong></span> <span class='ocrx_word' id='word_1_168' title='bbox 2868 1480 2933 1541; x_wconf 91' lang='lat' dir='ltr'><strong>in</strong></span> <span class='ocrx_word' id='word_1_169' title='bbox 2963 1498 3040 1543; x_wconf 89' lang='lat' dir='ltr'><strong>eo</strong></span> <span class='ocrx_word' id='word_1_170' title='bbox 3072 1480 3180 1562; x_wconf 91' lang='lat' dir='ltr'><strong>qui</strong></span> <span class='ocrx_word' id='word_1_171' title='bbox 3214 1500 3344 1544; x_wconf 79' lang='lat' dir='ltr'><strong>suae</strong></span> <span class='ocrx_word' id='word_1_172' title='bbox 3371 1499 3478 1545; x_wconf 90' lang='lat' dir='ltr'><strong>vo·</strong></span> 
     </span>
     <span class='ocr_line' id='line_1_32' title="bbox 1978 1571 3472 1661; baseline 0.006 -28"><span class='ocrx_word' id='word_1_173' title='bbox 1978 1571 2238 1636; x_wconf 86' lang='lat' dir='ltr'><strong>luntatis</strong></span> <span class='ocrx_word' id='word_1_174' title='bbox 2287 1575 2669 1639; x_wconf 86' lang='lat' dir='ltr'><strong>constitutus</strong></span> <span class='ocrx_word' id='word_1_175' title='bbox 2718 1586 2816 1640; x_wconf 91' lang='lat' dir='ltr'><strong>est</strong></span> <span class='ocrx_word' id='word_1_176' title='bbox 2860 1577 3118 1652; x_wconf 85' lang='lat' dir='ltr'><strong>arbiter,</strong></span> <span class='ocrx_word' id='word_1_177' title='bbox 3169 1586 3472 1661; x_wconf 85' lang='lat' dir='ltr'><strong>tanquam</strong></span> 
     </span>
     <span class='ocr_line' id='line_1_33' title="bbox 1976 1673 3470 1759; baseline 0.005 -27"><span class='ocrx_word' id='word_1_178' title='bbox 1976 1688 2312 1735; x_wconf 91' lang='lat' dir='ltr'><strong>removens</strong></span> <span class='ocrx_word' id='word_1_179' title='bbox 2357 1673 2726 1755; x_wconf 81' lang='lat' dir='ltr'><strong>prohibenS,</strong></span> <span class='ocrx_word' id='word_1_180' title='bbox 2758 1682 2978 1759; x_wconf 86' lang='lat' dir='ltr'><strong>utpote</strong></span> <span class='ocrx_word' id='word_1_181' title='bbox 3015 1675 3366 1741; x_wconf 86' lang='lat' dir='ltr'><strong>fictionem.</strong></span> <span class='ocrx_word' id='word_1_182' title='bbox 3401 1679 3470 1740; x_wconf 92' lang='lat' dir='ltr'><strong>In</strong></span> 
     </span>
     <span class='ocr_line' id='line_1_34' title="bbox 1977 1768 3471 1839; baseline 0.005 -7"><span class='ocrx_word' id='word_1_183' title='bbox 1977 1768 2352 1834; x_wconf 87' lang='lat' dir='ltr'><strong>Poenitentia</strong></span> <span class='ocrx_word' id='word_1_184' title='bbox 2382 1789 2532 1834; x_wconf 87' lang='lat' dir='ltr'><strong>vero</strong></span> <span class='ocrx_word' id='word_1_185' title='bbox 2561 1780 2741 1836; x_wconf 88' lang='lat' dir='ltr'><strong>actus</strong></span> <span class='ocrx_word' id='word_1_186' title='bbox 2767 1775 3128 1838; x_wconf 90' lang='lat' dir='ltr'><strong>accedentis</strong></span> <span class='ocrx_word' id='word_1_187' title='bbox 3157 1776 3236 1838; x_wconf 88' lang='lat' dir='ltr'><strong>ad</strong></span> <span class='ocrx_word' id='word_1_188' title='bbox 3265 1795 3471 1839; x_wconf 88' lang='lat' dir='ltr'><strong>sacra·</strong></span> 
     </span>
    </p>
   </div>
   <div class='ocr_carea' id='block_1_9' title="bbox 1900 1866 3466 1944">
    <p class='ocr_par' dir='ltr' id='par_1_11' title="bbox 1900 1866 3466 1944">
     <span class='ocr_line' id='line_1_35' title="bbox 1900 1866 3466 1944; baseline 0.006 -16"><span class='ocrx_word' id='word_1_189' title='bbox 1900 1866 1947 1929; x_wconf 89' lang='lat' dir='ltr'><strong>B</strong></span> <span class='ocrx_word' id='word_1_190' title='bbox 1978 1875 2288 1944; x_wconf 89' lang='lat' dir='ltr'><strong>mentum,</strong></span> <span class='ocrx_word' id='word_1_191' title='bbox 2340 1877 2438 1933; x_wconf 90' lang='lat' dir='ltr'><strong>est</strong></span> <span class='ocrx_word' id='word_1_192' title='bbox 2485 1871 2562 1933; x_wconf 91' lang='lat' dir='ltr'><strong>de</strong></span> <span class='ocrx_word' id='word_1_193' title='bbox 2610 1871 2964 1936; x_wconf 90' lang='lat' dir='ltr'><strong>substantia</strong></span> <span class='ocrx_word' id='word_1_194' title='bbox 3015 1874 3393 1937; x_wconf 87' lang='lat' dir='ltr'><strong>sacramenti</strong></span> <span class='ocrx_word' id='word_1_195' title='bbox 3450 1892 3466 1936; x_wconf 69' lang='grc' dir='ltr'><strong><em>ε</em></strong></span> 
     </span>
    </p>
   </div>
   <div class='ocr_carea' id='block_1_10' title="bbox 1972 1966 3474 3031">
    <p class='ocr_par' dir='ltr' id='par_1_12' title="bbox 1972 1966 3474 3031">
     <span class='ocr_line' id='line_1_36' title="bbox 1974 1966 3471 2048; baseline 0.007 -22"><span class='ocrx_word' id='word_1_196' title='bbox 1974 1966 2127 2048; x_wconf 91' lang='lat' dir='ltr'><strong>quia</strong></span> <span class='ocrx_word' id='word_1_197' title='bbox 2157 1967 2474 2043; x_wconf 87' lang='lat' dir='ltr'><strong>contriti0,</strong></span> <span class='ocrx_word' id='word_1_198' title='bbox 2507 1969 2824 2035; x_wconf 89' lang='lat' dir='ltr'><strong>confessio</strong></span> <span class='ocrx_word' id='word_1_199' title='bbox 2853 1978 2917 2034; x_wconf 92' lang='lat' dir='ltr'><strong>et</strong></span> <span class='ocrx_word' id='word_1_200' title='bbox 2945 1971 3292 2036; x_wconf 88' lang='lat' dir='ltr'><strong>satisfactio</strong></span> <span class='ocrx_word' id='word_1_201' title='bbox 3320 1981 3471 2036; x_wconf 89' lang='lat' dir='ltr'><strong>sunt</strong></span> 
     </span>
     <span class='ocr_line' id='line_1_37' title="bbox 1974 2064 3472 2154; baseline 0.006 -28"><span class='ocrx_word' id='word_1_202' title='bbox 1974 2064 2366 2130; x_wconf 81' lang='lat' dir='ltr'><strong>Poenitentiae</strong></span> <span class='ocrx_word' id='word_1_203' title='bbox 2404 2074 2637 2149; x_wconf 87' lang='lat' dir='ltr'><strong>partes,</strong></span> <span class='ocrx_word' id='word_1_204' title='bbox 2670 2087 2813 2151; x_wconf 81' lang='lat' dir='ltr'><strong>quae</strong></span> <span class='ocrx_word' id='word_1_205' title='bbox 2853 2078 3004 2133; x_wconf 89' lang='lat' dir='ltr'><strong>sunt</strong></span> <span class='ocrx_word' id='word_1_206' title='bbox 3043 2077 3222 2134; x_wconf 88' lang='lat' dir='ltr'><strong>actus</strong></span> <span class='ocrx_word' id='word_1_207' title='bbox 3267 2070 3472 2154; x_wconf 88' lang='lat' dir='ltr'><strong>ipsius</strong></span> 
     </span>
     <span class='ocr_line' id='line_1_38' title="bbox 1976 2162 3471 2251; baseline 0.005 -27"><span class='ocrx_word' id='word_1_208' title='bbox 1976 2162 2364 2243; x_wconf 89' lang='lat' dir='ltr'><strong>poenitentis.</strong></span> <span class='ocrx_word' id='word_1_209' title='bbox 2406 2165 2600 2228; x_wconf 86' lang='lat' dir='ltr'><strong>Actus</strong></span> <span class='ocrx_word' id='word_1_210' title='bbox 2643 2173 2858 2230; x_wconf 90' lang='lat' dir='ltr'><strong>autem</strong></span> <span class='ocrx_word' id='word_1_211' title='bbox 2905 2169 3103 2231; x_wconf 89' lang='lat' dir='ltr'><strong>nostri</strong></span> <span class='ocrx_word' id='word_1_212' title='bbox 3155 2187 3356 2251; x_wconf 89' lang='lat' dir='ltr'><strong>quum</strong></span> <span class='ocrx_word' id='word_1_213' title='bbox 3404 2170 3471 2232; x_wconf 91' lang='lat' dir='ltr'><strong>in</strong></span> 
     </span>
     <span class='ocr_line' id='line_1_39' title="bbox 1976 2259 3472 2349; baseline 0.006 -28"><span class='ocrx_word' id='word_1_214' title='bbox 1976 2259 2160 2323; x_wconf 89' lang='lat' dir='ltr'><strong>nobis</strong></span> <span class='ocrx_word' id='word_1_215' title='bbox 2209 2262 2602 2345; x_wconf 89' lang='lat' dir='ltr'><strong>principium</strong></span> <span class='ocrx_word' id='word_1_216' title='bbox 2649 2264 2945 2342; x_wconf 86' lang='lat' dir='ltr'><strong>habeant,</strong></span> <span class='ocrx_word' id='word_1_217' title='bbox 2985 2273 3315 2349; x_wconf 89' lang='lat' dir='ltr'><strong>nequeunt</strong></span> <span class='ocrx_word' id='word_1_218' title='bbox 3361 2286 3472 2330; x_wconf 90' lang='lat' dir='ltr'><strong>no-</strong></span> 
     </span>
     <span class='ocr_line' id='line_1_40' title="bbox 1974 2356 3466 2448; baseline 0.008 -31"><span class='ocrx_word' id='word_1_219' title='bbox 1974 2356 2073 2419; x_wconf 91' lang='lat' dir='ltr'><strong>bis</strong></span> <span class='ocrx_word' id='word_1_220' title='bbox 2106 2357 2188 2420; x_wconf 91' lang='lat' dir='ltr'><strong>ab</strong></span> <span class='ocrx_word' id='word_1_221' title='bbox 2227 2359 2351 2422; x_wconf 88' lang='lat' dir='ltr'><strong>alio</strong></span> <span class='ocrx_word' id='word_1_222' title='bbox 2388 2360 2745 2443; x_wconf 88' lang='lat' dir='ltr'><strong>dispensari</strong></span> <span class='ocrx_word' id='word_1_223' title='bbox 2782 2364 2908 2426; x_wconf 91' lang='lat' dir='ltr'><strong>nisi</strong></span> <span class='ocrx_word' id='word_1_224' title='bbox 2950 2382 3064 2446; x_wconf 91' lang='lat' dir='ltr'><strong>per</strong></span> <span class='ocrx_word' id='word_1_225' title='bbox 3102 2365 3466 2448; x_wconf 90' lang='lat' dir='ltr'><strong>imperium.</strong></span> 
     </span>
     <span class='ocr_line' id='line_1_41' title="bbox 1972 2456 3474 2545; baseline 0.007 -28"><span class='ocrx_word' id='word_1_226' title='bbox 1972 2456 2148 2519; x_wconf 88' lang='lat' dir='ltr'><strong>Unde</strong></span> <span class='ocrx_word' id='word_1_227' title='bbox 2194 2464 2442 2540; x_wconf 82' lang='lat' dir='ltr'><strong>oportet</strong></span> <span class='ocrx_word' id='word_1_228' title='bbox 2489 2460 2660 2541; x_wconf 90' lang='lat' dir='ltr'><strong>quod</strong></span> <span class='ocrx_word' id='word_1_229' title='bbox 2707 2460 2816 2523; x_wconf 90' lang='lat' dir='ltr'><strong>ille</strong></span> <span class='ocrx_word' id='word_1_230' title='bbox 2867 2462 2979 2544; x_wconf 90' lang='lat' dir='ltr'><strong>qui</strong></span> <span class='ocrx_word' id='word_1_231' title='bbox 3028 2462 3222 2545; x_wconf 87' lang='lat' dir='ltr'><strong>hujus</strong></span> <span class='ocrx_word' id='word_1_232' title='bbox 3271 2482 3474 2527; x_wconf 88' lang='lat' dir='ltr'><strong>sacra-</strong></span> 
     </span>
     <span class='ocr_line' id='line_1_42' title="bbox 1975 2553 3469 2640; baseline 0.005 -25"><span class='ocrx_word' id='word_1_233' title='bbox 1975 2553 2174 2616; x_wconf 87' lang='lat' dir='ltr'><strong>menti</strong></span> <span class='ocrx_word' id='word_1_234' title='bbox 2212 2555 2624 2617; x_wconf 85' lang='lat' dir='ltr'><strong>constituitur</strong></span> <span class='ocrx_word' id='word_1_235' title='bbox 2660 2557 3080 2640; x_wconf 88' lang='lat' dir='ltr'><strong>dispensator,</strong></span> <span class='ocrx_word' id='word_1_236' title='bbox 3111 2560 3318 2623; x_wconf 87' lang='lat' dir='ltr'><strong>valeat</strong></span> <span class='ocrx_word' id='word_1_237' title='bbox 3356 2560 3469 2623; x_wconf 91' lang='lat' dir='ltr'><strong>im·</strong></span> 
     </span>
     <span class='ocr_line' id='line_1_43' title="bbox 1974 2652 3466 2739; baseline 0.005 -25"><span class='ocrx_word' id='word_1_238' title='bbox 1974 2669 2196 2732; x_wconf 88' lang='lat' dir='ltr'><strong>perare</strong></span> <span class='ocrx_word' id='word_1_239' title='bbox 2251 2652 2494 2734; x_wconf 84' lang='lat' dir='ltr'><strong>aliquid</strong></span> <span class='ocrx_word' id='word_1_240' title='bbox 2552 2654 2673 2735; x_wconf 88' lang='lat' dir='ltr'><strong>agi.</strong></span> <span class='ocrx_word' id='word_1_241' title='bbox 2725 2655 3072 2739; x_wconf 89' lang='lat' dir='ltr'><strong>Imperium</strong></span> <span class='ocrx_word' id='word_1_242' title='bbox 3131 2676 3281 2721; x_wconf 85' lang='lat' dir='ltr'><strong>vero</strong></span> <span class='ocrx_word' id='word_1_243' title='bbox 3338 2675 3466 2722; x_wconf 89' lang='lat' dir='ltr'><strong>non</strong></span> 
     </span>
     <span class='ocr_line' id='line_1_44' title="bbox 1972 2750 3466 2833; baseline 0.005 -21"><span class='ocrx_word' id='word_1_244' title='bbox 1972 2750 2282 2832; x_wconf 88' lang='lat' dir='ltr'><strong>competit</strong></span> <span class='ocrx_word' id='word_1_245' title='bbox 2307 2752 2429 2815; x_wconf 89' lang='lat' dir='ltr'><strong>nisi</strong></span> <span class='ocrx_word' id='word_1_246' title='bbox 2458 2752 2971 2833; x_wconf 84' lang='lat' dir='ltr'><strong>jurisdictionem</strong></span> <span class='ocrx_word' id='word_1_247' title='bbox 3000 2755 3280 2820; x_wconf 89' lang='lat' dir='ltr'><strong>habenti.</strong></span> <span class='ocrx_word' id='word_1_248' title='bbox 3305 2757 3466 2820; x_wconf 85' lang='lat' dir='ltr'><strong>Hinc</strong></span> 
     </span>
     <span class='ocr_line' id='line_1_45' title="bbox 1972 2848 3468 2933; baseline 0.005 -23"><span class='ocrx_word' id='word_1_249' title='bbox 1972 2848 2050 2911; x_wconf 91' lang='lat' dir='ltr'><strong>de</strong></span> <span class='ocrx_word' id='word_1_250' title='bbox 2108 2851 2484 2914; x_wconf 88' lang='lat' dir='ltr'><strong>necessitate</strong></span> <span class='ocrx_word' id='word_1_251' title='bbox 2538 2851 2736 2933; x_wconf 85' lang='lat' dir='ltr'><strong>hujus</strong></span> <span class='ocrx_word' id='word_1_252' title='bbox 2791 2860 2890 2917; x_wconf 89' lang='lat' dir='ltr'><strong>est</strong></span> <span class='ocrx_word' id='word_1_253' title='bbox 2943 2856 3344 2931; x_wconf 87' lang='lat' dir='ltr'><strong>sacramenti,</strong></span> <span class='ocrx_word' id='word_1_254' title='bbox 3397 2862 3468 2918; x_wconf 97' lang='lat' dir='ltr'><strong>ut</strong></span> 
     </span>
     <span class='ocr_line' id='line_1_46' title="bbox 1972 2947 3469 3031; baseline 0.006 -23"><span class='ocrx_word' id='word_1_255' title='bbox 1972 2947 2267 3012; x_wconf 87' lang='lat' dir='ltr'><strong>minister</strong></span> <span class='ocrx_word' id='word_1_256' title='bbox 2291 2968 2419 3013; x_wconf 90' lang='lat' dir='ltr'><strong>non</strong></span> <span class='ocrx_word' id='word_1_257' title='bbox 2453 2951 2658 3014; x_wconf 91' lang='lat' dir='ltr'><strong>solum</strong></span> <span class='ocrx_word' id='word_1_258' title='bbox 2697 2951 2929 3015; x_wconf 88' lang='lat' dir='ltr'><strong>habeat</strong></span> <span class='ocrx_word' id='word_1_259' title='bbox 2955 2953 3268 3031; x_wconf 88' lang='lat' dir='ltr'><strong>ordinem,</strong></span> <span class='ocrx_word' id='word_1_260' title='bbox 3301 2956 3469 3017; x_wconf 90' lang='lat' dir='ltr'><strong>sicut</strong></span> 
     </span>
    </p>
   </div>
   <div class='ocr_carea' id='block_1_11' title="bbox 350 3045 3471 3135">
    <p class='ocr_par' dir='ltr' id='par_1_13' title="bbox 350 3045 3471 3135">
     <span class='ocr_line' id='line_1_47' title="bbox 350 3045 3471 3135; baseline 0.005 -31"><span class='ocrx_word' id='word_1_261' title='bbox 350 3050 632 3134; x_wconf 81' lang='lat' dir='ltr'><strong>ptismus</strong></span> <span class='ocrx_word' id='word_1_262' title='bbox 670 3057 768 3113; x_wconf 71' lang='lat' dir='ltr'><strong>ost</strong></span> <span class='ocrx_word' id='word_1_263' title='bbox 808 3057 1277 3114; x_wconf 75' lang='lat' dir='ltr'><strong>sacramentum</strong></span> <span class='ocrx_word' id='word_1_264' title='bbox 1323 3052 1741 3129; x_wconf 73' lang='lat' dir='ltr'><strong>necessitatis,</strong></span> <span class='ocrx_word' id='word_1_265' title='bbox 1775 3054 1863 3117; x_wconf 70' lang='lat' dir='ltr'><strong>ita</strong></span> <span class='ocrx_word' id='word_1_266' title='bbox 1896 3050 1940 3115; x_wconf 87' lang='lat' dir='ltr'>C</span> <span class='ocrx_word' id='word_1_267' title='bbox 1970 3045 2038 3108; x_wconf 91' lang='lat' dir='ltr'><strong>in</strong></span> <span class='ocrx_word' id='word_1_268' title='bbox 2067 3046 2210 3109; x_wconf 90' lang='lat' dir='ltr'><strong>aliis</strong></span> <span class='ocrx_word' id='word_1_269' title='bbox 2241 3049 2676 3126; x_wconf 88' lang='lat' dir='ltr'><strong>sacramentis,</strong></span> <span class='ocrx_word' id='word_1_270' title='bbox 2709 3051 2820 3113; x_wconf 89' lang='lat' dir='ltr'><strong>sed</strong></span> <span class='ocrx_word' id='word_1_271' title='bbox 2859 3051 3051 3115; x_wconf 88' lang='lat' dir='ltr'><strong>etiam</strong></span> <span class='ocrx_word' id='word_1_272' title='bbox 3081 3052 3471 3135; x_wconf 85' lang='lat' dir='ltr'><strong>jurisdictio-</strong></span> 
     </span>
    </p>
   </div>
   <div class='ocr_carea' id='block_1_12' title="bbox 342 3149 1864 4214">
    <p class='ocr_par' dir='ltr' id='par_1_14' title="bbox 342 3149 1864 4214">
     <span class='ocr_line' id='line_1_48' title="bbox 347 3149 1862 3233; baseline 0.002 -21"><span class='ocrx_word' id='word_1_273' title='bbox 347 3160 417 3212; x_wconf 87' lang='lat' dir='ltr'><strong>et</strong></span> <span class='ocrx_word' id='word_1_274' title='bbox 456 3149 855 3213; x_wconf 88' lang='lat' dir='ltr'><strong>Poenitentia.</strong></span> <span class='ocrx_word' id='word_1_275' title='bbox 888 3149 1252 3233; x_wconf 89' lang='lat' dir='ltr'><strong>Baptismus</strong></span> <span class='ocrx_word' id='word_1_276' title='bbox 1290 3158 1505 3214; x_wconf 88' lang='lat' dir='ltr'><strong>autem</strong></span> <span class='ocrx_word' id='word_1_277' title='bbox 1544 3170 1745 3232; x_wconf 90' lang='lat' dir='ltr'><strong>quum</strong></span> <span class='ocrx_word' id='word_1_278' title='bbox 1778 3153 1862 3216; x_wconf 89' lang='lat' dir='ltr'><strong>sit</strong></span> 
     </span>
     <span class='ocr_line' id='line_1_49' title="bbox 346 3247 1864 3331; baseline 0.002 -20"><span class='ocrx_word' id='word_1_279' title='bbox 346 3255 827 3312; x_wconf 89' lang='lat' dir='ltr'><strong>sacramentum</strong></span> <span class='ocrx_word' id='word_1_280' title='bbox 856 3247 1279 3324; x_wconf 86' lang='lat' dir='ltr'><strong>necessitatis,</strong></span> <span class='ocrx_word' id='word_1_281' title='bbox 1310 3249 1636 3331; x_wconf 88' lang='lat' dir='ltr'><strong>duplicem</strong></span> <span class='ocrx_word' id='word_1_282' title='bbox 1670 3251 1864 3314; x_wconf 89' lang='lat' dir='ltr'><strong>habet</strong></span> 
     </span>
     <span class='ocr_line' id='line_1_50' title="bbox 350 3346 1862 3421; baseline 0.001 -12"><span class='ocrx_word' id='word_1_283' title='bbox 350 3347 726 3409; x_wconf 89' lang='lat' dir='ltr'><strong>ministrum</strong></span> <span class='ocrx_word' id='word_1_284' title='bbox 758 3364 775 3408; x_wconf 77' lang='lat' dir='ltr'><strong>t</strong></span> <span class='ocrx_word' id='word_1_285' title='bbox 809 3364 1036 3421; x_wconf 91' lang='lat' dir='ltr'><strong>unum,</strong></span> <span class='ocrx_word' id='word_1_286' title='bbox 1065 3346 1169 3409; x_wconf 91' lang='lat' dir='ltr'><strong>cui</strong></span> <span class='ocrx_word' id='word_1_287' title='bbox 1200 3366 1277 3410; x_wconf 85' lang='lat' dir='ltr'><strong>ex</strong></span> <span class='ocrx_word' id='word_1_288' title='bbox 1308 3346 1531 3410; x_wconf 88' lang='lat' dir='ltr'><strong>officio</strong></span> <span class='ocrx_word' id='word_1_289' title='bbox 1560 3349 1862 3412; x_wconf 85' lang='lat' dir='ltr'><strong>convenit</strong></span> 
     </span>
     <span class='ocr_line' id='line_1_51' title="bbox 348 3445 1854 3528; baseline 0.002 -21"><span class='ocrx_word' id='word_1_290' title='bbox 348 3445 698 3528; x_wconf 87' lang='lat' dir='ltr'><strong>baptizare,</strong></span> <span class='ocrx_word' id='word_1_291' title='bbox 745 3452 968 3528; x_wconf 89' lang='lat' dir='ltr'><strong>utpote</strong></span> <span class='ocrx_word' id='word_1_292' title='bbox 1014 3446 1445 3525; x_wconf 84' lang='lat' dir='ltr'><strong>sacerdotem3</strong></span> <span class='ocrx_word' id='word_1_293' title='bbox 1484 3447 1706 3522; x_wconf 89' lang='lat' dir='ltr'><strong>alium,</strong></span> <span class='ocrx_word' id='word_1_294' title='bbox 1750 3447 1854 3510; x_wconf 91' lang='lat' dir='ltr'><strong>cui</strong></span> 
     </span>
     <span class='ocr_line' id='line_1_52' title="bbox 345 3543 1853 3628; baseline 0.003 -24"><span class='ocrx_word' id='word_1_295' title='bbox 345 3545 595 3607; x_wconf 86' lang='lat' dir='ltr'><strong>ratione</strong></span> <span class='ocrx_word' id='word_1_296' title='bbox 648 3543 1047 3606; x_wconf 85' lang='lat' dir='ltr'><strong>necessitatis</strong></span> <span class='ocrx_word' id='word_1_297' title='bbox 1102 3545 1495 3627; x_wconf 89' lang='lat' dir='ltr'><strong>dispensatio</strong></span> <span class='ocrx_word' id='word_1_298' title='bbox 1548 3545 1853 3628; x_wconf 88' lang='lat' dir='ltr'><strong>Baptismi</strong></span> 
     </span>
     <span class='ocr_line' id='line_1_53' title="bbox 347 3632 1852 3707; baseline 0 -1"><span class='ocrx_word' id='word_1_299' title='bbox 347 3642 794 3706; x_wconf 86' lang='lat' dir='ltr'><strong>committitur.</strong></span> <span class='ocrx_word' id='word_1_300' title='bbox 856 3641 947 3705; x_wconf 88' lang='lat' dir='ltr'><strong>lta</strong></span> <span class='ocrx_word' id='word_1_301' title='bbox 1004 3632 1069 3705; x_wconf 87' lang='lat' dir='ltr'><strong>e&#39;t</strong></span> <span class='ocrx_word' id='word_1_302' title='bbox 1126 3643 1419 3706; x_wconf 89' lang='lat' dir='ltr'><strong>minister</strong></span> <span class='ocrx_word' id='word_1_303' title='bbox 1474 3644 1852 3707; x_wconf 89' lang='lat' dir='ltr'><strong>sacramenti</strong></span> 
     </span>
     <span class='ocr_line' id='line_1_54' title="bbox 342 3740 1853 3822; baseline 0.001 -19"><span class='ocrx_word' id='word_1_304' title='bbox 342 3740 764 3815; x_wconf 78' lang='lat' dir='ltr'><strong>Poenitentiae,</strong></span> <span class='ocrx_word' id='word_1_305' title='bbox 790 3741 1033 3804; x_wconf 89' lang='lat' dir='ltr'><strong>ratione</strong></span> <span class='ocrx_word' id='word_1_306' title='bbox 1062 3740 1269 3804; x_wconf 88' lang='lat' dir='ltr'><strong>officii</strong></span> <span class='ocrx_word' id='word_1_307' title='bbox 1298 3749 1396 3804; x_wconf 90' lang='lat' dir='ltr'><strong>est</strong></span> <span class='ocrx_word' id='word_1_308' title='bbox 1424 3741 1753 3822; x_wconf 84' lang='lat' dir='ltr'><strong>sacerdos3</strong></span> <span class='ocrx_word' id='word_1_309' title='bbox 1787 3743 1853 3805; x_wconf 91' lang='lat' dir='ltr'><strong>in</strong></span> 
     </span>
     <span class='ocr_line' id='line_1_55' title="bbox 346 3839 1855 3923; baseline 0.002 -22"><span class='ocrx_word' id='word_1_310' title='bbox 346 3839 729 3902; x_wconf 88' lang='lat' dir='ltr'><strong>necessitate</strong></span> <span class='ocrx_word' id='word_1_311' title='bbox 767 3856 922 3901; x_wconf 83' lang='lat' dir='ltr'><strong>vero</strong></span> <span class='ocrx_word' id='word_1_312' title='bbox 966 3839 1167 3903; x_wconf 88' lang='lat' dir='ltr'><strong>laicus</strong></span> <span class='ocrx_word' id='word_1_313' title='bbox 1212 3840 1419 3902; x_wconf 89' lang='lat' dir='ltr'><strong>vicem</strong></span> <span class='ocrx_word' id='word_1_314' title='bbox 1468 3841 1723 3923; x_wconf 90' lang='lat' dir='ltr'><strong>supplet</strong></span> <span class='ocrx_word' id='word_1_315' title='bbox 1762 3861 1855 3904; x_wconf 89' lang='lat' dir='ltr'><strong>sa-</strong></span> 
     </span>
     <span class='ocr_line' id='line_1_56' title="bbox 344 3935 1848 4020; baseline 0.001 -20"><span class='ocrx_word' id='word_1_316' title='bbox 344 3937 645 4008; x_wconf 85' lang='lat' dir='ltr'><strong>cerdotis,</strong></span> <span class='ocrx_word' id='word_1_317' title='bbox 701 3935 789 3998; x_wconf 85' lang='lat' dir='ltr'><strong>ita</strong></span> <span class='ocrx_word' id='word_1_318' title='bbox 836 3944 908 3998; x_wconf 90' lang='lat' dir='ltr'><strong>ut</strong></span> <span class='ocrx_word' id='word_1_319' title='bbox 954 3937 1013 3999; x_wconf 92' lang='lat' dir='ltr'><strong>ei</strong></span> <span class='ocrx_word' id='word_1_320' title='bbox 1072 3936 1389 4000; x_wconf 90' lang='lat' dir='ltr'><strong>confessio</strong></span> <span class='ocrx_word' id='word_1_321' title='bbox 1434 3937 1578 4000; x_wconf 90' lang='lat' dir='ltr'><strong>fieri</strong></span> <span class='ocrx_word' id='word_1_322' title='bbox 1631 3939 1848 4020; x_wconf 90' lang='lat' dir='ltr'><strong>possit.</strong></span> 
     </span>
     <span class='ocr_line' id='line_1_57' title="bbox 344 4034 1854 4117; baseline 0.002 -19"><span class='ocrx_word' id='word_1_323' title='bbox 344 4035 581 4117; x_wconf 90' lang='lat' dir='ltr'><strong>Sicque</strong></span> <span class='ocrx_word' id='word_1_324' title='bbox 612 4035 861 4098; x_wconf 86' lang='lat' dir='ltr'><strong>ratione</strong></span> <span class='ocrx_word' id='word_1_325' title='bbox 890 4034 1289 4097; x_wconf 84' lang='lat' dir='ltr'><strong>necessitatis</strong></span> <span class='ocrx_word' id='word_1_326' title='bbox 1324 4035 1522 4099; x_wconf 90' lang='lat' dir='ltr'><strong>laicus</strong></span> <span class='ocrx_word' id='word_1_327' title='bbox 1551 4035 1631 4098; x_wconf 85' lang='lat' dir='ltr'><strong>fit</strong></span> <span class='ocrx_word' id='word_1_328' title='bbox 1656 4036 1854 4117; x_wconf 85' lang='lat' dir='ltr'><strong>judex</strong></span> 
     </span>
     <span class='ocr_line' id='line_1_58' title="bbox 342 4131 1853 4214; baseline 0.001 -19"><span class='ocrx_word' id='word_1_329' title='bbox 342 4131 743 4208; x_wconf 77' lang='lat' dir='ltr'><strong>confitentiS‚</strong></span> <span class='ocrx_word' id='word_1_330' title='bbox 800 4132 911 4214; x_wconf 92' lang='lat' dir='ltr'><strong>qui</strong></span> <span class='ocrx_word' id='word_1_331' title='bbox 972 4139 1199 4213; x_wconf 89' lang='lat' dir='ltr'><strong>sponte</strong></span> <span class='ocrx_word' id='word_1_332' title='bbox 1256 4138 1321 4194; x_wconf 92' lang='lat' dir='ltr'><strong>et</strong></span> <span class='ocrx_word' id='word_1_333' title='bbox 1376 4131 1727 4196; x_wconf 87' lang='lat' dir='ltr'><strong>affectuose</strong></span> <span class='ocrx_word' id='word_1_334' title='bbox 1784 4153 1853 4197; x_wconf 90' lang='lat' dir='ltr'><strong>se</strong></span> 
     </span>
    </p>
   </div>
   <div class='ocr_carea' id='block_1_13' title="bbox 1962 3146 3470 4217">
    <p class='ocr_par' dir='ltr' id='par_1_15' title="bbox 1962 3146 3470 4217">
     <span class='ocr_line' id='line_1_59' title="bbox 1968 3146 3466 3232; baseline 0.005 -24"><span class='ocrx_word' id='word_1_335' title='bbox 1968 3165 2139 3209; x_wconf 89' lang='lat' dir='ltr'><strong>nem.</strong></span> <span class='ocrx_word' id='word_1_336' title='bbox 2172 3146 2342 3222; x_wconf 80' lang='lat' dir='ltr'><strong>Iden,</strong></span> <span class='ocrx_word' id='word_1_337' title='bbox 2381 3149 2548 3211; x_wconf 91' lang='lat' dir='ltr'><strong>sicut</strong></span> <span class='ocrx_word' id='word_1_338' title='bbox 2581 3149 2636 3212; x_wconf 90' lang='lat' dir='ltr'><strong>is</strong></span> <span class='ocrx_word' id='word_1_339' title='bbox 2673 3150 2784 3232; x_wconf 90' lang='lat' dir='ltr'><strong>qui</strong></span> <span class='ocrx_word' id='word_1_340' title='bbox 2827 3168 2956 3214; x_wconf 91' lang='lat' dir='ltr'><strong>non</strong></span> <span class='ocrx_word' id='word_1_341' title='bbox 3006 3159 3102 3215; x_wconf 90' lang='lat' dir='ltr'><strong>est</strong></span> <span class='ocrx_word' id='word_1_342' title='bbox 3149 3155 3466 3230; x_wconf 80' lang='lat' dir='ltr'><strong>sacerdoS,</strong></span> 
     </span>
     <span class='ocr_line' id='line_1_60' title="bbox 1968 3246 3470 3328; baseline 0.007 -22"><span class='ocrx_word' id='word_1_343' title='bbox 1968 3262 2097 3307; x_wconf 90' lang='lat' dir='ltr'><strong>non</strong></span> <span class='ocrx_word' id='word_1_344' title='bbox 2126 3251 2336 3326; x_wconf 91' lang='lat' dir='ltr'><strong>potest</strong></span> <span class='ocrx_word' id='word_1_345' title='bbox 2367 3246 2486 3309; x_wconf 90' lang='lat' dir='ltr'><strong>hoc</strong></span> <span class='ocrx_word' id='word_1_346' title='bbox 2525 3255 2993 3312; x_wconf 87' lang='lat' dir='ltr'><strong>sacramentum</strong></span> <span class='ocrx_word' id='word_1_347' title='bbox 3037 3251 3348 3328; x_wconf 89' lang='lat' dir='ltr'><strong>conferre,</strong></span> <span class='ocrx_word' id='word_1_348' title='bbox 3383 3252 3470 3316; x_wconf 90' lang='lat' dir='ltr'><strong>ita</strong></span> 
     </span>
     <span class='ocr_line' id='line_1_61' title="bbox 1969 3342 3470 3429; baseline 0.007 -26"><span class='ocrx_word' id='word_1_349' title='bbox 1969 3359 2087 3404; x_wconf 92' lang='lat' dir='ltr'><strong>nec</strong></span> <span class='ocrx_word' id='word_1_350' title='bbox 2116 3342 2226 3405; x_wconf 92' lang='lat' dir='ltr'><strong>ille</strong></span> <span class='ocrx_word' id='word_1_351' title='bbox 2255 3345 2361 3424; x_wconf 92' lang='lat' dir='ltr'><strong>qui</strong></span> <span class='ocrx_word' id='word_1_352' title='bbox 2391 3363 2520 3408; x_wconf 91' lang='lat' dir='ltr'><strong>non</strong></span> <span class='ocrx_word' id='word_1_353' title='bbox 2547 3345 2740 3408; x_wconf 90' lang='lat' dir='ltr'><strong>habet</strong></span> <span class='ocrx_word' id='word_1_354' title='bbox 2764 3346 3294 3429; x_wconf 88' lang='lat' dir='ltr'><strong>jurisdictionem.</strong></span> <span class='ocrx_word' id='word_1_355' title='bbox 3309 3351 3470 3414; x_wconf 86' lang='lat' dir='ltr'><strong>Hinc</strong></span> 
     </span>
     <span class='ocr_line' id='line_1_62' title="bbox 1970 3440 3468 3528; baseline 0.007 -26"><span class='ocrx_word' id='word_1_356' title='bbox 1970 3440 2136 3502; x_wconf 91' lang='lat' dir='ltr'><strong>sicut</strong></span> <span class='ocrx_word' id='word_1_357' title='bbox 2192 3441 2526 3517; x_wconf 88' lang='lat' dir='ltr'><strong>sacerdoti,</strong></span> <span class='ocrx_word' id='word_1_358' title='bbox 2577 3442 2666 3504; x_wconf 88' lang='lat' dir='ltr'><strong>ita</strong></span> <span class='ocrx_word' id='word_1_359' title='bbox 2720 3451 2783 3505; x_wconf 89' lang='lat' dir='ltr'><strong>et</strong></span> <span class='ocrx_word' id='word_1_360' title='bbox 2837 3446 3098 3528; x_wconf 85' lang='lat' dir='ltr'><strong>proprio</strong></span> <span class='ocrx_word' id='word_1_361' title='bbox 3155 3450 3468 3513; x_wconf 89' lang='lat' dir='ltr'><strong>sacerdoti</strong></span> 
     </span>
     <span class='ocr_line' id='line_1_63' title="bbox 1970 3538 3466 3621; baseline 0.007 -21"><span class='ocrx_word' id='word_1_362' title='bbox 1970 3538 2266 3602; x_wconf 87' lang='lat' dir='ltr'><strong>confiteri</strong></span> <span class='ocrx_word' id='word_1_363' title='bbox 2295 3546 2560 3621; x_wconf 87' lang='lat' dir='ltr'><strong>oportet.</strong></span> <span class='ocrx_word' id='word_1_364' title='bbox 2575 3541 2783 3614; x_wconf 83' lang='lat' dir='ltr'><strong>Quum</strong></span> <span class='ocrx_word' id='word_1_365' title='bbox 2813 3543 2986 3604; x_wconf 91' lang='lat' dir='ltr'><strong>enim</strong></span> <span class='ocrx_word' id='word_1_366' title='bbox 3016 3546 3308 3610; x_wconf 87' lang='lat' dir='ltr'><strong>sacerdos</strong></span> <span class='ocrx_word' id='word_1_367' title='bbox 3338 3565 3466 3610; x_wconf 92' lang='lat' dir='ltr'><strong>non</strong></span> 
     </span>
     <span class='ocr_line' id='line_1_64' title="bbox 1968 3637 3465 3724; baseline 0.006 -24"><span class='ocrx_word' id='word_1_368' title='bbox 1968 3637 2255 3701; x_wconf 89' lang='lat' dir='ltr'><strong>absolvat</strong></span> <span class='ocrx_word' id='word_1_369' title='bbox 2283 3638 2408 3701; x_wconf 92' lang='lat' dir='ltr'><strong>nisi</strong></span> <span class='ocrx_word' id='word_1_370' title='bbox 2439 3639 2694 3720; x_wconf 88' lang='lat' dir='ltr'><strong>ligando</strong></span> <span class='ocrx_word' id='word_1_371' title='bbox 2732 3659 2846 3703; x_wconf 87' lang='lat' dir='ltr'><strong>seu</strong></span> <span class='ocrx_word' id='word_1_372' title='bbox 2875 3641 3216 3724; x_wconf 86' lang='lat' dir='ltr'><strong>obligando</strong></span> <span class='ocrx_word' id='word_1_373' title='bbox 3244 3646 3323 3707; x_wconf 85' lang='lat' dir='ltr'><strong>ad</strong></span> <span class='ocrx_word' id='word_1_374' title='bbox 3353 3645 3465 3708; x_wconf 87' lang='lat' dir='ltr'><strong>ali·</strong></span> 
     </span>
     <span class='ocr_line' id='line_1_65' title="bbox 1968 3737 3466 3824; baseline 0.005 -26"><span class='ocrx_word' id='word_1_375' title='bbox 1968 3737 2122 3819; x_wconf 92' lang='lat' dir='ltr'><strong>quid</strong></span> <span class='ocrx_word' id='word_1_376' title='bbox 2165 3738 2621 3819; x_wconf 89' lang='lat' dir='ltr'><strong>peragendum,</strong></span> <span class='ocrx_word' id='word_1_377' title='bbox 2656 3738 2764 3802; x_wconf 90' lang='lat' dir='ltr'><strong>ille</strong></span> <span class='ocrx_word' id='word_1_378' title='bbox 2801 3739 2975 3803; x_wconf 91' lang='lat' dir='ltr'><strong>solus</strong></span> <span class='ocrx_word' id='word_1_379' title='bbox 3013 3748 3222 3824; x_wconf 85' lang='lat' dir='ltr'><strong>potest</strong></span> <span class='ocrx_word' id='word_1_380' title='bbox 3262 3743 3466 3808; x_wconf 85' lang='lat' dir='ltr'><strong>absol·</strong></span> 
     </span>
     <span class='ocr_line' id='line_1_66' title="bbox 1965 3835 3464 3925; baseline 0.005 -27"><span class='ocrx_word' id='word_1_381' title='bbox 1965 3854 2116 3898; x_wconf 90' lang='lat' dir='ltr'><strong>vere</strong></span> <span class='ocrx_word' id='word_1_382' title='bbox 2155 3835 2266 3917; x_wconf 89' lang='lat' dir='ltr'><strong>qui</strong></span> <span class='ocrx_word' id='word_1_383' title='bbox 2306 3843 2516 3917; x_wconf 87' lang='lat' dir='ltr'><strong>potest</strong></span> <span class='ocrx_word' id='word_1_384' title='bbox 2557 3854 2672 3918; x_wconf 91' lang='lat' dir='ltr'><strong>per</strong></span> <span class='ocrx_word' id='word_1_385' title='bbox 2711 3836 3053 3920; x_wconf 89' lang='lat' dir='ltr'><strong>imperium</strong></span> <span class='ocrx_word' id='word_1_386' title='bbox 3096 3841 3176 3903; x_wconf 88' lang='lat' dir='ltr'><strong>ad</strong></span> <span class='ocrx_word' id='word_1_387' title='bbox 3220 3841 3464 3925; x_wconf 88' lang='lat' dir='ltr'><strong>aliquid</strong></span> 
     </span>
     <span class='ocr_line' id='line_1_67' title="bbox 1962 3933 3465 4023; baseline 0.006 -28"><span class='ocrx_word' id='word_1_388' title='bbox 1962 3933 2280 4016; x_wconf 91' lang='lat' dir='ltr'><strong>agendum</strong></span> <span class='ocrx_word' id='word_1_389' title='bbox 2311 3933 2725 3998; x_wconf 89' lang='lat' dir='ltr'><strong>confitentem</strong></span> <span class='ocrx_word' id='word_1_390' title='bbox 2757 3935 2970 4018; x_wconf 89' lang='lat' dir='ltr'><strong>ligare.</strong></span> <span class='ocrx_word' id='word_1_391' title='bbox 3005 3938 3180 4012; x_wconf 88' lang='lat' dir='ltr'><strong>Quod</strong></span> <span class='ocrx_word' id='word_1_392' title='bbox 3212 3957 3288 4002; x_wconf 84' lang='lat' dir='ltr'><strong>ex</strong></span> <span class='ocrx_word' id='word_1_393' title='bbox 3319 3958 3465 4023; x_wconf 93' lang='lat' dir='ltr'><strong>apo-</strong></span> 
     </span>
     <span class='ocr_line' id='line_1_68' title="bbox 1962 4031 3467 4115; baseline 0.005 -19"><span class='ocrx_word' id='word_1_394' title='bbox 1962 4032 2190 4096; x_wconf 83' lang='lat' dir='ltr'><strong>stolico</strong></span> <span class='ocrx_word' id='word_1_395' title='bbox 2233 4031 2482 4095; x_wconf 85' lang='lat' dir='ltr'><strong>indulto</strong></span> <span class='ocrx_word' id='word_1_396' title='bbox 2530 4040 2740 4115; x_wconf 90' lang='lat' dir='ltr'><strong>potest</strong></span> <span class='ocrx_word' id='word_1_397' title='bbox 2785 4035 2976 4098; x_wconf 88' lang='lat' dir='ltr'><strong>etiam</strong></span> <span class='ocrx_word' id='word_1_398' title='bbox 3027 4039 3354 4102; x_wconf 89' lang='lat' dir='ltr'><strong>monachis</strong></span> <span class='ocrx_word' id='word_1_399' title='bbox 3402 4048 3467 4103; x_wconf 89' lang='lat' dir='ltr'><strong>et</strong></span> 
     </span>
     <span class='ocr_line' id='line_1_69' title="bbox 1962 4131 3465 4217; baseline 0.006 -24"><span class='ocrx_word' id='word_1_400' title='bbox 1962 4131 2274 4213; x_wconf 80' lang='lat' dir='ltr'><strong>religiosis</strong></span> <span class='ocrx_word' id='word_1_401' title='bbox 2303 4132 2582 4196; x_wconf 90' lang='lat' dir='ltr'><strong>concedi.</strong></span> <span class='ocrx_word' id='word_1_402' title='bbox 2598 4133 2825 4216; x_wconf 90' lang='lat' dir='ltr'><strong>Sicque</strong></span> <span class='ocrx_word' id='word_1_403' title='bbox 2853 4136 3151 4217; x_wconf 84' lang='lat' dir='ltr'><strong>proprius</strong></span> <span class='ocrx_word' id='word_1_404' title='bbox 3179 4139 3465 4202; x_wconf 88' lang='lat' dir='ltr'><strong>sacerdos</strong></span> 
     </span>
    </p>
   </div>
   <div class='ocr_carea' id='block_1_14' title="bbox 341 4228 3464 4315">
    <p class='ocr_par' dir='ltr' id='par_1_16' title="bbox 341 4228 3464 4315">
     <span class='ocr_line' id='line_1_70' title="bbox 341 4228 3464 4315; baseline 0.002 -23"><span class='ocrx_word' id='word_1_405' title='bbox 341 4229 611 4312; x_wconf 85' lang='lat' dir='ltr'><strong>subjicit</strong></span> <span class='ocrx_word' id='word_1_406' title='bbox 651 4229 769 4292; x_wconf 92' lang='lat' dir='ltr'><strong>illi.</strong></span> <span class='ocrx_word' id='word_1_407' title='bbox 800 4263 883 4274; x_wconf 91' lang='lat'>—</span> <span class='ocrx_word' id='word_1_408' title='bbox 909 4228 1227 4311; x_wconf 77' lang='lat' dir='ltr'><strong>AmpliuS,</strong></span> <span class='ocrx_word' id='word_1_409' title='bbox 1271 4247 1387 4311; x_wconf 89' lang='lat' dir='ltr'><strong>per</strong></span> <span class='ocrx_word' id='word_1_410' title='bbox 1423 4230 1672 4292; x_wconf 91' lang='lat' dir='ltr'><strong>veniale</strong></span> <span class='ocrx_word' id='word_1_411' title='bbox 1711 4249 1855 4313; x_wconf 88' lang='lat' dir='ltr'><strong>pec·</strong></span> <span class='ocrx_word' id='word_1_412' title='bbox 1883 4230 1932 4292; x_wconf 95' lang='lat' dir='ltr'>D</span> <span class='ocrx_word' id='word_1_413' title='bbox 1963 4235 2246 4304; x_wconf 91' lang='lat' dir='ltr'><strong>vocatur,</strong></span> <span class='ocrx_word' id='word_1_414' title='bbox 2279 4228 2672 4311; x_wconf 90' lang='lat' dir='ltr'><strong>quicumque</strong></span> <span class='ocrx_word' id='word_1_415' title='bbox 2722 4230 3070 4312; x_wconf 90' lang='lat' dir='ltr'><strong>legitimam</strong></span> <span class='ocrx_word' id='word_1_416' title='bbox 3115 4233 3464 4315; x_wconf 88' lang='lat' dir='ltr'><strong>jurisdicti-</strong></span> 
     </span>
    </p>
   </div>
   <div class='ocr_carea' id='block_1_15' title="bbox 338 4327 1855 5398">
    <p class='ocr_par' dir='ltr' id='par_1_17' title="bbox 338 4327 1855 5398">
     <span class='ocr_line' id='line_1_71' title="bbox 340 4327 1852 4394; baseline 0.001 -2"><span class='ocrx_word' id='word_1_417' title='bbox 340 4336 558 4392; x_wconf 86' lang='lat' dir='ltr'><strong>catum</strong></span> <span class='ocrx_word' id='word_1_418' title='bbox 590 4329 785 4394; x_wconf 89' lang='lat' dir='ltr'><strong>homo</strong></span> <span class='ocrx_word' id='word_1_419' title='bbox 814 4347 934 4391; x_wconf 92' lang='lat' dir='ltr'><strong>nec</strong></span> <span class='ocrx_word' id='word_1_420' title='bbox 970 4347 1009 4390; x_wconf 90' lang='lat' dir='ltr'><strong>a</strong></span> <span class='ocrx_word' id='word_1_421' title='bbox 1046 4327 1175 4391; x_wconf 90' lang='lat' dir='ltr'><strong>Deo</strong></span> <span class='ocrx_word' id='word_1_422' title='bbox 1215 4346 1333 4391; x_wconf 89' lang='lat' dir='ltr'><strong>nec</strong></span> <span class='ocrx_word' id='word_1_423' title='bbox 1369 4346 1408 4389; x_wconf 90' lang='lat' dir='ltr'><strong>a</strong></span> <span class='ocrx_word' id='word_1_424' title='bbox 1438 4331 1852 4394; x_wconf 89' lang='lat' dir='ltr'><strong>sacramentis</strong></span> 
     </span>
     <span class='ocr_line' id='line_1_72' title="bbox 342 4425 1855 4510; baseline 0.001 -20"><span class='ocrx_word' id='word_1_425' title='bbox 342 4426 649 4490; x_wconf 65' lang='lat' dir='ltr'><strong>Ecclesiae</strong></span> <span class='ocrx_word' id='word_1_426' title='bbox 678 4434 1037 4510; x_wconf 86' lang='lat' dir='ltr'><strong>separatur:</strong></span> <span class='ocrx_word' id='word_1_427' title='bbox 1057 4425 1297 4489; x_wconf 89' lang='lat' dir='ltr'><strong>idcirco</strong></span> <span class='ocrx_word' id='word_1_428' title='bbox 1326 4444 1450 4489; x_wconf 90' lang='lat' dir='ltr'><strong>non</strong></span> <span class='ocrx_word' id='word_1_429' title='bbox 1482 4426 1722 4508; x_wconf 88' lang='lat' dir='ltr'><strong>indiget</strong></span> <span class='ocrx_word' id='word_1_430' title='bbox 1749 4446 1855 4492; x_wconf 88' lang='lat' dir='ltr'><strong>no-</strong></span> 
     </span>
     <span class='ocr_line' id='line_1_73' title="bbox 342 4523 1847 4608; baseline 0.001 -19"><span class='ocrx_word' id='word_1_431' title='bbox 342 4545 441 4590; x_wconf 79' lang='lat' dir='ltr'><strong>vae</strong></span> <span class='ocrx_word' id='word_1_432' title='bbox 468 4527 693 4608; x_wconf 67' lang='lat' dir='ltr'><strong>gratiae</strong></span> <span class='ocrx_word' id='word_1_433' title='bbox 722 4525 1061 4588; x_wconf 85' lang='lat' dir='ltr'><strong>collatione</strong></span> <span class='ocrx_word' id='word_1_434' title='bbox 1090 4525 1169 4588; x_wconf 90' lang='lat' dir='ltr'><strong>ad</strong></span> <span class='ocrx_word' id='word_1_435' title='bbox 1209 4523 1351 4606; x_wconf 87' lang='lat' dir='ltr'><strong>ejus</strong></span> <span class='ocrx_word' id='word_1_436' title='bbox 1382 4525 1847 4603; x_wconf 90' lang='lat' dir='ltr'><strong>dimissionem,</strong></span> 
     </span>
     <span class='ocr_line' id='line_1_74' title="bbox 340 4621 1844 4706; baseline 0.001 -18"><span class='ocrx_word' id='word_1_437' title='bbox 340 4643 463 4688; x_wconf 89' lang='lat' dir='ltr'><strong>nec</strong></span> <span class='ocrx_word' id='word_1_438' title='bbox 504 4624 753 4706; x_wconf 91' lang='lat' dir='ltr'><strong>indiget</strong></span> <span class='ocrx_word' id='word_1_439' title='bbox 788 4623 1309 4688; x_wconf 87' lang='lat' dir='ltr'><strong>reconciliatione</strong></span> <span class='ocrx_word' id='word_1_440' title='bbox 1352 4641 1499 4686; x_wconf 91' lang='lat' dir='ltr'><strong>cum</strong></span> <span class='ocrx_word' id='word_1_441' title='bbox 1544 4621 1844 4689; x_wconf 88' lang='lat' dir='ltr'><strong>Ecclesia.</strong></span> 
     </span>
     <span class='ocr_line' id='line_1_75' title="bbox 339 4722 1848 4806; baseline 0 -19"><span class='ocrx_word' id='word_1_442' title='bbox 339 4724 687 4806; x_wconf 86' lang='lat' dir='ltr'><strong>Propterea</strong></span> <span class='ocrx_word' id='word_1_443' title='bbox 714 4741 845 4786; x_wconf 92' lang='lat' dir='ltr'><strong>non</strong></span> <span class='ocrx_word' id='word_1_444' title='bbox 886 4728 1138 4805; x_wconf 89' lang='lat' dir='ltr'><strong>oportet</strong></span> <span class='ocrx_word' id='word_1_445' title='bbox 1174 4723 1345 4805; x_wconf 90' lang='lat' dir='ltr'><strong>quod</strong></span> <span class='ocrx_word' id='word_1_446' title='bbox 1382 4722 1617 4804; x_wconf 87' lang='lat' dir='ltr'><strong>aliquis</strong></span> <span class='ocrx_word' id='word_1_447' title='bbox 1646 4742 1848 4787; x_wconf 89' lang='lat' dir='ltr'><strong>sacer·</strong></span> 
     </span>
     <span class='ocr_line' id='line_1_76' title="bbox 338 4819 1849 4902; baseline 0.001 -17"><span class='ocrx_word' id='word_1_448' title='bbox 338 4822 475 4885; x_wconf 89' lang='lat' dir='ltr'><strong>doti</strong></span> <span class='ocrx_word' id='word_1_449' title='bbox 522 4820 802 4885; x_wconf 87' lang='lat' dir='ltr'><strong>venialia</strong></span> <span class='ocrx_word' id='word_1_450' title='bbox 857 4819 1259 4884; x_wconf 87' lang='lat' dir='ltr'><strong>confiteatur.</strong></span> <span class='ocrx_word' id='word_1_451' title='bbox 1308 4820 1645 4902; x_wconf 87' lang='lat' dir='ltr'><strong>Quumque</strong></span> <span class='ocrx_word' id='word_1_452' title='bbox 1702 4840 1849 4886; x_wconf 89' lang='lat' dir='ltr'><strong>con-</strong></span> 
     </span>
     <span class='ocr_line' id='line_1_77' title="bbox 340 4919 1849 5002; baseline 0.001 -19"><span class='ocrx_word' id='word_1_453' title='bbox 340 4920 541 4985; x_wconf 83' lang='lat' dir='ltr'><strong>fessio</strong></span> <span class='ocrx_word' id='word_1_454' title='bbox 588 4921 753 4985; x_wconf 91' lang='lat' dir='ltr'><strong>laico</strong></span> <span class='ocrx_word' id='word_1_455' title='bbox 799 4920 989 4996; x_wconf 84' lang='lat' dir='ltr'><strong>facta,</strong></span> <span class='ocrx_word' id='word_1_456' title='bbox 1024 4919 1481 4982; x_wconf 88' lang='lat' dir='ltr'><strong>sacramentale</strong></span> <span class='ocrx_word' id='word_1_457' title='bbox 1532 4922 1849 5002; x_wconf 86' lang='lat' dir='ltr'><strong>quoddam</strong></span> 
     </span>
     <span class='ocr_line' id='line_1_78' title="bbox 342 5018 1849 5102; baseline 0.002 -21"><span class='ocrx_word' id='word_1_458' title='bbox 342 5020 448 5094; x_wconf 88' lang='lat' dir='ltr'><strong>sit,</strong></span> <span class='ocrx_word' id='word_1_459' title='bbox 482 5019 779 5102; x_wconf 87' lang='lat' dir='ltr'><strong>quamvis</strong></span> <span class='ocrx_word' id='word_1_460' title='bbox 824 5038 953 5083; x_wconf 93' lang='lat' dir='ltr'><strong>non</strong></span> <span class='ocrx_word' id='word_1_461' title='bbox 996 5018 1081 5082; x_wconf 91' lang='lat' dir='ltr'><strong>sit</strong></span> <span class='ocrx_word' id='word_1_462' title='bbox 1124 5025 1592 5081; x_wconf 88' lang='lat' dir='ltr'><strong>sacramentum</strong></span> <span class='ocrx_word' id='word_1_463' title='bbox 1642 5020 1849 5101; x_wconf 91' lang='lat' dir='ltr'><strong>perfe-</strong></span> 
     </span>
     <span class='ocr_line' id='line_1_79' title="bbox 344 5116 1853 5199; baseline 0.001 -19"><span class='ocrx_word' id='word_1_464' title='bbox 344 5125 545 5192; x_wconf 92' lang='lat' dir='ltr'><strong>ctum,</strong></span> <span class='ocrx_word' id='word_1_465' title='bbox 578 5124 644 5180; x_wconf 91' lang='lat' dir='ltr'><strong>et</strong></span> <span class='ocrx_word' id='word_1_466' title='bbox 672 5135 750 5180; x_wconf 85' lang='lat' dir='ltr'><strong>ex</strong></span> <span class='ocrx_word' id='word_1_467' title='bbox 782 5117 1043 5180; x_wconf 88' lang='lat' dir='ltr'><strong>caritate</strong></span> <span class='ocrx_word' id='word_1_468' title='bbox 1075 5116 1376 5199; x_wconf 87' lang='lat' dir='ltr'><strong>procedat</strong></span> <span class='ocrx_word' id='word_1_469' title='bbox 1387 5132 1404 5195; x_wconf 86' lang='lat'><em>3</em></span> <span class='ocrx_word' id='word_1_470' title='bbox 1436 5123 1628 5198; x_wconf 92' lang='lat' dir='ltr'><strong>atque</strong></span> <span class='ocrx_word' id='word_1_471' title='bbox 1658 5135 1736 5179; x_wconf 83' lang='lat' dir='ltr'><strong>ex</strong></span> <span class='ocrx_word' id='word_1_472' title='bbox 1764 5126 1853 5181; x_wconf 89' lang='lat' dir='ltr'><strong>ta-</strong></span> 
     </span>
     <span class='ocr_line' id='line_1_80' title="bbox 346 5213 1852 5299; baseline 0.001 -21"><span class='ocrx_word' id='word_1_473' title='bbox 346 5215 519 5279; x_wconf 90' lang='lat' dir='ltr'><strong>libus</strong></span> <span class='ocrx_word' id='word_1_474' title='bbox 561 5223 784 5279; x_wconf 89' lang='lat' dir='ltr'><strong>natum</strong></span> <span class='ocrx_word' id='word_1_475' title='bbox 826 5215 911 5278; x_wconf 89' lang='lat' dir='ltr'><strong>sit</strong></span> <span class='ocrx_word' id='word_1_476' title='bbox 947 5215 1197 5278; x_wconf 85' lang='lat' dir='ltr'><strong>veniale</strong></span> <span class='ocrx_word' id='word_1_477' title='bbox 1238 5213 1499 5287; x_wconf 90' lang='lat' dir='ltr'><strong>remitti,</strong></span> <span class='ocrx_word' id='word_1_478' title='bbox 1532 5213 1699 5276; x_wconf 93' lang='lat' dir='ltr'><strong>sicut</strong></span> <span class='ocrx_word' id='word_1_479' title='bbox 1736 5234 1852 5299; x_wconf 88' lang='lat' dir='ltr'><strong>per</strong></span> 
     </span>
     <span class='ocr_line' id='line_1_81' title="bbox 348 5311 1847 5398; baseline 0 -19"><span class='ocrx_word' id='word_1_480' title='bbox 348 5314 627 5398; x_wconf 86' lang='lat' dir='ltr'><strong>pectoris</strong></span> <span class='ocrx_word' id='word_1_481' title='bbox 654 5313 1043 5390; x_wconf 87' lang='lat' dir='ltr'><strong>tunsionem,</strong></span> <span class='ocrx_word' id='word_1_482' title='bbox 1060 5321 1127 5377; x_wconf 90' lang='lat' dir='ltr'><strong>et</strong></span> <span class='ocrx_word' id='word_1_483' title='bbox 1148 5331 1383 5396; x_wconf 88' lang='lat' dir='ltr'><strong>aquam</strong></span> <span class='ocrx_word' id='word_1_484' title='bbox 1414 5311 1847 5379; x_wconf 86' lang='lat' dir='ltr'><strong>benedictam:</strong></span> 
     </span>
    </p>
   </div>
   <div class='ocr_carea' id='block_1_16' title="bbox 1961 4328 3462 5404">
    <p class='ocr_par' dir='ltr' id='par_1_18' title="bbox 1962 4328 2886 4410">
     <span class='ocr_line' id='line_1_82' title="bbox 1962 4328 2886 4410; baseline 0.001 -20"><span class='ocrx_word' id='word_1_485' title='bbox 1962 4344 2152 4390; x_wconf 88' lang='lat' dir='ltr'><strong>onem</strong></span> <span class='ocrx_word' id='word_1_486' title='bbox 2195 4347 2389 4410; x_wconf 85' lang='lat' dir='ltr'><strong>super</strong></span> <span class='ocrx_word' id='word_1_487' title='bbox 2428 4328 2626 4391; x_wconf 88' lang='lat' dir='ltr'><strong>alium</strong></span> <span class='ocrx_word' id='word_1_488' title='bbox 2673 4328 2886 4393; x_wconf 89' lang='lat' dir='ltr'><strong>habet.</strong></span> 
     </span>
    </p>

    <p class='ocr_par' dir='ltr' id='par_1_19' title="bbox 1961 4425 3462 5404">
     <span class='ocr_line' id='line_1_83' title="bbox 2041 4425 3460 4513; baseline 0.007 -25"><span class='ocrx_word' id='word_1_489' title='bbox 2041 4425 2346 4489; x_wconf 86' lang='lat' dir='ltr'><strong>Praeterea</strong></span> <span class='ocrx_word' id='word_1_490' title='bbox 2383 4426 2676 4490; x_wconf 90' lang='lat' dir='ltr'><strong>sacerdos</strong></span> <span class='ocrx_word' id='word_1_491' title='bbox 2715 4435 2923 4510; x_wconf 89' lang='lat' dir='ltr'><strong>potest</strong></span> <span class='ocrx_word' id='word_1_492' title='bbox 2965 4430 3308 4513; x_wconf 88' lang='lat' dir='ltr'><strong>dupliciter</strong></span> <span class='ocrx_word' id='word_1_493' title='bbox 3343 4433 3460 4497; x_wconf 90' lang='lat' dir='ltr'><strong>im·</strong></span> 
     </span>
     <span class='ocr_line' id='line_1_84' title="bbox 1964 4523 3458 4604; baseline 0.008 -20"><span class='ocrx_word' id='word_1_494' title='bbox 1964 4523 2171 4604; x_wconf 89' lang='lat' dir='ltr'><strong>pediri</strong></span> <span class='ocrx_word' id='word_1_495' title='bbox 2221 4542 2302 4586; x_wconf 89' lang='lat' dir='ltr'><strong>ne</strong></span> <span class='ocrx_word' id='word_1_496' title='bbox 2361 4524 2828 4589; x_wconf 88' lang='lat' dir='ltr'><strong>confessionem</strong></span> <span class='ocrx_word' id='word_1_497' title='bbox 2877 4527 3137 4592; x_wconf 88' lang='lat' dir='ltr'><strong>alterius</strong></span> <span class='ocrx_word' id='word_1_498' title='bbox 3185 4531 3401 4594; x_wconf 89' lang='lat' dir='ltr'><strong>audiat</strong></span> <span class='ocrx_word' id='word_1_499' title='bbox 3443 4550 3458 4596; x_wconf 73' lang='grc' dir='ltr'><em>τ</em></span> 
     </span>
     <span class='ocr_line' id='line_1_85' title="bbox 1964 4620 3462 4710; baseline 0.009 -29"><span class='ocrx_word' id='word_1_500' title='bbox 1964 4620 2198 4703; x_wconf 81' lang='lat' dir='ltr'><strong>primu,</strong></span> <span class='ocrx_word' id='word_1_501' title='bbox 2221 4629 2480 4704; x_wconf 88' lang='lat' dir='ltr'><strong>propter</strong></span> <span class='ocrx_word' id='word_1_502' title='bbox 2502 4623 2823 4686; x_wconf 88' lang='lat' dir='ltr'><strong>defectum</strong></span> <span class='ocrx_word' id='word_1_503' title='bbox 2851 4624 3315 4706; x_wconf 84' lang='lat' dir='ltr'><strong>jurisdictionis</strong></span> <span class='ocrx_word' id='word_1_504' title='bbox 3329 4648 3346 4710; x_wconf 92' lang='lat'>;</span> <span class='ocrx_word' id='word_1_505' title='bbox 3368 4649 3462 4694; x_wconf 89' lang='lat' dir='ltr'><strong>se-</strong></span> 
     </span>
     <span class='ocr_line' id='line_1_86' title="bbox 1963 4721 3462 4806; baseline 0.008 -24"><span class='ocrx_word' id='word_1_506' title='bbox 1963 4721 2184 4794; x_wconf 89' lang='lat' dir='ltr'><strong>cundo,</strong></span> <span class='ocrx_word' id='word_1_507' title='bbox 2199 4729 2457 4804; x_wconf 85' lang='lat' dir='ltr'><strong>propter</strong></span> <span class='ocrx_word' id='word_1_508' title='bbox 2485 4722 3010 4806; x_wconf 90' lang='lat' dir='ltr'><strong>impedimentum</strong></span> <span class='ocrx_word' id='word_1_509' title='bbox 3039 4729 3462 4794; x_wconf 82' lang='lat' dir='ltr'><strong>exsecutionis</strong></span> 
     </span>
     <span class='ocr_line' id='line_1_87' title="bbox 1961 4821 3454 4908; baseline 0.005 -23"><span class='ocrx_word' id='word_1_510' title='bbox 1961 4821 2227 4896; x_wconf 80' lang='lat' dir='ltr'><strong>ordiniS,</strong></span> <span class='ocrx_word' id='word_1_511' title='bbox 2259 4821 2424 4882; x_wconf 89' lang='lat' dir='ltr'><strong>sicut</strong></span> <span class='ocrx_word' id='word_1_512' title='bbox 2453 4823 2990 4886; x_wconf 86' lang='lat' dir='ltr'><strong>excommunicati</strong></span> <span class='ocrx_word' id='word_1_513' title='bbox 3019 4833 3084 4888; x_wconf 91' lang='lat' dir='ltr'><strong>et</strong></span> <span class='ocrx_word' id='word_1_514' title='bbox 3111 4827 3454 4908; x_wconf 85' lang='lat' dir='ltr'><strong>degradati.</strong></span> 
     </span>
     <span class='ocr_line' id='line_1_88' title="bbox 1961 4919 3458 5006; baseline 0.007 -25"><span class='ocrx_word' id='word_1_515' title='bbox 1961 4919 2360 5002; x_wconf 87' lang='lat' dir='ltr'><strong>Quicumque</strong></span> <span class='ocrx_word' id='word_1_516' title='bbox 2414 4928 2627 4983; x_wconf 89' lang='lat' dir='ltr'><strong>autem</strong></span> <span class='ocrx_word' id='word_1_517' title='bbox 2677 4922 2868 4986; x_wconf 86' lang='lat' dir='ltr'><strong>habet</strong></span> <span class='ocrx_word' id='word_1_518' title='bbox 2917 4923 3458 5006; x_wconf 86' lang='lat' dir='ltr'><strong>jurisdictionem,</strong></span> 
     </span>
     <span class='ocr_line' id='line_1_89' title="bbox 1961 5021 3459 5103; baseline 0.005 -21"><span class='ocrx_word' id='word_1_519' title='bbox 1961 5025 2171 5101; x_wconf 90' lang='lat' dir='ltr'><strong>potest</strong></span> <span class='ocrx_word' id='word_1_520' title='bbox 2199 5037 2274 5081; x_wconf 90' lang='lat' dir='ltr'><strong>ea</strong></span> <span class='ocrx_word' id='word_1_521' title='bbox 2303 5038 2444 5101; x_wconf 84' lang='lat' dir='ltr'><strong>quae</strong></span> <span class='ocrx_word' id='word_1_522' title='bbox 2484 5028 2630 5082; x_wconf 87' lang='lat' dir='ltr'><strong>sunt</strong></span> <span class='ocrx_word' id='word_1_523' title='bbox 2656 5021 3125 5103; x_wconf 88' lang='lat' dir='ltr'><strong>jurisdictionis</strong></span> <span class='ocrx_word' id='word_1_524' title='bbox 3165 5028 3459 5090; x_wconf 90' lang='lat' dir='ltr'><strong>commit-</strong></span> 
     </span>
     <span class='ocr_line' id='line_1_90' title="bbox 1962 5118 3458 5204; baseline 0.007 -25"><span class='ocrx_word' id='word_1_525' title='bbox 1962 5125 2114 5180; x_wconf 89' lang='lat' dir='ltr'><strong>tere.</strong></span> <span class='ocrx_word' id='word_1_526' title='bbox 2150 5118 2297 5181; x_wconf 94' lang='lat' dir='ltr'><strong>Ideo</strong></span> <span class='ocrx_word' id='word_1_527' title='bbox 2339 5118 2392 5180; x_wconf 92' lang='lat' dir='ltr'><strong>si</strong></span> <span class='ocrx_word' id='word_1_528' title='bbox 2431 5119 2577 5200; x_wconf 89' lang='lat' dir='ltr'><strong>quis</strong></span> <span class='ocrx_word' id='word_1_529' title='bbox 2622 5120 3009 5204; x_wconf 88' lang='lat' dir='ltr'><strong>impediatur</strong></span> <span class='ocrx_word' id='word_1_530' title='bbox 3047 5123 3271 5187; x_wconf 88' lang='lat' dir='ltr'><strong>audire</strong></span> <span class='ocrx_word' id='word_1_531' title='bbox 3309 5144 3458 5190; x_wconf 92' lang='lat' dir='ltr'><strong>con-</strong></span> 
     </span>
     <span class='ocr_line' id='line_1_91' title="bbox 1962 5216 3456 5304; baseline 0.007 -26"><span class='ocrx_word' id='word_1_532' title='bbox 1962 5216 2308 5280; x_wconf 89' lang='lat' dir='ltr'><strong>fessionem</strong></span> <span class='ocrx_word' id='word_1_533' title='bbox 2373 5217 2636 5280; x_wconf 89' lang='lat' dir='ltr'><strong>alterius</strong></span> <span class='ocrx_word' id='word_1_534' title='bbox 2700 5238 2813 5301; x_wconf 92' lang='lat' dir='ltr'><strong>per</strong></span> <span class='ocrx_word' id='word_1_535' title='bbox 2873 5220 3197 5285; x_wconf 89' lang='lat' dir='ltr'><strong>defectum</strong></span> <span class='ocrx_word' id='word_1_536' title='bbox 3255 5223 3456 5304; x_wconf 86' lang='lat' dir='ltr'><strong>juris-</strong></span> 
     </span>
     <span class='ocr_line' id='line_1_92' title="bbox 1964 5314 3458 5404; baseline 0.007 -27"><span class='ocrx_word' id='word_1_537' title='bbox 1964 5314 2287 5392; x_wconf 89' lang='lat' dir='ltr'><strong>dictionis,</strong></span> <span class='ocrx_word' id='word_1_538' title='bbox 2325 5323 2532 5400; x_wconf 90' lang='lat' dir='ltr'><strong>potest</strong></span> <span class='ocrx_word' id='word_1_539' title='bbox 2573 5316 2698 5380; x_wconf 89' lang='lat' dir='ltr'><strong>sibi</strong></span> <span class='ocrx_word' id='word_1_540' title='bbox 2740 5319 3054 5384; x_wconf 90' lang='lat' dir='ltr'><strong>committi</strong></span> <span class='ocrx_word' id='word_1_541' title='bbox 3101 5339 3217 5404; x_wconf 90' lang='lat' dir='ltr'><strong>per</strong></span> <span class='ocrx_word' id='word_1_542' title='bbox 3257 5323 3458 5390; x_wconf 88' lang='lat' dir='ltr'><strong>alium</strong></span> 
     </span>
    </p>
   </div>
  </div>
 </body>
</html>
