4267 6250
713 494 802 541 An
840 495 1194 543 mmmm
1234 495 1328 542 811·
1367 496 1524 543 rm
1563 492 2076 551 sarlsncnoNIS,
2117 494 2193 541 tr
2230 496 2609 545 massanus
2650 500 2737 545 Al)
2777 498 3051 545 suurn

2188 286 2274 329 s.

3318 482 3439 546 415

307 669 507 737 cunt,
538 664 710 746 quod
739 664 826 727 sit
852 664 1044 727 ludus
1073 665 1186 748 qui
1214 664 1548 729 Teutonico
1577 672 1834 728 vocatur
1862 664 1915 729 A
1945 673 2016 727 ut
2061 684 2189 730 non
2231 667 2579 750 cupiditate
2628 668 2901 743 ludatur,
2942 670 3056 733 sed
3104 689 3295 733 causa
3340 690 3437 733 re-

309 759 746 844 schiss'sspiel.
795 762 1092 825 Secundo
1137 763 1452 845 accipitur
1497 780 1614 846 pro
1656 763 1832 826 omni

312 857 486 921 ludo
512 860 624 941 qui
655 859 930 923 fortunae
969 862 1286 935 innititur,
1321 870 1510 944 prout
1549 862 1614 923 in
1653 862 1834 925 Sum-

313 976 434 1019 ma
467 958 744 1021 Durandi
775 967 840 1022 et
877 960 1140 1022 Summa
1169 958 1608 1023 confessorum
1649 958 1836 1023 habe-

311 1064 434 1117 tur
475 1074 489 1117 :
521 1066 584 1120 et
613 1058 700 1119 ita
729 1058 984 1120 videtur
1017 1078 1160 1120 esse
1190 1076 1394 1140 genus
1435 1078 1548 1121 seu
1589 1060 1836 1141 species

311 1154 718 1218 subalterna.
743 1156 958 1219 Tertio
985 1174 1104 1238 pro
1133 1155 1284 1219 ludo
1311 1156 1697 1220 taxillorum.
1719 1158 1838 1220 Un-

315 1252 404 1315 de
440 1254 628 1316 tertio
657 1254 1107 1328 Decretalium‚
1139 1255 1329 1319 titulo
1355 1255 1436 1319 de
1465 1256 1604 1317 Vita
1631 1262 1696 1317 et
1727 1255 1838 1318 ho·

315 1358 576 1415 nestate
612 1352 1024 1427 clericorum,
1055 1371 1184 1435 quo
1211 1353 1470 1427 dicitur,
1501 1353 1730 1417 Clerici
1756 1353 1836 1416 ad

317 1449 582 1513 taxilles
629 1458 694 1513 et
742 1450 914 1513 aleas
963 1468 1090 1515 non
1137 1451 1382 1525 ludant,
1413 1452 1622 1533 glossa
1672 1470 1839 1534 qute-

319 1547 480 1609 dam
517 1548 952 1611 interlinearis
989 1549 1252 1631 exponit
1293 1548 1356 1631 ly
1383 1560 1446 1610 et
1474 1567 1592 1631 pro
1619 1551 1696 1609 id
1720 1559 1833 1611 est.

319 1646 586 1721 Quarto,
637 1647 996 1709 secundum
1053 1646 1390 1729 quosdam,
1443 1648 1632 1710 ludus
1684 1647 1838 1711 aleae

323 1752 747 1826 nuncupatur
773 1745 986 1807 omnis
1017 1744 1204 1807 ludus
1237 1746 1346 1827 qui
1381 1763 1460 1807 ex
1489 1744 1838 1828 cupiditate

1943 764 2281 829 creationis
2318 766 2599 831 honestae
2636 786 2711 829 ac
2750 768 2959 831 licitae.
2991 769 3227 831 Verum
3256 768 3439 849 juxta

1945 860 2314 942 praehabita,
2346 862 2545 925 tutius
2576 870 2673 925 est
2710 863 2831 926 hoc
2866 863 3055 927 modo
3093 862 3313 926 ludere
3343 863 3437 925 lu-

1945 958 2028 1020 do
2056 977 2181 1021 non
2216 959 2539 1042 prohibito
2578 962 2643 1023 in
2680 961 2897 1043 aliquo
2930 961 3097 1042 jure,
3128 970 3194 1024 et
3224 980 3305 1023 ne
3332 978 3437 1024 oc-

1945 1055 2201 1120 casione
2232 1057 2365 1120 ludi
2395 1058 2751 1122 taxillorum
2782 1078 2891 1121 seu
2920 1059 3199 1122 alearum
3226 1059 3441 1141 specie

1947 1160 2132 1215 tenus
2180 1172 2293 1217 seu
2342 1154 2665 1236 opinative
2713 1155 2895 1229 liciti,
2945 1155 3319 1218 deveniatur
3362 1154 3443 1217 ad

1947 1250 2497 1313 immoderantiam
2537 1260 2603 1315 et
2637 1270 2973 1315 excessum
3011 1252 3077 1315 in
3120 1253 3269 1316 ludo
3308 1251 3438 1315 illo.

1945 1346 2328 1430 —Insuper
2374 1348 2603 1411 diebus
2650 1348 2899 1413 festivis
2946 1350 3309 1433 specialiter
3348 1358 3445 1413 est

1948 1444 2247 1507 illicitum
2288 1445 2457 1509 ludis
2496 1446 2810 1523 insistere,
2844 1456 2909 1511 et
2948 1449 3226 1512 ludendo
3262 1450 3445 1532 quid·

1949 1561 2141 1624 quam
2172 1544 2429 1619 lucrari,
2462 1547 2813 1627 praesertim
2842 1566 2921 1609 ex
2952 1548 3299 1629 cupiditate
3328 1566 3443 1610 seu

1945 1641 2265 1705 desiderio
2303 1642 2487 1718 lucri,
2520 1662 2719 1726 quum
2760 1663 2879 1707 nec
2917 1653 3071 1709 tunc
3108 1646 3297 1709 liceat
3330 1665 3445 1729 per

1947 1738 2169 1803 officia
2198 1740 2569 1803 mechanica
2607 1742 2675 1804 in
2714 1762 2782 1805 se
2824 1743 2996 1806 licita
3034 1744 3229 1807 lucris
3261 1762 3443 1807 vaca-

321 1860 404 1903 ac
438 1841 598 1905 lucri
630 1842 953 1905 desiderio
979 1852 1330 1905 exercetur.
1365 1844 1514 1917 Quae
1548 1844 1837 1926 acceptio
1870 1844 1919 1907 B
1950 1858 2038 1901 re.
2082 1875 2166 1885 --
2208 1838 2359 1921 Legi
2408 1840 2669 1904 demum
2720 1841 2788 1904 in
2835 1841 3025 1905 dictis
3080 1843 3438 1923 cujusdam,

323 1946 428 2001 est
467 1940 656 2002 valde
697 1948 962 2003 extensa
997 1948 1191 2023 atque
1228 1941 1602 2024 impropria,
1632 1961 1834 2023 quum

325 2038 552 2120 plures
603 2038 740 2101 ludi
791 2038 904 2121 qui
963 2038 1325 2101 innituntur
1371 2040 1492 2101 arti
1539 2048 1606 2101 et
1655 2040 1838 2103 indu·

325 2136 502 2199 striae
529 2156 608 2199 ac
637 2136 910 2211 viribuS,
941 2137 1135 2199 etiam
1175 2155 1344 2219 saepe
1383 2156 1462 2199 ex
1491 2138 1838 2220 cupiditate

324 2252 404 2295 ac
449 2233 772 2297 desiderio
813 2234 976 2297 lucri
1017 2242 1306 2315 agantur.

411 2332 634 2414 ltaque
665 2332 732 2395 id
771 2332 942 2415 quod
983 2331 1176 2396 homo
1215 2333 1496 2395 lucratur
1525 2333 1677 2397 ludo
1717 2334 1838 2396 illi-

330 2429 484 2504 cito,
529 2429 816 2492 lucratur
861 2437 926 2492 et
971 2430 1248 2511 acquirit
1295 2430 1516 2493 illicite
1550 2448 1565 2493 :
1599 2430 1840 2494 idcirco

331 2527 400 2589 id
441 2528 782 2590 restituere
821 2528 1034 2603 debet,
1065 2536 1176 2590 aut
1215 2528 1283 2589 in
1321 2528 1460 2611 pios
1499 2548 1653 2591 usus
1689 2548 1838 2593 con·

330 2634 606 2689 vertere.
660 2626 810 2701 Quae
853 2634 1071 2689 autem
1131 2626 1538 2708 requirantur
1585 2628 1666 2690 ad
1717 2628 1838 2691 hoc

55 2746 308 2802 εμμηο.
331 2725 509 2806 quod
542 2724 733 2787 ludus
761 2724 846 2787 sit
875 2724 1106 2797 licituS,
1125 2725 1314 2788 modo
1343 2726 1410 2787 in
1441 2725 1561 2787 ista
1588 2743 1840 2808 expres-

55 2842 242 2899 cmm
253 2845 303 2890 a.
331 2842 482 2885 sum
511 2830 610 2885 est
636 2822 1006 2905 quaestione.
1023 2822 1276 2885 Dictum
1307 2832 1405 2885 est
1431 2841 1708 2906 quoque,
1726 2823 1838 2906 qui

332 2920 472 2984 ludi
503 2940 582 2983 ex
611 2939 682 2983 se
722 2920 880 3003 ipsis
917 2922 1225 2984 exsistant
1261 2920 1470 2983 illiciti
1499 2929 1564 2984 et
1601 2922 1666 2984 in
1694 2922 1838 3003 jure

1948 1937 2117 2018 quod
2149 1937 2463 2019 quidquid
2492 1938 2775 2001 lucratur
2800 1940 2993 2003 bomo
3022 1940 3299 2004 ludendo
3328 1960 3445 2024 pro

1945 2035 2329 2098 deductione
2375 2038 2687 2119 temporis
2734 2039 3251 2122 recreationeque
3296 2039 3445 2103 viri·

1949 2154 2082 2209 um,
2115 2134 2563 2198 universaliter
2605 2137 2937 2200 restituere
2981 2138 3317 2220 obligatur.
3349 2139 3445 2202 Ad

1945 2232 2115 2313 quod
2170 2232 2400 2315 allegat
2454 2234 2846 2299 Bernardum
2894 2244 2959 2298 et
3004 2236 3333 2311 Thomam,
3383 2244 3449 2300 et

1947 2330 2167 2393 nescio
2194 2351 2273 2393 an
2306 2332 2565 2395 nomine
2594 2332 2897 2395 Bernardi
2926 2334 3183 2397 denotet
3210 2334 3271 2398 S.
3306 2336 3445 2397 Ber-

1949 2430 2239 2491 nardum.
2260 2430 2380 2493 Sed
2413 2439 2569 2512 puto
2596 2433 2767 2513 quod
2796 2452 2833 2494 a
2862 2432 3043 2495 nullo
3068 2452 3291 2497 eorum
3324 2433 3443 2497 hoc

1945 2529 2192 2591 dictum
2240 2530 2344 2603 sit,
2378 2548 2497 2593 nec
2542 2549 2579 2591 a
2624 2531 2943 2596 Bernardo
2985 2532 3232 2613 Jurista.
3266 2534 3444 2607 Quod

1946 2628 2122 2690 enim
2166 2627 2535 2708 hujusmodi
2587 2629 2737 2693 ludo
2785 2630 2931 2712 quis
2980 2631 3283 2705 lucratur,
3334 2650 3446 2715 po-

1947 2732 2072 2787 test
2097 2742 2239 2787 csse
2264 2723 2436 2806 juste
2467 2724 2805 2801 lucratum,
2828 2728 2997 2791 sicut
3022 2736 3087 2792 et
3114 2728 3223 2791 ille
3254 2729 3443 2793 ludus

1949 2830 2159 2905 potest
2200 2823 2373 2886 licite
2414 2823 2581 2899 fieri,
2616 2824 2745 2888 imo
2787 2833 2853 2889 et
2888 2826 3171 2890 virtuose
3209 2827 3443 2891 virtute

1947 2922 2333 3004 eutrapeliae.
2369 2922 2447 2984 Et
2482 2922 2537 2985 si
2579 2921 2694 2985 fiat
2732 2942 2849 3006 pro
2884 2924 3212 2990 esculento
3249 2943 3443 3008 pocu—

331 3019 671 3103 prohibiti,
701 3027 922 3102 utpote
951 3020 1020 3083 hi
1058 3020 1171 3101 qui
1202 3019 1564 3083 innituntur
1601 3020 1836 3102 princi·
1869 3024 1913 3089 C
1951 3019 2201 3083 lentove
2240 3019 2475 3095 sobrio,
2508 3029 2618 3083 aut
2655 3040 2771 3104 pro
2809 3041 3075 3087 nummo
3110 3042 3240 3087 non
3280 3024 3447 3087 ultra

331 3118 568 3202 paliter
611 3127 726 3181 aut
772 3117 1126 3202 praesertim
1175 3115 1466 3193 fortunae,
1521 3128 1592 3181 ut
1649 3118 1838 3183 ludus

331 3217 704 3281 taxillorum
735 3224 800 3279 et
825 3217 1128 3280 alearum.
1162 3216 1280 3290 Qui
1315 3225 1530 3280 autem
1566 3217 1835 3293 viribus,

329 3317 455 3378 arti
483 3335 598 3379 seu
642 3314 970 3379 industriae
1009 3315 1392 3390 innituntur,
1427 3316 1494 3379 in
1525 3316 1671 3397 jure
1701 3337 1839 3400 per-

331 3415 700 3487 mittuntur,
753 3420 819 3476 et
865 3412 1026 3474 liciti
1074 3413 1515 3496 perhibentur,
1568 3416 1720 3478 dum
1770 3416 1836 3478 in

330 3514 428 3576 eis
471 3512 582 3575 illa
621 3519 958 3575 serventur
998 3531 1142 3594 quae
1179 3512 1314 3593 jam
1353 3513 1522 3577 dicta
1559 3522 1710 3576 sunt
1746 3533 1838 3577 re·

335 3613 502 3695 quiri
549 3611 634 3674 ad
681 3611 802 3674 hoc
848 3611 1020 3693 quod
1070 3611 1259 3674 ludus
1301 3611 1385 3674 sit
1433 3611 1666 3674 licituS.
1707 3612 1836 3675 Nec

331 3711 568 3793 aliquis
603 3709 792 3773 ludus
821 3727 901 3773 ex
931 3729 1048 3773 sua
1085 3709 1300 3792 specie
1337 3718 1466 3774 tam
1497 3710 1712 3774 licitus
1739 3718 1835 3774 est

333 3809 723 3883 censenduS,
773 3807 932 3890 quin
989 3827 1068 3870 ex
1127 3809 1544 3873 immoderato
1596 3806 1836 3872 affectu

334 3907 600 3972 ludendi
639 3907 912 3970 vitiosus
949 3907 1268 3970 reddatur.
1303 3907 1380 3968 Et
1421 3907 1576 3969 item
1619 3907 1674 3968 si
1723 3925 1838 3989 per

333 4009 550 4090 ipsum
602 4012 922 4088 praecepta
969 4004 1080 4067 Dei
1129 4011 1240 4066 aut
1285 4001 1582 4067 Ecclesiae
1639 4005 1836 4087 negli-

329 4113 586 4187 gantur,
619 4104 790 4167 sicut
817 4101 884 4164 in
923 4101 1023 4164 his
1051 4101 1164 4184 qui
1194 4109 1480 4183 tempore
1509 4102 1710 4166 divini
1745 4103 1836 4165 lu-

1948 3118 2249 3196 solidum‚
2310 3139 2428 3183 nec
2485 3120 2856 3204 cupiditate,
2917 3123 3030 3186 sed
3087 3123 3448 3188 rationabili

1948 3237 2161 3293 causa,
2194 3237 2321 3282 non
2360 3227 2615 3283 tenetur
2654 3221 2909 3284 lucrans
2952 3223 3285 3286 restituere
3324 3223 3447 3286 tale

1948 3317 2283 3381 lucratum.
2314 3319 2403 3381 De
2445 3319 2565 3381 hac
2608 3319 2873 3382 materia
2913 3337 3169 3402 quoque
3216 3322 3444 3404 scripsi

1949 3415 2014 3477 in
2059 3424 2329 3479 tractatu
2370 3417 2449 3478 de
2498 3416 2829 3498 Regimine
2871 3426 3257 3482 curatorum.

2025 3514 2346 3578 Postremo
2394 3514 2701 3576 Henricus
2750 3515 2818 3577 in
2866 3516 3003 3578 suis
3048 3516 3441 3591 Quodlibetis

1945 3612 2114 3675 circa
2152 3611 2286 3674 haec
2316 3611 2595 3693 plurima
2626 3613 2987 3676 sciscitatur
3023 3633 3097 3677 ac
3132 3615 3437 3698 loquitur,

1945 3710 2154 3792 primo
2182 3709 2585 3790 interrogans,
2598 3717 2813 3773 utrum
2839 3712 2951 3793 qui
2978 3714 3321 3795 acquisivit
3347 3733 3444 3777 ec·
3494 3738 3648 3791 Quom.
3676 3754 3733 3795 w,

1945 3807 2373 3870 clesiasticum
2404 3806 2792 3872 beneficium
2826 3829 2941 3892 per
2968 3811 3439 3876 simulationem
3466 3807 3596 3860 ¹¹³⁰·

1943 3914 2135 3988 atque
2178 3905 2591 3987 hypocrisim,
2624 3912 2917 3971 teneatur
2962 3910 3283 3991 resignare
3325 3931 3438 3975 seu

1945 4004 2279 4068 restituere
2329 4002 2507 4066 illud.
2557 4003 2821 4067 Videtur
2866 4008 3037 4088 quod
3086 4008 3239 4086 imo,
3288 4029 3440 4093 quo-

1945 4103 2120 4165 niam
2169 4119 2293 4164 non
2350 4099 2611 4163 intravit
2656 4121 2771 4184 per
2816 4104 3075 4182 ostium,
3126 4109 3296 4190 quod
3342 4119 3440 4174 est

331 4205 494 4267 dunt
535 4201 748 4267 officii
797 4201 966 4284 quod
1007 4199 1230 4262 audire
1271 4207 1382 4261 aut
1427 4199 1636 4262 facere
1683 4200 1840 4264 obli·
1865 4203 1916 4265 D
1946 4201 2255 4274 Christus,
2288 4217 2439 4281 ergo
2488 4200 2747 4263 intravit
2787 4202 2955 4265 sicut
2994 4204 3099 4267 fur
3145 4215 3209 4269 et
3254 4208 3437 4285 latro,

330 4302 1038 4386 gantur.Verumtamen
1067 4299 1326 4381 quidam
1350 4297 1598 4380 juristae
1627 4299 1838 4362 dicere

331 4402 598 4476 audent,
616 4399 786 4482 quod
817 4397 1006 4461 ludus
1035 4396 1400 4460 taxillorum
1429 4404 1494 4460 et
1521 4396 1676 4460 aleae
1705 4397 1841 4459 uni-

334 4502 671 4566 versaliter
699 4515 828 4560 non
857 4503 1063 4559 exstet
1099 4495 1484 4578 prohibitus,
1518 4515 1720 4578 quum
1751 4503 1840 4560 ta-

335 4619 486 4663 men
518 4599 584 4660 in
619 4595 838 4660 multis
869 4595 1202 4678 utriusque
1235 4593 1400 4675 juris
1441 4593 1599 4657 locis
1630 4595 1840 4676 prohi-

335 4699 582 4762 beatur.
615 4695 859 4758 Idcirco
887 4693 1176 4758 securius
1205 4700 1303 4757 est
1338 4692 1718 4775 simpliciter
1745 4693 1837 4756 sic

335 4807 574 4862 tenere.
607 4794 904 4857 Attamen
940 4791 1010 4854 hi
1039 4792 1149 4873 qui
1187 4791 1412 4854 dicunt
1449 4792 1661 4873 ipsum
1701 4791 1840 4853 uni·

335 4895 672 4961 versaliter
729 4909 858 4955 non
919 4909 1060 4954 esse
1119 4888 1538 4971 prohibitum,
1597 4889 1838 4952 addunt

335 4995 508 5080 quod
539 5011 670 5056 non
703 4990 889 5054 liceat
927 4987 1138 5051 taliter
1167 4988 1408 5062 ludere,
1442 4987 1565 5050 nisi
1597 5005 1712 5070 pro
1742 5007 1836 5050 es-

337 5095 598 5159 culento
637 5099 704 5154 et
747 5088 1114 5172 poculento‚
1145 5087 1367 5169 utique
1413 5086 1736 5150 moderato
1774 5095 1839 5150 et

339 5193 674 5258 sobrio:et
701 5190 755 5254 si
784 5189 1002 5271 aliquo
1033 5187 1220 5249 modo
1249 5204 1367 5268 pro
1395 5186 1688 5268 pecunia,
1707 5203 1836 5250 non

345 5303 553 5356 tamen
611 5290 780 5354 ultra
823 5286 1103 5352 solidum
1161 5301 1404 5366 unum;
1453 5284 1540 5346 ita
1595 5292 1831 5361 tamen,

1946 4299 2195 4364 Christo
2243 4297 2385 4379 ipso
2432 4305 2819 4380 protestante
2862 4317 2877 4362 ε
2914 4301 3031 4375 Qui
3078 4321 3203 4367 non
3250 4305 3443 4370 intrat
3466 4334 3733 4388 am„,¹,1,

1946 4417 2060 4480 per
2100 4397 2363 4469 ostium,
2396 4397 2507 4460 sed
2549 4398 2837 4461 ascendit
2876 4400 3156 4476 aliunde,
3190 4403 3297 4467 ille
3336 4404 3442 4468 fur

1945 4502 2042 4558 est
2069 4502 2134 4558 et
2166 4495 2342 4558 latro.
2358 4495 2479 4558 Sed
2510 4495 2615 4557 fur
2643 4505 2706 4558 et
2736 4496 2895 4562 latro
2924 4500 3258 4565 restituere
3288 4503 3445 4566 obli·

1942 4601 2174 4677 gantur
2214 4592 2451 4655 furtive
2497 4600 2561 4655 et
2611 4593 3059 4660 latrocinanter
3104 4601 3435 4682 acquisita.

1944 4695 2014 4756 ln
2044 4692 2409 4775 oppositum
2440 4697 2558 4766 est,
2591 4691 2761 4773 quod
2799 4693 2987 4757 Jacob
3032 4697 3439 4763 simulatione
3470 4722 3580 4767 cen.
3601 4736 3730 4768 xxm.

1946 4791 2219 4873 quadam
2278 4789 2643 4871 procuravit
2700 4808 2767 4851 se
2825 4789 3117 4856 benedici
3175 4814 3214 4858 a
3260 4805 3438 4878 patre

1945 4907 2080 4953 suo.
2113 4923 2195 4934 —
2229 4886 2603 4962 Dicendum,
2647 4889 2819 4969 quod
2868 4890 2934 4952 in
2980 4891 3317 4957 collatione
3362 4915 3437 4959 ac

1945 4987 2307 5069 receptione
2350 4985 2925 5048 ecclesiasticorum
2970 4987 3436 5056 beneficiorum

1945 5086 2298 5149 curandum
2328 5091 2445 5158 est,
2464 5091 2534 5146 ut
2562 5083 2771 5166 dignis
2804 5084 3175 5170 idoneisque
3204 5090 3438 5154 donen-

1946 5193 2071 5259 tur,
2103 5202 2184 5246 ne
2226 5183 2383 5246 dans
2428 5183 2513 5245 sit
2560 5201 2975 5266 personarum
3022 5197 3340 5270 acceptor,
3373 5199 3437 5254 et

1943 5283 2259 5366 recipiens
2290 5282 2737 5346 mercenarius.
2775 5283 3305 5368 Distinguendum
3340 5296 3439 5354 est
