4267 6250
1408 502 1492 551 nt
1527 502 1889 551 macrinus
1928 502 2341 552 rmum-num
3304 488 3428 555 3⁷5

314 692 432 755 per
475 674 998 756 ingratitudinem
1041 684 1258 738 autem
1300 682 1584 738 meretur
1623 675 1816 737 homo
1845 672 1897 736 A
1925 674 2169 751 dicunt,
2202 678 2373 759 quod
2412 678 2681 741 remittit
2716 686 2979 761 peccata
3006 678 3073 741 in
3111 684 3423 762 quantum

311 782 576 855 accepta
613 774 936 838 beneficia
965 775 1252 857 perdere.
1285 774 1434 837 ldeo
1469 792 1587 855 per
1621 773 1818 855 quod-

314 890 594 953 cumque
641 872 910 935 mortale
959 881 1296 955 peccatum
1343 870 1818 954 quantumlibet

313 988 606 1051 parvum,
660 980 947 1034 meretur
991 972 1184 1035 homo
1231 970 1524 1034 omnium
1584 987 1816 1050 praece-

311 1068 602 1131 dentium
657 1078 924 1132 actuum
972 1070 1266 1132 amittere
1312 1069 1558 1131 merita.
1591 1102 1674 1113 —-
1701 1068 1816 1129 Ve-

313 1174 674 1231 rumtamen
723 1186 920 1251 opera
974 1169 1143 1231 bona
1193 1187 1266 1231 ac
1319 1166 1644 1230 meritoria
1700 1184 1816 1247 per

313 1284 586 1345 sequens
617 1266 884 1329 mortale
910 1273 1246 1348 peccatum
1277 1263 1681 1335 mortificata,
1701 1282 1816 1345 per

315 1372 690 1445 sequentem
733 1364 1178 1447 poenitentiam
1223 1384 1446 1426 rursus
1482 1362 1816 1426 vivifican-

315 1468 436 1522 tur.
469 1462 678 1545 Opera
717 1482 996 1545 namque
1032 1462 1198 1525 facta
1243 1462 1310 1523 in
1359 1462 1640 1535 caritate,
1685 1479 1812 1522 ma-

317 1566 468 1621 nent
507 1561 586 1623 ad
629 1562 930 1623 meritum
983 1561 1048 1622 in
1097 1561 1210 1623 Dei
1251 1560 1708 1642 acceptatione,
1749 1567 1816 1621 et

319 1656 401 1717 ita
449 1656 816 1721 efficaciam
873 1657 1110 1721 habent
1167 1657 1558 1740 perducendi
1615 1656 1815 1718 homi-

317 1773 458 1817 nem
499 1755 578 1818 ad
609 1756 812 1817 vitam
851 1755 1100 1818 beatam
1136 1773 1152 1817 ε
1184 1775 1222 1817 a
1260 1773 1390 1837 quo
1427 1752 1669 1816 effectu
1701 1753 1814 1814 im-

1923 781 2020 835 est
2047 776 2267 855 gratia.
2296 776 2433 838 Non
2462 778 2637 839 enim
2668 785 2877 860 potest
2904 777 3033 840 dici
3059 778 3262 859 gratia
3297 777 3425 839 nisi

1927 872 1992 934 in
2029 880 2341 955 quantum
2385 874 2725 938 informata
2762 884 2862 938 est
2897 895 2993 949 ea,
3023 876 3127 938 vel
3164 882 3427 959 propter

1923 970 2415 1034 similitudinem
2444 973 2811 1055 operisSed
2842 981 2913 1035 ut
2940 981 3421 1046 sacramentum,

1923 1068 2116 1131 etiam
2166 1089 2244 1131 ex
2293 1078 2473 1152 parte
2523 1072 2640 1133 hac
2688 1071 2855 1133 tollit
2898 1071 3080 1153 quasi
3126 1070 3426 1133 effective

1923 1168 2439 1251 peccatum,quia
2467 1170 2733 1250 gratiam
2760 1168 2988 1231 tribuit
3012 1168 3216 1231 :sicut
3244 1168 3427 1230 indu-

1925 1284 2076 1327 cens
2117 1266 2483 1329 albedinem
2524 1266 2692 1329 tollit
2736 1267 3155 1348 nigredinem.
3190 1267 3423 1346 Sicque

1923 1364 2301 1444 poenitentia
2340 1364 2407 1425 in
2446 1372 2757 1445 quantum
2790 1372 2887 1427 est
2925 1372 3419 1437 sacramentum,

1921 1459 2189 1522 dimittit
2235 1470 2570 1542 peccatum
2616 1480 2633 1524 ε
2674 1463 2979 1545 quoniam
3028 1469 3423 1525 sacramenta

1922 1576 2103 1622 novae
2133 1559 2291 1639 legis
2320 1569 2471 1621 sunt
2499 1560 3015 1625 instrumentales
3050 1579 3257 1625 causae
3284 1579 3423 1641 gra-

1921 1657 2046 1720 tiae.
2095 1658 2265 1721 Deus
2311 1676 2465 1721 vero
2512 1658 2782 1720 remittit
2827 1659 2996 1721 sicut
3038 1678 3229 1721 causa
3278 1658 3422 1721 effi-

1923 1756 2100 1817 ciens
2146 1756 2539 1838 principalis,
2580 1763 2643 1818 et
2692 1756 2979 1819 Christus
3022 1758 3215 1819 homo
3256 1757 3424 1819 sicut

315 1852 662 1933 pediuntur
692 1854 758 1916 in
791 1854 1198 1927 recidivante‚
1212 1872 1328 1936 per
1354 1852 1812 1924 accidenS,hoc
1847 1856 1896 1918 B
1925 1853 2251 1916 meritoria
2298 1873 2508 1928 causa,
2550 1855 2843 1917 sacerdos
2890 1873 3043 1917 vero
3093 1855 3261 1917 sicut
3308 1856 3422 1917 mi·

315 1957 408 2010 est
454 1969 572 2031 per
619 1970 898 2033 sequens
950 1959 1308 2035 peccatum,
1356 1969 1470 2032 per
1517 1950 1688 2031 quod
1738 1947 1816 2010 fit

318 2046 505 2110 homo
563 2048 986 2131 indispositus
1043 2056 1107 2111 et
1163 2049 1464 2129 indignus
1519 2047 1598 2111 ad
1656 2066 1814 2128 prae-

319 2146 516 2208 mium
569 2147 1070 2229 praecedentium
1131 2145 1526 2209 meritorum.
1578 2146 1814 2219 Quum-

320 2262 438 2324 que
477 2264 594 2327 per
629 2246 1194 2327 supervenientem
1241 2244 1682 2325 poenitentiam
1724 2244 1818 2306 in-

323 2341 647 2424 dispositio
685 2350 879 2425 atque
919 2342 1264 2423 indignitas
1301 2349 1748 2404 removeantur
1778 2361 1817 2403 a

324 2440 686 2520 poenitente,
719 2440 934 2524 palam
963 2448 1060 2503 est
1087 2440 1258 2522 quod
1287 2458 1480 2521 opera
1513 2439 1622 2501 illa
1649 2438 1816 2501 bona

323 2538 522 2602 denuo
553 2539 970 2603 vivificantur
1001 2540 1064 2601 in
1097 2540 1260 2621 ipso,
1285 2538 1437 2621 quia
1463 2558 1652 2601 suum
1683 2556 1813 2601 sor-

319 2636 560 2699 tiuntur
589 2637 898 2700 effectum
930 2644 993 2699 et
1023 2643 1506 2718 reacceptantur
1531 2656 1570 2698 a
1601 2636 1813 2699 Domi-

323 2754 418 2808 ne,
436 2736 538 2798 cui
571 2755 686 2818 per
715 2736 1160 2818 poenitentiann
1193 2735 1642 2798 reconciliatur
1670 2754 1814 2817 pec-

321 2844 500 2897 cator.
535 2836 714 2899 Unde
761 2836 936 2919 quod
978 2836 1158 2917 Hugo
1199 2836 1311 2908 ait,
1343 2836 1544 2897 Nemo
1590 2844 1812 2916 peccet

321 2933 380 2995 in
408 2954 538 3017 spe,
554 2934 704 3017 quia
734 2935 909 3017 quod
937 2933 1138 2997 semel
1166 2933 1502 3008 amittitur,
1533 2934 1812 3015 amplius

1924 1954 2124 2015 nister
2154 1954 2263 2015 Dei
2294 1960 2965 2036 sacramentorumque
2997 1954 3415 2036 dispensator.

1923 2052 2000 2113 Et
2028 2052 2325 2133 quoniam
2352 2052 2547 2115 ceteri
2576 2051 2849 2115 effectus
2876 2052 3269 2134 poenitentiae
3292 2051 3423 2132 jam

1926 2150 2207 2232 praetacti
2250 2158 2605 2232 sequuntur
2643 2170 2722 2213 ex
2760 2170 2835 2213 ea
2874 2150 2939 2213 in
2978 2158 3289 2232 quantum
3328 2170 3422 2213 re-

1925 2249 2121 2311 mittit
2170 2267 2283 2311 seu
2337 2248 2503 2310 tollit
2546 2256 2825 2331 peecata,
2858 2249 3003 2311 ideo
3048 2248 3279 2311 similis
3324 2255 3423 2311 est

1923 2348 2084 2409 ratio
2113 2346 2193 2409 de
2231 2346 2461 2409 ceteris
2501 2346 2801 2409 omnibus
2841 2345 3235 2429 poenitentiae
3269 2346 3424 2409 effe-

1924 2443 2157 2507 ctibuS.

2005 2543 2329 2605 Postremo
2372 2542 2700 2625 quaeritur,
2729 2561 2811 2604 an
2858 2542 2997 2604 sine
3043 2542 3423 2626 poenitentia

1924 2648 2220 2723 peccator
2246 2639 2690 2701 remissionem
2720 2640 3019 2721 consequi
3049 2639 3255 2701 valeat
3284 2657 3426 2721 pec·

1921 2746 2228 2803 catorum.
2255 2738 2332 2800 Et
2359 2736 2727 2809 dicendum,
2752 2738 2923 2819 quod
2954 2745 3249 2801 manente
3279 2756 3425 2799 cau-

1921 2858 2012 2911 sa,
2069 2844 2284 2899 manet
2335 2834 2628 2899 effectus.
2694 2836 2895 2899 Causa
2953 2844 3166 2898 autem
3225 2854 3423 2918 quare

1921 2937 2208 3019 privatur
2236 2935 2383 3017 quis
2412 2934 2636 3016 gratia,
2660 2942 2756 2997 est
2785 2934 3177 3017 inaequalitas
3206 2954 3425 3017 pecca·

321 3050 438 3095 non
494 3040 912 3116 recuperatur
962 3050 976 3094 :
1033 3031 1520 3113 intelligendum
1579 3040 1676 3094 est
1731 3032 1810 3094 de
1840 3034 1885 3097 C
1919 3034 2076 3097 toris
2106 3053 2235 3115 qua
2262 3034 2463 3096 Deum
2499 3032 2772 3095 offendit
2795 3051 2811 3095 :
2834 3052 2975 3115 quae
3011 3033 3315 3115 quamdiu
3344 3034 3423 3095 ad

321 3139 598 3214 tempore
637 3133 802 3215 ipso,
840 3133 1010 3214 quod
1049 3131 1247 3194 semel
1285 3129 1592 3193 amissum
1633 3149 1810 3193 recu-

323 3231 520 3310 perari
579 3249 708 3294 non
761 3229 950 3292 valet.
1004 3229 1149 3292 Ideo
1205 3228 1512 3311 temporis
1567 3229 1812 3310 jactura

324 3337 514 3391 exstat
554 3329 954 3410 gravissima.

397 3427 698 3490 Praeterea
748 3426 947 3509 quaeri
996 3433 1226 3508 potest,
1258 3445 1338 3487 an
1387 3424 1492 3487 isti
1539 3424 1810 3487 effectus

324 3527 694 3588 conveniant
724 3525 1116 3608 poenitentiae
1145 3523 1212 3586 in
1241 3530 1542 3605 quantum
1571 3530 1667 3585 est
1694 3522 1816 3584 vir-

325 3631 436 3698 tuS‚
469 3625 570 3688 vel
604 3625 672 3686 in
703 3631 1016 3706 quantum
1045 3630 1144 3685 est
1185 3629 1672 3684 sacramentum.
1707 3621 1810 3683 Di-

324 3724 608 3797 cendum,
672 3723 842 3804 quod
903 3723 968 3783 in
1030 3729 1291 3804 peccato
1355 3720 1810 3783 consideranda

323 3830 458 3883 sunt
485 3822 635 3896 duo,
660 3829 922 3903 utpote:
949 3819 1330 3882 inordinatio
1358 3827 1554 3891 actuS,
1587 3825 1652 3881 et
1679 3837 1808 3880 ma-

323 3921 451 3983 cula
479 3938 880 4001 consequens
921 3918 1068 3981 inde
1105 3918 1171 3979 in
1210 3917 1440 3979 anima.
1477 3917 1553 3978 Et
1585 3936 1809 3978 secun-

321 4018 456 4081 dum
503 4020 650 4092 hoc,
684 4024 1016 4099 peccatum
1061 4014 1405 4098 dupliciter
1443 4014 1803 4076 remittitur.

322 4116 510 4188 Quum
541 4117 718 4179 enim
759 4134 874 4197 per
911 4114 1090 4176 illam
1130 4112 1662 4177 inordinationem
1704 4113 1810 4175 ho-

1919 3133 2347 3215 aequalitatem
2392 3133 2655 3195 reducta
2698 3151 2825 3195 non
2870 3131 3085 3206 fuerit,
3118 3150 3246 3194 non
3290 3151 3423 3195 ces-

1921 3233 2087 3295 sabit
2116 3232 2389 3315 privatio
2426 3233 2660 3314 gratiae.
2697 3231 2873 3306 Quod
2912 3251 3115 3314 quum
3150 3249 3265 3314 per
3293 3249 3424 3313 ρω-

1921 3331 2257 3392 nitentiam
2290 3329 2426 3404 fiat,
2459 3347 2583 3392 non
2617 3337 2828 3412 potest
2858 3329 2999 3392 sine
3029 3330 3420 3411 poenitentiae

1920 3436 2067 3490 actu
2099 3427 2338 3490 remitti
2378 3434 2731 3509 peccatum.
2766 3427 2943 3490 Unde
2982 3427 3147 3489 libro
3181 3426 3262 3489 de
3290 3427 3421 3491 Poe-

1921 3526 2192 3588 nitentia
2240 3525 2523 3606 loquitur
2556 3524 2947 3606 Augustinus
2991 3541 3007 3586 :
3047 3525 3247 3587 Nemo
3288 3545 3421 3588 suae

1920 3623 2267 3688 voluntatis
2315 3621 2555 3685 arbiter
2600 3622 3006 3696 constitutuS,
3053 3631 3262 3704 potest
3308 3642 3419 3686 no-

1919 3741 2064 3784 vam
2095 3722 2292 3784 vitam
2326 3721 2627 3803 incipere,
2646 3719 2769 3781 nisi
2800 3721 3105 3802 poeniteat
3137 3739 3285 3782 eum
3317 3741 3421 3784 ve-

1921 3821 2072 3882 teris
2111 3819 2277 3882 vitae.
2322 3818 2483 3880 Hinc
2522 3817 2899 3900 poenitentia
2948 3818 3183 3880 dicitur
3220 3839 3421 3882 sacra-

1921 3925 2210 3980 mentum
2243 3915 2650 3979 necessitatis.
2666 3915 3209 3989 Quemadmodum
3242 3918 3417 3980 enim

1917 4015 2280 4097 Baptismus
2317 4014 2647 4077 ordinatur
2686 4020 2905 4075 contra
2941 4013 3247 4094 originale
3275 4033 3418 4097 pec-

1919 4120 2155 4186 catum,
2190 4113 2278 4175 ita
2318 4111 2691 4194 poenitentia
2736 4118 2955 4173 contra
2994 4113 3259 4176 actuale.
3294 4113 3414 4176 Sed

325 4233 418 4277 mo
465 4215 772 4297 injuriam
820 4211 1046 4274 fecerit
1092 4212 1242 4285 Dee,
1281 4211 1520 4273 idcirco
1565 4229 1641 4273 ex
1689 4211 1807 4273 hac
1838 4214 1888 4276 D
1917 4211 1996 4273 ab
2045 4209 2339 4292 originali
2400 4209 2616 4272 nullus
2672 4209 2903 4272 adultae
2960 4210 3161 4272 aetatis
3211 4219 3418 4293 potest

327 4322 486 4393 parte
535 4319 873 4396 peccatum
925 4309 1290 4383 remittitur,
1342 4327 1458 4391 per
1503 4308 1668 4390 quod
1718 4309 1808 4371 in-

325 4413 637 4494 aequalitas
668 4411 778 4472 illa
808 4409 1062 4490 injuriae
1093 4407 1418 4469 reducitur
1445 4407 1522 4469 ad
1557 4407 1809 4489 aequali-

323 4517 500 4573 tatem
539 4509 807 4591 justitiae
842 4524 856 4568 ε
891 4506 1058 4588 quod
1097 4505 1252 4567 facit
1291 4505 1664 4586 poeniten'tia
1693 4525 1808 4587 per

322 4617 520 4671 actum
569 4625 783 4680 suum,
833 4605 899 4667 in
948 4612 1258 4686 quantum
1307 4610 1404 4665 est
1449 4602 1670 4664 virtus.
1715 4603 1804 4665 Ex

323 4715 482 4787 parte
529 4723 683 4769 vero
735 4703 1022 4776 maculae,
1074 4707 1410 4783 peccatum
1459 4700 1806 4762 remittitur

322 4823 422 4885 per
449 4804 741 4889 gratiam,
775 4821 918 4885 quae
954 4800 1307 4864 formaliter
1347 4799 1660 4862 maculam
1700 4818 1806 4861 au-

323 4903 449 4979 fert,
501 4904 670 4968 sicut
719 4900 950 4964 albedo
1007 4896 1428 4980 nigredinem,
1479 4905 1669 4978 atque
1727 4917 1804 4959 ex

325 4999 724 5083 consequenti
771 5015 886 5080 per
929 4997 1196 5060 virtutes
1237 4994 1394 5056 alias
1438 4995 1638 5076 gratia
1684 4994 1810 5057 for-

325 5109 526 5162 matas.
560 5099 900 5178 Quumque
951 5093 1326 5177 poenitentia
1373 5093 1456 5154 sit
1502 5091 1646 5155 talis
1687 5094 1810 5155 vir-

327 5205 438 5274 tus,
467 5198 662 5260 etiam
703 5195 846 5277 ipsa
884 5191 1235 5256 formaliter
1272 5190 1438 5253 tollit
1477 5197 1810 5272 peccatum

329 5314 397 5358 ex
435 5303 612 5380 parte
654 5291 932 5356 habitus
967 5290 1044 5352 Et
1087 5290 1208 5353 hoc
1255 5296 1352 5351 est
1399 5288 1566 5370 quod
1609 5288 1808 5370 aliqui

1919 4310 2237 4382 mundari,
2290 4308 2415 4370 nisi
2462 4315 2609 4370 actu
2665 4315 2773 4370 aut
2827 4308 3154 4391 proposito
3208 4311 3417 4393 Bapti-

1918 4427 2128 4469 smum
2170 4406 2479 4489 suscipiat
2521 4423 2535 4468 :
2578 4424 2727 4488 ergo
2766 4414 2830 4468 et
2868 4406 3006 4470 sine
3046 4409 3419 4490 poenitentia

1919 4505 2128 4566 taliter
2164 4512 2447 4586 accepta,
2480 4523 2671 4567 nemo
2698 4504 2779 4566 ab
2817 4505 3050 4568 actuali
3089 4514 3413 4588 purgatur.

1916 4639 1998 4649 —
2027 4604 2103 4665 Et
2140 4603 2194 4664 si
2226 4602 2588 4683 objiciatur,
2623 4604 2794 4684 quod
2832 4604 3079 4666 sufficit
3116 4604 3281 4668 bona
3310 4623 3418 4669 vo-

1921 4702 2130 4764 luntas
2157 4708 2223 4764 et
2252 4700 2507 4763 fervens
2536 4701 2827 4780 affecti03
2859 4701 3225 4776 dicendum,
3246 4705 3414 4784 quod

1919 4801 2037 4862 ista
2087 4799 2226 4862 sine
2274 4798 2475 4880 gratia
2526 4797 2747 4861 haberi
2807 4817 2932 4861 non
2980 4807 3244 4880 queunt,
3294 4821 3415 4864 nec

1917 4897 2118 4979 gratia
2170 4895 2309 4958 sine
2358 4895 2733 4977 poenitentia
2781 4895 2847 4957 in
2894 4913 2971 4958 eo
3017 4897 3128 4977 qui
3179 4896 3301 4960 fuit
3349 4899 3415 4961 in

1919 5003 2179 5078 peccato
2207 4993 2439 5055 actuali
2475 4993 2742 5056 mortali.
2764 5027 2847 5038 —
2874 4993 3017 5055 Haec
3047 4993 3317 5057 Thomas
3350 4996 3413 5058 in

1920 5093 2186 5173 Script0.
2239 5091 2305 5153 ln
2366 5088 2601 5172 quibus
2650 5089 2969 5164 AlbertuS,
3024 5089 3264 5165 PetruS,
3317 5093 3415 5156 Ri-

1922 5189 2217 5262 chardus,
2276 5188 2515 5270 aliique
2572 5187 3000 5250 communiter
3055 5188 3207 5252 satis
3266 5209 3417 5254 con-

1921 5287 2200 5351 cordant.
