4267 6250
1128 517 1332 566 mu!
1370 516 1671 565 mmm!
1711 516 1959 565 Possm
1998 516 2158 565 mn
2197 518 2534 567 aarum:

3265 503 3384 568 143

304 704 484 767 quum
521 684 773 749 bonitas
801 685 947 749 vitae
986 686 1265 750 ministri
1294 704 1421 751 non
1462 686 1546 750 sit
1574 687 1653 751 de
1682 706 1777 750 es·
1808 688 1861 753 A
1887 686 2053 750 infra
2098 689 2332 753 melius
2372 691 2758 754 ostendetur.
2799 690 3042 754 Idcirco
3089 692 3382 755 sacerdos

304 784 485 846 sentia
531 785 911 849 sacramenti
956 786 1287 868 Baptismi,
1321 793 1529 869 potest
1574 785 1778 869 Bapti-

304 901 461 945 smus
500 884 635 947 dari
684 904 802 967 per
842 886 1146 948 vitiosum
1190 886 1579 961 ministrum,
1612 886 1779 949 sicut

304 988 359 1042 et
384 982 519 1043 fieri
554 991 761 1065 potest
800 984 866 1046 in
894 1003 1059 1066 aqua
1096 984 1452 1059 immunda,
1482 984 1777 1067 quamvis

306 1088 540 1161 propter
567 1082 989 1145 reverentiam
1018 1084 1395 1146 sacramenti
1434 1091 1776 1165 utrumque

306 1178 611 1241 vitandum
642 1180 743 1243 sit.
780 1180 1041 1243 Debitus
1072 1200 1223 1263 ergo
1252 1183 1545 1244 minister
1572 1182 1779 1264 Bapti-

305 1277 409 1337 smi
439 1277 649 1341 debito
688 1279 1100 1360 congruitatis
1138 1298 1252 1342 seu
1290 1280 1773 1355 convenientias,

306 1381 389 1436 cst
410 1377 721 1450 sacerdos,
756 1377 887 1441 imo
915 1385 979 1439 et
1006 1378 1211 1441 bonus
1240 1378 1570 1458 sacerdos3
1600 1378 1777 1441 debi-

307 1480 393 1535 tus
434 1493 581 1538 vero
627 1475 848 1539 debito
896 1477 1315 1551 necessitatis,
1362 1486 1459 1540 est
1504 1478 1777 1560 quilibet

1888 786 1953 848 in
1986 788 2238 850 mortali
2269 807 2416 851 cum
2447 788 2822 853 solennitate
2852 789 3201 872 baptizanS‚
3233 809 3384 872 qua-

1887 885 1937 947 si
1973 886 2340 949 ministrum
2371 887 2670 951 Ecclesiae
2699 906 2766 950 se
2796 888 3128 963 exhibenS,
3163 896 3385 971 peccat

1890 984 2258 1047 mortaliter.
2311 986 2374 1049 Si
2421 994 2636 1049 autem
2683 985 2962 1068 baptizet
3003 987 3386 1070 simpliciter

1889 1081 1953 1143 in
2004 1084 2400 1147 necessitatis
2455 1084 2747 1160 articulo,
2797 1103 2925 1148 non
2974 1093 3046 1148 ut
3091 1085 3386 1149 minister

1888 1180 2209 1256 Ecclesiae,
2241 1182 2352 1245 sed
2393 1190 2582 1264 prout
2619 1184 2834 1247 vetula
2875 1184 3196 1266 baptizare
3241 1202 3382 1266 pos·

1887 1286 2003 1351 set,
2038 1297 2162 1342 non
2211 1289 2432 1362 peccat
2473 1280 2538 1344 in
2580 1281 2720 1343 hoc.

1966 1377 2059 1439 Ad
2097 1378 2395 1459 quintum
2427 1397 2577 1443 vero
2615 1380 2958 1462 respondet
2989 1397 3002 1442 :
3036 1380 3234 1443 Malus
3265 1381 3381 1443 mi-

1887 1476 2087 1539 nister
2132 1484 2242 1538 aut
2297 1485 2394 1540 est
2441 1478 2744 1559 praecisus
2790 1479 2870 1541 ab
2921 1479 3222 1554 Ecclesia,
3273 1488 3384 1543 aut

304 1571 489 1635 homo.

368 1671 451 1733 Ad
482 1672 835 1736 secundum
876 1674 1217 1756 respondet
1250 1692 1265 1737 :
1300 1674 1507 1756 Agens
1540 1674 1777 1757 princi-

300 1768 423 1849 pale
453 1771 519 1832 in
545 1771 886 1854 Baptismo,
900 1782 998 1836 est
1026 1773 1490 1857 omnipotentia
1520 1774 1775 1836 virtutis

300 1866 511 1932 divinae
558 1888 669 1951 per
709 1870 1171 1947 auctoritatem,
1208 1872 1441 1935 deinde
1484 1872 1771 1936 Christus
1812 1867 1858 1929 B
1888 1886 2059 1950 pere.
2094 1870 2160 1932 Si
2199 1878 2412 1932 autem
2441 1870 2524 1933 ab
2563 1871 2848 1935 Ecclesia
2875 1890 3004 1935 non
3043 1872 3124 1934 sit
3165 1873 3384 1955 praeci-

300 1968 626 2031 secundum
656 1969 829 2051 quod
858 1970 1269 2052 hom0,cujus
1300 1971 1603 2033 meritum
1630 1989 1775 2054 ope-
1887 1986 2018 2042 suS,
2067 1985 2193 2031 non
2245 1977 2466 2051 peccat
2512 1978 2979 2033 sacramentum
3027 1971 3108 2033 ab
3156 1990 3232 2035 eo
3279 1992 3383 2034 su-

302 2071 455 2126 ratur
500 2066 565 2128 in
610 2066 973 2149 Baptism03
1008 2076 1198 2151 atque
1246 2088 1325 2131 ex
1374 2069 1773 2151 plenitudine
1890 2084 2091 2141 menS,
2126 2067 2251 2129 nisi
2283 2086 2398 2150 per
2426 2068 2744 2144 accidens,
2769 2076 2840 2132 ut
2868 2070 2920 2131 si
2952 2070 3094 2151 ejus
3125 2080 3385 2152 peccato

304 2160 578 2226 honitatis
607 2164 841 2229 divinae
872 2167 1040 2229 sicut
1076 2184 1156 2249 eii
1184 2186 1375 2229 causa
1406 2168 1769 2250 principali,
1888 2166 2336 2228 communicet.
2402 2166 2687 2249 Denique
2745 2169 2890 2231 dato
2945 2170 3114 2250 quod
3179 2170 3385 2233 malus

301 2268 353 2321 et
388 2280 462 2323 ex
506 2263 727 2327 merito
768 2264 1002 2327 Christi
1038 2265 1205 2328 sicut
1242 2284 1319 2328 ex
1360 2284 1551 2329 causa
1590 2267 1773 2329 meri·
1886 2264 2178 2326 sacerdos
2237 2272 2460 2346 peccet
2521 2265 2918 2348 baptizando,
2981 2285 3109 2330 non
3169 2276 3381 2331 tamen

300 2360 439 2421 toria
466 2363 930 2443 quodammodo
959 2363 1450 2439 instrumentali,
1477 2365 1774 2448 provenit
1884 2370 2133 2444 oportet
2179 2363 2347 2445 quod
2394 2371 2617 2446 peccet
2663 2373 3132 2429 sacramentum
3175 2366 3255 2429 ab
3305 2385 3381 2430 eo

296 2459 475 2537 gratia
516 2460 595 2522 ad
642 2459 1053 2543 baptizatum.
1096 2462 1429 2544 Baptizans
1477 2481 1629 2528 vero
1676 2471 1773 2525 est
1884 2459 2242 2542 suscipiens
2271 2461 2372 2523 vel
2409 2462 2764 2544 requirens,
2796 2472 3056 2547 propter
3091 2465 3249 2527 duas
3284 2485 3379 2528 ra-

298 2574 467 2637 agens
502 2566 749 2622 tantum
796 2560 1281 2623 instrumentale
1315 2578 1330 2623 :
1364 2562 1603 2625 idcirco
1642 2581 1768 2626 non
1881 2557 2107 2620 tiones.
2133 2558 2364 2632 Primo,
2381 2559 2534 2641 quia
2561 2558 2620 2623 ei
2649 2578 2778 2623 non
2809 2568 2904 2623 est
2933 2569 3179 2625 certum
3208 2563 3380 2644 quod

300 2654 471 2717 refert
512 2658 589 2719 ad
636 2676 773 2720 rem
830 2660 1210 2722 sacramenti
1266 2660 1768 2743 percipiendam,
1883 2657 2176 2720 sacerdos
2209 2657 2318 2720 ille
2347 2659 2430 2720 sit
2464 2658 2530 2721 in
2571 2660 2820 2722 mortali
2863 2668 3146 2742 peccato,
3179 2680 3380 2743 quum

302 2760 491 2816 utrum
532 2755 861 2838 baptizans
902 2757 989 2820 sit
1025 2758 1349 2821 virtuosus
1392 2778 1473 2821 an
1516 2777 1665 2822 non.
1882 2754 1947 2817 in
1981 2773 2109 2818 uno
2140 2755 2398 2819 instanti
2432 2756 2598 2819 Deus
2627 2757 3155 2838 justificationem
3197 2759 3382 2843 impii

368 2852 451 2913 Ad
478 2854 735 2916 tertium
761 2862 977 2917 autem
1009 2856 1401 2938 respondens
1437 2873 1453 2919 τ
1486 2856 1767 2939 Aliquid,
1880 2861 2197 2935 operetur.
2216 2854 2525 2929 Secundo,
2545 2854 2847 2937 quoniam
2873 2856 2992 2919 iste
3023 2857 3184 2939 petit
3213 2857 3382 2940 quod

302 2946 505 3030 inquit,
536 2951 771 3015 dicitur
798 2952 1071 3015 effectus
1100 2953 1376 3035 alicujus
1406 2954 1768 3037 dupliciter,
1877 2951 2123 3031 justum
2157 2959 2274 3027 est,
2311 2952 2461 3034 quia
2489 2972 2527 3015 a
2555 2971 2672 3016 suo
2712 2955 3034 3018 sacerdote
3067 2955 3260 3018 debet
3287 2974 3382 3018 sa-

302 3053 495 3130 utpote
522 3068 635 3132 per
664 3067 754 3126 se,
774 3058 837 3113 et
868 3070 983 3134 per
1012 3051 1328 3114 accidens.
1353 3052 1469 3115 Per
1496 3072 1581 3128 se,
1601 3054 1773 3136 quod
1807 3050 1851 3115 C
1880 3058 2280 3113 cramentum
2339 3052 2683 3134 suscipere.
2736 3053 2865 3115 Nec
2913 3053 2996 3116 ob
3045 3053 3164 3117 hoc
3215 3054 3383 3137 cogit

304 3163 401 3226 per
424 3148 656 3230 aliquid
688 3148 765 3213 ad
798 3150 917 3213 hoc
947 3150 1309 3213 ordinatum
1346 3153 1719 3235 producitur
1752 3169 1767 3216 ε
1879 3155 1989 3211 aut
2019 3149 2265 3211 inducit
2296 3149 2478 3211 illum
2509 3150 2589 3212 ad
2624 3152 3043 3232 peccandum,
3076 3153 3379 3235 quoniam

302 3243 444 3306 sicut
471 3246 697 3309 domus
738 3247 819 3309 ab
858 3247 1245 3312 aedificatore
1270 3266 1287 3329 ;
1318 3269 1434 3331 per
1475 3251 1771 3313 accidens
1881 3249 1989 3311 ille
2048 3257 2257 3332 potest
2311 3247 2522 3311 facere
2573 3249 2741 3331 quod
2791 3249 3001 3326 debet,
3053 3267 3180 3314 non
3233 3269 3379 3333 pec-

300 3359 449 3418 vero,
476 3346 643 3427 quod
688 3346 1103 3428 conjungitur
1144 3347 1203 3410 ei
1252 3350 1423 3431 quod
1472 3357 1568 3412 est
1614 3349 1772 3412 efte-
1880 3348 2101 3410 cando.

302 3449 419 3504 ctus
454 3463 563 3525 per
598 3463 669 3507 se
704 3461 719 3507 ε
754 3453 827 3508 ut
864 3445 1241 3509 inhabitatio
1278 3447 1507 3511 domus
1546 3455 1643 3511 est
1679 3447 1769 3510 et'-
1960 3445 2081 3508 Sed
2124 3445 2324 3528 quaeri
2369 3453 2598 3528 potest,
2629 3446 2785 3528 quid
2827 3447 3146 3528 agendum
3185 3447 3289 3525 sit,
3323 3448 3380 3512 si

302 3538 480 3604 lectus
540 3543 1021 3608 domificatoris.
1088 3545 1307 3628 ltaque
1367 3547 1534 3622 dico,
1598 3547 1771 3630 quod
1880 3543 2174 3607 sacerdos
2203 3543 2522 3626 baptizare
2554 3561 2680 3607 non
2711 3545 2868 3608 velit
2909 3545 3032 3608 nisi
3065 3547 3270 3628 pretio
3299 3547 3380 3610 si-

302 3638 541 3704 el'fectus
588 3661 705 3725 per
763 3661 833 3705 se
882 3643 1190 3726 Baptismi
1248 3653 1344 3707 est
1400 3644 1684 3727 aequaliS‚
1734 3663 1771 3708 a
1880 3641 1945 3704 bi
1975 3643 2144 3716 dato,
2176 3660 2292 3724 per
2328 3642 2496 3724 quod
2537 3641 2812 3704 simonia
2847 3644 3372 3708 committeretur.

302 3755 678 3824 quocumque
707 3743 893 3804 detur
922 3743 1295 3826 BaptismuS,
1313 3743 1479 3806 bono
1508 3761 1621 3806 seu
1651 3763 1772 3806 ma-
1879 3740 2251 3815 Dicendum,
2275 3740 2444 3822 quod
2477 3740 2531 3803 is
2560 3740 2674 3822 qui
2703 3741 3121 3822 baptizandus
3152 3749 3260 3816 est,
3273 3743 3378 3806 vel

302 3834 370 3911 lo,
398 3841 613 3903 ceteris
651 3841 916 3923 paribus
956 3860 1034 3904 ex
1074 3849 1254 3924 parte
1294 3843 1613 3925 baptizati.
1648 3843 1768 3907 Sed
1879 3847 1976 3903 est
2021 3840 2298 3914 adultu3‚
2339 3846 2450 3901 aut
2497 3857 2644 3902 non.
2683 3837 2748 3901 Si
2795 3846 2894 3901 est
2939 3839 3216 3914 adultus»,
3249 3840 3380 3903 suf-

300 3953 426 3998 cum
454 3937 685 4002 effectu
725 3939 1035 4022 Baptismi
1072 3947 1281 4023 potest
1316 3941 1557 4023 aliquid
1595 3941 1770 4004 aliud

1885 1590 2035 1636 non.
2070 1572 2133 1636 Si
2175 1574 2480 1656 primum,
2513 1576 2606 1637 sic
2634 1586 2856 1659 peccat
2886 1578 2996 1659 qui
3034 1577 3114 1640 ab
3143 1595 3220 1641 eo
3249 1597 3382 1640 sus-

1886 1671 2045 1753 cipit
2082 1682 2574 1749 sacramentum,
2609 1674 2734 1737 nisi
2776 1674 2842 1737 in
2882 1677 3278 1750 necessitate,
3313 1677 3380 1738 in

1886 1788 2013 1851 qua
2040 1771 2236 1833 etiam
2269 1780 2483 1853 posset
2509 1790 2546 1835 a
2575 1791 2818 1855 pagano
2847 1792 2960 1836 seu
2988 1775 3203 1838 Judaeo
3233 1774 3386 1837 reci·

1880 3939 2019 4001 sicit
2048 3939 2107 4000 ei
2138 3938 2215 4000 ad
2247 3937 2515 4000 salutem
2549 3945 2762 4019 petere
2791 3937 3379 4021 Baptismum,quo-

302 4031 585 4116 baptizato
622 4037 926 4113 conferri,
958 4038 1095 4102 sive
1134 4039 1447 4121 pertineat
1484 4040 1562 4102 ad
1606 4040 1773 4102 salu·
1879 4037 2052 4099 niam
2110 4035 2466 4119 baptizatur
2511 4034 2836 4118 Baptismo
2880 4035 3166 4099 flaminis
3189 4055 3207 4117 ;
3257 4056 3376 4101 nec

300 4138 409 4194 tem
435 4136 712 4218 corporis
742 4137 881 4200 sive
908 4137 1159 4212 animae,
1192 4157 1271 4200 ex
1304 4137 1530 4201 merito
1568 4138 1772 4221 bapti·
1879 4134 2067 4196 debet
2096 4134 2178 4197 ob
2209 4134 2329 4196 hoc
2357 4133 2696 4196 simoniam
2726 4134 3146 4198 committere.
3178 4135 3240 4199 Si
3273 4155 3378 4198 ve-

302 4231 505 4311 zantis;
536 4235 705 4316 quod
751 4242 964 4298 tamen
1010 4253 1137 4298 non
1180 4243 1277 4298 est
1315 4237 1571 4318 proprie
1614 4236 1769 4300 effe-
1797 4239 1849 4303 D
1878 4250 1950 4295 ro
1978 4233 2061 4295 sit
2100 4250 2276 4314 puer,
2306 4238 2462 4294 tunc
2502 4232 2774 4314 ipsemet
2803 4233 3014 4315 potius
3043 4233 3234 4298 debet
3263 4254 3376 4317 pu-

303 4334 420 4392 ctus
461 4332 765 4414 Baptismi
819 4351 833 4395 :
886 4333 1040 4416 quia
1084 4334 1447 4417 Baptismus
1493 4353 1623 4398 non
1670 4344 1769 4398 est
1877 4349 2059 4394 erum
2108 4330 2451 4413 baptizare,
2493 4349 2686 4412 quam
2735 4330 3013 4413 pretium
3062 4335 3374 4398 sacerdoti

302 4427 405 4488 uisi
438 4447 621 4493 causa
666 4431 1193 4506 instrumentaliS,
1226 4450 1345 4494 nec
1389 4440 1486 4495 est
1534 4434 1766 4496 instru—
1876 4448 1993 4512 pro
2032 4428 2352 4511 baptismo
2395 4428 2579 4511 pueri
2622 4428 2970 4494 simoniace
3009 4432 3176 4495 dare.
3209 4434 3377 4496 Atta-

302 4534 559 4590 mentum
596 4547 791 4610 agens
837 4529 903 4591 in
940 4529 1177 4591 virtute
1215 4529 1517 4603 ministri,
1549 4531 1661 4612 qui
1705 4540 1769 4594 et
1877 4546 2024 4590 men
2064 4527 2316 4589 licitum
2355 4535 2453 4589 est
2493 4527 2552 4588 ei
2601 4546 2814 4590 emere
2851 4548 3107 4611 aquam,
3141 4531 3196 4594 si
3233 4550 3374 4596 eam

302 4621 415 4703 ipse
449 4625 942 4690 instrumentum
984 4634 1099 4702 est,
1134 4628 1244 4690 sed
1285 4628 1350 4691 in
1382 4627 1615 4691 Christi
1645 4629 1771 4691 vir·
1874 4626 2028 4689 alias
2068 4625 2304 4688 habere
2343 4643 2472 4688 non
2499 4625 2691 4700 valet,
2727 4627 2879 4708 quia
2914 4647 3080 4710 aqua
3111 4648 3237 4693 non
3279 4638 3375 4694 est

299 4727 410 4784 tute
444 4741 518 4786 ac
557 4724 691 4788 Dei.
1874 4723 2029 4807 quid
2078 4741 2350 4786 sacrum.
2405 4723 2478 4784 Et
2527 4723 2580 4785 si
2635 4724 2719 4786 sit
2775 4725 3190 4803 sanctificata,
3243 4746 3372 4792 non

364 4818 758 4903 Respondeas
806 4840 1063 4906 quoque
1110 4824 1189 4886 ad
1238 4832 1561 4907 quartum,
1592 4824 1767 4888 affir—
1873 4829 2172 4905 operatur
2227 4821 2306 4883 ad
2366 4821 2762 4904 Baptismum
2824 4830 2895 4885 ut
2949 4825 3367 4901 sanctificata,

1875 4921 2058 5004 quasi
2090 4919 2515 4984 sanctificatio
2543 4921 2622 4984 de
2653 4921 3026 4984 necessitate
3056 4923 3366 5004 exigatur,

1874 5020 1984 5084 sed
2016 5028 2087 5082 ut
2113 5038 2278 5102 aqua
2311 5037 2326 5082 ε
2360 5020 2600 5083 idcirco
2629 5038 2756 5083 non
2787 5020 2944 5081 emit
2970 5039 3202 5102 aquam
3231 5040 3370 5085 san-

1874 5118 2244 5192 ctificatam,
2277 5118 2388 5180 sed
2417 5138 2666 5202 aquam.
2699 5117 2915 5200 Aliqui
2945 5136 3096 5181 vero
3125 5119 3364 5196 dicunt,

1874 5219 2043 5301 quod
2088 5224 2297 5300 potest
2341 5217 2619 5300 pretium
2666 5217 2814 5279 dare
2849 5216 3198 5298 :quoniam
3246 5218 3367 5283 hoc

1874 5335 2003 5381 non
2042 5325 2143 5379 est
2183 5317 2522 5380 simoniam
2571 5315 2992 5390 committere,
3023 5316 3132 5378 sed
3179 5335 3366 5382 vexa-

302 4925 452 4980 mat:
482 4919 881 5003 Quicumque
924 4922 989 4985 in
1022 4923 1273 4986 mortali
1313 4932 1573 5005 peccato
1602 4924 1765 4986 exsi-

301 5019 733 5090 stens,exhibet
758 5039 827 5082 se
858 5020 1219 5083 ministrum
1250 5021 1769 5096 Ecclesiae,etiam

303 5111 357 5173 in
380 5133 771 5200 quocumque
802 5119 1137 5200 spirituali,
1154 5127 1395 5200 peccat,
1407 5120 1589 5201 juxta
1616 5139 1768 5202 quo-

306 5215 563 5278 rumdam
588 5217 963 5299 opinionem
992 5217 1147 5280 satis
1176 5217 1598 5300 probabilem,
1622 5239 1765 5302 quae

120 5303 213 5360 ΕΜ
234 5327 288 5360 τι
306 5314 639 5378 auctoritate
666 5315 873 5379 divini
903 5315 1189 5398 Dionysii
1222 5315 1661 5394 confirmatur,
1695 5325 1765 5382 ut
