4267 6250
1039 525 1126 572 ΑΝ
1167 523 1614 572 courmmrmma
1656 525 1750 570 srr
1789 523 1854 570 m
1896 522 2296 570 rmum-ruo
2336 523 2451 570 vm.
2492 524 2699 571 Azuo
3296 504 3418 570 303

315 689 623 765 Secunde,
670 691 826 773 quia
873 701 1262 776 praeceptum
1314 693 1438 756 fuit
1485 692 1549 756 in
1599 693 1813 756 Exodo
1841 691 1892 753 Α
1921 700 1986 754 et
2035 691 2100 755 in
2152 691 2529 756 fermentato
2579 691 2812 756 confici
2862 685 3083 776 possit,
3134 693 3245 754 sed
3290 709 3417 755 non

91 806 291 857 emm.
315 789 391 850 de
438 807 604 871 agno
653 790 939 872 paschali
978 808 992 852 ε
1028 790 1166 854 Non
1215 792 1563 854 comedetis
1612 809 1690 853 ex
1739 808 1816 854 eo

315 888 584 950 crudum
633 891 813 972 quid,
863 909 982 953 nec
1029 900 1280 954 coctum
1332 911 1517 975 aqua,
1565 891 1676 954 sed
1723 911 1815 954 as-

313 1005 452 1048 sum
513 993 766 1050 tantum
825 988 976 1070 igni.
1029 989 1152 1052 Sed
1203 990 1270 1052 in
1324 990 1535 1052 triduo
1593 989 1816 1052 mortis

313 1083 599 1146 Christus
634 1084 760 1147 fuit
797 1087 980 1168 quasi
1016 1087 1082 1149 in
1123 1087 1344 1150 mortis
1382 1085 1719 1160 assatione,
1751 1094 1816 1149 et

310 1181 494 1243 tertia
522 1182 628 1244 die
669 1201 1030 1265 resurgens,
1063 1184 1252 1266 plene
1293 1191 1680 1267 praeparatus
1719 1190 1816 1246 est

311 1280 633 1361 spirituali
700 1281 1094 1344 comestioni.
1157 1283 1388 1356 Terti0,
1450 1283 1601 1364 quia
1663 1289 1815 1343 tunc

311 1377 600 1440 Christus
659 1378 941 1461 perfecte
999 1379 1205 1442 factus
1263 1387 1361 1442 est
1417 1380 1652 1462 pascha
1708 1397 1817 1441 no-

311 1482 537 1551 strum,
574 1477 885 1539 transiens
923 1477 1004 1540 ab
1045 1478 1162 1540 hac
1192 1478 1296 1540 via
1335 1485 1399 1540 et
1439 1477 1816 1540 mortalitate

313 1576 610 1656 praesenti
658 1575 736 1637 ad
784 1575 984 1638 beatae
1022 1575 1516 1639 immortalitatis
1556 1574 1818 1637 felicita-

313 1681 440 1734 tem
483 1681 546 1734 et
588 1673 876 1754 gloriam.
924 1674 1066 1738 Haec
1110 1674 1664 1738 AntisiodorensiS.

392 1772 631 1834 Verum
682 1772 760 1835 de
804 1773 904 1836 his
943 1773 1213 1836 Thomas
1261 1773 1514 1856 plenius
1562 1792 1634 1835 ac
1683 1773 1816 1856 pla-

1922 791 2060 854 sine
2105 799 2388 873 peccat0,
2423 798 2641 874 utpote
2685 810 2928 855 morem
2978 799 3041 854 et
3082 790 3420 854 ordinatio-

1921 907 2070 951 nem
2118 889 2413 952 Romanae
2456 889 2754 952 Ecclesiae
2795 907 2923 952 non
2966 890 3294 953 servando.

2021 987 2238 1069 ltaque
2294 987 2731 1050 auctoritatem
2795 987 2969 1050 illam
3018 987 3076 1050 S.
3137 987 3416 1061 Joannis,

1922 1086 2084 1148 Ante
2127 1086 2301 1148 diem
2339 1085 2576 1148 festum
2615 1087 2885 1161 Paschae,
2921 1086 3118 1150 Graeci
3163 1087 3265 1149 isti
3309 1086 3421 1148 fal-

1923 1203 1989 1246 se
2038 1191 2389 1267 exponunt,
2441 1185 2593 1266 quia
2638 1202 2859 1247 eorum
2911 1185 3273 1247 intellectus
3327 1193 3425 1247 est

1925 1281 2261 1344 manifeste
2312 1283 2667 1344 contrarius
2717 1283 2923 1345 tribus
2980 1283 3421 1364 EvangelistiS,

1923 1380 2161 1462 quibus
2205 1380 2573 1443 nullatenus
2617 1382 3049 1444 contradicere
3095 1381 3261 1444 licet.
3295 1381 3425 1444 Nec

1924 1479 2045 1541 hoc
2073 1478 2311 1541 alicubi
2343 1479 2669 1541 invenitur
2696 1479 2764 1541 in
2804 1479 2963 1561 lege,
2999 1480 3167 1562 quod
3205 1479 3422 1542 lunam

1924 1577 2531 1659 quartamdecimam
2563 1577 2910 1660 anticipare
2940 1585 3043 1640 aut
3073 1579 3423 1660 praevenire

1925 1675 2195 1738 licuerit.
2213 1676 2387 1738 Unde
2418 1675 2678 1756 quidam
2711 1675 3071 1739 Graecorum
3101 1677 3421 1751 dixerunt,

1925 1791 2052 1836 non
2084 1774 2376 1836 eamdem
2415 1772 2615 1837 fuisse
2653 1774 2849 1849 diem,
2885 1775 2951 1836 in
2982 1794 3109 1857 qua
3141 1775 3426 1838 Salvator

314 1871 456 1932 nius
485 1869 779 1932 scribens
813 1888 827 1932 :
862 1871 1192 1946 DominuS,
1226 1871 1455 1953 inquit,
1487 1871 1552 1933 in
1592 1889 1813 1953 azymo
1849 1869 1896 1932 B
1925 1872 2120 1954 pedes
2152 1871 2305 1934 lavit
2342 1871 2803 1954 discipulorum
2842 1881 2907 1935 et
2942 1873 3111 1935 istud
3148 1872 3425 1936 instituit

315 1967 612 2044 confecit,
647 1977 720 2030 ut
747 1987 826 2031 ex
853 1969 1064 2032 tribus
1093 1969 1512 2051 Evangelistis
1553 1969 1815 2032 manife-

316 2073 405 2128 ste
447 2065 762 2146 habetur3
807 2073 870 2128 et
913 2065 1000 2128 ita
1049 2066 1114 2128 in
1159 2066 1487 2148 primitiva
1532 2067 1816 2130 Ecclesia

315 2164 594 2246 Apostoli
622 2163 1047 2228 observabant
1073 2183 1146 2227 ac
1177 2164 1610 2228 celebrabant:
1630 2184 1815 2246 quem

318 2281 556 2326 morem
589 2263 874 2326 Romana
900 2263 1183 2326 Ecclesia
1218 2263 1300 2325 ab
1330 2263 1670 2346 ApostoliS,
1703 2263 1814 2346 qui

318 2380 450 2424 eam
523 2361 980 2436 fundaverunt,
1041 2361 1310 2443 accepit,
1375 2369 1442 2422 ut
1505 2362 1813 2425 Innocen-

317 2463 436 2523 tius
477 2461 562 2522 111
603 2459 820 2523 refert.
864 2461 1083 2523 Postea
1121 2478 1292 2533 ver0,
1327 2469 1398 2522 ut
1436 2461 1658 2523 recitat
1691 2460 1816 2524 Leo

317 2560 494 2642 Papa,
529 2559 916 2622 imminente
951 2559 1174 2622 haeresi
1207 2558 1670 2634 Ebionitarum,
1703 2559 1813 2642 qui

317 2659 613 2721 dixerunt
643 2657 871 2739 legalia
909 2657 1101 2720 simul
1142 2677 1290 2720 cum
1329 2657 1672 2738 Evangelio
1709 2657 1818 2721 ob-

317 2757 642 2830 servanda,
677 2757 882 2818 sancti
929 2757 1160 2830 Patres,
1194 2775 1275 2818 ne
1323 2756 1639 2820 haereticis
1688 2756 1816 2819 illis

317 2855 678 2918 consentire
707 2855 1099 2929 viderentur,
1123 2861 1480 2918 statuerunt
1509 2855 1814 2917 instinctu

319 2954 588 3036 Spiritus
644 2953 862 3016 Sancti
921 2953 1228 3016 celebrari
1289 2955 1354 3016 in
1413 2953 1809 3017 fermentato.

1926 1976 2423 2048 sacramentum3
2447 1970 2557 2031 sed
2588 1970 2751 2051 quod
2786 1989 2913 2033 una
2940 1971 3131 2033 aliam
3163 1989 3426 2054 praeces-

1922 2068 2025 2143 sit,
2059 2077 2122 2130 et
2163 2068 2241 2130 de
2289 2068 2496 2150 prima
2539 2068 2824 2151 loquitur
2858 2070 3150 2144 JoanneS,
3182 2071 3261 2133 de
3300 2070 3425 2134 alia

1921 2167 2117 2229 ceteri
2159 2165 2593 2247 Evangelistae.
2629 2167 2805 2241 Quod
2844 2176 2942 2230 est
2980 2176 3199 2231 contra
3230 2187 3419 2230 usum

1923 2266 2242 2340 Ecclesiae,
2276 2284 2419 2347 quae
2448 2265 2672 2347 quinta
2699 2266 2859 2329 feria
2900 2266 3293 2330 ablutionem
3326 2286 3423 2330 ce-

1923 2364 2126 2427 lebrat
2153 2365 2423 2447 pedum3
2456 2373 2521 2426 et
2548 2372 2767 2427 contra
2798 2365 3123 2446 Evangelii
3156 2373 3419 2440 textum,

1923 2463 2227 2544 quoniam
2286 2469 2357 2523 ut
2412 2469 2677 2545 apparet
2742 2482 2819 2525 ex
2887 2464 3051 2526 serie
3109 2465 3419 2546 evangelii

1921 2560 1987 2622 B.
2020 2561 2300 2634 Joannis,
2334 2561 2557 2622 eodem
2599 2579 2741 2624 sero
2779 2579 2906 2644 quo
2945 2563 3138 2644 pedes
3180 2562 3352 2637 lavit,
3384 2583 3422 2626 a
3447 2584 3715 2638 amanam,

1920 2658 2078 2721 Juda
2128 2666 2271 2741 post
2311 2658 2665 2721 buccellam
2715 2660 3047 2722 recedente
3090 2667 3187 2722 est
3231 2661 3421 2723 tradi·
3449 2649 3577 2699 ⁵²³⁰·

1923 2764 2046 2818 tus.
2081 2756 2241 2818 Hinc
2284 2756 2651 2831 dicendum,
2685 2757 2853 2838 quod
2898 2757 3033 2821 dies
3076 2757 3277 2821 festus
3316 2759 3421 2822 Pa-

1925 2854 2094 2917 schae
2138 2863 2400 2917 vocatur
2434 2855 2641 2938 prima
2684 2856 2819 2918 dies
2861 2856 2940 2919 de
2974 2863 3241 2939 septem,
3280 2877 3421 2939 quae
3450 2879 3719 2933 Lamina.

1925 2950 2050 3014 fuit
2079 2951 2496 3015 celeberrima
2534 2959 2599 3014 et
2634 2952 2877 3015 exstitit
2913 2953 3064 3016 luna
3094 2955 3421 3036 quintade-

319 3053 743 3135 Cessanteque
792 3051 1039 3126 haeresi,
1081 3053 1360 3115 Romana
1409 3051 1693 3114 Ecclesia
1737 3053 1812 3115 ad
1845 3055 1890 3120 C
1929 3050 2116 3125 eima,
2150 3056 2342 3133 atque
2381 3051 2445 3113 in
2476 3069 2741 3135 vespere
2775 3051 3156 3134 praecedenti
3194 3051 3424 3116 offere·
3450 3065 3720 3120 Emonam.

319 3152 662 3232 pristinum
703 3149 894 3213 rediit
924 3167 1198 3229 morem3
1232 3149 1430 3213 Graeci
1461 3168 1612 3213 vero
1646 3170 1820 3213 man-

317 3258 528 3311 serunt
560 3249 627 3311 in
660 3244 1064 3311 observantia
1095 3248 1216 3323 illa,
1229 3249 1546 3323 addenteS,
1561 3250 1724 3331 quod
1757 3249 1820 3311 in

320 3347 702 3410 fermentato
729 3354 980 3409 tantum
1011 3346 1245 3410 confici
1276 3356 1488 3429 posset
1510 3348 1618 3410 :ad
1649 3347 1818 3429 quod

321 3446 746 3528 probandum,
807 3445 1106 3507 dixerunt
1163 3446 1504 3508 Dominum
1568 3446 1634 3508 in
1694 3445 1820 3508 fer-

321 3552 600 3608 mentato
629 3561 1055 3607 consecrasse.
1088 3544 1424 3626 Quumque
1461 3552 1590 3606 tres
1620 3544 1820 3607 Evan-

319 3644 558 3724 gelistae
586 3643 805 3706 dicant
831 3642 1174 3705 Dominum
1208 3642 1414 3725 prima
1441 3643 1544 3705 die
1575 3660 1820 3725 azymo-

323 3762 460 3805 rum
491 3741 854 3804 instituisse
883 3741 1002 3804 hoc
1033 3750 1524 3816 sacramentum,
1558 3742 1817 3823 quidam

323 3840 684 3904 Graecorum
744 3838 810 3900 in
869 3846 1110 3901 tantam
1169 3846 1600 3921 proruperunt
1657 3839 1821 3901 insa-

323 3939 516 4013 niam,
552 3937 722 4019 quod
753 3936 1053 3999 dixerunt
1081 3944 1210 3999 tres
1251 3937 1683 4018 Evangelistas
1712 3937 1824 4000 fal-

322 4056 464 4099 sum
492 4036 854 4118 scripsisse,
886 4043 1076 4117 atque
1105 4054 1143 4098 a
1168 4036 1408 4098 Ioanne
1446 4054 1584 4099 esse
1619 4054 1823 4099 corre-

324 4144 476 4208 ctos,
511 4134 768 4197 dicente
801 4150 815 4195 :
849 4133 1009 4196 Ante
1049 4134 1222 4195 diem
1267 4131 1504 4196 festum
1544 4134 1817 4211 Paschae,

1925 3148 2114 3211 batur
2142 3158 2205 3211 et
2232 3148 2678 3212 comedebatur
2703 3169 2903 3232 agnus
2935 3151 3249 3234 paschalis
3277 3172 3423 3216 cum

1926 3248 2165 3330 azymis
2223 3248 2554 3329 panibus3*
2591 3256 2873 3331 tuncque
2932 3248 3217 3313 Christus
3274 3250 3429 3314 fecit

1930 3346 2188 3409 Coenam
2230 3365 2377 3408 cum
2415 3345 2770 3428 discipulis.
2806 3347 2884 3409 Et
2921 3348 3084 3410 hanc
3125 3349 3295 3411 diem
3336 3350 3426 3412 di-

1929 3452 2082 3507 cunt
2123 3452 2251 3507 tres
2296 3444 2711 3525 Evangelistae
2750 3446 2921 3508 diem
2961 3447 3242 3529 primum
3288 3467 3428 3531 azy-

1932 3561 2205 3617 morum,
2238 3550 2303 3605 et
2337 3543 2627 3616 JoanneS,
2660 3550 2805 3605 ante
2845 3545 3015 3607 diem
3048 3544 3280 3608 festum
3321 3547 3427 3609 Pa-

1930 3642 2116 3705 schae.
2160 3676 2241 3687 —-
2282 3640 2569 3721 Insuper,
2621 3658 2749 3703 non
2798 3650 3045 3723 oportet
3094 3644 3426 3707 veritatem

1932 3741 1997 3802 in
2028 3738 2329 3802 omnibus
2358 3740 2853 3821 correspondere
2881 3739 3105 3821 figurae
3140 3758 3155 3803 ε
3188 3742 3429 3824 alioqui

1929 3838 2142 3901 dicere
2171 3844 2491 3919 oporteret
2521 3836 2838 3899 Christum
2869 3836 3070 3901 fuisse
3098 3839 3174 3900 ad
3207 3858 3428 3921 vespe-

1930 3955 2066 3998 ram
2107 3936 2393 3998 oblatum
2438 3934 2503 3997 in
2548 3952 2756 3998 cruce.

2009 4034 2184 4107 Quod
2234 4051 2386 4096 vero
2443 4032 2779 4114 objiciunt,
2831 4035 2999 4115 quod
3045 4035 3243 4099 Judaei
3298 4055 3426 4100 non

1931 4132 2315 4195 introierunt
2342 4132 2732 4213 praetorium,
2756 4139 2902 4206 etc.‚
2926 4132 3196 4196 solvitur
3227 4151 3242 4197 ε
3276 4153 3428 4216 quo-

323 4241 440 4295 etc.
515 4232 806 4314 Denique
874 4231 1020 4294 dato
1087 4231 1259 4312 quod
1325 4231 1609 4295 Christus
1673 4232 1823 4295 luna
1852 4234 1902 4296 D
1930 4230 2101 4293 niam
2133 4230 2367 4312 pascha
2398 4229 2618 4293 multis
2646 4231 2845 4294 modis
2875 4231 3143 4294 sumitur
3172 4233 3237 4294 in
3269 4233 3431 4296 Scri-

324 4330 764 4393 tertiadecima
800 4329 902 4409 (ut
943 4329 1194 4409 dicunt)
1232 4347 1478 4392 coenam
1521 4329 1696 4392 illam
1735 4328 1824 4391 fe-

325 4429 536 4501 cisset,
587 4427 798 4489 adhuc
845 4426 1174 4488 evidenter
1224 4427 1600 4501 ostenditur,
1654 4427 1822 4510 quod

328 4526 392 4588 in
417 4543 644 4609 azymo
675 4524 963 4589 Christus
1003 4524 1280 4587 confecit
1313 4542 1327 4587 :
1363 4526 1514 4607 quia
1540 4527 1642 4607 (ut
1671 4526 1822 4588 scri-

327 4623 420 4686 bit
457 4624 948 4707 chrysostomus
987 4638 1183 4705 super
1218 4623 1608 4705 Matthaeum)
1645 4643 1823 4706 aper-

325 4724 572 4786 tissime
601 4722 912 4785 Dominus
940 4722 1420 4796 demonstravit,
1442 4722 1613 4804 quod
1643 4741 1679 4784 a
1709 4723 1826 4785 cir-

326 4820 742 4885 cumcisionis
781 4838 911 4883 suae
950 4818 1270 4901 principio
1305 4839 1508 4902 usque
1545 4821 1623 4883 ad
1652 4822 1824 4883 diem

325 4921 573 4983 Paschae
603 4925 983 4991 extremum,
996 4934 1120 4979 non
1147 4916 1271 4978 fuit
1298 4917 1652 4981 divinarum
1684 4935 1829 4981 con—

326 5020 556 5082 trarius
587 5018 825 5099 legum,
859 5016 925 5079 in
966 5014 1201 5098 quibus
1232 5016 1721 5098 praecipiebatur
1759 5026 1828 5079 ut

327 5137 472 5181 cum
503 5118 744 5201 azymis
774 5134 975 5197 agnus
1007 5115 1449 5177 comederetur
1486 5115 1820 5197 paschalis,

311 5218 567 5280 -Idcirco
595 5215 966 5288 dicendum,
996 5214 1163 5296 quod
1193 5214 1260 5275 in
1288 5231 1509 5297 azymo
1539 5214 1824 5277 Christus

328 5315 625 5390 confecit,
660 5320 725 5377 et
754 5314 840 5376 ita
867 5312 1342 5376 conficiendum
1381 5319 1498 5387 est,
1533 5314 1824 5396 quamvis

1931 4329 2159 4411 pturiS,
2192 4336 2255 4390 et
2288 4328 2378 4390 ibi
2410 4346 2524 4411 pro
2564 4328 2971 4411 paschalibus
3002 4330 3166 4393 cibis
3196 4332 3429 4415 accipi-

1931 4435 2053 4488 tur.
2108 4426 2591 4509 Chrysostomus
2644 4434 2857 4489 tamen
2908 4427 3191 4510 loquitur
3238 4449 3431 4513 super

1930 4526 2253 4598 Joannem,
2267 4525 2435 4606 quod
2468 4523 2845 4605 intelligitur
2871 4526 2951 4587 de
2980 4544 3142 4607 agno
3173 4529 3431 4610 pascha-

1935 4624 2002 4697 li,
2034 4642 2227 4705 quem
2261 4622 2326 4684 in
2355 4622 2479 4684 alia
2508 4622 2611 4685 die
2643 4643 2833 4704 quam
2870 4623 2970 4686 lex
3004 4624 3297 4700 instituit,
3332 4646 3432 4691 co-

1935 4722 2293 4795 mederunt,
2324 4720 2642 4783 solventes
2682 4720 2909 4801 legem,
2943 4730 3011 4785 ut
3039 4723 3426 4787 desiderium

1935 4840 2124 4883 suum
2171 4820 2513 4901 implerent
2554 4818 2618 4880 in
2664 4818 2895 4881 Christi
2938 4820 3276 4884 occisione.

2014 4918 2343 5000 Objiciunt
2384 4933 2638 4999 quoque
2687 4915 2907 4990 Graeci,
2940 4918 3110 4999 quod
3154 4920 3289 4983 dies
3332 4940 3427 4983 se·

1937 5017 2207 5100 pulturae
2257 5015 2488 5080 Christi
2536 5022 2800 5077 vocatur
2848 5033 3115 5096 magnus
3162 5017 3298 5080 dies
3340 5017 3429 5081 fe·
3455 5044 3719 5099 Joanmu,

1935 5123 2068 5178 stus
2093 5133 2108 5177 ε
2132 5133 2284 5195 ergo
2310 5113 2434 5177 fuit
2461 5114 2708 5196 primus
2737 5113 2872 5175 dies
2902 5121 3145 5195 septem
3176 5116 3425 5179 dierum
3458 5110 3526 5152 ³¹·

1934 5214 2189 5275 illorum
2230 5212 2616 5287 solennium,
2659 5212 2767 5293 qui
2806 5212 3051 5294 primus
3091 5214 3226 5277 dies
3265 5216 3428 5279 cele·
3456 5241 3721 5294 mexms.

1933 5311 2250 5375 berrimus
2300 5310 2443 5386 fuit,
2476 5311 2827 5377 secundum
2878 5310 3103 5393 legem.
3138 5348 3219 5359 —
3243 5314 3425 5394 Item,
