<?xml version="1.0" encoding="UTF-8"?>
<!DOCTYPE html PUBLIC "-//W3C//DTD XHTML 1.0 Transitional//EN"
    "http://www.w3.org/TR/xhtml1/DTD/xhtml1-transitional.dtd">
<html xmlns="http://www.w3.org/1999/xhtml" xml:lang="en" lang="en">
 <head>
  <title>
</title>
<meta http-equiv="Content-Type" content="text/html;charset=utf-8" />
  <meta name='ocr-system' content='tesseract 3.04.00' />
  <meta name='ocr-capabilities' content='ocr_page ocr_carea ocr_par ocr_line ocrx_word'/>
</head>
<body>
  <div class='ocr_page' id='page_1' title='image "./doctorisecstati04unkngoog_0194.png"; bbox 0 0 4267 6250; ppageno 0'>
   <div class='ocr_carea' id='block_1_1' title="bbox 845 490 3087 557">
    <p class='ocr_par' dir='ltr' id='par_1_1' title="bbox 845 490 3087 557">
     <span class='ocr_line' id='line_1_1' title="bbox 845 490 3087 557; baseline 0 -3"><span class='ocrx_word' id='word_1_1' title='bbox 845 490 964 556; x_wconf 82' lang='lat'>178</span> <span class='ocrx_word' id='word_1_2' title='bbox 1711 511 1775 557; x_wconf 76' lang='lat' dir='ltr'>m</span> <span class='ocrx_word' id='word_1_3' title='bbox 1815 511 2038 557; x_wconf 74' lang='lat' dir='ltr'>unnim</span> <span class='ocrx_word' id='word_1_4' title='bbox 2078 509 2143 554; x_wconf 80' lang='lat' dir='ltr'>iv</span> <span class='ocrx_word' id='word_1_5' title='bbox 2184 506 2669 554; x_wconf 65' lang='lat' dir='ltr'>snm-munuli.</span> <span class='ocrx_word' id='word_1_6' title='bbox 2710 525 2791 536; x_wconf 93' lang='lat'><em>-</em></span> <span class='ocrx_word' id='word_1_7' title='bbox 2832 508 2986 555; x_wconf 80' lang='lat' dir='ltr'>msr.</span> <span class='ocrx_word' id='word_1_8' title='bbox 3025 509 3087 555; x_wconf 79' lang='lat' dir='ltr'>vi</span> 
     </span>
    </p>
   </div>
   <div class='ocr_carea' id='block_1_2' title="bbox 841 676 4238 1548">
    <p class='ocr_par' dir='ltr' id='par_1_2' title="bbox 842 676 4238 1156">
     <span class='ocr_line' id='line_1_2' title="bbox 845 676 4232 764; baseline -0.001 -22"><span class='ocrx_word' id='word_1_9' title='bbox 845 699 1046 762; x_wconf 89' lang='lat' dir='ltr'>quum</span> <span class='ocrx_word' id='word_1_10' title='bbox 1076 682 1276 764; x_wconf 90' lang='lat' dir='ltr'>gratia</span> <span class='ocrx_word' id='word_1_11' title='bbox 1304 683 1387 745; x_wconf 92' lang='lat' dir='ltr'>sit</span> <span class='ocrx_word' id='word_1_12' title='bbox 1414 680 1914 764; x_wconf 89' lang='lat' dir='ltr'>supernaturalis</span> <span class='ocrx_word' id='word_1_13' title='bbox 1944 680 2233 762; x_wconf 83' lang='lat' dir='ltr'>quaedam</span> <span class='ocrx_word' id='word_1_14' title='bbox 2264 678 2343 740; x_wconf 91' lang='lat' dir='ltr'>si·</span> <span class='ocrx_word' id='word_1_15' title='bbox 2369 676 2421 739; x_wconf 88' lang='lat' dir='ltr'>A</span> <span class='ocrx_word' id='word_1_16' title='bbox 2452 697 2647 760; x_wconf 90' lang='lat' dir='ltr'>quum</span> <span class='ocrx_word' id='word_1_17' title='bbox 2678 695 2897 741; x_wconf 91' lang='lat' dir='ltr'>omnes</span> <span class='ocrx_word' id='word_1_18' title='bbox 2927 679 3210 742; x_wconf 90' lang='lat' dir='ltr'>distincti</span> <span class='ocrx_word' id='word_1_19' title='bbox 3238 678 3502 742; x_wconf 86' lang='lat' dir='ltr'>fuerunt</span> <span class='ocrx_word' id='word_1_20' title='bbox 3528 678 3611 741; x_wconf 90' lang='lat' dir='ltr'>ab</span> <span class='ocrx_word' id='word_1_21' title='bbox 3638 677 3959 761; x_wconf 80' lang='lat' dir='ltr'>AEgyptiis</span> <span class='ocrx_word' id='word_1_22' title='bbox 3988 697 4232 748; x_wconf 67' lang='grc' dir='ltr'>Εωα.ιι,·ι.</span> 
     </span>
     <span class='ocr_line' id='line_1_3' title="bbox 846 775 3960 861; baseline -0.001 -22"><span class='ocrx_word' id='word_1_23' title='bbox 846 778 1142 842; x_wconf 86' lang='lat' dir='ltr'>militudo</span> <span class='ocrx_word' id='word_1_24' title='bbox 1202 780 1434 844; x_wconf 82' lang='lat' dir='ltr'>divinae</span> <span class='ocrx_word' id='word_1_25' title='bbox 1496 780 1805 842; x_wconf 83' lang='lat' dir='ltr'>essentiae.</span> <span class='ocrx_word' id='word_1_26' title='bbox 1868 779 2026 841; x_wconf 85' lang='lat' dir='ltr'>Hinc</span> <span class='ocrx_word' id='word_1_27' title='bbox 2086 794 2343 861; x_wconf 89' lang='lat' dir='ltr'>quoque</span> <span class='ocrx_word' id='word_1_28' title='bbox 2450 775 2527 838; x_wconf 88' lang='lat' dir='ltr'>ad</span> <span class='ocrx_word' id='word_1_29' title='bbox 2561 775 2945 838; x_wconf 89' lang='lat' dir='ltr'>veniendum</span> <span class='ocrx_word' id='word_1_30' title='bbox 2978 776 3045 838; x_wconf 92' lang='lat' dir='ltr'>in</span> <span class='ocrx_word' id='word_1_31' title='bbox 3076 785 3309 839; x_wconf 89' lang='lat' dir='ltr'>terram</span> <span class='ocrx_word' id='word_1_32' title='bbox 3340 776 3820 859; x_wconf 83' lang='lat' dir='ltr'>promissionis3</span> <span class='ocrx_word' id='word_1_33' title='bbox 3856 793 3960 837; x_wconf 93' lang='lat' dir='ltr'>se-</span> 
     </span>
     <span class='ocr_line' id='line_1_4' title="bbox 843 874 4234 960; baseline 0 -22"><span class='ocrx_word' id='word_1_34' title='bbox 843 876 1168 940; x_wconf 86' lang='lat' dir='ltr'>character</span> <span class='ocrx_word' id='word_1_35' title='bbox 1195 879 1503 941; x_wconf 84' lang='lat' dir='ltr'><strong>assimilat</strong></span> <span class='ocrx_word' id='word_1_36' title='bbox 1532 875 1786 960; x_wconf 85' lang='lat' dir='ltr'>gregem</span> <span class='ocrx_word' id='word_1_37' title='bbox 1820 877 1956 952; x_wconf 91' lang='lat' dir='ltr'>Dei,</span> <span class='ocrx_word' id='word_1_38' title='bbox 1990 878 2054 939; x_wconf 93' lang='lat' dir='ltr'>id</span> <span class='ocrx_word' id='word_1_39' title='bbox 2084 883 2181 939; x_wconf 91' lang='lat' dir='ltr'>est</span> <span class='ocrx_word' id='word_1_40' title='bbox 2208 895 2342 938; x_wconf 89' lang='lat' dir='ltr'>cre·</span> <span class='ocrx_word' id='word_1_41' title='bbox 2452 874 2678 947; x_wconf 89' lang='lat' dir='ltr'>cunda,</span> <span class='ocrx_word' id='word_1_42' title='bbox 2712 875 2866 937; x_wconf 92' lang='lat' dir='ltr'>dum</span> <span class='ocrx_word' id='word_1_43' title='bbox 2898 875 3093 938; x_wconf 77' lang='lat' dir='ltr'>sortes</span> <span class='ocrx_word' id='word_1_44' title='bbox 3122 874 3203 937; x_wconf 89' lang='lat' dir='ltr'>ab</span> <span class='ocrx_word' id='word_1_45' title='bbox 3234 875 3537 950; x_wconf 76' lang='lat' dir='ltr'>infirmis,</span> <span class='ocrx_word' id='word_1_46' title='bbox 3556 875 3632 938; x_wconf 91' lang='lat' dir='ltr'>ad</span> <span class='ocrx_word' id='word_1_47' title='bbox 3670 893 3963 957; x_wconf 85' lang='lat' dir='ltr'>pugnan·</span> <span class='ocrx_word' id='word_1_48' title='bbox 3989 895 4234 944; x_wconf 53' lang='lat' dir='ltr'>Dazan-a.</span> 
     </span>
     <span class='ocr_line' id='line_1_5' title="bbox 843 971 4238 1057; baseline -0.001 -21"><span class='ocrx_word' id='word_1_49' title='bbox 843 974 1088 1050; x_wconf 80' lang='lat' dir='ltr'>denteS,</span> <span class='ocrx_word' id='word_1_50' title='bbox 1123 977 1290 1039; x_wconf 89' lang='lat' dir='ltr'>inter</span> <span class='ocrx_word' id='word_1_51' title='bbox 1325 996 1415 1052; x_wconf 90' lang='lat' dir='ltr'>se,</span> <span class='ocrx_word' id='word_1_52' title='bbox 1449 985 1512 1040; x_wconf 91' lang='lat' dir='ltr'>et</span> <span class='ocrx_word' id='word_1_53' title='bbox 1549 995 1658 1040; x_wconf 94' lang='lat' dir='ltr'>eos</span> <span class='ocrx_word' id='word_1_54' title='bbox 1698 975 2033 1057; x_wconf 86' lang='lat' dir='ltr'><strong>distinguit</strong></span> <span class='ocrx_word' id='word_1_55' title='bbox 2061 975 2143 1037; x_wconf 92' lang='lat' dir='ltr'>ab</span> <span class='ocrx_word' id='word_1_56' title='bbox 2172 974 2335 1037; x_wconf 88' lang='lat' dir='ltr'>aliis.</span> <span class='ocrx_word' id='word_1_57' title='bbox 2451 973 2603 1034; x_wconf 90' lang='lat' dir='ltr'>dum</span> <span class='ocrx_word' id='word_1_58' title='bbox 2636 973 2703 1034; x_wconf 90' lang='lat' dir='ltr'>in</span> <span class='ocrx_word' id='word_1_59' title='bbox 2732 973 2943 1052; x_wconf 92' lang='lat' dir='ltr'>bello;</span> <span class='ocrx_word' id='word_1_60' title='bbox 2977 973 3183 1048; x_wconf 88' lang='lat' dir='ltr'>tertia,</span> <span class='ocrx_word' id='word_1_61' title='bbox 3208 975 3363 1036; x_wconf 91' lang='lat' dir='ltr'>dum</span> <span class='ocrx_word' id='word_1_62' title='bbox 3395 974 3628 1037; x_wconf 80' lang='lat' dir='ltr'>Levitae</span> <span class='ocrx_word' id='word_1_63' title='bbox 3657 992 3695 1035; x_wconf 98' lang='lat' dir='ltr'>a</span> <span class='ocrx_word' id='word_1_64' title='bbox 3722 971 3961 1035; x_wconf 89' lang='lat' dir='ltr'>ceteris</span> <span class='ocrx_word' id='word_1_65' title='bbox 3990 999 4238 1046; x_wconf 54' lang='lat' dir='ltr'>mmm.</span> 
     </span>
     <span class='ocr_line' id='line_1_6' title="bbox 842 1069 3855 1156; baseline -0.001 -22"><span class='ocrx_word' id='word_1_66' title='bbox 842 1107 923 1117; x_wconf 92' lang='lat'><strong>—</strong></span> <span class='ocrx_word' id='word_1_67' title='bbox 961 1072 1194 1135; x_wconf 91' lang='lat' dir='ltr'>Verum</span> <span class='ocrx_word' id='word_1_68' title='bbox 1247 1083 1464 1138; x_wconf 92' lang='lat' dir='ltr'>contra</span> <span class='ocrx_word' id='word_1_69' title='bbox 1511 1075 1632 1138; x_wconf 88' lang='lat' dir='ltr'>hoc</span> <span class='ocrx_word' id='word_1_70' title='bbox 1674 1073 1870 1154; x_wconf 88' lang='lat' dir='ltr'>objici</span> <span class='ocrx_word' id='word_1_71' title='bbox 1916 1080 2145 1156; x_wconf 90' lang='lat' dir='ltr'>potest,</span> <span class='ocrx_word' id='word_1_72' title='bbox 2192 1072 2343 1155; x_wconf 88' lang='lat' dir='ltr'>quia</span> <span class='ocrx_word' id='word_1_73' title='bbox 2452 1069 2775 1144; x_wconf 81' lang='lat' dir='ltr'>IsraelitiS,</span> <span class='ocrx_word' id='word_1_74' title='bbox 2820 1071 2899 1133; x_wconf 91' lang='lat' dir='ltr'>ad</span> <span class='ocrx_word' id='word_1_75' title='bbox 2944 1071 3438 1134; x_wconf 90' lang='lat' dir='ltr'>ministrandum</span> <span class='ocrx_word' id='word_1_76' title='bbox 3482 1071 3549 1134; x_wconf 91' lang='lat' dir='ltr'>in</span> <span class='ocrx_word' id='word_1_77' title='bbox 3590 1071 3855 1152; x_wconf 85' lang='lat' dir='ltr'>templo.</span> 
     </span>
    </p>

    <p class='ocr_par' dir='ltr' id='par_1_3' title="bbox 843 1167 3966 1255">
     <span class='ocr_line' id='line_1_7' title="bbox 843 1167 3966 1255; baseline -0.001 -24"><span class='ocrx_word' id='word_1_78' title='bbox 843 1169 1120 1233; x_wconf 81' lang='lat' dir='ltr'>haeretici</span> <span class='ocrx_word' id='word_1_79' title='bbox 1188 1171 1488 1255; x_wconf 89' lang='lat' dir='ltr'>baptizati</span> <span class='ocrx_word' id='word_1_80' title='bbox 1558 1172 1795 1235; x_wconf 90' lang='lat' dir='ltr'>habent</span> <span class='ocrx_word' id='word_1_81' title='bbox 1859 1171 2289 1233; x_wconf 82' lang='lat' dir='ltr'>characterem</span> <span class='ocrx_word' id='word_1_82' title='bbox 2323 1187 2340 1249; x_wconf 84' lang='lat'><em>3</em></span> <span class='ocrx_word' id='word_1_83' title='bbox 2533 1168 2765 1241; x_wconf 86' lang='lat' dir='ltr'>Quinto</span> <span class='ocrx_word' id='word_1_84' title='bbox 2792 1169 3041 1250; x_wconf 81' lang='lat' dir='ltr'>quaerit,</span> <span class='ocrx_word' id='word_1_85' title='bbox 3071 1188 3149 1231; x_wconf 94' lang='lat' dir='ltr'>an</span> <span class='ocrx_word' id='word_1_86' title='bbox 3184 1169 3509 1232; x_wconf 76' lang='lat' dir='ltr'><strong>character</strong></span> <span class='ocrx_word' id='word_1_87' title='bbox 3537 1169 3623 1232; x_wconf 91' lang='lat' dir='ltr'>sit</span> <span class='ocrx_word' id='word_1_88' title='bbox 3650 1167 3966 1232; x_wconf 90' lang='lat' dir='ltr'>indelebi-</span> 
     </span>
    </p>

    <p class='ocr_par' dir='ltr' id='par_1_4' title="bbox 841 1269 2343 1548">
     <span class='ocr_line' id='line_1_8' title="bbox 841 1269 2343 1353; baseline 0.001 -23"><span class='ocrx_word' id='word_1_89' title='bbox 841 1269 954 1330; x_wconf 91' lang='lat' dir='ltr'>sed</span> <span class='ocrx_word' id='word_1_90' title='bbox 983 1276 1048 1332; x_wconf 90' lang='lat' dir='ltr'>et</span> <span class='ocrx_word' id='word_1_91' title='bbox 1075 1269 1277 1352; x_wconf 80' lang='lat' dir='ltr'><strong>aliqui</strong></span> <span class='ocrx_word' id='word_1_92' title='bbox 1317 1290 1443 1335; x_wconf 91' lang='lat' dir='ltr'>non</span> <span class='ocrx_word' id='word_1_93' title='bbox 1483 1271 1805 1353; x_wconf 88' lang='lat' dir='ltr'>baptizati,</span> <span class='ocrx_word' id='word_1_94' title='bbox 1837 1277 1988 1332; x_wconf 89' lang='lat' dir='ltr'>sunt</span> <span class='ocrx_word' id='word_1_95' title='bbox 2023 1269 2102 1330; x_wconf 92' lang='lat' dir='ltr'>de</span> <span class='ocrx_word' id='word_1_96' title='bbox 2133 1269 2343 1331; x_wconf 89' lang='lat' dir='ltr'>Eccle-</span> 
     </span>
     <span class='ocr_line' id='line_1_9' title="bbox 843 1366 2343 1451; baseline 0.001 -23"><span class='ocrx_word' id='word_1_97' title='bbox 843 1367 938 1429; x_wconf 91' lang='lat' dir='ltr'>sia</span> <span class='ocrx_word' id='word_1_98' title='bbox 967 1366 1195 1431; x_wconf 91' lang='lat' dir='ltr'>merito</span> <span class='ocrx_word' id='word_1_99' title='bbox 1224 1376 1289 1431; x_wconf 92' lang='lat' dir='ltr'>et</span> <span class='ocrx_word' id='word_1_100' title='bbox 1315 1387 1605 1444; x_wconf 90' lang='lat' dir='ltr'>numero,</span> <span class='ocrx_word' id='word_1_101' title='bbox 1630 1376 1848 1451; x_wconf 82' lang='lat' dir='ltr'>utpote</span> <span class='ocrx_word' id='word_1_102' title='bbox 1877 1369 2201 1450; x_wconf 92' lang='lat' dir='ltr'>Baptismo</span> <span class='ocrx_word' id='word_1_103' title='bbox 2228 1367 2343 1429; x_wconf 78' lang='lat' dir='ltr'>sla-</span> 
     </span>
     <span class='ocr_line' id='line_1_10' title="bbox 848 1465 2340 1548; baseline 0 -22"><span class='ocrx_word' id='word_1_104' title='bbox 848 1465 1040 1527; x_wconf 91' lang='lat' dir='ltr'>minis</span> <span class='ocrx_word' id='word_1_105' title='bbox 1071 1467 1401 1548; x_wconf 87' lang='lat' dir='ltr'>expurgati</span> <span class='ocrx_word' id='word_1_106' title='bbox 1431 1475 1495 1529; x_wconf 91' lang='lat' dir='ltr'>et</span> <span class='ocrx_word' id='word_1_107' title='bbox 1527 1465 1928 1530; x_wconf 83' lang='lat' dir='ltr'>sanctificati.</span> <span class='ocrx_word' id='word_1_108' title='bbox 1964 1465 2340 1538; x_wconf 84' lang='lat' dir='ltr'>Dicendum,</span> 
     </span>
    </p>
   </div>
   <div class='ocr_carea' id='block_1_3' title="bbox 2455 1265 4241 1545">
    <p class='ocr_par' dir='ltr' id='par_1_5' title="bbox 2455 1265 4241 1545">
     <span class='ocr_line' id='line_1_11' title="bbox 2456 1265 4241 1349; baseline 0.003 -22"><span class='ocrx_word' id='word_1_109' title='bbox 2456 1265 2552 1328; x_wconf 92' lang='lat' dir='ltr'>lis.</span> <span class='ocrx_word' id='word_1_110' title='bbox 2594 1265 2951 1347; x_wconf 86' lang='lat' dir='ltr'>Respondet</span> <span class='ocrx_word' id='word_1_111' title='bbox 2989 1267 3159 1349; x_wconf 90' lang='lat' dir='ltr'>quod</span> <span class='ocrx_word' id='word_1_112' title='bbox 3200 1267 3352 1340; x_wconf 92' lang='lat' dir='ltr'>imo,</span> <span class='ocrx_word' id='word_1_113' title='bbox 3386 1267 3554 1330; x_wconf 91' lang='lat' dir='ltr'>sicut</span> <span class='ocrx_word' id='word_1_114' title='bbox 3590 1266 3963 1348; x_wconf 88' lang='lat' dir='ltr'>expositum</span> <span class='ocrx_word' id='word_1_115' title='bbox 3997 1289 4241 1344; x_wconf 54' lang='grc' dir='ltr'>ειμι-ιω.</span> 
     </span>
     <span class='ocr_line' id='line_1_12' title="bbox 2455 1365 3961 1448; baseline 0.001 -22"><span class='ocrx_word' id='word_1_116' title='bbox 2455 1373 2552 1426; x_wconf 92' lang='lat' dir='ltr'>est</span> <span class='ocrx_word' id='word_1_117' title='bbox 2596 1383 2611 1426; x_wconf 90' lang='lat'>:</span> <span class='ocrx_word' id='word_1_118' title='bbox 2657 1365 2809 1447; x_wconf 89' lang='lat' dir='ltr'>quia</span> <span class='ocrx_word' id='word_1_119' title='bbox 2849 1366 3243 1448; x_wconf 81' lang='lat' dir='ltr'><strong>imprimitur</strong></span> <span class='ocrx_word' id='word_1_120' title='bbox 3284 1366 3364 1429; x_wconf 90' lang='lat' dir='ltr'>ad</span> <span class='ocrx_word' id='word_1_121' title='bbox 3404 1365 3961 1448; x_wconf 86' lang='lat' dir='ltr'>distinguendum,</span> 
     </span>
     <span class='ocr_line' id='line_1_13' title="bbox 2455 1463 3962 1545; baseline 0 -21"><span class='ocrx_word' id='word_1_122' title='bbox 2455 1481 2583 1524; x_wconf 93' lang='lat' dir='ltr'>non</span> <span class='ocrx_word' id='word_1_123' title='bbox 2626 1463 2862 1526; x_wconf 87' lang='lat' dir='ltr'>directe</span> <span class='ocrx_word' id='word_1_124' title='bbox 2906 1465 2985 1526; x_wconf 89' lang='lat' dir='ltr'>ad</span> <span class='ocrx_word' id='word_1_125' title='bbox 3029 1463 3193 1528; x_wconf 90' lang='lat' dir='ltr'>bene</span> <span class='ocrx_word' id='word_1_126' title='bbox 3238 1463 3338 1526; x_wconf 89' lang='lat' dir='ltr'>vel</span> <span class='ocrx_word' id='word_1_127' title='bbox 3386 1464 3551 1527; x_wconf 90' lang='lat' dir='ltr'>male</span> <span class='ocrx_word' id='word_1_128' title='bbox 3594 1463 3962 1545; x_wconf 85' lang='lat' dir='ltr'>agendum3</span> 
     </span>
    </p>
   </div>
   <div class='ocr_carea' id='block_1_4' title="bbox 585 1778 805 1823">
    <p class='ocr_par' dir='ltr' id='par_1_6' title="bbox 585 1778 805 1823">
     <span class='ocr_line' id='line_1_14' title="bbox 585 1778 805 1823; baseline -0.018 0"><span class='ocrx_word' id='word_1_129' title='bbox 585 1778 738 1823; x_wconf 76' lang='lat' dir='ltr'>Galat.</span> <span class='ocrx_word' id='word_1_130' title='bbox 763 1791 805 1821; x_wconf 91' lang='grc' dir='ltr'>ιιι</span> 
     </span>
    </p>
   </div>
   <div class='ocr_carea' id='block_1_5' title="bbox 557 1843 625 1886">
    <p class='ocr_par' dir='ltr' id='par_1_7' title="bbox 557 1843 625 1886">
     <span class='ocr_line' id='line_1_15' title="bbox 557 1843 625 1886; baseline 0.029 -3"><span class='ocrx_word' id='word_1_131' title='bbox 557 1843 625 1886; x_wconf 82' lang='lat'>27.</span> 
     </span>
    </p>
   </div>
   <div class='ocr_carea' id='block_1_6' title="bbox 846 1563 2348 1744">
    <p class='ocr_par' dir='ltr' id='par_1_8' title="bbox 846 1563 2348 1744">
     <span class='ocr_line' id='line_1_16' title="bbox 846 1563 2347 1648; baseline -0.002 -22"><span class='ocrx_word' id='word_1_132' title='bbox 846 1564 1017 1645; x_wconf 91' lang='lat' dir='ltr'>quod</span> <span class='ocrx_word' id='word_1_133' title='bbox 1084 1565 1410 1627; x_wconf 80' lang='lat' dir='ltr'>character</span> <span class='ocrx_word' id='word_1_134' title='bbox 1475 1565 1882 1648; x_wconf 88' lang='lat' dir='ltr'>appropriate</span> <span class='ocrx_word' id='word_1_135' title='bbox 1955 1563 2347 1625; x_wconf 87' lang='lat' dir='ltr'><strong>assimilatur</strong></span> 
     </span>
     <span class='ocr_line' id='line_1_17' title="bbox 849 1661 2348 1744; baseline -0.001 -20"><span class='ocrx_word' id='word_1_136' title='bbox 849 1661 1030 1736; x_wconf 92' lang='lat' dir='ltr'>Filio,</span> <span class='ocrx_word' id='word_1_137' title='bbox 1050 1663 1161 1744; x_wconf 92' lang='lat' dir='ltr'>qui</span> <span class='ocrx_word' id='word_1_138' title='bbox 1193 1670 1291 1726; x_wconf 90' lang='lat' dir='ltr'>est</span> <span class='ocrx_word' id='word_1_139' title='bbox 1319 1663 1428 1726; x_wconf 92' lang='lat' dir='ltr'>Dei</span> <span class='ocrx_word' id='word_1_140' title='bbox 1459 1663 1657 1726; x_wconf 90' lang='lat' dir='ltr'>Patris</span> <span class='ocrx_word' id='word_1_141' title='bbox 1696 1663 2021 1725; x_wconf 88' lang='lat' dir='ltr'>character</span> <span class='ocrx_word' id='word_1_142' title='bbox 2055 1679 2251 1725; x_wconf 85' lang='lat' dir='ltr'>:nam</span> <span class='ocrx_word' id='word_1_143' title='bbox 2282 1668 2348 1723; x_wconf 91' lang='lat' dir='ltr'>et</span> 
     </span>
    </p>
   </div>
   <div class='ocr_carea' id='block_1_7' title="bbox 809 1757 2345 1841">
    <p class='ocr_par' dir='ltr' id='par_1_9' title="bbox 809 1757 2345 1841">
     <span class='ocr_line' id='line_1_18' title="bbox 809 1757 2345 1841; baseline 0.001 -21"><span class='ocrx_word' id='word_1_144' title='bbox 809 1809 822 1831; x_wconf 89' lang='lat'><strong>‚</strong></span> <span class='ocrx_word' id='word_1_145' title='bbox 850 1757 1148 1840; x_wconf 89' lang='lat' dir='ltr'>baptizati</span> <span class='ocrx_word' id='word_1_146' title='bbox 1193 1761 1496 1822; x_wconf 90' lang='lat' dir='ltr'>dicuntur</span> <span class='ocrx_word' id='word_1_147' title='bbox 1543 1761 1808 1823; x_wconf 90' lang='lat' dir='ltr'>induere</span> <span class='ocrx_word' id='word_1_148' title='bbox 1851 1759 2195 1834; x_wconf 88' lang='lat' dir='ltr'><strong>Christum,</strong></span> <span class='ocrx_word' id='word_1_149' title='bbox 2234 1759 2345 1841; x_wconf 89' lang='lat' dir='ltr'>qui</span> 
     </span>
    </p>
   </div>
   <div class='ocr_carea' id='block_1_8' title="bbox 2456 1561 3969 1840">
    <p class='ocr_par' dir='ltr' id='par_1_10' title="bbox 2456 1561 3969 1840">
     <span class='ocr_line' id='line_1_19' title="bbox 2456 1561 3965 1644; baseline 0.001 -23"><span class='ocrx_word' id='word_1_150' title='bbox 2456 1568 2520 1622; x_wconf 91' lang='lat' dir='ltr'>et</span> <span class='ocrx_word' id='word_1_151' title='bbox 2565 1561 2867 1643; x_wconf 89' lang='lat' dir='ltr'>quoniam</span> <span class='ocrx_word' id='word_1_152' title='bbox 2916 1561 3407 1644; x_wconf 86' lang='lat' dir='ltr'>configurationi</span> <span class='ocrx_word' id='word_1_153' title='bbox 3459 1581 3587 1644; x_wconf 88' lang='lat' dir='ltr'>qua</span> <span class='ocrx_word' id='word_1_154' title='bbox 3632 1562 3761 1624; x_wconf 90' lang='lat' dir='ltr'>Deo</span> <span class='ocrx_word' id='word_1_155' title='bbox 3806 1579 3965 1624; x_wconf 89' lang='lat' dir='ltr'>con-</span> 
     </span>
     <span class='ocr_line' id='line_1_20' title="bbox 2457 1659 3968 1742; baseline 0.002 -22"><span class='ocrx_word' id='word_1_156' title='bbox 2457 1659 2709 1734; x_wconf 82' lang='lat' dir='ltr'>format,</span> <span class='ocrx_word' id='word_1_157' title='bbox 2742 1678 2870 1723; x_wconf 91' lang='lat' dir='ltr'>non</span> <span class='ocrx_word' id='word_1_158' title='bbox 2900 1667 3111 1742; x_wconf 88' lang='lat' dir='ltr'>potest</span> <span class='ocrx_word' id='word_1_159' title='bbox 3136 1679 3277 1724; x_wconf 91' lang='lat' dir='ltr'>esse</span> <span class='ocrx_word' id='word_1_160' title='bbox 3308 1660 3732 1742; x_wconf 85' lang='lat' dir='ltr'><strong>configuratio</strong></span> <span class='ocrx_word' id='word_1_161' title='bbox 3759 1677 3968 1742; x_wconf 90' lang='lat' dir='ltr'>oppo-</span> 
     </span>
     <span class='ocr_line' id='line_1_21' title="bbox 2458 1756 3969 1840; baseline 0.001 -22"><span class='ocrx_word' id='word_1_162' title='bbox 2458 1757 2596 1819; x_wconf 91' lang='lat' dir='ltr'>sita.</span> <span class='ocrx_word' id='word_1_163' title='bbox 2632 1756 2817 1820; x_wconf 93' lang='lat' dir='ltr'>Solus</span> <span class='ocrx_word' id='word_1_164' title='bbox 2855 1759 3095 1821; x_wconf 92' lang='lat' dir='ltr'><strong>etenim</strong></span> <span class='ocrx_word' id='word_1_165' title='bbox 3134 1759 3300 1822; x_wconf 91' lang='lat' dir='ltr'>Deus</span> <span class='ocrx_word' id='word_1_166' title='bbox 3338 1778 3522 1822; x_wconf 89' lang='lat' dir='ltr'>suam</span> <span class='ocrx_word' id='word_1_167' title='bbox 3561 1765 3769 1840; x_wconf 87' lang='lat' dir='ltr'>potest</span> <span class='ocrx_word' id='word_1_168' title='bbox 3805 1758 3969 1820; x_wconf 87' lang='lat' dir='ltr'>ima-</span> 
     </span>
    </p>
   </div>
   <div class='ocr_carea' id='block_1_9' title="bbox 850 1855 3876 1940">
    <p class='ocr_par' dir='ltr' id='par_1_11' title="bbox 850 1855 3876 1940">
     <span class='ocr_line' id='line_1_22' title="bbox 850 1855 3876 1940; baseline -0.001 -20"><span class='ocrx_word' id='word_1_169' title='bbox 850 1865 947 1921; x_wconf 90' lang='lat' dir='ltr'>est</span> <span class='ocrx_word' id='word_1_170' title='bbox 975 1867 1167 1940; x_wconf 90' lang='lat' dir='ltr'>caput</span> <span class='ocrx_word' id='word_1_171' title='bbox 1203 1867 1266 1922; x_wconf 92' lang='lat' dir='ltr'>et</span> <span class='ocrx_word' id='word_1_172' title='bbox 1303 1860 1432 1922; x_wconf 86' lang='lat' dir='ltr'>dux</span> <span class='ocrx_word' id='word_1_173' title='bbox 1467 1860 1784 1923; x_wconf 84' lang='lat' dir='ltr'>exercitus</span> <span class='ocrx_word' id='word_1_174' title='bbox 1819 1858 2133 1921; x_wconf 85' lang='lat' dir='ltr'>fidelium.</span> <span class='ocrx_word' id='word_1_175' title='bbox 2166 1857 2346 1921; x_wconf 85' lang='lat' dir='ltr'><strong>Ratio</strong></span> <span class='ocrx_word' id='word_1_176' title='bbox 2383 1859 2430 1921; x_wconf 94' lang='lat' dir='ltr'>B</span> <span class='ocrx_word' id='word_1_177' title='bbox 2459 1855 2674 1936; x_wconf 91' lang='lat' dir='ltr'>ginem</span> <span class='ocrx_word' id='word_1_178' title='bbox 2710 1856 3101 1937; x_wconf 87' lang='lat' dir='ltr'>consignare.</span> <span class='ocrx_word' id='word_1_179' title='bbox 3133 1893 3206 1902; x_wconf 90' lang='lat'><strong>—</strong></span> <span class='ocrx_word' id='word_1_180' title='bbox 3239 1857 3383 1920; x_wconf 78' lang='lat' dir='ltr'>Haec</span> <span class='ocrx_word' id='word_1_181' title='bbox 3413 1857 3876 1920; x_wconf 87' lang='lat' dir='ltr'>Bonaventura.</span> 
     </span>
    </p>
   </div>
   <div class='ocr_carea' id='block_1_10' title="bbox 847 1957 2357 4202">
    <p class='ocr_par' dir='ltr' id='par_1_12' title="bbox 847 1957 2351 2922">
     <span class='ocr_line' id='line_1_23' title="bbox 850 1957 2347 2040; baseline 0 -22"><span class='ocrx_word' id='word_1_182' title='bbox 850 1963 1064 2019; x_wconf 90' lang='lat' dir='ltr'>autem</span> <span class='ocrx_word' id='word_1_183' title='bbox 1095 1958 1548 2040; x_wconf 87' lang='lat' dir='ltr'>distinguendi,</span> <span class='ocrx_word' id='word_1_184' title='bbox 1574 1959 1638 2020; x_wconf 92' lang='lat' dir='ltr'>in</span> <span class='ocrx_word' id='word_1_185' title='bbox 1671 1958 2032 2020; x_wconf 87' lang='lat' dir='ltr'>charactere</span> <span class='ocrx_word' id='word_1_186' title='bbox 2063 1957 2241 2020; x_wconf 89' lang='lat' dir='ltr'>venit</span> <span class='ocrx_word' id='word_1_187' title='bbox 2268 1976 2347 2019; x_wconf 94' lang='lat' dir='ltr'>ex</span> 
     </span>
     <span class='ocr_line' id='line_1_24' title="bbox 849 2053 2346 2166; baseline -0.001 -50"><span class='ocrx_word' id='word_1_188' title='bbox 849 2055 1092 2118; x_wconf 90' lang='lat' dir='ltr'>ratione</span> <span class='ocrx_word' id='word_1_189' title='bbox 1131 2054 1558 2137; x_wconf 82' lang='lat' dir='ltr'>significandi.</span> <span class='ocrx_word' id='word_1_190' title='bbox 1603 2056 1940 2119; x_wconf 90' lang='lat' dir='ltr'>Character</span> <span class='ocrx_word' id='word_1_191' title='bbox 1980 2055 2221 2166; x_wconf 62' lang='lat' dir='ltr'>quippe</span> <span class='ocrx_word' id='word_1_192' title='bbox 2260 2053 2346 2116; x_wconf 92' lang='lat' dir='ltr'>si-</span> 
     </span>
     <span class='ocr_line' id='line_1_25' title="bbox 847 2153 2345 2235; baseline -0.002 -19"><span class='ocrx_word' id='word_1_193' title='bbox 847 2154 1116 2235; x_wconf 80' lang='lat' dir='ltr'>gnificat</span> <span class='ocrx_word' id='word_1_194' title='bbox 1156 2154 1424 2235; x_wconf 87' lang='lat' dir='ltr'><strong>gratiam</strong></span> <span class='ocrx_word' id='word_1_195' title='bbox 1469 2153 1622 2216; x_wconf 84' lang='lat' dir='ltr'>fidei</span> <span class='ocrx_word' id='word_1_196' title='bbox 1667 2153 2020 2216; x_wconf 90' lang='lat' dir='ltr'>secundum</span> <span class='ocrx_word' id='word_1_197' title='bbox 2064 2153 2345 2234; x_wconf 88' lang='lat' dir='ltr'><strong>aliquem</strong></span> 
     </span>
     <span class='ocr_line' id='line_1_26' title="bbox 849 2249 2346 2332; baseline -0.002 -18"><span class='ocrx_word' id='word_1_198' title='bbox 849 2259 1106 2314; x_wconf 82' lang='lat' dir='ltr'>statum.</span> <span class='ocrx_word' id='word_1_199' title='bbox 1159 2251 1337 2314; x_wconf 88' lang='lat' dir='ltr'>Unde</span> <span class='ocrx_word' id='word_1_200' title='bbox 1383 2251 1719 2332; x_wconf 82' lang='lat' dir='ltr'><strong>distinguit</strong></span> <span class='ocrx_word' id='word_1_201' title='bbox 1759 2250 2020 2313; x_wconf 85' lang='lat' dir='ltr'>fidelem</span> <span class='ocrx_word' id='word_1_202' title='bbox 2067 2249 2150 2312; x_wconf 87' lang='lat' dir='ltr'>ab</span> <span class='ocrx_word' id='word_1_203' title='bbox 2199 2249 2346 2312; x_wconf 86' lang='lat' dir='ltr'>infi-</span> 
     </span>
     <span class='ocr_line' id='line_1_27' title="bbox 850 2348 2347 2431; baseline -0.001 -20"><span class='ocrx_word' id='word_1_204' title='bbox 850 2348 1021 2428; x_wconf 83' lang='lat' dir='ltr'>deli3</span> <span class='ocrx_word' id='word_1_205' title='bbox 1069 2356 1133 2411; x_wconf 92' lang='lat' dir='ltr'>et</span> <span class='ocrx_word' id='word_1_206' title='bbox 1177 2349 1228 2410; x_wconf 91' lang='lat' dir='ltr'>si</span> <span class='ocrx_word' id='word_1_207' title='bbox 1274 2349 1764 2431; x_wconf 88' lang='lat' dir='ltr'>permiscentur,</span> <span class='ocrx_word' id='word_1_208' title='bbox 1806 2348 1928 2410; x_wconf 91' lang='lat' dir='ltr'>hoc</span> <span class='ocrx_word' id='word_1_209' title='bbox 1966 2366 2094 2411; x_wconf 92' lang='lat' dir='ltr'>non</span> <span class='ocrx_word' id='word_1_210' title='bbox 2133 2355 2232 2410; x_wconf 92' lang='lat' dir='ltr'>est</span> <span class='ocrx_word' id='word_1_211' title='bbox 2270 2365 2347 2410; x_wconf 89' lang='lat' dir='ltr'>ex</span> 
     </span>
     <span class='ocr_line' id='line_1_28' title="bbox 849 2445 2349 2528; baseline -0.001 -18"><span class='ocrx_word' id='word_1_212' title='bbox 849 2447 1007 2510; x_wconf 87' lang='lat' dir='ltr'>vitio</span> <span class='ocrx_word' id='word_1_213' title='bbox 1045 2447 1234 2528; x_wconf 89' lang='lat' dir='ltr'>signi,</span> <span class='ocrx_word' id='word_1_214' title='bbox 1267 2448 1377 2510; x_wconf 91' lang='lat' dir='ltr'>sed</span> <span class='ocrx_word' id='word_1_215' title='bbox 1418 2447 1808 2528; x_wconf 92' lang='lat' dir='ltr'>signatorum</span> <span class='ocrx_word' id='word_1_216' title='bbox 1843 2464 1858 2508; x_wconf 75' lang='grc' dir='ltr'>ε</span> <span class='ocrx_word' id='word_1_217' title='bbox 1891 2447 2068 2509; x_wconf 91' lang='lat' dir='ltr'>velut</span> <span class='ocrx_word' id='word_1_218' title='bbox 2105 2445 2159 2508; x_wconf 91' lang='lat' dir='ltr'>si</span> <span class='ocrx_word' id='word_1_219' title='bbox 2204 2446 2349 2528; x_wconf 92' lang='lat' dir='ltr'>quis</span> 
     </span>
     <span class='ocr_line' id='line_1_29' title="bbox 848 2545 2349 2628; baseline -0.001 -19"><span class='ocrx_word' id='word_1_220' title='bbox 848 2552 1130 2609; x_wconf 90' lang='lat' dir='ltr'>assumat</span> <span class='ocrx_word' id='word_1_221' title='bbox 1186 2546 1352 2628; x_wconf 91' lang='lat' dir='ltr'>regis</span> <span class='ocrx_word' id='word_1_222' title='bbox 1419 2545 1672 2627; x_wconf 88' lang='lat' dir='ltr'>signum</span> <span class='ocrx_word' id='word_1_223' title='bbox 1740 2546 1817 2608; x_wconf 97' lang='lat' dir='ltr'>ad</span> <span class='ocrx_word' id='word_1_224' title='bbox 1884 2545 2349 2626; x_wconf 91' lang='lat' dir='ltr'>designandum</span> 
     </span>
     <span class='ocr_line' id='line_1_30' title="bbox 850 2644 2351 2726; baseline -0.001 -19"><span class='ocrx_word' id='word_1_225' title='bbox 850 2644 1020 2726; x_wconf 89' lang='lat' dir='ltr'>quod</span> <span class='ocrx_word' id='word_1_226' title='bbox 1058 2645 1140 2707; x_wconf 93' lang='lat' dir='ltr'>sit</span> <span class='ocrx_word' id='word_1_227' title='bbox 1179 2645 1256 2707; x_wconf 92' lang='lat' dir='ltr'>de</span> <span class='ocrx_word' id='word_1_228' title='bbox 1299 2644 1441 2726; x_wconf 83' lang='lat' dir='ltr'>ejus</span> <span class='ocrx_word' id='word_1_229' title='bbox 1480 2645 1787 2717; x_wconf 88' lang='lat' dir='ltr'>exercitu,</span> <span class='ocrx_word' id='word_1_230' title='bbox 1821 2650 2100 2707; x_wconf 87' lang='lat' dir='ltr'>attamen</span> <span class='ocrx_word' id='word_1_231' title='bbox 2142 2650 2351 2725; x_wconf 90' lang='lat' dir='ltr'>potest</span> 
     </span>
     <span class='ocr_line' id='line_1_31' title="bbox 848 2742 2349 2825; baseline -0.001 -20"><span class='ocrx_word' id='word_1_232' title='bbox 848 2762 989 2806; x_wconf 92' lang='lat' dir='ltr'>esse</span> <span class='ocrx_word' id='word_1_233' title='bbox 1019 2742 1097 2805; x_wconf 90' lang='lat' dir='ltr'>de</span> <span class='ocrx_word' id='word_1_234' title='bbox 1129 2751 1306 2825; x_wconf 90' lang='lat' dir='ltr'>parte</span> <span class='ocrx_word' id='word_1_235' title='bbox 1335 2743 1689 2823; x_wconf 84' lang='lat' dir='ltr'>contraria3</span> <span class='ocrx_word' id='word_1_236' title='bbox 1722 2761 1840 2804; x_wconf 91' lang='lat' dir='ltr'>nec</span> <span class='ocrx_word' id='word_1_237' title='bbox 1871 2750 1965 2805; x_wconf 93' lang='lat' dir='ltr'>est</span> <span class='ocrx_word' id='word_1_238' title='bbox 2000 2742 2241 2805; x_wconf 82' lang='lat' dir='ltr'>falsitas</span> <span class='ocrx_word' id='word_1_239' title='bbox 2282 2742 2349 2803; x_wconf 91' lang='lat' dir='ltr'>in</span> 
     </span>
     <span class='ocr_line' id='line_1_32' title="bbox 849 2840 2048 2922; baseline -0.001 -19"><span class='ocrx_word' id='word_1_240' title='bbox 849 2840 1050 2921; x_wconf 87' lang='lat' dir='ltr'>signo,</span> <span class='ocrx_word' id='word_1_241' title='bbox 1093 2841 1204 2904; x_wconf 89' lang='lat' dir='ltr'>sed</span> <span class='ocrx_word' id='word_1_242' title='bbox 1250 2842 1316 2902; x_wconf 91' lang='lat' dir='ltr'>in</span> <span class='ocrx_word' id='word_1_243' title='bbox 1359 2841 1826 2922; x_wconf 89' lang='lat' dir='ltr'><strong>accipientibus</strong></span> <span class='ocrx_word' id='word_1_244' title='bbox 1869 2840 2048 2902; x_wconf 90' lang='lat' dir='ltr'>illud.</span> 
     </span>
    </p>

    <p class='ocr_par' dir='ltr' id='par_1_13' title="bbox 852 2938 2357 4202">
     <span class='ocr_line' id='line_1_33' title="bbox 931 2938 2353 3021; baseline 0 -21"><span class='ocrx_word' id='word_1_245' title='bbox 931 2938 1144 3002; x_wconf 85' lang='lat' dir='ltr'>Tertio</span> <span class='ocrx_word' id='word_1_246' title='bbox 1172 2939 1420 3021; x_wconf 85' lang='lat' dir='ltr'>quaerit,</span> <span class='ocrx_word' id='word_1_247' title='bbox 1455 2939 1523 3000; x_wconf 91' lang='lat' dir='ltr'>in</span> <span class='ocrx_word' id='word_1_248' title='bbox 1553 2956 1682 3020; x_wconf 91' lang='lat' dir='ltr'>quo</span> <span class='ocrx_word' id='word_1_249' title='bbox 1711 2939 1796 3000; x_wconf 91' lang='lat' dir='ltr'>sit</span> <span class='ocrx_word' id='word_1_250' title='bbox 1823 2938 2179 3019; x_wconf 74' lang='lat' dir='ltr'>subJective</span> <span class='ocrx_word' id='word_1_251' title='bbox 2210 2938 2353 3000; x_wconf 91' lang='lat' dir='ltr'>cha-</span> 
     </span>
     <span class='ocr_line' id='line_1_34' title="bbox 852 3034 2351 3120; baseline 0 -21"><span class='ocrx_word' id='word_1_252' title='bbox 852 3044 1075 3100; x_wconf 91' lang='lat' dir='ltr'>racter.</span> <span class='ocrx_word' id='word_1_253' title='bbox 1139 3036 1498 3118; x_wconf 86' lang='lat' dir='ltr'>Respondet</span> <span class='ocrx_word' id='word_1_254' title='bbox 1551 3053 1564 3098; x_wconf 91' lang='lat'>:</span> <span class='ocrx_word' id='word_1_255' title='bbox 1615 3036 1704 3099; x_wconf 90' lang='lat' dir='ltr'>De</span> <span class='ocrx_word' id='word_1_256' title='bbox 1760 3036 1881 3100; x_wconf 91' lang='lat' dir='ltr'>hoc</span> <span class='ocrx_word' id='word_1_257' title='bbox 1938 3034 2062 3099; x_wconf 82' lang='lat' dir='ltr'>fuit</span> <span class='ocrx_word' id='word_1_258' title='bbox 2119 3036 2351 3120; x_wconf 86' lang='lat' dir='ltr'>triplex</span> 
     </span>
     <span class='ocr_line' id='line_1_35' title="bbox 853 3134 2355 3217; baseline 0.001 -20"><span class='ocrx_word' id='word_1_259' title='bbox 853 3135 1092 3217; x_wconf 92' lang='lat' dir='ltr'>opinio.</span> <span class='ocrx_word' id='word_1_260' title='bbox 1138 3136 1290 3208; x_wconf 90' lang='lat' dir='ltr'>Una,</span> <span class='ocrx_word' id='word_1_261' title='bbox 1329 3135 1499 3217; x_wconf 89' lang='lat' dir='ltr'>quod</span> <span class='ocrx_word' id='word_1_262' title='bbox 1541 3135 1623 3197; x_wconf 93' lang='lat' dir='ltr'>sit</span> <span class='ocrx_word' id='word_1_263' title='bbox 1662 3134 1728 3197; x_wconf 92' lang='lat' dir='ltr'>in</span> <span class='ocrx_word' id='word_1_264' title='bbox 1767 3142 1896 3197; x_wconf 89' lang='lat' dir='ltr'>tota</span> <span class='ocrx_word' id='word_1_265' title='bbox 1933 3136 2167 3211; x_wconf 89' lang='lat' dir='ltr'>anima,</span> <span class='ocrx_word' id='word_1_266' title='bbox 2201 3136 2355 3217; x_wconf 87' lang='lat' dir='ltr'>quia</span> 
     </span>
     <span class='ocr_line' id='line_1_36' title="bbox 853 3233 2353 3316; baseline 0.002 -21"><span class='ocrx_word' id='word_1_267' title='bbox 853 3233 1189 3315; x_wconf 79' lang='lat' dir='ltr'>distinguit</span> <span class='ocrx_word' id='word_1_268' title='bbox 1216 3251 1404 3297; x_wconf 87' lang='lat' dir='ltr'>ovem</span> <span class='ocrx_word' id='word_1_269' title='bbox 1443 3253 1480 3295; x_wconf 89' lang='lat' dir='ltr'>a</span> <span class='ocrx_word' id='word_1_270' title='bbox 1521 3251 1648 3296; x_wconf 90' lang='lat' dir='ltr'>non</span> <span class='ocrx_word' id='word_1_271' title='bbox 1680 3250 1821 3309; x_wconf 89' lang='lat' dir='ltr'>ove,</span> <span class='ocrx_word' id='word_1_272' title='bbox 1853 3253 1995 3316; x_wconf 79' lang='lat' dir='ltr'>quae</span> <span class='ocrx_word' id='word_1_273' title='bbox 2024 3233 2353 3299; x_wconf 88' lang='lat' dir='ltr'>distinctio</span> 
     </span>
     <span class='ocr_line' id='line_1_37' title="bbox 853 3331 2351 3414; baseline -0.001 -19"><span class='ocrx_word' id='word_1_274' title='bbox 853 3332 1200 3395; x_wconf 88' lang='lat' dir='ltr'>attenditur</span> <span class='ocrx_word' id='word_1_275' title='bbox 1247 3331 1601 3414; x_wconf 82' lang='lat' dir='ltr'>praesertim</span> <span class='ocrx_word' id='word_1_276' title='bbox 1658 3332 2010 3394; x_wconf 89' lang='lat' dir='ltr'>secundum</span> <span class='ocrx_word' id='word_1_277' title='bbox 2060 3331 2351 3395; x_wconf 88' lang='lat' dir='ltr'>substan-</span> 
     </span>
     <span class='ocr_line' id='line_1_38' title="bbox 853 3430 2353 3512; baseline 0 -19"><span class='ocrx_word' id='word_1_278' title='bbox 853 3430 1029 3494; x_wconf 85' lang='lat' dir='ltr'>tiam.</span> <span class='ocrx_word' id='word_1_279' title='bbox 1084 3431 1240 3493; x_wconf 89' lang='lat' dir='ltr'>Item</span> <span class='ocrx_word' id='word_1_280' title='bbox 1290 3430 1442 3511; x_wconf 89' lang='lat' dir='ltr'>quia</span> <span class='ocrx_word' id='word_1_281' title='bbox 1492 3430 1776 3512; x_wconf 91' lang='lat' dir='ltr'>disponit</span> <span class='ocrx_word' id='word_1_282' title='bbox 1821 3431 1899 3493; x_wconf 91' lang='lat' dir='ltr'>ad</span> <span class='ocrx_word' id='word_1_283' title='bbox 1945 3430 2238 3511; x_wconf 81' lang='lat' dir='ltr'>gratiam,</span> <span class='ocrx_word' id='word_1_284' title='bbox 2289 3438 2353 3493; x_wconf 89' lang='lat' dir='ltr'>et</span> 
     </span>
     <span class='ocr_line' id='line_1_39' title="bbox 854 3527 2355 3611; baseline -0.001 -20"><span class='ocrx_word' id='word_1_285' title='bbox 854 3536 1083 3611; x_wconf 87' lang='lat' dir='ltr'>purgat</span> <span class='ocrx_word' id='word_1_286' title='bbox 1117 3528 1198 3590; x_wconf 90' lang='lat' dir='ltr'>ab</span> <span class='ocrx_word' id='word_1_287' title='bbox 1237 3528 1531 3609; x_wconf 87' lang='lat' dir='ltr'>originali</span> <span class='ocrx_word' id='word_1_288' title='bbox 1565 3546 1580 3589; x_wconf 75' lang='grc' dir='ltr'>ε</span> <span class='ocrx_word' id='word_1_289' title='bbox 1611 3527 1814 3609; x_wconf 89' lang='lat' dir='ltr'>gratia</span> <span class='ocrx_word' id='word_1_290' title='bbox 1849 3536 2063 3591; x_wconf 90' lang='lat' dir='ltr'>autem</span> <span class='ocrx_word' id='word_1_291' title='bbox 2094 3528 2355 3611; x_wconf 89' lang='lat' dir='ltr'>ponitur</span> 
     </span>
     <span class='ocr_line' id='line_1_40' title="bbox 855 3627 2357 3710; baseline 0 -21"><span class='ocrx_word' id='word_1_292' title='bbox 855 3628 921 3689; x_wconf 92' lang='lat' dir='ltr'>in</span> <span class='ocrx_word' id='word_1_293' title='bbox 952 3628 1228 3690; x_wconf 87' lang='lat' dir='ltr'>essentia</span> <span class='ocrx_word' id='word_1_294' title='bbox 1253 3627 1494 3701; x_wconf 85' lang='lat' dir='ltr'>animae,</span> <span class='ocrx_word' id='word_1_295' title='bbox 1509 3634 1574 3689; x_wconf 93' lang='lat' dir='ltr'>et</span> <span class='ocrx_word' id='word_1_296' title='bbox 1603 3627 1910 3709; x_wconf 87' lang='lat' dir='ltr'>originale</span> <span class='ocrx_word' id='word_1_297' title='bbox 1939 3628 2202 3710; x_wconf 90' lang='lat' dir='ltr'>respicit</span> <span class='ocrx_word' id='word_1_298' title='bbox 2228 3628 2357 3690; x_wconf 89' lang='lat' dir='ltr'>ani-</span> 
     </span>
     <span class='ocr_line' id='line_1_41' title="bbox 859 3725 2355 3808; baseline -0.001 -19"><span class='ocrx_word' id='word_1_299' title='bbox 859 3745 1028 3789; x_wconf 88' lang='lat' dir='ltr'>mam</span> <span class='ocrx_word' id='word_1_300' title='bbox 1069 3732 1288 3789; x_wconf 90' lang='lat' dir='ltr'>totam.</span> <span class='ocrx_word' id='word_1_301' title='bbox 1332 3725 1623 3788; x_wconf 87' lang='lat' dir='ltr'>Secunda</span> <span class='ocrx_word' id='word_1_302' title='bbox 1661 3725 1879 3807; x_wconf 90' lang='lat' dir='ltr'>opinio</span> <span class='ocrx_word' id='word_1_303' title='bbox 1917 3733 2034 3798; x_wconf 88' lang='lat' dir='ltr'>est,</span> <span class='ocrx_word' id='word_1_304' title='bbox 2072 3726 2241 3808; x_wconf 87' lang='lat' dir='ltr'>quod</span> <span class='ocrx_word' id='word_1_305' title='bbox 2272 3725 2355 3788; x_wconf 91' lang='lat' dir='ltr'>sit</span> 
     </span>
     <span class='ocr_line' id='line_1_42' title="bbox 856 3824 2353 3907; baseline -0.001 -20"><span class='ocrx_word' id='word_1_306' title='bbox 856 3824 922 3887; x_wconf 89' lang='lat' dir='ltr'>in</span> <span class='ocrx_word' id='word_1_307' title='bbox 967 3831 1144 3907; x_wconf 90' lang='lat' dir='ltr'>parte</span> <span class='ocrx_word' id='word_1_308' title='bbox 1181 3824 1519 3906; x_wconf 87' lang='lat' dir='ltr'>cognitiva,</span> <span class='ocrx_word' id='word_1_309' title='bbox 1563 3842 1764 3906; x_wconf 91' lang='lat' dir='ltr'>quum</span> <span class='ocrx_word' id='word_1_310' title='bbox 1807 3824 1891 3887; x_wconf 91' lang='lat' dir='ltr'>sit</span> <span class='ocrx_word' id='word_1_311' title='bbox 1929 3824 2089 3886; x_wconf 89' lang='lat' dir='ltr'>ratio</span> <span class='ocrx_word' id='word_1_312' title='bbox 2127 3841 2353 3905; x_wconf 86' lang='lat' dir='ltr'>cogno—</span> 
     </span>
     <span class='ocr_line' id='line_1_43' title="bbox 854 3922 2349 4005; baseline -0.001 -18"><span class='ocrx_word' id='word_1_313' title='bbox 854 3923 1072 3987; x_wconf 91' lang='lat' dir='ltr'>scendi</span> <span class='ocrx_word' id='word_1_314' title='bbox 1112 3929 1174 3986; x_wconf 89' lang='lat' dir='ltr'>et</span> <span class='ocrx_word' id='word_1_315' title='bbox 1211 3922 1637 3995; x_wconf 90' lang='lat' dir='ltr'>discernendi,</span> <span class='ocrx_word' id='word_1_316' title='bbox 1671 3930 1736 3985; x_wconf 92' lang='lat' dir='ltr'>et</span> <span class='ocrx_word' id='word_1_317' title='bbox 1765 3923 1915 4005; x_wconf 89' lang='lat' dir='ltr'>quia</span> <span class='ocrx_word' id='word_1_318' title='bbox 1945 3922 2302 3985; x_wconf 83' lang='lat' dir='ltr'>conformat</span> <span class='ocrx_word' id='word_1_319' title='bbox 2336 3940 2349 3985; x_wconf 73' lang='grc' dir='ltr'><strong>ε</strong></span> 
     </span>
     <span class='ocr_line' id='line_1_44' title="bbox 855 4020 2355 4104; baseline 0 -21"><span class='ocrx_word' id='word_1_320' title='bbox 855 4022 1128 4104; x_wconf 86' lang='lat' dir='ltr'>cognitio</span> <span class='ocrx_word' id='word_1_321' title='bbox 1157 4029 1364 4084; x_wconf 85' lang='lat' dir='ltr'>autem</span> <span class='ocrx_word' id='word_1_322' title='bbox 1393 4020 1471 4083; x_wconf 81' lang='lat' dir='ltr'>fit</span> <span class='ocrx_word' id='word_1_323' title='bbox 1501 4038 1615 4102; x_wconf 91' lang='lat' dir='ltr'>per</span> <span class='ocrx_word' id='word_1_324' title='bbox 1643 4020 2180 4084; x_wconf 88' lang='lat' dir='ltr'>assimilationem.</span> <span class='ocrx_word' id='word_1_325' title='bbox 2214 4021 2355 4083; x_wconf 88' lang='lat' dir='ltr'>Ter-</span> 
     </span>
     <span class='ocr_line' id='line_1_45' title="bbox 855 4119 2356 4202; baseline -0.001 -19"><span class='ocrx_word' id='word_1_326' title='bbox 855 4122 965 4195; x_wconf 90' lang='lat' dir='ltr'>tia,</span> <span class='ocrx_word' id='word_1_327' title='bbox 1000 4120 1168 4202; x_wconf 89' lang='lat' dir='ltr'>quod</span> <span class='ocrx_word' id='word_1_328' title='bbox 1211 4120 1296 4182; x_wconf 91' lang='lat' dir='ltr'>sit</span> <span class='ocrx_word' id='word_1_329' title='bbox 1335 4119 1402 4181; x_wconf 92' lang='lat' dir='ltr'>in</span> <span class='ocrx_word' id='word_1_330' title='bbox 1449 4125 1582 4182; x_wconf 87' lang='lat' dir='ltr'>tota</span> <span class='ocrx_word' id='word_1_331' title='bbox 1620 4119 1920 4201; x_wconf 87' lang='lat' dir='ltr'>imagine,</span> <span class='ocrx_word' id='word_1_332' title='bbox 1964 4125 2225 4201; x_wconf 88' lang='lat' dir='ltr'>propter</span> <span class='ocrx_word' id='word_1_333' title='bbox 2262 4138 2356 4181; x_wconf 89' lang='lat' dir='ltr'>ra-</span> 
     </span>
    </p>
   </div>
   <div class='ocr_carea' id='block_1_11' title="bbox 2459 1954 3972 2530">
    <p class='ocr_par' dir='ltr' id='par_1_14' title="bbox 2459 1954 3972 2530">
     <span class='ocr_line' id='line_1_46' title="bbox 2539 1954 3972 2036; baseline 0 -20"><span class='ocrx_word' id='word_1_334' title='bbox 2539 1955 2609 2016; x_wconf 91' lang='lat' dir='ltr'>ln</span> <span class='ocrx_word' id='word_1_335' title='bbox 2641 1954 2877 2036; x_wconf 89' lang='lat' dir='ltr'>quibus</span> <span class='ocrx_word' id='word_1_336' title='bbox 2906 1956 3027 2018; x_wconf 89' lang='lat' dir='ltr'>hoc</span> <span class='ocrx_word' id='word_1_337' title='bbox 3066 1956 3365 2019; x_wconf 92' lang='lat' dir='ltr'>ultimum</span> <span class='ocrx_word' id='word_1_338' title='bbox 3401 1955 3673 2019; x_wconf 89' lang='lat' dir='ltr'>verbum</span> <span class='ocrx_word' id='word_1_339' title='bbox 3704 1955 3972 2018; x_wconf 88' lang='lat' dir='ltr'>videtur</span> 
     </span>
     <span class='ocr_line' id='line_1_47' title="bbox 2459 2052 3968 2136; baseline 0 -21"><span class='ocrx_word' id='word_1_340' title='bbox 2459 2052 2827 2128; x_wconf 90' lang='lat' dir='ltr'>obscurum,</span> <span class='ocrx_word' id='word_1_341' title='bbox 2863 2055 3015 2136; x_wconf 91' lang='lat' dir='ltr'>quia</span> <span class='ocrx_word' id='word_1_342' title='bbox 3062 2054 3272 2136; x_wconf 85' lang='lat' dir='ltr'>imago</span> <span class='ocrx_word' id='word_1_343' title='bbox 3320 2055 3384 2116; x_wconf 92' lang='lat' dir='ltr'>in</span> <span class='ocrx_word' id='word_1_344' title='bbox 3432 2054 3695 2117; x_wconf 89' lang='lat' dir='ltr'>homine</span> <span class='ocrx_word' id='word_1_345' title='bbox 3740 2053 3968 2116; x_wconf 89' lang='lat' dir='ltr'>multi-</span> 
     </span>
     <span class='ocr_line' id='line_1_48' title="bbox 2460 2151 3969 2236; baseline 0.001 -23"><span class='ocrx_word' id='word_1_346' title='bbox 2460 2151 2713 2233; x_wconf 90' lang='lat' dir='ltr'>pliciter</span> <span class='ocrx_word' id='word_1_347' title='bbox 2764 2152 3176 2228; x_wconf 82' lang='lat' dir='ltr'>deformatur,</span> <span class='ocrx_word' id='word_1_348' title='bbox 3226 2161 3417 2236; x_wconf 87' lang='lat' dir='ltr'>atque</span> <span class='ocrx_word' id='word_1_349' title='bbox 3474 2172 3589 2236; x_wconf 90' lang='lat' dir='ltr'>per</span> <span class='ocrx_word' id='word_1_350' title='bbox 3633 2153 3791 2216; x_wconf 85' lang='lat' dir='ltr'>vitia</span> <span class='ocrx_word' id='word_1_351' title='bbox 3834 2153 3969 2215; x_wconf 64' lang='lat' dir='ltr'>daa-</span> 
     </span>
     <span class='ocr_line' id='line_1_49' title="bbox 2460 2249 3971 2326; baseline 0 -14"><span class='ocrx_word' id='word_1_352' title='bbox 2460 2249 2759 2313; x_wconf 89' lang='lat' dir='ltr'>monibus</span> <span class='ocrx_word' id='word_1_353' title='bbox 2805 2250 3215 2326; x_wconf 89' lang='lat' dir='ltr'>assimilatur,</span> <span class='ocrx_word' id='word_1_354' title='bbox 3264 2259 3331 2314; x_wconf 89' lang='lat' dir='ltr'>et</span> <span class='ocrx_word' id='word_1_355' title='bbox 3372 2252 3589 2314; x_wconf 87' lang='lat' dir='ltr'>anima</span> <span class='ocrx_word' id='word_1_356' title='bbox 3636 2252 3766 2314; x_wconf 88' lang='lat' dir='ltr'>Deo</span> <span class='ocrx_word' id='word_1_357' title='bbox 3812 2251 3971 2313; x_wconf 84' lang='lat' dir='ltr'>reli-</span> 
     </span>
     <span class='ocr_line' id='line_1_50' title="bbox 2460 2348 3971 2432; baseline 0.001 -22"><span class='ocrx_word' id='word_1_358' title='bbox 2460 2355 2583 2423; x_wconf 90' lang='lat' dir='ltr'>cto,</span> <span class='ocrx_word' id='word_1_359' title='bbox 2607 2348 2893 2411; x_wconf 89' lang='lat' dir='ltr'>adultera</span> <span class='ocrx_word' id='word_1_360' title='bbox 2920 2348 3159 2413; x_wconf 89' lang='lat' dir='ltr'>diaboli</span> <span class='ocrx_word' id='word_1_361' title='bbox 3190 2349 3333 2412; x_wconf 81' lang='lat' dir='ltr'>fieri</span> <span class='ocrx_word' id='word_1_362' title='bbox 3364 2349 3757 2432; x_wconf 86' lang='lat' dir='ltr'>perhibetur.</span> <span class='ocrx_word' id='word_1_363' title='bbox 3783 2349 3971 2412; x_wconf 90' lang='lat' dir='ltr'>Unde</span> 
     </span>
     <span class='ocr_line' id='line_1_51' title="bbox 2460 2446 3971 2530; baseline 0.001 -22"><span class='ocrx_word' id='word_1_364' title='bbox 2460 2446 2527 2508; x_wconf 91' lang='lat' dir='ltr'>in</span> <span class='ocrx_word' id='word_1_365' title='bbox 2589 2447 2970 2530; x_wconf 79' lang='lat' dir='ltr'>Apocalypsi</span> <span class='ocrx_word' id='word_1_366' title='bbox 3033 2447 3294 2530; x_wconf 89' lang='lat' dir='ltr'>quidam</span> <span class='ocrx_word' id='word_1_367' title='bbox 3362 2447 3664 2510; x_wconf 85' lang='lat' dir='ltr'>dicuntur</span> <span class='ocrx_word' id='word_1_368' title='bbox 3724 2447 3971 2510; x_wconf 87' lang='lat' dir='ltr'>habere</span> 
     </span>
    </p>
   </div>
   <div class='ocr_carea' id='block_1_12' title="bbox 2459 2539 4247 2724">
    <p class='ocr_par' dir='ltr' id='par_1_15' title="bbox 2459 2539 4247 2724">
     <span class='ocr_line' id='line_1_52' title="bbox 2460 2539 4247 2630; baseline 0.002 -25"><span class='ocrx_word' id='word_1_369' title='bbox 2460 2544 2889 2607; x_wconf 87' lang='lat' dir='ltr'>characterem</span> <span class='ocrx_word' id='word_1_370' title='bbox 2926 2545 3164 2621; x_wconf 83' lang='lat' dir='ltr'>bestiae,</span> <span class='ocrx_word' id='word_1_371' title='bbox 3194 2545 3259 2608; x_wconf 91' lang='lat' dir='ltr'>id</span> <span class='ocrx_word' id='word_1_372' title='bbox 3288 2554 3386 2609; x_wconf 92' lang='lat' dir='ltr'>est</span> <span class='ocrx_word' id='word_1_373' title='bbox 3422 2545 3656 2609; x_wconf 90' lang='lat' dir='ltr'>diaboli</span> <span class='ocrx_word' id='word_1_374' title='bbox 3693 2564 3807 2609; x_wconf 90' lang='lat' dir='ltr'>seu</span> <span class='ocrx_word' id='word_1_375' title='bbox 3836 2547 3971 2608; x_wconf 87' lang='lat' dir='ltr'>An·</span> <span class='ocrx_word' id='word_1_376' title='bbox 4028 2539 4247 2630; x_wconf 50' lang='lat' dir='ltr'>Apama.</span> 
     </span>
     <span class='ocr_line' id='line_1_53' title="bbox 2459 2641 4125 2724; baseline 0.001 -21"><span class='ocrx_word' id='word_1_377' title='bbox 2459 2642 2734 2704; x_wconf 90' lang='lat' dir='ltr'>tichristi</span> <span class='ocrx_word' id='word_1_378' title='bbox 2769 2660 2785 2704; x_wconf 73' lang='grc' dir='ltr'>ε</span> <span class='ocrx_word' id='word_1_379' title='bbox 2820 2644 3006 2724; x_wconf 84' lang='lat' dir='ltr'>cujus</span> <span class='ocrx_word' id='word_1_380' title='bbox 3054 2645 3400 2719; x_wconf 87' lang='lat' dir='ltr'>character,</span> <span class='ocrx_word' id='word_1_381' title='bbox 3452 2645 3807 2708; x_wconf 90' lang='lat' dir='ltr'>secundum</span> <span class='ocrx_word' id='word_1_382' title='bbox 3858 2663 3972 2707; x_wconf 88' lang='lat' dir='ltr'>ex·-</span> <span class='ocrx_word' id='word_1_383' title='bbox 3998 2641 4125 2689; x_wconf 55' lang='grc' dir='ltr'>Μ’·</span> 
     </span>
    </p>
   </div>
   <div class='ocr_carea' id='block_1_13' title="bbox 2460 2740 3975 3022">
    <p class='ocr_par' dir='ltr' id='par_1_16' title="bbox 2460 2740 3975 3022">
     <span class='ocr_line' id='line_1_54' title="bbox 2460 2740 3970 2825; baseline 0.001 -22"><span class='ocrx_word' id='word_1_384' title='bbox 2460 2740 2793 2822; x_wconf 80' lang='lat' dir='ltr'>positoreS,</span> <span class='ocrx_word' id='word_1_385' title='bbox 2826 2749 2923 2804; x_wconf 91' lang='lat' dir='ltr'>est</span> <span class='ocrx_word' id='word_1_386' title='bbox 2952 2742 3217 2805; x_wconf 84' lang='lat' dir='ltr'>mortale</span> <span class='ocrx_word' id='word_1_387' title='bbox 3253 2749 3605 2825; x_wconf 88' lang='lat' dir='ltr'>peccatum.</span> <span class='ocrx_word' id='word_1_388' title='bbox 3642 2742 3970 2818; x_wconf 87' lang='lat' dir='ltr'>Secundo,</span> 
     </span>
     <span class='ocr_line' id='line_1_55' title="bbox 2460 2839 3973 2923; baseline 0.003 -23"><span class='ocrx_word' id='word_1_389' title='bbox 2460 2839 2631 2920; x_wconf 88' lang='lat' dir='ltr'>quod</span> <span class='ocrx_word' id='word_1_390' title='bbox 2675 2839 2969 2921; x_wconf 89' lang='lat' dir='ltr'>superius</span> <span class='ocrx_word' id='word_1_391' title='bbox 3017 2840 3179 2903; x_wconf 87' lang='lat' dir='ltr'>dixit</span> <span class='ocrx_word' id='word_1_392' title='bbox 3226 2841 3655 2904; x_wconf 89' lang='lat' dir='ltr'>characterem</span> <span class='ocrx_word' id='word_1_393' title='bbox 3702 2841 3973 2923; x_wconf 88' lang='lat' dir='ltr'>proprie</span> 
     </span>
     <span class='ocr_line' id='line_1_56' title="bbox 2460 2937 3975 3022; baseline 0.003 -24"><span class='ocrx_word' id='word_1_394' title='bbox 2460 2955 2600 2998; x_wconf 91' lang='lat' dir='ltr'>esse</span> <span class='ocrx_word' id='word_1_395' title='bbox 2650 2937 2715 2998; x_wconf 90' lang='lat' dir='ltr'>in</span> <span class='ocrx_word' id='word_1_396' title='bbox 2777 2944 2907 3000; x_wconf 86' lang='lat' dir='ltr'>tota</span> <span class='ocrx_word' id='word_1_397' title='bbox 2954 2938 3250 3019; x_wconf 85' lang='lat' dir='ltr'>imagine.</span> <span class='ocrx_word' id='word_1_398' title='bbox 3302 2938 3637 3002; x_wconf 76' lang='lat' dir='ltr'>character</span> <span class='ocrx_word' id='word_1_399' title='bbox 3683 2958 3975 3022; x_wconf 88' lang='lat' dir='ltr'>namque</span> 
     </span>
    </p>
   </div>
   <div class='ocr_carea' id='block_1_14' title="bbox 2387 3035 3976 3118">
    <p class='ocr_par' dir='ltr' id='par_1_17' title="bbox 2387 3035 3976 3118">
     <span class='ocr_line' id='line_1_57' title="bbox 2387 3035 3976 3118; baseline 0 -18"><span class='ocrx_word' id='word_1_400' title='bbox 2387 3035 2431 3100; x_wconf 90' lang='lat' dir='ltr'>C</span> <span class='ocrx_word' id='word_1_401' title='bbox 2461 3053 2661 3115; x_wconf 91' lang='lat' dir='ltr'>quum</span> <span class='ocrx_word' id='word_1_402' title='bbox 2693 3035 2777 3097; x_wconf 91' lang='lat' dir='ltr'>sit</span> <span class='ocrx_word' id='word_1_403' title='bbox 2814 3036 3088 3118; x_wconf 88' lang='lat' dir='ltr'>simplex</span> <span class='ocrx_word' id='word_1_404' title='bbox 3116 3045 3182 3099; x_wconf 92' lang='lat' dir='ltr'>et</span> <span class='ocrx_word' id='word_1_405' title='bbox 3219 3037 3633 3100; x_wconf 89' lang='lat' dir='ltr'>indivisibilis</span> <span class='ocrx_word' id='word_1_406' title='bbox 3674 3038 3976 3102; x_wconf 89' lang='lat' dir='ltr'>immate-</span> 
     </span>
    </p>
   </div>
   <div class='ocr_carea' id='block_1_15' title="bbox 2462 3133 3987 4199">
    <p class='ocr_par' dir='ltr' id='par_1_18' title="bbox 2462 3133 3987 4199">
     <span class='ocr_line' id='line_1_58' title="bbox 2462 3133 3979 3217; baseline 0.003 -22"><span class='ocrx_word' id='word_1_407' title='bbox 2462 3133 2765 3215; x_wconf 90' lang='lat' dir='ltr'>rialisque</span> <span class='ocrx_word' id='word_1_408' title='bbox 2808 3133 3035 3208; x_wconf 87' lang='lat' dir='ltr'>forma,</span> <span class='ocrx_word' id='word_1_409' title='bbox 3070 3153 3197 3199; x_wconf 92' lang='lat' dir='ltr'>non</span> <span class='ocrx_word' id='word_1_410' title='bbox 3239 3143 3448 3217; x_wconf 89' lang='lat' dir='ltr'>potest</span> <span class='ocrx_word' id='word_1_411' title='bbox 3492 3136 3851 3217; x_wconf 84' lang='lat' dir='ltr'>subjective</span> <span class='ocrx_word' id='word_1_412' title='bbox 3906 3142 3979 3199; x_wconf 91' lang='lat' dir='ltr'>et</span> 
     </span>
     <span class='ocr_line' id='line_1_59' title="bbox 2464 3231 3827 3317; baseline 0.001 -24"><span class='ocrx_word' id='word_1_413' title='bbox 2464 3231 2830 3294; x_wconf 90' lang='lat' dir='ltr'>immediate</span> <span class='ocrx_word' id='word_1_414' title='bbox 2876 3232 2941 3295; x_wconf 91' lang='lat' dir='ltr'>in</span> <span class='ocrx_word' id='word_1_415' title='bbox 2984 3233 3279 3315; x_wconf 90' lang='lat' dir='ltr'>pluribus</span> <span class='ocrx_word' id='word_1_416' title='bbox 3321 3253 3461 3297; x_wconf 89' lang='lat' dir='ltr'>esse</span> <span class='ocrx_word' id='word_1_417' title='bbox 3503 3234 3827 3317; x_wconf 91' lang='lat' dir='ltr'>potentiis.</span> 
     </span>
     <span class='ocr_line' id='line_1_60' title="bbox 2541 3330 3980 3415; baseline 0.003 -24"><span class='ocrx_word' id='word_1_418' title='bbox 2541 3330 2833 3411; x_wconf 87' lang='lat' dir='ltr'>Amplius</span> <span class='ocrx_word' id='word_1_419' title='bbox 2891 3330 3369 3412; x_wconf 88' lang='lat' dir='ltr'>Argentinensis</span> <span class='ocrx_word' id='word_1_420' title='bbox 3425 3350 3439 3394; x_wconf 90' lang='lat'>:</span> <span class='ocrx_word' id='word_1_421' title='bbox 3489 3332 3767 3415; x_wconf 88' lang='lat' dir='ltr'>Antiqua</span> <span class='ocrx_word' id='word_1_422' title='bbox 3819 3333 3980 3413; x_wconf 88' lang='lat' dir='ltr'>(ait)</span> 
     </span>
     <span class='ocr_line' id='line_1_61' title="bbox 2463 3426 3981 3513; baseline 0.004 -24"><span class='ocrx_word' id='word_1_423' title='bbox 2463 3426 2587 3489; x_wconf 82' lang='lat' dir='ltr'>fuit</span> <span class='ocrx_word' id='word_1_424' title='bbox 2618 3428 2857 3511; x_wconf 92' lang='lat' dir='ltr'>opini0,</span> <span class='ocrx_word' id='word_1_425' title='bbox 2890 3430 3061 3511; x_wconf 89' lang='lat' dir='ltr'>quod</span> <span class='ocrx_word' id='word_1_426' title='bbox 3100 3430 3427 3494; x_wconf 86' lang='lat' dir='ltr'>character</span> <span class='ocrx_word' id='word_1_427' title='bbox 3471 3449 3595 3494; x_wconf 92' lang='lat' dir='ltr'>non</span> <span class='ocrx_word' id='word_1_428' title='bbox 3642 3431 3822 3513; x_wconf 90' lang='lat' dir='ltr'>ponit</span> <span class='ocrx_word' id='word_1_429' title='bbox 3858 3432 3981 3494; x_wconf 84' lang='lat' dir='ltr'>ali-</span> 
     </span>
     <span class='ocr_line' id='line_1_62' title="bbox 2464 3529 3979 3612; baseline 0.003 -23"><span class='ocrx_word' id='word_1_430' title='bbox 2464 3546 2655 3609; x_wconf 88' lang='lat' dir='ltr'>quam</span> <span class='ocrx_word' id='word_1_431' title='bbox 2696 3529 3025 3591; x_wconf 89' lang='lat' dir='ltr'>entitatem</span> <span class='ocrx_word' id='word_1_432' title='bbox 3064 3529 3319 3592; x_wconf 91' lang='lat' dir='ltr'>realem.</span> <span class='ocrx_word' id='word_1_433' title='bbox 3354 3531 3553 3604; x_wconf 87' lang='lat' dir='ltr'>Quam</span> <span class='ocrx_word' id='word_1_434' title='bbox 3592 3530 3979 3612; x_wconf 87' lang='lat' dir='ltr'>opinionem</span> 
     </span>
     <span class='ocr_line' id='line_1_63' title="bbox 2464 3627 3982 3702; baseline 0.002 -14"><span class='ocrx_word' id='word_1_435' title='bbox 2464 3644 2636 3688; x_wconf 89' lang='lat' dir='ltr'>nunc</span> <span class='ocrx_word' id='word_1_436' title='bbox 2666 3627 2883 3689; x_wconf 92' lang='lat' dir='ltr'>nullus</span> <span class='ocrx_word' id='word_1_437' title='bbox 2914 3636 3129 3690; x_wconf 90' lang='lat' dir='ltr'>tenere</span> <span class='ocrx_word' id='word_1_438' title='bbox 3160 3628 3350 3691; x_wconf 91' lang='lat' dir='ltr'>debet</span> <span class='ocrx_word' id='word_1_439' title='bbox 3378 3628 3849 3702; x_wconf 78' lang='lat' dir='ltr'>CatholicuS‚ut</span> <span class='ocrx_word' id='word_1_440' title='bbox 3882 3631 3982 3693; x_wconf 88' lang='lat' dir='ltr'>vi-</span> 
     </span>
     <span class='ocr_line' id='line_1_64' title="bbox 2464 3724 3979 3807; baseline 0.004 -22"><span class='ocrx_word' id='word_1_441' title='bbox 2464 3724 2650 3787; x_wconf 89' lang='lat' dir='ltr'>detur</span> <span class='ocrx_word' id='word_1_442' title='bbox 2684 3742 2697 3787; x_wconf 89' lang='lat'>:</span> <span class='ocrx_word' id='word_1_443' title='bbox 2733 3726 2884 3807; x_wconf 89' lang='lat' dir='ltr'>quia</span> <span class='ocrx_word' id='word_1_444' title='bbox 2912 3734 2983 3788; x_wconf 90' lang='lat' dir='ltr'>ut</span> <span class='ocrx_word' id='word_1_445' title='bbox 3020 3726 3256 3788; x_wconf 89' lang='lat' dir='ltr'>dicitur</span> <span class='ocrx_word' id='word_1_446' title='bbox 3284 3736 3479 3787; x_wconf 75' lang='lat' dir='ltr'>eoetra</span> <span class='ocrx_word' id='word_1_447' title='bbox 3506 3727 3586 3790; x_wconf 92' lang='lat' dir='ltr'>de</span> <span class='ocrx_word' id='word_1_448' title='bbox 3614 3727 3979 3804; x_wconf 77' lang='lat' dir='ltr'>HaereticiS,</span> 
     </span>
     <span class='ocr_line' id='line_1_65' title="bbox 2463 3823 3983 3897; baseline 0.002 -11"><span class='ocrx_word' id='word_1_449' title='bbox 2463 3823 2810 3897; x_wconf 87' lang='lat' dir='ltr'>Abolenda,</span> <span class='ocrx_word' id='word_1_450' title='bbox 2868 3824 2945 3887; x_wconf 94' lang='lat' dir='ltr'>de</span> <span class='ocrx_word' id='word_1_451' title='bbox 3004 3825 3415 3888; x_wconf 90' lang='lat' dir='ltr'>sacramentis</span> <span class='ocrx_word' id='word_1_452' title='bbox 3472 3825 3772 3889; x_wconf 85' lang='lat' dir='ltr'>Ecclesiae</span> <span class='ocrx_word' id='word_1_453' title='bbox 3830 3846 3983 3889; x_wconf 87' lang='lat' dir='ltr'>sen·</span> 
     </span>
     <span class='ocr_line' id='line_1_66' title="bbox 2464 3922 3981 4005; baseline 0.003 -22"><span class='ocrx_word' id='word_1_454' title='bbox 2464 3922 2753 3984; x_wconf 83' lang='lat' dir='ltr'>tiendum</span> <span class='ocrx_word' id='word_1_455' title='bbox 2790 3930 2889 3984; x_wconf 89' lang='lat' dir='ltr'>est</span> <span class='ocrx_word' id='word_1_456' title='bbox 2926 3922 3092 3985; x_wconf 90' lang='lat' dir='ltr'>sicut</span> <span class='ocrx_word' id='word_1_457' title='bbox 3120 3923 3313 3985; x_wconf 93' lang='lat' dir='ltr'>sentit</span> <span class='ocrx_word' id='word_1_458' title='bbox 3341 3924 3621 3987; x_wconf 87' lang='lat' dir='ltr'>Romana</span> <span class='ocrx_word' id='word_1_459' title='bbox 3648 3924 3981 4005; x_wconf 84' lang='lat' dir='ltr'>Ecclesia3</span> 
     </span>
     <span class='ocr_line' id='line_1_67' title="bbox 2466 4020 3983 4105; baseline 0.002 -22"><span class='ocrx_word' id='word_1_460' title='bbox 2466 4027 2529 4083; x_wconf 94' lang='lat' dir='ltr'>et</span> <span class='ocrx_word' id='word_1_461' title='bbox 2567 4020 2703 4083; x_wconf 81' lang='lat' dir='ltr'>haec</span> <span class='ocrx_word' id='word_1_462' title='bbox 2742 4021 3056 4103; x_wconf 89' lang='lat' dir='ltr'>expressit</span> <span class='ocrx_word' id='word_1_463' title='bbox 3092 4022 3522 4085; x_wconf 87' lang='lat' dir='ltr'>characterem</span> <span class='ocrx_word' id='word_1_464' title='bbox 3567 4023 3855 4105; x_wconf 88' lang='lat' dir='ltr'>imprimi</span> <span class='ocrx_word' id='word_1_465' title='bbox 3908 4024 3983 4087; x_wconf 90' lang='lat' dir='ltr'>in</span> 
     </span>
     <span class='ocr_line' id='line_1_68' title="bbox 2465 4117 3987 4199; baseline 0.004 -20"><span class='ocrx_word' id='word_1_466' title='bbox 2465 4117 2808 4199; x_wconf 89' lang='lat' dir='ltr'>Baptismo.</span> <span class='ocrx_word' id='word_1_467' title='bbox 2843 4120 3019 4182; x_wconf 89' lang='lat' dir='ltr'>Unde</span> <span class='ocrx_word' id='word_1_468' title='bbox 3063 4120 3471 4183; x_wconf 90' lang='lat' dir='ltr'>Innocentius</span> <span class='ocrx_word' id='word_1_469' title='bbox 3509 4131 3705 4182; x_wconf 70' lang='lat' dir='ltr'>eoetra</span> <span class='ocrx_word' id='word_1_470' title='bbox 3740 4120 3821 4183; x_wconf 87' lang='lat' dir='ltr'>de</span> <span class='ocrx_word' id='word_1_471' title='bbox 3862 4122 3987 4185; x_wconf 83' lang='lat' dir='ltr'>Ba-</span> 
     </span>
    </p>
   </div>
   <div class='ocr_carea' id='block_1_16' title="bbox 854 4213 3985 4300">
    <p class='ocr_par' dir='ltr' id='par_1_19' title="bbox 854 4213 3985 4300">
     <span class='ocr_line' id='line_1_69' title="bbox 854 4213 3985 4300; baseline 0 -19"><span class='ocrx_word' id='word_1_472' title='bbox 854 4219 1098 4281; x_wconf 90' lang='lat' dir='ltr'>tionem</span> <span class='ocrx_word' id='word_1_473' title='bbox 1129 4217 1593 4299; x_wconf 81' lang='lat' dir='ltr'>configurandi.</span> <span class='ocrx_word' id='word_1_474' title='bbox 1629 4216 1706 4279; x_wconf 89' lang='lat' dir='ltr'>Et</span> <span class='ocrx_word' id='word_1_475' title='bbox 1743 4218 1862 4279; x_wconf 86' lang='lat' dir='ltr'>ista</span> <span class='ocrx_word' id='word_1_476' title='bbox 1897 4217 2119 4300; x_wconf 92' lang='lat' dir='ltr'>opinio</span> <span class='ocrx_word' id='word_1_477' title='bbox 2148 4218 2359 4280; x_wconf 91' lang='lat' dir='ltr'>verior</span> <span class='ocrx_word' id='word_1_478' title='bbox 2386 4213 2437 4277; x_wconf 91' lang='lat' dir='ltr'>D</span> <span class='ocrx_word' id='word_1_479' title='bbox 2468 4216 2725 4299; x_wconf 92' lang='lat' dir='ltr'>ptismo,</span> <span class='ocrx_word' id='word_1_480' title='bbox 2757 4224 3025 4279; x_wconf 87' lang='lat' dir='ltr'>testatur</span> <span class='ocrx_word' id='word_1_481' title='bbox 3058 4236 3072 4279; x_wconf 89' lang='lat'><strong>:</strong></span> <span class='ocrx_word' id='word_1_482' title='bbox 3106 4218 3221 4291; x_wconf 92' lang='lat' dir='ltr'>Qui</span> <span class='ocrx_word' id='word_1_483' title='bbox 3261 4218 3413 4281; x_wconf 82' lang='lat' dir='ltr'>ficte</span> <span class='ocrx_word' id='word_1_484' title='bbox 3450 4218 3699 4282; x_wconf 82' lang='lat' dir='ltr'>accedit</span> <span class='ocrx_word' id='word_1_485' title='bbox 3734 4220 3815 4281; x_wconf 83' lang='lat' dir='ltr'>ad</span> <span class='ocrx_word' id='word_1_486' title='bbox 3856 4220 3985 4283; x_wconf 89' lang='lat' dir='ltr'>Ba-</span> 
     </span>
    </p>
   </div>
   <div class='ocr_carea' id='block_1_17' title="bbox 855 4315 2360 5386">
    <p class='ocr_par' dir='ltr' id='par_1_20' title="bbox 855 4315 2360 5386">
     <span class='ocr_line' id='line_1_70' title="bbox 855 4315 2359 4398; baseline 0 -20"><span class='ocrx_word' id='word_1_487' title='bbox 855 4324 975 4389; x_wconf 93' lang='lat' dir='ltr'>est,</span> <span class='ocrx_word' id='word_1_488' title='bbox 1017 4316 1106 4379; x_wconf 89' lang='lat' dir='ltr'>ita</span> <span class='ocrx_word' id='word_1_489' title='bbox 1151 4316 1321 4398; x_wconf 88' lang='lat' dir='ltr'>quod</span> <span class='ocrx_word' id='word_1_490' title='bbox 1365 4334 1514 4377; x_wconf 88' lang='lat' dir='ltr'>vere</span> <span class='ocrx_word' id='word_1_491' title='bbox 1556 4322 1620 4377; x_wconf 92' lang='lat' dir='ltr'>et</span> <span class='ocrx_word' id='word_1_492' title='bbox 1663 4315 1920 4398; x_wconf 89' lang='lat' dir='ltr'>proprie</span> <span class='ocrx_word' id='word_1_493' title='bbox 1963 4323 2059 4377; x_wconf 89' lang='lat' dir='ltr'>est</span> <span class='ocrx_word' id='word_1_494' title='bbox 2095 4316 2164 4378; x_wconf 91' lang='lat' dir='ltr'>in</span> <span class='ocrx_word' id='word_1_495' title='bbox 2206 4316 2359 4378; x_wconf 90' lang='lat' dir='ltr'>ima·</span> 
     </span>
     <span class='ocr_line' id='line_1_71' title="bbox 857 4412 2124 4497; baseline 0 -21"><span class='ocrx_word' id='word_1_496' title='bbox 857 4414 1029 4497; x_wconf 87' lang='lat' dir='ltr'>gine,</span> <span class='ocrx_word' id='word_1_497' title='bbox 1068 4413 1180 4476; x_wconf 88' lang='lat' dir='ltr'>sed</span> <span class='ocrx_word' id='word_1_498' title='bbox 1220 4413 1626 4496; x_wconf 88' lang='lat' dir='ltr'>appropriate</span> <span class='ocrx_word' id='word_1_499' title='bbox 1667 4413 1732 4475; x_wconf 88' lang='lat' dir='ltr'>in</span> <span class='ocrx_word' id='word_1_500' title='bbox 1776 4412 2124 4476; x_wconf 88' lang='lat' dir='ltr'>intellectu.</span> 
     </span>
     <span class='ocr_line' id='line_1_72' title="bbox 939 4511 2355 4594; baseline -0.001 -19"><span class='ocrx_word' id='word_1_501' title='bbox 939 4513 1171 4587; x_wconf 89' lang='lat' dir='ltr'>Quarto</span> <span class='ocrx_word' id='word_1_502' title='bbox 1218 4512 1467 4594; x_wconf 82' lang='lat' dir='ltr'>quaerit,</span> <span class='ocrx_word' id='word_1_503' title='bbox 1511 4530 1627 4593; x_wconf 89' lang='lat' dir='ltr'>per</span> <span class='ocrx_word' id='word_1_504' title='bbox 1671 4511 1826 4593; x_wconf 90' lang='lat' dir='ltr'>quid</span> <span class='ocrx_word' id='word_1_505' title='bbox 1870 4511 2195 4575; x_wconf 88' lang='lat' dir='ltr'>character</span> <span class='ocrx_word' id='word_1_506' title='bbox 2238 4512 2355 4574; x_wconf 91' lang='lat' dir='ltr'>im-</span> 
     </span>
     <span class='ocr_line' id='line_1_73' title="bbox 861 4609 2352 4695; baseline 0 -22"><span class='ocrx_word' id='word_1_507' title='bbox 861 4612 1179 4695; x_wconf 90' lang='lat' dir='ltr'>primitur.</span> <span class='ocrx_word' id='word_1_508' title='bbox 1203 4609 1580 4691; x_wconf 89' lang='lat' dir='ltr'>Respondet,</span> <span class='ocrx_word' id='word_1_509' title='bbox 1596 4609 1765 4691; x_wconf 90' lang='lat' dir='ltr'>quod</span> <span class='ocrx_word' id='word_1_510' title='bbox 1798 4627 1912 4691; x_wconf 90' lang='lat' dir='ltr'>per</span> <span class='ocrx_word' id='word_1_511' title='bbox 1939 4618 2352 4685; x_wconf 89' lang='lat' dir='ltr'>sacramenta,</span> 
     </span>
     <span class='ocr_line' id='line_1_74' title="bbox 860 4707 2355 4792; baseline -0.002 -19"><span class='ocrx_word' id='word_1_512' title='bbox 860 4728 988 4773; x_wconf 93' lang='lat' dir='ltr'>non</span> <span class='ocrx_word' id='word_1_513' title='bbox 1028 4728 1142 4792; x_wconf 90' lang='lat' dir='ltr'>per</span> <span class='ocrx_word' id='word_1_514' title='bbox 1172 4708 1462 4783; x_wconf 78' lang='lat' dir='ltr'>virtuteS,</span> <span class='ocrx_word' id='word_1_515' title='bbox 1495 4708 1573 4770; x_wconf 95' lang='lat' dir='ltr'>de</span> <span class='ocrx_word' id='word_1_516' title='bbox 1603 4708 1997 4771; x_wconf 88' lang='lat' dir='ltr'>necessitate.</span> <span class='ocrx_word' id='word_1_517' title='bbox 2033 4707 2144 4771; x_wconf 89' lang='lat' dir='ltr'>Est</span> <span class='ocrx_word' id='word_1_518' title='bbox 2180 4708 2355 4771; x_wconf 93' lang='lat' dir='ltr'>enim</span> 
     </span>
     <span class='ocr_line' id='line_1_75' title="bbox 860 4805 2357 4890; baseline -0.001 -19"><span class='ocrx_word' id='word_1_519' title='bbox 860 4808 1115 4890; x_wconf 86' lang='lat' dir='ltr'>signum</span> <span class='ocrx_word' id='word_1_520' title='bbox 1155 4806 1426 4869; x_wconf 89' lang='lat' dir='ltr'>interius</span> <span class='ocrx_word' id='word_1_521' title='bbox 1463 4806 1945 4885; x_wconf 90' lang='lat' dir='ltr'>distinctivum;</span> <span class='ocrx_word' id='word_1_522' title='bbox 1991 4805 2357 4889; x_wconf 79' lang='lat' dir='ltr'>significare</span> 
     </span>
     <span class='ocr_line' id='line_1_76' title="bbox 859 4904 2357 4986; baseline -0.001 -17"><span class='ocrx_word' id='word_1_523' title='bbox 859 4914 1074 4969; x_wconf 90' lang='lat' dir='ltr'>autem</span> <span class='ocrx_word' id='word_1_524' title='bbox 1117 4922 1246 4969; x_wconf 90' lang='lat' dir='ltr'>non</span> <span class='ocrx_word' id='word_1_525' title='bbox 1288 4904 1588 4967; x_wconf 87' lang='lat' dir='ltr'>convenit</span> <span class='ocrx_word' id='word_1_526' title='bbox 1630 4904 1688 4967; x_wconf 91' lang='lat' dir='ltr'>ei</span> <span class='ocrx_word' id='word_1_527' title='bbox 1738 4904 1860 4967; x_wconf 91' lang='lat' dir='ltr'>nisi</span> <span class='ocrx_word' id='word_1_528' title='bbox 1907 4904 2149 4967; x_wconf 90' lang='lat' dir='ltr'>ratione</span> <span class='ocrx_word' id='word_1_529' title='bbox 2192 4904 2357 4986; x_wconf 86' lang='lat' dir='ltr'>signi</span> 
     </span>
     <span class='ocr_line' id='line_1_77' title="bbox 862 5002 2360 5085; baseline -0.003 -17"><span class='ocrx_word' id='word_1_530' title='bbox 862 5004 1160 5078; x_wconf 85' lang='lat' dir='ltr'>visibilis,</span> <span class='ocrx_word' id='word_1_531' title='bbox 1183 5002 1354 5085; x_wconf 88' lang='lat' dir='ltr'>quod</span> <span class='ocrx_word' id='word_1_532' title='bbox 1385 5009 1482 5065; x_wconf 90' lang='lat' dir='ltr'>est</span> <span class='ocrx_word' id='word_1_533' title='bbox 1509 5010 1998 5065; x_wconf 91' lang='lat' dir='ltr'>sacramentum.</span> <span class='ocrx_word' id='word_1_534' title='bbox 2034 5003 2224 5065; x_wconf 89' lang='lat' dir='ltr'>Porro</span> <span class='ocrx_word' id='word_1_535' title='bbox 2254 5003 2360 5064; x_wconf 90' lang='lat' dir='ltr'>tri-</span> 
     </span>
     <span class='ocr_line' id='line_1_78' title="bbox 863 5101 2360 5188; baseline -0.003 -21"><span class='ocrx_word' id='word_1_536' title='bbox 863 5105 1011 5188; x_wconf 84' lang='lat' dir='ltr'>plex</span> <span class='ocrx_word' id='word_1_537' title='bbox 1040 5101 1366 5167; x_wconf 90' lang='lat' dir='ltr'>distinctio</span> <span class='ocrx_word' id='word_1_538' title='bbox 1395 5101 1612 5184; x_wconf 89' lang='lat' dir='ltr'>populi</span> <span class='ocrx_word' id='word_1_539' title='bbox 1648 5101 1978 5163; x_wconf 87' lang='lat' dir='ltr'>christiani</span> <span class='ocrx_word' id='word_1_540' title='bbox 2009 5101 2360 5163; x_wconf 89' lang='lat' dir='ltr'>secundum</span> 
     </span>
     <span class='ocr_line' id='line_1_79' title="bbox 865 5198 2356 5283; baseline -0.003 -17"><span class='ocrx_word' id='word_1_541' title='bbox 865 5210 1099 5267; x_wconf 86' lang='lat' dir='ltr'>statum</span> <span class='ocrx_word' id='word_1_542' title='bbox 1147 5200 1303 5264; x_wconf 79' lang='lat' dir='ltr'>fidei</span> <span class='ocrx_word' id='word_1_543' title='bbox 1352 5219 1468 5283; x_wconf 92' lang='lat' dir='ltr'>per</span> <span class='ocrx_word' id='word_1_544' title='bbox 1527 5200 1957 5263; x_wconf 89' lang='lat' dir='ltr'>characterem</span> <span class='ocrx_word' id='word_1_545' title='bbox 2007 5198 2356 5281; x_wconf 90' lang='lat' dir='ltr'>triplicem,</span> 
     </span>
     <span class='ocr_line' id='line_1_80' title="bbox 866 5296 2358 5386; baseline -0.003 -23"><span class='ocrx_word' id='word_1_546' title='bbox 866 5300 1272 5386; x_wconf 64' lang='lat' dir='ltr'>praefigurata</span> <span class='ocrx_word' id='word_1_547' title='bbox 1309 5298 1432 5361; x_wconf 79' lang='lat' dir='ltr'>fuit</span> <span class='ocrx_word' id='word_1_548' title='bbox 1470 5297 1536 5360; x_wconf 92' lang='lat' dir='ltr'>in</span> <span class='ocrx_word' id='word_1_549' title='bbox 1577 5298 1811 5381; x_wconf 89' lang='lat' dir='ltr'>populo</span> <span class='ocrx_word' id='word_1_550' title='bbox 1850 5298 2039 5359; x_wconf 92' lang='lat' dir='ltr'>Israel</span> <span class='ocrx_word' id='word_1_551' title='bbox 2077 5315 2090 5365; x_wconf 70' lang='grc' dir='ltr'><strong>ε</strong></span> <span class='ocrx_word' id='word_1_552' title='bbox 2128 5296 2358 5379; x_wconf 89' lang='lat' dir='ltr'>prima,</span> 
     </span>
    </p>
   </div>
   <div class='ocr_carea' id='block_1_18' title="bbox 2470 4308 3995 5381">
    <p class='ocr_par' dir='ltr' id='par_1_21' title="bbox 2470 4308 3995 5381">
     <span class='ocr_line' id='line_1_81' title="bbox 2470 4308 3987 4401; baseline 0.005 -26"><span class='ocrx_word' id='word_1_553' title='bbox 2470 4314 2801 4395; x_wconf 89' lang='lat' dir='ltr'>ptismum,</span> <span class='ocrx_word' id='word_1_554' title='bbox 2852 4308 3281 4379; x_wconf 80' lang='lat' dir='ltr'>characterem</span> <span class='ocrx_word' id='word_1_555' title='bbox 3340 4317 3628 4399; x_wconf 88' lang='lat' dir='ltr'>suscipit.</span> <span class='ocrx_word' id='word_1_556' title='bbox 3681 4318 3987 4401; x_wconf 86' lang='lat' dir='ltr'>Denique</span> 
     </span>
     <span class='ocr_line' id='line_1_82' title="bbox 2470 4412 3987 4498; baseline 0.002 -23"><span class='ocrx_word' id='word_1_557' title='bbox 2470 4412 2529 4475; x_wconf 88' lang='lat' dir='ltr'>S.</span> <span class='ocrx_word' id='word_1_558' title='bbox 2563 4412 2957 4493; x_wconf 89' lang='lat' dir='ltr'>Augustinus</span> <span class='ocrx_word' id='word_1_559' title='bbox 2987 4412 3053 4475; x_wconf 90' lang='lat' dir='ltr'>in</span> <span class='ocrx_word' id='word_1_560' title='bbox 3085 4413 3251 4477; x_wconf 86' lang='lat' dir='ltr'>libro</span> <span class='ocrx_word' id='word_1_561' title='bbox 3278 4414 3357 4477; x_wconf 91' lang='lat' dir='ltr'>de</span> <span class='ocrx_word' id='word_1_562' title='bbox 3385 4414 3711 4497; x_wconf 89' lang='lat' dir='ltr'>Baptismo</span> <span class='ocrx_word' id='word_1_563' title='bbox 3740 4434 3987 4498; x_wconf 87' lang='lat' dir='ltr'>parvu—</span> 
     </span>
     <span class='ocr_line' id='line_1_83' title="bbox 2470 4509 3983 4594; baseline 0.005 -24"><span class='ocrx_word' id='word_1_564' title='bbox 2470 4509 2700 4584; x_wconf 93' lang='lat' dir='ltr'>lorum,</span> <span class='ocrx_word' id='word_1_565' title='bbox 2715 4528 3013 4593; x_wconf 88' lang='lat' dir='ltr'>expresse</span> <span class='ocrx_word' id='word_1_566' title='bbox 3043 4511 3223 4594; x_wconf 89' lang='lat' dir='ltr'>ponit</span> <span class='ocrx_word' id='word_1_567' title='bbox 3252 4512 3703 4587; x_wconf 88' lang='lat' dir='ltr'>characterem,</span> <span class='ocrx_word' id='word_1_568' title='bbox 3716 4514 3950 4577; x_wconf 88' lang='lat' dir='ltr'>dicens</span> <span class='ocrx_word' id='word_1_569' title='bbox 3966 4532 3983 4578; x_wconf 92' lang='lat'>:</span> 
     </span>
     <span class='ocr_line' id='line_1_84' title="bbox 2471 4608 3987 4693; baseline 0.004 -23"><span class='ocrx_word' id='word_1_570' title='bbox 2471 4608 2807 4671; x_wconf 89' lang='lat' dir='ltr'>Character</span> <span class='ocrx_word' id='word_1_571' title='bbox 2836 4610 3219 4684; x_wconf 79' lang='lat' dir='ltr'>dominicuS‚</span> <span class='ocrx_word' id='word_1_572' title='bbox 3244 4629 3444 4693; x_wconf 93' lang='lat' dir='ltr'>quum</span> <span class='ocrx_word' id='word_1_573' title='bbox 3473 4611 3613 4674; x_wconf 90' lang='lat' dir='ltr'>ovis</span> <span class='ocrx_word' id='word_1_574' title='bbox 3644 4630 3862 4674; x_wconf 91' lang='lat' dir='ltr'>errans</span> <span class='ocrx_word' id='word_1_575' title='bbox 3896 4616 3987 4677; x_wconf 88' lang='lat' dir='ltr'>ad</span> 
     </span>
     <span class='ocr_line' id='line_1_85' title="bbox 2471 4706 3987 4775; baseline 0.004 -6"><span class='ocrx_word' id='word_1_576' title='bbox 2471 4706 2881 4770; x_wconf 88' lang='lat' dir='ltr'>christianam</span> <span class='ocrx_word' id='word_1_577' title='bbox 2941 4708 3195 4772; x_wconf 91' lang='lat' dir='ltr'>rediens</span> <span class='ocrx_word' id='word_1_578' title='bbox 3252 4710 3563 4773; x_wconf 91' lang='lat' dir='ltr'>unitatem</span> <span class='ocrx_word' id='word_1_579' title='bbox 3620 4711 3700 4773; x_wconf 86' lang='lat' dir='ltr'>ab</span> <span class='ocrx_word' id='word_1_580' title='bbox 3758 4730 3987 4775; x_wconf 87' lang='lat' dir='ltr'>errore</span> 
     </span>
     <span class='ocr_line' id='line_1_86' title="bbox 2471 4805 3989 4891; baseline 0.005 -25"><span class='ocrx_word' id='word_1_581' title='bbox 2471 4805 2798 4879; x_wconf 91' lang='lat' dir='ltr'>liberatur,</span> <span class='ocrx_word' id='word_1_582' title='bbox 2839 4807 3223 4887; x_wconf 89' lang='lat' dir='ltr'>agnoscitur,</span> <span class='ocrx_word' id='word_1_583' title='bbox 3267 4825 3393 4871; x_wconf 90' lang='lat' dir='ltr'>non</span> <span class='ocrx_word' id='word_1_584' title='bbox 3442 4808 3861 4891; x_wconf 89' lang='lat' dir='ltr'>improbatur.</span> <span class='ocrx_word' id='word_1_585' title='bbox 3902 4811 3989 4873; x_wconf 86' lang='lat' dir='ltr'>Et</span> 
     </span>
     <span class='ocr_line' id='line_1_87' title="bbox 2472 4904 3987 4991; baseline 0.005 -26"><span class='ocrx_word' id='word_1_586' title='bbox 2472 4922 2691 4966; x_wconf 89' lang='lat' dir='ltr'>rursus</span> <span class='ocrx_word' id='word_1_587' title='bbox 2740 4904 2979 4967; x_wconf 90' lang='lat' dir='ltr'>ibidem</span> <span class='ocrx_word' id='word_1_588' title='bbox 3036 4922 3051 4967; x_wconf 75' lang='grc' dir='ltr'>ε</span> <span class='ocrx_word' id='word_1_589' title='bbox 3104 4905 3543 4969; x_wconf 87' lang='lat' dir='ltr'>Characterem</span> <span class='ocrx_word' id='word_1_590' title='bbox 3598 4907 3783 4970; x_wconf 84' lang='lat' dir='ltr'>multi</span> <span class='ocrx_word' id='word_1_591' title='bbox 3833 4908 3987 4991; x_wconf 90' lang='lat' dir='ltr'>lupi</span> 
     </span>
     <span class='ocr_line' id='line_1_88' title="bbox 2471 5003 3991 5085; baseline 0.004 -20"><span class='ocrx_word' id='word_1_592' title='bbox 2471 5003 2874 5085; x_wconf 90' lang='lat' dir='ltr'>imprimunt,</span> <span class='ocrx_word' id='word_1_593' title='bbox 2926 5004 3035 5085; x_wconf 92' lang='lat' dir='ltr'>qui</span> <span class='ocrx_word' id='word_1_594' title='bbox 3087 5003 3383 5066; x_wconf 88' lang='lat' dir='ltr'>videntur</span> <span class='ocrx_word' id='word_1_595' title='bbox 3426 5023 3567 5068; x_wconf 90' lang='lat' dir='ltr'>esse</span> <span class='ocrx_word' id='word_1_596' title='bbox 3620 5023 3819 5085; x_wconf 87' lang='lat' dir='ltr'>oves3</span> <span class='ocrx_word' id='word_1_597' title='bbox 3870 5026 3991 5071; x_wconf 85' lang='lat' dir='ltr'>ve-</span> 
     </span>
     <span class='ocr_line' id='line_1_89' title="bbox 2472 5102 3986 5187; baseline 0.004 -24"><span class='ocrx_word' id='word_1_598' title='bbox 2472 5110 2831 5165; x_wconf 89' lang='lat' dir='ltr'>rumtamen</span> <span class='ocrx_word' id='word_1_599' title='bbox 2861 5102 2938 5165; x_wconf 91' lang='lat' dir='ltr'>ad</span> <span class='ocrx_word' id='word_1_600' title='bbox 2970 5102 3138 5165; x_wconf 86' lang='lat' dir='ltr'>ovile</span> <span class='ocrx_word' id='word_1_601' title='bbox 3177 5103 3431 5166; x_wconf 91' lang='lat' dir='ltr'>Domini</span> <span class='ocrx_word' id='word_1_602' title='bbox 3461 5122 3588 5167; x_wconf 92' lang='lat' dir='ltr'>non</span> <span class='ocrx_word' id='word_1_603' title='bbox 3628 5106 3986 5187; x_wconf 88' lang='lat' dir='ltr'>pertinere,</span> 
     </span>
     <span class='ocr_line' id='line_1_90' title="bbox 2474 5199 3985 5284; baseline 0.004 -23"><span class='ocrx_word' id='word_1_604' title='bbox 2474 5216 2725 5262; x_wconf 91' lang='lat' dir='ltr'>morum</span> <span class='ocrx_word' id='word_1_605' title='bbox 2785 5217 3046 5264; x_wconf 89' lang='lat' dir='ltr'>suorum</span> <span class='ocrx_word' id='word_1_606' title='bbox 3104 5199 3423 5281; x_wconf 71' lang='lat' dir='ltr'>fructibus</span> <span class='ocrx_word' id='word_1_607' title='bbox 3480 5210 3985 5284; x_wconf 83' lang='lat' dir='ltr'>cognoscuntur.</span> 
     </span>
     <span class='ocr_line' id='line_1_91' title="bbox 2474 5297 3995 5381; baseline 0.005 -21"><span class='ocrx_word' id='word_1_608' title='bbox 2474 5297 2799 5373; x_wconf 65' lang='lat' dir='ltr'>Praeterea,</span> <span class='ocrx_word' id='word_1_609' title='bbox 2831 5299 2999 5381; x_wconf 92' lang='lat' dir='ltr'>quod</span> <span class='ocrx_word' id='word_1_610' title='bbox 3042 5299 3407 5363; x_wconf 91' lang='lat' dir='ltr'>immediate</span> <span class='ocrx_word' id='word_1_611' title='bbox 3445 5300 3747 5363; x_wconf 90' lang='lat' dir='ltr'>terminat</span> <span class='ocrx_word' id='word_1_612' title='bbox 3788 5302 3995 5367; x_wconf 86' lang='lat' dir='ltr'>actio-</span> 
     </span>
    </p>
   </div>
  </div>
 </body>
</html>
