4267 6250
852 456 981 555 '538
1396 511 1462 559 m
1501 510 1724 559 tuntum
1766 510 1827 557 iv
1868 508 2352 559 smmuauu.
2391 528 2472 539 —
2511 510 2666 559 ms'r.
2709 512 2793 559 xx
2835 512 3085 577 sumum
3127 512 3353 570 Quffisr.
3397 514 3420 560 1

2257 666 2260 671 ¹
2377 677 2427 743 A
2457 681 2616 745 dicit
2657 703 2726 746 se
2766 691 3012 746 certum
3053 699 3182 748 non
3219 702 3361 748 esse
3397 685 3568 767 quod
3605 684 3752 749 talis
3793 684 3969 747 salu-

2457 780 2658 844 briter
2702 782 3023 864 poeniteat.
3055 817 3141 827 —
3166 782 3346 856 Item,
3391 782 3536 845 talis
3583 782 3968 865 poenitentia

2457 898 2535 941 ex
2585 879 2814 943 timore
2861 880 3286 944 damnationis
3331 900 3404 943 ac
3453 899 3658 964 poenae
3703 882 3968 945 videtur

1428 757 1787 823 SUMMA

1070 923 1677 981 DISTINCT¹⁰N¹S
1738 923 2133 980 VICESIMAE
2458 978 2820 1059 procedere.
2853 1014 2936 1023 —
2963 979 3041 1041 Et
3077 998 3320 1055 rursuS,
3353 979 3432 1043 de
3460 979 3773 1044 Antiocho
3801 980 3964 1043 reci·
3995 996 4240 1047 nucem.

2456 1084 2646 1151 tatur,
2663 1096 2853 1159 quam
2885 1078 3299 1142 vehementer
3328 1078 3720 1160 poenituit,et
3747 1097 3966 1142 emen·
3997 1063 4074 1103 ¹³·

548 4342 810 4397 enpanti,

546 4405 688 4449 5161).

980 1180 1460 1243 RAECEDEN'I'E
1510 1180 1917 1243 distinctione
1961 1180 2212 1243 locutus
2255 1187 2352 1242 est

1007 1278 1301 1359 Magister
1328 1277 1408 1341 de
1440 1277 1727 1341 clavibus
1764 1278 2083 1353 Ecclesiae,
2116 1296 2258 1359 quae
2288 1286 2353 1341 et

853 1382 1009 1458 quot
1064 1376 1211 1450 sint,
1262 1383 1324 1438 et
1390 1376 1469 1439 de
1526 1383 1832 1459 potestate
1882 1374 2350 1458 effectibusque

852 1492 1108 1554 earum3
1142 1494 1312 1538 nunc
1354 1481 1579 1538 tractat
1614 1476 1694 1539 de
1722 1484 2010 1557 tempore
2044 1476 2123 1537 ad
2155 1476 2352 1558 poeni-

850 1572 1114 1635 tendum
1149 1580 1529 1655 opportun0,
1561 1573 1901 1636 ostendens
1941 1573 2151 1655 primo
2179 1574 2348 1655 quod

850 1689 1054 1753 usque
1097 1671 1176 1734 ad
1223 1680 1490 1734 mortem
1537 1671 1723 1734 duret
1766 1672 2157 1754 poenitentiae
2195 1678 2352 1733 tem-

847 1788 992 1851 pus,
1028 1768 1112 1831 ita
1150 1769 1317 1852 quod
1363 1769 1416 1833 si
1453 1770 1668 1832 anima
1705 1776 1852 1831 ante
1882 1770 2346 1852 separationem

847 1886 883 1928 a
931 1885 1194 1950 corpore
1245 1887 1391 1931 vere
1442 1868 1768 1951 poeniteat,
1803 1868 2099 1931 salvatur.
2132 1867 2345 1931 Nihilo
2383 1866 2430 1929 B

847 1966 1084 2039 minuS,
1117 1965 1732 2048 periculosissimum
1767 1974 1863 2029 est
1901 1965 2343 2048 poenitentiam

845 2070 975 2125 tam
1016 2063 1128 2125 diu
1179 2063 1461 2139 differre,
1505 2064 1809 2147 quoniam
1860 2063 1977 2126 etsi
2025 2064 2349 2146 contingat

846 2162 1171 2225 hominem
1232 2163 1299 2225 in
1357 2162 1489 2226 fine
1547 2164 1879 2246 poenitere,
1934 2161 2344 2225 acerbitatem

844 2267 1057 2322 tamen
1103 2261 1481 2343 purgatoriae
1527 2280 1731 2344 poenae
1774 2261 1881 2323 vix
1925 2260 2162 2323 valebit
2205 2280 2345 2323 eva-

846 2358 995 2421 dere
1044 2376 1058 2420 :
1106 2358 1182 2421 de
1234 2359 1419 2441 cujus
1468 2378 1671 2442 poenae
1717 2358 2061 2421 acerbitate
2110 2366 2346 2441 pertra-

845 2464 987 2520 ctat.
1005 2458 1246 2521 Deinde
1276 2459 1445 2521 circa
1476 2457 1821 2541 praehabita
1849 2458 2154 2541 quasdam
2189 2458 2346 2521 inse-

843 2555 927 2617 rit
957 2557 1352 2638 quaestiones.
1370 2556 1577 2619 Prima
1604 2564 1714 2631 est,
1733 2555 1887 2639 quid
1917 2556 1977 2619 ei
2010 2555 2343 2619 immincat

842 2653 954 2736 qui
1007 2654 1359 2735 injunctam
1418 2654 1862 2736 poenitentiam
1922 2653 1987 2716 in
2045 2654 2165 2717 hac
2214 2653 2344 2717 vita

842 2768 969 2814 non
1018 2751 1261 2833 implet.
1298 2751 1607 2825 Secunda,
1650 2752 1804 2834 quid
1850 2760 1992 2834 post
2040 2752 2205 2814 hanc
2254 2751 2343 2814 vi-

840 2857 968 2912 tam
1002 2858 1194 2913 restet
1222 2851 1279 2913 ei
1312 2850 1415 2912 cui
1458 2850 1899 2933 poenitentiam
1941 2849 2338 2912 Insufficien-

840 2954 969 3010 tem
1004 2947 1283 3029 injunxit
1313 2948 1655 3012 confessor.
1691 2948 1998 3023 Quocirca
2029 2949 2230 3030 tangit
2261 2950 2338 3011 de

2458 1175 2778 1238 dationem
2821 1176 3174 1258 proposuit,
3209 1176 3340 1239 imo
3377 1184 3442 1240 et
3480 1177 3795 1259 promisit,
3835 1196 3960 1240 nec

2456 1281 2668 1336 tamen
2700 1273 2943 1358 profuit
2971 1274 3051 1337 ei.
3085 1310 3167 1320 —
3195 1274 3401 1358 Atque
3431 1276 3510 1338 de
3539 1274 3704 1338 Esau
3733 1275 3964 1339 scribit

2457 1371 2794 1454 Apostolus
2843 1372 2922 1435 ad
2965 1372 3283 1447 HebraeOS,
3315 1374 3485 1455 quod
3532 1390 3660 1436 non
3711 1373 3963 1436 invenit
3996 1392 4242 1497 ιξειν.ιιι,

2459 1470 2849 1552 poenitentiae
2900 1470 3133 1545 locum,
3166 1490 3533 1553 quanquam
3577 1490 3726 1534 cum
3775 1471 3962 1536 lacri-

2458 1568 2582 1631 mis
2625 1568 2996 1651 inquisisset
3037 1587 3198 1632 eam.

2537 1668 2603 1729 ln
2637 1667 3024 1730 contrarium
3055 1676 3204 1729 sunt
3239 1668 3643 1732 auctoritates
3674 1669 3960 1751 Scriptu-

2458 1784 2565 1841 rae,
2610 1773 2673 1829 et
2717 1766 3004 1829 doctrina
3043 1766 3238 1830 totius
3283 1766 3600 1832 Ecclesiae.

2537 1962 2628 2025 Ad
2680 1964 2801 2026 hoc
2849 1963 3117 2026 Thomas
3163 1964 3503 2049 respondet
3547 1982 3562 2027 ε
3608 1966 3797 2040 Deus,
3844 1967 3957 2049 qui

2457 2059 2563 2121 dat
2592 2058 2892 2122 omnibus
2921 2059 3340 2135 abundanter,
3364 2061 3525 2123 nulli
3553 2062 3820 2144 gratiam
3853 2064 3959 2126 de-

2456 2164 2644 2239 negat
2689 2157 2948 2220 facienti
2991 2159 3158 2240 quod
3201 2158 3264 2221 in
3310 2177 3377 2221 se
3422 2166 3539 2233 est,
3570 2160 3650 2223 ad
3685 2161 3954 2242 gratiam

2457 2273 2524 2317 se
2556 2256 2986 2337 praeparando.
3023 2256 3169 2329 Quae
3211 2258 3585 2339 praeparatio
3622 2257 3701 2321 fit
3739 2278 3855 2341 per
3885 2260 3961 2322 li-

2458 2352 2594 2415 beri
2623 2352 2870 2415 arbitrii
2904 2361 3166 2417 motum.
3203 2355 3462 2430 Idcirco,
3487 2357 3794 2439 quamdiu
3827 2377 3956 2421 ma-

2456 2457 2564 2512 net
2596 2450 2837 2513 homini
2872 2471 3025 2515 usus
3058 2451 3244 2515 liberi
3273 2452 3519 2515 arbitrii
3553 2454 3620 2515 in
3655 2453 3774 2517 hac
3801 2456 3954 2530 vita,

2458 2549 2522 2611 in
2563 2568 2693 2631 qua
2729 2550 3014 2613 nondum
3052 2558 3150 2613 est
3191 2550 3609 2614 confirmatus
3655 2553 3722 2615 in
3762 2554 3954 2629 malo,

2456 2654 2664 2730 potest
2693 2667 2760 2710 se
2792 2667 3146 2731 praeparare
3173 2650 3254 2713 ad
3289 2650 3580 2731 gratiam,
3614 2651 3694 2714 de
3733 2670 3958 2734 pecca-

2455 2746 2535 2808 tis
2586 2746 2858 2809 dolendo
2906 2764 2920 2809 :
2969 2748 3191 2830 sieque
3242 2748 3508 2829 gratiam
3557 2750 3960 2815 remissionis

2455 2852 2862 2926 peccatorum
2921 2854 3363 2927 consequetur.
3418 2846 3579 2909 Hinc
3635 2848 3689 2909 si
3744 2848 3960 2912 Antio-

2454 2942 2613 3005 chus
2661 2962 2810 3006 vere
2859 2943 3265 3025 poenituisset
3313 2963 3391 3007 ex
3441 2946 3652 3020 corde,
3699 2947 3958 3010 veniam

841 3046 1193 3109 canonibus
1235 3046 1804 3129 poenitentialibuS‚
1838 3054 1901 3109 et
1941 3047 2212 3130 qualiter
2244 3066 2341 3109 ar·
2379 3045 2424 3112 G
2451 3038 2851 3103 obtinuisset·
2875 3040 3176 3103 Poenstuit
3205 3049 3422 3105 autem
3451 3060 3578 3106 non
3609 3062 3827 3107 amore
3855 3045 3958 3127 ju-

841 3143 1035 3207 bitrio
1081 3145 1193 3208 se'u
1245 3145 1609 3209 discretioni
1661 3147 2004 3208 sacerdotis
2053 3147 2342 3209 commit·

842 3243 1015 3305 tendi
1074 3245 1203 3306 sint
1261 3263 1369 3306 seu
1433 3245 1782 3308 commissi.
1843 3244 2071 3319 Tertia,
2125 3253 2340 3307 utrum

842 3340 1120 3404 infirmis
1164 3342 1275 3424 qui
1336 3361 1480 3406 mox
1543 3343 1834 3407 morituri
1876 3351 2208 3426 putantur,
2261 3345 2342 3406 sit

842 3439 1218 3522 poenitentia
1244 3440 1653 3522 injungenda.
1691 3442 2166 3524 consequenter
2195 3442 2342 3504 sub·

836 3537 1050 3620 jungit
1091 3539 1305 3621 aliqua
1345 3539 1725 3603 documenta
1769 3560 1847 3603 ex
1896 3540 2130 3622 quibus
2178 3539 2336 3602 solvi

840 3641 1099 3717 possent
1127 3637 1510 3718 quaestiones
1542 3658 1681 3720 quae
1721 3639 1889 3701 circa
1930 3639 2049 3700 ista
2082 3657 2338 3701 moven-

838 3739 964 3806 tur,
997 3733 1315 3809 videlicet,
1350 3755 1429 3798 an
1461 3735 1823 3799 constitutis
1865 3736 1929 3797 in
1969 3734 2190 3817 grandi
2234 3754 2338 3798 ne-

840 3830 1131 3894 cessitate
1160 3840 1269 3894 aut
1300 3833 1520 3896 mortis
1549 3833 1934 3908 articu10‚sit
1964 3833 2340 3916 poenitentia

838 3947 910 3990 ac
941 3929 1375 3993 reconciliatio
1406 3930 1867 4013 impendenda;
1898 3940 1963 3993 et
1992 3939 2208 3993 utrum
2238 3929 2340 3993 ab·

840 4034 1017 4088 sente
1066 4027 1369 4110 episcopo
1421 4037 1636 4110 posset
1682 4030 1975 4092 sacerdos
2026 4029 2331 4111 poeniten-

838 4129 968 4185 tem
1018 4123 1431 4188 reconciliare
1488 4125 1806 4200 Ecclesiae‚
1860 4125 1971 4208 qui
2020 4125 2339 4208 poenitens

2451 3139 2658 3213 stitiae,
2693 3139 2801 3202 sed
2847 3140 3076 3202 timore
3125 3159 3331 3222 poenae
3382 3142 3712 3224 praesentis
3758 3163 3958 3226 quam

2449 3236 2778 3314 tolerabat,
2813 3246 2877 3300 et
2905 3257 3110 3320 poenae
3151 3239 3381 3304 futurae
3409 3260 3602 3323 quam
3633 3252 3960 3325 exspecta-

2449 3335 2574 3399 bat.
2622 3336 2699 3398 Et
2747 3337 2832 3398 ita
2881 3335 3323 3419 peccatoribus
3377 3339 3595 3402 multis
3644 3341 3969 3424 contingit.

2453 3435 2517 3496 in
2549 3434 3014 3516 fine,quoniam
3048 3453 3175 3498 non
3205 3445 3302 3498 est
3333 3436 3518 3500 facile
3549 3445 3620 3500 ut
3647 3438 3958 3503 affectum

2450 3554 2642 3617 quem
2692 3534 2884 3598 homo
2931 3535 3040 3597 diu
3094 3543 3160 3597 et
3208 3535 3456 3599 intense
3511 3537 3845 3601 inclinavit
3889 3540 3956 3602 in

2451 3633 2717 3714 aliquid,
2751 3633 2829 3696 ad
2859 3632 3034 3696 aliud
3075 3640 3337 3716 repente
3377 3636 3673 3711 retrahat,
3707 3643 3770 3700 et
3807 3655 3956 3701 con-

2450 3737 2652 3793 vertat
2693 3731 2771 3792 ad
2815 3731 3240 3811 contrarium3
3273 3749 3401 3796 non
3445 3741 3658 3797 tamen
3701 3742 3802 3798 est
3839 3736 3954 3798 irn-

2451 3828 2778 3912 possibile,
2811 3829 3113 3911 quoniam
3167 3829 3441 3894 liberum
3487 3832 3824 3896 arbitrium
3871 3855 3950 3897 ex

2448 3927 2668 3990 habitu
2721 3945 2839 3990 suo
2885 3946 3009 3991 non
3061 3929 3327 4010 cogitur,
3369 3949 3488 3994 nec
3535 3932 3954 4014 providentiae

2447 4026 2560 4089 Dei
2619 4026 2932 4088 terminus
2993 4033 3200 4108 potest
3259 4027 3528 4111 praefigi,
3582 4049 3699 4112 per
3756 4051 3950 4113 quam

2447 4123 2640 4186 etiam
2687 4124 2751 4185 in
2798 4130 3085 4187 extremo
3125 4125 3272 4188 vitae
3313 4126 3696 4209 quandoque
3737 4137 3948 4191 motus

841 4219 923 4282 sit
964 4221 1030 4283 in
1074 4221 1321 4285 solenni
1372 4223 1747 4305 poenitentia
1796 4224 2177 4286 constitutus
2211 4223 2337 4287 :de
2367 4221 2416 4283 D
2448 4239 2613 4284 verae
2661 4221 3053 4303 poenitentiae
3104 4223 3468 4305 inspiratur.
3511 4224 3685 4287 Idem
3732 4225 3948 4289 dicen-

840 4337 965 4401 qua
998 4338 1063 4381 re
1092 4327 1426 4383 tractatum
1458 4329 1555 4384 est
1593 4341 1802 4403 supra.
1838 4321 2070 4386 Ultimo
2109 4322 2337 4405 quaerit

840 4417 917 4480 de
951 4416 1059 4481 illo
1090 4418 1197 4500 qui
1230 4419 1499 4501 cupiens
1539 4420 1855 4495 confiteri,
1889 4423 2095 4502 pergit
2131 4422 2211 4485 ad
2241 4440 2335 4484 sa-

840 4516 1381 4599 cerdotem,quem
1410 4524 1743 4600 antequam
1771 4519 2099 4601 acquirere
2130 4527 2330 4601 queat,

839 4614 1136 4695 spiritum
1181 4615 1391 4690 tradit,
1438 4615 1589 4698 quid
1634 4615 1717 4677 sit
1758 4617 2184 4681 sentiendum.

1149 4887 1623 4961 QUAESTIO
1694 4888 2028 4953 PRIMA

992 5104 1055 5166 lc
1103 5104 1409 5187 quaeritur
1457 5105 1687 5187 prim0,
1740 5107 2031 5174 ‘Utrum
2088 5108 2336 5188 poeni·

1018 5205 1275 5271 tentia
1314 5219 1491 5271 sero
1534 5203 1764 5287 faeta,
1808 5206 1919 5271 sit
1958 5205 2254 5273 efficax,

920 5300 1183 5364 Videtur
1221 5302 1389 5384 quod
1430 5319 1579 5378 non,
1615 5303 1915 5385 quoniam
1946 5303 2338 5385 Augustinus

2447 4321 2599 4382 dum
2632 4319 2711 4381 de
2743 4319 2928 4395 Esau,
2962 4321 3075 4402 qui
3113 4321 3308 4384 etiam
3349 4323 3549 4404 magis
3576 4322 3830 4388 dolebat
3865 4325 3946 4388 de

2447 4419 2680 4481 damno
2719 4417 3060 4500 temporali
3105 4438 3298 4502 quam
3340 4420 3680 4503 spirituali.

2525 4517 2699 4590 Quod
2729 4524 2941 4579 autem
2972 4517 3038 4579 in
3070 4517 3204 4581 fine
3233 4519 3380 4582 vitae
3409 4521 3726 4601 poenitens
3755 4530 3944 4604 queat

2444 4614 2685 4678 absolvi
2733 4634 2768 4677 a
2807 4632 3213 4698 quocumque
3251 4619 3596 4692 sacerdote,
3628 4619 3822 4682 etiam
3865 4621 3943 4683 de

2445 4731 2852 4796 quocumque
2903 4721 3184 4796 peccato,
3217 4715 3368 4778 satis
3411 4716 3798 4780 declaratum
3847 4725 3944 4781 est

2445 4811 2636 4894 paulo
2673 4819 2837 4874 ante.
2871 4847 2954 4856 —
2983 4811 3272 4894 Insuper,
3315 4822 3459 4896 post
3495 4815 3938 4880 remissionem
3967 4835 4204 4944 caestor.
4248 4855 4249 4884 3

3965 4904 4044 4944 525
4087 4901 4110 4942 '-

2445 4911 2650 4992 culpae
2692 4909 2971 4990 exigitur
3010 4928 3221 4992 poena,
3253 4918 3566 4994 quatenus
3613 4913 3941 4995 injustitia

2447 5008 2842 5090 inaequalitas
2882 5009 2962 5072 ad
3001 5008 3266 5090 justitiae
3305 5011 3644 5074 reducatur
3685 5014 3940 5096 aequali-

2444 5113 2662 5169 tatem.
2695 5107 2856 5168 Hinc
2900 5107 3067 5169 sicut
3106 5109 3186 5170 ad
3229 5107 3694 5174 ordinationem
3739 5113 3940 5195 culpae

2447 5204 2721 5286 exigitur
2775 5204 2943 5286 quod
3004 5223 3194 5288 poena
3247 5206 3576 5287 infligatur
3633 5227 3751 5291 pro
3807 5210 3938 5274 cul-

2450 5323 2551 5386 pa,
2587 5304 2673 5365 ita
2705 5303 2871 5386 quod
2917 5321 3031 5385 pro
3069 5312 3244 5367 tanta
3276 5305 3486 5388 culpa,
3521 5313 3691 5370 tanta
3730 5327 3932 5391 poena.
