4267 6250
539 775 751 832 diat.u=,q.
762 779 804 823 3.

565 2950 609 2989 p.
642 2940 720 2980 ⁴79
737 2938 787 2987 A.

520 3001 597 3041 507
611 3000 673 3045 A’.

554 4033 595 4073 p.
625 4022 701 4063 383
722 4020 782 4072 B',

517 4084 597 4125 ⁴6³
617 4083 664 4134 B,
718 4085 781 4136 A'.

516 4148 596 4190 46⁴
609 4146 672 4191 C'.

832 464 955 532 508
1440 487 1505 534 m
1544 486 1767 534 mauu
1806 488 1869 533 ιν
1910 485 2396 535 smmum.
2435 504 2516 517 -
2555 487 2710 534 msr.
2751 486 2947 551 xvm3
2987 486 3214 545 Qusssr.
3252 486 3323 533 m

832 655 999 719 sicut
1027 656 1093 721 in
1123 656 1463 743 Baptismo.
1494 659 1739 741 Nempe
1765 658 1950 741 juxta
1976 657 2324 742 praehabita
2353 654 2405 721 A
2435 657 2771 740 Quumque
2823 658 3073 720 macula
3119 657 3240 721 ista
3289 656 3374 720 sit
3419 656 3755 740 dispositio
3801 675 3932 739 qua

832 752 901 817 in
939 763 1205 820 tractatu
1247 758 1325 820 de
1361 758 1706 841 Baptismo,
1738 776 1928 820 verus
1960 757 2322 839 Baptismus

832 853 967 916 dari
1010 862 1219 938 potest
1256 857 1322 920 in
1362 857 1648 939 qualibet
1686 876 1836 922 vera
1876 877 2061 940 aqua,
2104 876 2323 939 quam·

829 952 927 1015 vis
958 971 1085 1016 non
1116 954 1534 1030 sanctificata,
1568 956 1760 1019 etiam
1791 956 1930 1020 sine
1960 964 2225 1039 peccato
2253 955 2320 1016 in

828 1052 1223 1115 necessitatis
1279 1054 1567 1118 articulo.
1622 1053 2059 1117 Sanctificatio
2104 1062 2320 1116 autem

826 1168 1005 1231 aquae
1045 1169 1170 1214 non
1210 1152 1289 1214 ad
1332 1152 1775 1215 necessitatem
1823 1153 1934 1215 sed
1984 1152 2321 1215 solennita-

824 1255 953 1311 tem
999 1250 1277 1330 pertinet
1318 1251 1697 1313 sacramenti
1744 1251 1935 1313 illius.
1970 1287 2050 1296 —
2084 1250 2319 1314 Secun-

826 1346 928 1421 do,
960 1348 1130 1429 quod
1169 1348 1259 1411 ait
1295 1349 1361 1411 in
1402 1349 1715 1412 solutione
1755 1349 1925 1412 tertii
1961 1350 2320 1431 argumenti

824 1446 1192 1527 quaestionis
1222 1465 1347 1530 qua
1377 1448 1623 1531 quaerit,
1638 1455 1851 1510 utrum
1882 1448 2174 1511 sacerdos
2205 1466 2321 1530 per

824 1552 1198 1627 potestatem
1244 1547 1521 1609 clavium
1560 1548 1767 1610 valeat
1808 1547 2131 1610 remittere
2175 1566 2320 1629 pec-

824 1649 1033 1705 catum
1067 1652 1377 1726 quantum
1407 1645 1485 1707 ad
1523 1664 1773 1728 poenam
1810 1665 1825 1709 ε
1858 1646 1974 1708 Pro
2004 1645 2312 1729 quolibet,

823 1740 1053 1823 inquit,
1105 1750 1366 1824 peccato
1422 1750 1670 1826 oportet
1715 1741 1996 1826 aliquam
2056 1761 2313 1826 poenam

2433 756 2648 818 anima
2688 756 2820 839 pati
2864 763 3072 839 potest
3117 774 3337 839 poenas
3386 755 3642 829 inferni,
3689 754 3931 819 idcirco

2433 856 2726 918 sacerdos
2754 855 2991 918 virtute
3021 854 3298 917 clavium
3326 855 3406 918 ad
3443 862 3694 919 aeternae
3721 872 3932 937 poenae

2432 954 2878 1017 remissionem
2908 954 3229 1037 disponit:
3252 972 3444 1036 quam
3475 971 3730 1036 poenam
3761 953 3932 1015 Deus

2432 1051 2732 1116 effective
2762 1052 3327 1136 principaliterque
3355 1052 3642 1125 remittit,
3668 1051 3837 1115 sicut
3865 1058 3931 1114 et

2433 1150 2747 1213 maculam
2791 1150 3014 1233 culpae.
3062 1151 3204 1215 Haec
3245 1150 3612 1214 Richardus.

2510 1248 2627 1322 Qui
2677 1250 2872 1311 etiam
2921 1249 3092 1313 circa
3140 1249 3398 1313 inducta
3445 1249 3810 1330 interrogat,
3845 1266 3930 1311 an

2431 1348 2748 1430 poenitens
2779 1355 2844 1411 et
2872 1347 3202 1412 confessus
3241 1355 3493 1411 tenetur
3519 1346 3781 1410 obedire
3809 1363 3932 1409 suo

2430 1444 2801 1520 confessori,
2834 1464 3308 1528 quamcumque
3348 1445 3788 1528 poenitentiam
3837 1444 3934 1507 in-

2426 1543 2711 1625 junxerit
2767 1543 2914 1619 sibi,
2977 1544 3322 1627 implendo.
3382 1544 3745 1626 Respondet
3793 1560 3808 1605 :
3863 1543 3930 1606 Si

2427 1642 2804 1724 poenitentia
2852 1643 3272 1706 satisfactoria
3313 1643 3398 1705 sit
3443 1642 3778 1705 manifeste
3821 1661 3932 1704 ex-

2429 1740 2682 1815 cedenS,
2733 1750 2844 1805 aut
2890 1742 3058 1805 vires
3117 1741 3392 1807 confessi
3445 1720 3929 1816 transcendens‘,

818 1839 1304 1904 satisfactoriam
1336 1860 1815 1924 remanere,per
1844 1861 2031 1924 quam
2063 1849 2314 1925 praeste·
2352 1836 2400 1900 B
2429 1857 2557 1902 non
2587 1846 2840 1903 tenetur
2871 1840 3173 1922 implere3
3203 1840 3314 1903 sed
3346 1839 3538 1903 debet
3573 1839 3931 1903 confessori

820 1944 925 1999 tur
968 1937 1287 2001 medicina
1328 1947 1547 2002 contra
1590 1940 2055 2021 peccatum-Et
2095 1959 2314 2022 quam·

818 2036 918 2099 vis
956 2037 1191 2100 virtute
1232 2037 1652 2101 absolutionis
1696 2038 2055 2102 dimittatur
2098 2039 2316 2121 aliqua

820 2152 1010 2217 poena
1038 2136 1306 2217 peccati,
1338 2137 1441 2199 vel
1475 2136 1688 2220 aliqua
1728 2155 1872 2218 pars
1908 2155 2112 2219 poenae
2141 2137 2316 2200 debi-

818 2238 898 2296 tae
932 2250 1045 2314 pro
1073 2232 1290 2316 aliquo
1330 2252 1558 2315 magno
1596 2241 1877 2316 peceato,
1908 2252 2037 2297 non
2066 2243 2314 2317 oportet

819 2332 988 2413 quod
1019 2338 1192 2394 tanta
1221 2332 1539 2414 quantitas
1579 2350 1783 2415 poenae
1821 2332 2182 2396 dimittatur
2219 2352 2312 2396 re-

817 2438 1042 2512 spectu
1105 2430 1452 2512 cujuslibet
1510 2431 1753 2513 peceati
1808 2451 1821 2496 :
1875 2432 2027 2514 quia
2081 2451 2310 2495 secun-

819 2528 972 2590 dum
1007 2527 1148 2603 hoc,
1182 2528 1441 2611 aliquod
1472 2538 1803 2611 peccatum
1842 2538 2201 2593 remaneret
2234 2531 2314 2593 si-

818 2645 900 2688 ne
950 2644 1155 2708 poena.
1202 2626 1321 2691 Sed
1374 2627 1609 2691 virtute
1658 2628 1934 2691 clavium
1978 2628 2057 2691 de
2107 2629 2313 2711 poenis

818 2724 1216 2806 singulorum
1248 2733 1654 2807 peccatorum
1685 2727 2314 2809 proportionabiliter

818 2823 1062 2906 aliquid
1091 2824 1455 2887 dimittitur.
1490 2825 1672 2899 Huic,
1707 2826 1990 2907 inquam,
2023 2827 2196 2890 dicto
2225 2827 2315 2890 vi-

816 2922 1003 2983 detur
1040 2939 1167 2984 non
1207 2940 1575 2996 consonare,
1608 2923 1775 3004 quod
1804 2923 2000 3004 (sicut
2033 2924 2167 3005 jam
2209 2943 2316 3006 pa-

2427 1955 2542 2001 suo
2587 1956 2926 2020 suggerere
2967 1938 3452 2019 dispositionem
3495 1956 3676 2000 suam
3715 1944 3780 2000 et
3818 1956 3930 2020 pe-

2426 2042 2561 2099 tere
2591 2044 2662 2098 ut
2691 2036 2946 2099 relaxet.
2973 2036 3150 2110 Quod
3182 2036 3234 2098 si
3267 2034 3594 2099 confessor
3623 2035 3927 2109 noluerit,

2425 2133 2756 2197 confessus
2801 2134 2911 2197 ille
2952 2135 3028 2196 ad
3071 2134 3468 2216 superiorem
3511 2142 3815 2197 recurrat.

2504 2232 2746 2295 Rursus
2794 2232 3084 2315 inquirit,
3125 2252 3204 2295 an
3255 2232 3549 2295 sacerdos
3598 2231 3931 2314 parochia-

2427 2331 2502 2393 lis
2547 2338 2800 2393 tenetur
2839 2330 3061 2394 audire
3104 2330 3575 2394 confessionem
3613 2330 3714 2393 sui
3747 2349 3931 2413 paro-

2425 2429 2635 2491 chiani
2695 2430 3226 2513 quotiescumque
3273 2429 3549 2493 voluerit
3605 2428 3924 2493 confiteri.

2423 2527 2806 2609 Respondet,
2858 2529 3026 2610 quod
3087 2528 3164 2590 de
3214 2545 3494 2610 congruo
3544 2526 3736 2591 debet
3781 2528 3929 2591 illos

2423 2626 2666 2700 audire,
2700 2626 2821 2689 nisi
2868 2634 3086 2709 aperte
3125 2626 3622 2690 immoderanter
3659 2626 3782 2691 hoc
3821 2646 3930 2709 pe-

2424 2730 2578 2786 tant.
2631 2724 2768 2787 Non
2829 2732 3044 2787 autem
3091 2726 3171 2788 de
3218 2724 3594 2788 necessitate
3644 2732 3922 2799 tenetur,

2425 2822 2549 2884 nisi
2588 2823 2844 2904 quando
2887 2822 2980 2885 illi
3026 2821 3320 2886 confiteri
3362 2830 3681 2898 tenentur,
3715 2830 3788 2885 ut
3831 2822 3926 2886 di·
3956 2851 4210 2908 ςῃμῃῐςχ

2425 2927 2600 2982 ctum
2645 2928 2760 2983 est.

816 3019 967 3100 tuit)
994 3019 1083 3081 ait
1121 3019 1585 3083 confessionem
1628 3038 1814 3104 posse
1851 3022 2037 3085 toties
2074 3022 2308 3095 iterari,
2353 3018 2396 3083 C
2505 3020 2662 3080 Item
2706 3018 2954 3102 quaerit,
2987 3038 3067 3081 an
3119 3018 3447 3083 confessor
3487 3028 3711 3102 peccet
3759 3038 3927 3083 mor-

814 3118 984 3200 quod
1015 3126 1145 3181 tota
1172 3137 1362 3201 poena
1389 3119 1763 3183 dimittatur.
1788 3120 2114 3196 —Tertio,
2139 3122 2308 3204 quod

813 3217 922 3290 ait,
981 3216 1163 3298 juxta
1218 3218 1360 3292 hoc,
1410 3227 1744 3300 peccatum
1802 3237 1987 3301 posse
2049 3239 2307 3283 manere

812 3315 1076 3378 omnino
1108 3314 1521 3396 impunitum.
1559 3316 1673 3379 Cui
1706 3315 1901 3379 verbo
1929 3316 2190 3380 obviare
2219 3317 2310 3379 vi-

813 3413 1001 3475 detur
1056 3430 1399 3476 commune
1459 3413 1703 3476 dictum
1766 3415 1886 3477 hoc
1943 3414 2304 3496 Augustini,

812 3510 1072 3574 Nullum
1114 3510 1354 3573 malum
1397 3512 1805 3595 impunitum.
1842 3513 1963 3576 Sed
1994 3514 2115 3576 hoc
2148 3513 2309 3575 acci-

813 3610 878 3692 pi
928 3617 1134 3691 potest
1182 3609 1261 3672 de
1309 3627 1497 3692 poena
1545 3611 1701 3674 foris
1745 3611 2010 3674 inflicta.
2056 3611 2308 3674 Etenim

812 3707 885 3769 in
923 3708 1043 3770 hoc
1088 3727 1237 3771 casu
1287 3716 1619 3790 peccatum
1669 3727 1797 3773 non
1850 3718 2063 3773 manet
2103 3710 2312 3792 impu-

812 3804 1043 3880 nitum,
1078 3807 1430 3888 praesertim
1471 3826 1671 3888 quum
1701 3816 1765 3870 et
1796 3808 1933 3890 ipse
1963 3808 2142 3872 dolor
2181 3828 2312 3891 poe-

814 3903 1097 3967 nitentiae
1125 3904 1205 3966 de
1240 3913 1497 3986 peccato
1536 3905 1621 3968 sit
1656 3923 1844 3988 poena
1884 3907 2208 3990 praecipua
2245 3915 2310 3970 et

815 4001 1133 4064 maximus
1171 4002 1371 4077 dolor,
1406 4003 1571 4066 sicut
1600 4004 1960 4086 expositum
2001 4013 2117 4068 est.
2153 4005 2307 4068 Eru-

813 4099 1137 4162 bescentia
1184 4118 1439 4182 quoque
1487 4101 1565 4164 de
1607 4103 2004 4184 turpitudine
2052 4112 2117 4166 et
2159 4104 2309 4166 insi-

2425 3117 2656 3192 taliter,
2689 3117 3077 3182 absolvendo
3123 3137 3159 3180 a
3201 3117 3378 3182 vitiis
3424 3139 3463 3182 a
3509 3119 3745 3202 quibus
3795 3138 3927 3183 non

2425 3223 2650 3298 potest.
2703 3216 3064 3298 Respondet
3109 3216 3278 3299 quod
3329 3217 3460 3280 imo
3505 3234 3520 3280 ε
3569 3218 3925 3300 praesertim

2425 3316 2678 3397 quando
2719 3316 2996 3378 scienter
3023 3316 3145 3378 hoc
3183 3315 3376 3396 facit3
3406 3324 3471 3379 et
3505 3317 3698 3380 etiam
3738 3317 3792 3380 si
3834 3317 3926 3381 fa-

2425 3414 2548 3476 ciat
2579 3432 2656 3476 ex
2689 3415 3043 3495 ignorantia
3071 3413 3389 3489 affectata,
3421 3423 3532 3478 aut
3569 3414 3928 3497 ignorantia

2419 3512 2608 3593 juriS,
2662 3512 2828 3594 quod
2889 3513 3054 3575 scire
3110 3521 3400 3594 tenetur3
3451 3514 3682 3578 deinde
3739 3515 3796 3576 si
3845 3535 3926 3578 ex

2424 3610 2780 3691 ignorantia
2827 3629 3059 3685 crassa,
3102 3611 3212 3674 sed
3253 3612 3468 3674 minus
3511 3630 3526 3674 :
3568 3613 3928 3694 ignorantia

2420 3728 2572 3774 vero
2617 3709 3012 3774 invincibilis
3057 3719 3336 3774 excusat.
3371 3711 3660 3775 Graviter
3703 3719 3923 3775 autem

2422 3810 2759 3883 excedunt,
2793 3809 2904 3891 qui
2935 3829 3136 3891 quum
3167 3809 3370 3890 ignari
3403 3809 3552 3886 sint,
3585 3811 3664 3874 ad
3699 3811 3828 3874 tale
3857 3831 3926 3875 se

2419 3907 2715 3970 officium
2765 3907 3096 3988 ingerunt3
3129 3915 3192 3970 et
3242 3908 3396 3970 item
3440 3908 3551 3991 qui
3592 3927 3722 3972 non
3772 3928 3926 3972 cum

2419 4003 2632 4067 debita
2662 4005 2994 4086 diligentia
3034 4004 3554 4069 informationem
3587 4007 3929 4089 inquirunt

2421 4102 2486 4165 in
2533 4103 3001 4184 pertinentibus
3047 4103 3126 4165 ad
3177 4123 3363 4166 suum
3412 4104 3708 4168 officium
3745 4124 3760 4168 :
3793 4105 3927 4170 imo

814 4198 1056 4281 pientia
1095 4198 1299 4280 culpae
1336 4207 1433 4263 est
1473 4219 1661 4283 poena
1701 4219 1829 4264 non
1869 4201 2179 4281 minima;
2213 4202 2306 4263 sic
2337 4199 2387 4262 D
2419 4201 2789 4281 diligentius
2840 4201 3239 4283 inquirerent
3276 4202 3794 4267 informationem
3835 4214 3927 4267 at-

808 4303 874 4358 et
913 4295 1261 4360 satisfactio
1300 4317 1442 4379 quae
1476 4318 1513 4360 a
1546 4298 1909 4363 confessore
1950 4300 2306 4382 injungitur

813 4393 1170 4475 poenitenti,
1204 4395 1455 4476 punitio
1497 4397 1785 4478 quaedam
1826 4405 1940 4460 est.

896 4491 1211 4555 Consonat
1275 4493 1495 4557 Petrus
1562 4495 1961 4577 responsioni
2026 4496 2301 4571 Thomae,

809 4597 1121 4672 quantum
1162 4590 1241 4652 ad
1283 4590 1680 4674 principalia.

904 4687 1253 4751 Richardus
1318 4707 1595 4773 quoque,
1655 4691 1768 4773 qui
1837 4699 2227 4754 contestatur
2288 4711 2301 4754 :

809 4785 1110 4859 Quamvis
1171 4787 1465 4850 sacerdos
1532 4787 1919 4852 absolvendo
1981 4790 2306 4853 remittere

809 4892 1085 4964 nequeat
1146 4885 1391 4966 peccati
1456 4885 1772 4948 maculam
1831 4887 2154 4962 effective,
2213 4896 2306 4950 at-

810 4989 1025 5045 tamen
1076 4982 1579 5047 ministerialiter
1624 5004 1699 5047 ac
1749 4985 2312 5050 instrumentaliter

810 5078 1081 5144 remittit
1127 5081 1401 5144 contrito
1450 5083 1765 5145 maculam
1810 5084 2054 5165 peccati
2098 5085 2310 5169 dispo-

812 5178 1021 5253 sitive,
1075 5180 1141 5242 in
1190 5189 1501 5262 quantum
1560 5182 1917 5246 ministerio
1971 5201 2089 5246 suo
2142 5185 2311 5247 adsi-

811 5277 922 5340 stit
960 5277 1177 5340 divina
1205 5278 1431 5352 virtuS,
1464 5297 1605 5360 quae
1647 5287 1979 5362 peccatum
2020 5280 2305 5344 dimittit.

2417 4317 2542 4381 que
2574 4297 2927 4372 consilium,
2941 4298 2994 4361 si
3024 4318 3261 4382 equum
3289 4309 3400 4363 aut
3427 4319 3680 4364 vaccam
3710 4321 3928 4366 emere

2417 4397 2674 4460 vellent.
2708 4433 2789 4443 —
2817 4396 2959 4461 Haec
3002 4398 3372 4461 Richardus.

2496 4496 2578 4557 At
2625 4513 2776 4560 vero
2833 4495 3276 4559 Bonaventura
3330 4498 3621 4579 sequitur
3675 4499 3926 4582 opinio-

2418 4613 2564 4656 nem
2611 4612 2802 4675 supra
2847 4593 2912 4655 in
2958 4594 3373 4676 responsione
3414 4595 3670 4662 Thomae
3714 4616 3926 4662 narra-
3977 4619 4156 4680 μωοο.

2419 4701 2546 4754 tam
2586 4700 2653 4754 et
2693 4691 3135 4773 improbatam.
3171 4693 3388 4775 ltaque
3427 4694 3872 4759 Bonaventura
3903 4714 3919 4759 ι

2418 4790 2744 4864 SacerdOS,
2793 4789 2903 4864 ait,
2955 4809 3069 4872 per
3115 4797 3494 4873 potestatem
3543 4792 3742 4856 clavis
3791 4813 3922 4858 me-

2417 4889 2622 4951 diator
2657 4896 2754 4950 est
2793 4888 2906 4950 Dei
2945 4907 3018 4950 ac
3059 4889 3418 4965 hominum,
3454 4891 3540 4954 ita
3575 4893 3746 4973 quod
3777 4912 3922 4975 pec-

2418 4994 2590 5050 cator
2621 5005 2734 5067 per
2763 4985 2977 5067 ipsum
3007 4986 3294 5050 ascendit
3319 4988 3399 5052 ad
3431 4988 3630 5052 Deum
3659 5008 3674 5052 ε
3699 4990 3923 5074 sicque

2417 5085 2709 5148 sacerdos
2739 5092 2836 5146 est
2865 5101 2936 5146 os
2967 5086 3335 5166 peccatoris,
3353 5087 3614 5170 loquens
3641 5107 3760 5171 pro
3789 5089 3925 5172 ipso

2417 5183 2496 5245 ad
2526 5183 2749 5244 Deum.
2769 5182 2885 5244 Per
2914 5183 3305 5248 sacerdotem
3336 5204 3594 5269 quoque
3623 5187 3792 5250 Deus
3821 5188 3924 5250 de-

2421 5279 2669 5342 scendit
2715 5279 2794 5342 ad
2843 5279 3136 5345 homines
3181 5300 3197 5346 :
3237 5282 3458 5366 sicque
3495 5286 3791 5349 sacerdos
3825 5294 3920 5350 est
