4267 6250
808 476 931 543 554
1464 498 1529 546 m
1568 499 1792 547 mmmm
1830 500 1893 547 ιν
1935 498 2419 548 smum-unuin.
2459 518 2541 531 —
2579 502 2738 551 msr.
2777 503 2901 568 xx;
2944 502 3168 561 Qusssr.
3210 504 3274 550 iv

814 667 1018 731 datur.
1054 670 1439 753 Quandoque
1483 672 1656 735 enim
1699 672 2115 754 distinguitur
2149 690 2164 735 ε
2195 672 2312 735 sic·
2341 671 2394 736 A

814 773 887 828 ut
914 766 1079 850 Papa
1120 769 1185 831 in
1221 769 1628 850 generalibus
1668 770 2178 834 absolutionibus
2208 771 2313 833 dat

820 863 833 875 ·
896 865 908 877 .
1078 866 1091 879 ·
2844 802 3319 877 QUAESTIO
3391 803 3498 867 IV

555 874 576 897 ·
601 874 789 931 quinque
815 864 947 928 1111s
983 885 1093 948 qui
1132 874 1465 930 transeunt
1505 888 1699 944 mare,
1741 870 2033 952 septem*
2071 886 2308 948 annos;

811 965 1291 1028 transeuntibus
1321 984 1472 1029 vero
1508 975 1778 1042 monteS,
1811 967 1918 1031 dat
1946 975 2110 1047 tres3
2141 968 2307 1041 aliis,

813 1081 1047 1141 unum;
1082 1083 1198 1127 nec
1227 1072 1441 1128 tamen
1473 1067 2003 1149 quotiescumque
2032 1067 2178 1149 quis
2209 1086 2312 1129 va—

809 1162 904 1224 dit
954 1162 1119 1225 infra
1166 1171 1421 1246 tempus
1472 1165 1903 1246 indulgentiae,
1938 1164 2121 1228 toties
2167 1184 2308 1227 eam

810 1261 1238 1343 consequitur.
1272 1263 1533 1336 Quando
1572 1271 1785 1326 autem
1815 1264 1894 1326 ad
1927 1264 2308 1327 determina-

771 1366 943 1436 ,tum
973 1367 1228 1441 tempus
1267 1359 1453 1422 datur
1486 1380 1499 1424 ε
1534 1369 1605 1423 ut
1632 1380 1831 1444 quum
1871 1362 2126 1436 dicitur,
2161 1362 2306 1435 Qui-

809 1476 1087 1539 cumque
1130 1457 1303 1520 vadit
1348 1460 1425 1521 ad
1474 1460 1666 1523 talem
1717 1459 2055 1523 ecclesiam
2101 1478 2306 1541 usque

808 1555 887 1617 ad
927 1553 1052 1618 tale
1094 1563 1371 1639 tempuS,
1406 1556 1635 1620 habeat
1678 1564 1925 1620 tantum
1972 1558 2051 1620 de
2095 1556 2304 1619 indul-

806 1654 1021 1734 gentia
1034 1671 1050 1733 3
1083 1654 1460 1736 intelligitur
1490 1656 1687 1719 semel
1717 1655 2062 1718 tantum.Si
2094 1662 2306 1718 autem

809 1751 876 1814 in
908 1752 1177 1816 ecclesia
1206 1754 1417 1836 aliqua
1445 1754 1526 1816 sit
1556 1755 1952 1836 indulgentia
1982 1755 2300 1837 perenniS,

2543 1066 2983 1150 Onsequenter
3021 1069 3458 1149 quaerendum,
3499 1069 3695 1147 Quis
3741 1083 3924 1150 pos-

2567 1168 2678 1233 sit
2714 1166 3254 1245 indulgentias
3295 1166 3576 1234 iacere.

2498 1265 2808 1338 Quaeritur
2847 1282 3018 1346 ergo,
3050 1283 3132 1327 an
3171 1264 3446 1347 quilibet
3483 1266 3777 1329 sacerdos
3814 1284 3926 1348 pa-

2419 1363 2718 1426 rochialis
2761 1362 2881 1426 hoc
2927 1363 3145 1445 possit.

2496 1462 2762 1525 Videtur
2819 1462 2986 1543 quod
3045 1461 3159 1536 sic,
3209 1462 3512 1544 quoniam
3569 1481 3764 1544 super
3813 1481 3924 1544 pa-

2418 1560 2754 1623 rochianos
2802 1578 2951 1623 suos
2999 1560 3192 1623 habet
3240 1578 3366 1623 non
3417 1560 3626 1624 solum
3669 1560 3920 1623 clavem

2416 1658 2682 1731 ordinis,
2706 1659 2816 1722 sed
2847 1658 3039 1721 etiam
3067 1658 3555 1740 jurisdictioniS,
3577 1678 3694 1741 per
3721 1677 3920 1742 quam

2419 1756 2829 1837 indulgentiae
2858 1757 3106 1820 dantur.
3131 1792 3213 1802 -—-
3231 1756 3448 1820 Merita
3479 1775 3734 1839 quoque
3765 1757 3919 1820 San-

811 1858 881 1912 ut
930 1850 993 1912 in
1042 1852 1311 1915 ecclesia
1364 1853 1423 1915 S.
1469 1852 1657 1927 Petri,
1708 1853 2124 1935 quadraginta
2172 1853 2302 1916 die·
2346 1852 2392 1914 B
2421 1864 2667 1918 ctorum
2705 1862 2912 1937 potest
2942 1874 3056 1937 per
3087 1855 3506 1917 intentionem
3545 1856 3680 1918 suis
3715 1855 3922 1937 appli-

810 1968 987 2028 rum;
1020 1958 1173 2013 tunc
1212 1952 1461 2033 quoties
1498 1951 1731 2034 aliquis
1762 1952 1955 2025 vadit,
1986 1952 2174 2015 toties
2209 1952 2303 2013 in-

809 2050 1201 2131 dulgentiam
1265 2052 1469 2133 ipsam
1527 2052 1958 2133 consequitur.
2018 2088 2101 2098 —
2157 2052 2304 2115 Am-

808 2148 1205 2231 pliuS‚causa
1236 2167 1351 2231 pro
1381 2168 1507 2232 qua
1537 2150 1929 2231 indulgentia
1958 2151 2161 2225 datur,
2178 2169 2301 2214 non

809 2245 1157 2328 requiritur
1184 2247 1263 2309 ad
1293 2247 1413 2309 hoc
1444 2248 1612 2329 quod
1644 2248 1999 2310 secundum
2028 2266 2171 2311 eam
2201 2250 2306 2312 de-

807 2343 956 2406 beat
986 2346 1337 2408 mensurari
1371 2345 1664 2409 remissio
1694 2347 2044 2428 poenae,sed
2074 2346 2153 2409 ad
2186 2348 2306 2411 hoc

806 2443 977 2524 quod
1009 2442 1277 2507 intentio
1309 2444 1557 2507 illorum
1588 2462 1857 2526 quorum
1888 2445 2115 2509 merita
2144 2464 2306 2509 com-

808 2541 1221 2604 municantur
1265 2542 1481 2616 alicui,
1525 2544 1605 2605 ad
1655 2542 1868 2625 ipsum
1916 2543 2122 2607 valeat
2163 2562 2304 2626 per-

806 2640 1040 2704 venire.
1054 2642 1301 2704 Bonum
1330 2649 1544 2704 autem
1576 2642 1765 2705 unius
1797 2644 2306 2705 communicatur

809 2738 992 2801 alteri
1034 2739 1393 2823 dupliciter.
1431 2740 1659 2814 Prim0,
1688 2760 1802 2822 per
1832 2740 2156 2803 caritatem
2195 2759 2209 2803 ε
2243 2748 2307 2803 et

807 2836 901 2899 sic
932 2836 1122 2899 etiam
1156 2838 1297 2900 sine
1328 2836 1741 2919 indulgentiis
1778 2838 2011 2921 aliquis
2041 2847 2136 2901 est
2168 2858 2307 2921 par-

806 2935 1009 3017 ticeps
1048 2936 1339 2998 omnium
1380 2935 1693 2999 bonorum
1734 2956 1875 3019 quae
1916 2938 1981 2998 in
2020 2936 2306 3000 Ecclesia

2421 1972 2582 2017 care.
2625 1990 2706 1999 —
2753 1953 2829 2015 Et
2877 1954 3042 2017 sicut
3089 1972 3158 2016 se
3208 1952 3398 2016 habet
3449 1952 3790 2035 episcopus
3837 1954 3920 2016 ad

2418 2059 2614 2115 totam
2665 2052 3016 2126 dioecesim,
3058 2052 3145 2114 ita
3193 2051 3333 2133 ipse
3377 2052 3456 2114 ad
3506 2070 3687 2114 suam
3734 2070 3920 2134 paro-

2419 2150 2629 2213 chiam
2665 2170 2678 2215 :
2713 2167 2863 2231 ergo
2895 2150 3062 2213 sicut
3089 2150 3432 2233 episcopus
3471 2157 3679 2232 potest
3709 2150 3918 2213 indul—

2416 2249 2697 2331 gentiam
2741 2247 2950 2312 facere
2993 2248 3107 2311 toti
3150 2248 3437 2323 dioecesi,
3470 2246 3564 2311 sic
3604 2248 3744 2331 ipse
3785 2268 3922 2312 suae

2417 2347 2756 2429 parochiae.

2495 2544 2587 2608 Ad
2637 2544 2758 2607 hoc
2806 2545 3149 2626 respondet
3196 2544 3255 2606 S.
3303 2544 3575 2607 Thomas
3625 2564 3638 2608 :
3692 2544 3920 2607 Dicen-

2415 2642 2592 2717 dum,
2642 2643 2812 2725 quod
2862 2642 3275 2724 indulgentiae
3324 2642 3560 2705 habent
3607 2641 3919 2705 effectum

2415 2742 2772 2804 secundum
2814 2742 2983 2823 quod
3024 2740 3251 2803 merita
3289 2740 3481 2803 unius
3520 2739 3703 2804 alteri
3745 2759 3921 2804 com-

2417 2840 2827 2902 municantur
2862 2858 2936 2902 ac
2981 2840 3390 2922 deputantur,
3425 2857 3552 2902 non
3591 2838 3800 2902 solum
3839 2859 3919 2903 ex

2415 2938 2697 3012 caritate,
2749 2938 2858 3001 sed
2917 2938 3108 3001 etiam
3169 2957 3246 3001 ex
3295 2938 3503 3001 dantis
3561 2938 3919 3002 intentione

807 3034 995 3107 fiunt,
1029 3036 1391 3099 exsistendo
1426 3037 1490 3098 in
1526 3036 1804 3099 caritate.
1842 3036 2154 3110 Secundo,
2190 3056 2303 3119 per
2341 3034 2385 3099 C
2413 3037 2630 3119 aliquo
2679 3037 2869 3099 modo
2923 3036 3168 3099 directa
3220 3037 3298 3099 ad
3357 3036 3589 3118 ipsum.
3641 3036 3920 3100 Intentio

806 3134 1227 3197 intentionem
1277 3134 1572 3198 facientis
1620 3153 1633 3197 :
1687 3144 1750 3198 et
1799 3136 1884 3198 ita
1932 3155 2045 3218 per
2095 3137 2302 3199 indul—

802 3233 1069 3314 gentias,
1104 3233 1157 3295 si
1198 3251 1386 3295 causa
1426 3233 1709 3314 legitima
1745 3234 1929 3308 adsit,
1963 3242 2172 3317 potest
2209 3235 2302 3297 in-

804 3331 1004 3395 tentio
1038 3332 1179 3414 ejus
1219 3332 1331 3414 qui
1372 3350 1488 3414 pro
1524 3333 1795 3396 utilitate
1827 3333 2125 3397 Ecclesiae
2154 3353 2305 3416 ope-

804 3438 975 3493 ratus
1014 3438 1131 3505 est,
1165 3431 1315 3493 huic
1358 3430 1736 3494 continuari.

872 3529 1173 3592 Praeterea
1202 3529 1351 3591 dum
1381 3529 1702 3611 quaeritur,
1714 3547 1795 3591 an
1827 3547 1943 3611 pro
1968 3530 2300 3612 temporali

804 3627 1092 3690 subsidio
1141 3627 1342 3709 possit
1381 3627 1776 3708 indulgentia
1823 3627 2000 3708 fieri;
2044 3646 2301 3711 respon-

802 3726 1107 3799 dendum,
1160 3726 1329 3808 quod
1380 3725 1753 3808 temporalia
1810 3725 1886 3788 ad
1945 3725 2304 3808 spiritualia

803 3825 1198 3897 ordinantur,
1218 3825 1519 3906 quoniam
1552 3825 2012 3908 temporalibus
2042 3833 2303 3908 propter

802 3923 1159 4005 spiritualia
1208 3923 1299 3984 uti
1348 3923 1676 3986 debemus.
1730 3923 1875 3986 Ideo
1923 3923 2302 4006 simpliciter

804 4039 919 4103 pro
951 4020 1409 4102 temporalibus
1447 4021 1672 4103 nequit
1703 4021 2099 4103 indulgentia
2130 4021 2296 4094 fieri,

802 4119 913 4182 sed
959 4137 1075 4202 pro
1113 4118 1575 4202 temporalibus
1618 4119 1697 4182 ad
1746 4119 2103 4203 spiritualia
2145 4119 2303 4182 rela-

2411 3144 2626 3198 autem
2667 3135 2858 3198 unius
2899 3135 3087 3216 dirigi
3132 3142 3341 3217 potest
3375 3135 3456 3198 ad
3494 3135 3768 3198 alterum
3805 3137 3916 3199 tri-

2414 3234 2666 3317 pliciter
2708 3252 2722 3297 :
2767 3233 2998 3315 primo,
3042 3233 3108 3295 in
3157 3231 3454 3314 speciali;
3499 3233 3804 3309 secundo,
3849 3235 3916 3297 in

2410 3332 2728 3414 generali3
2769 3331 2978 3406 tertio,
3013 3331 3079 3394 in
3122 3331 3450 3413 singulari.
3495 3332 3564 3394 In
3603 3331 3913 3414 singulari

2413 3430 2697 3512 quidem,
2731 3429 2883 3491 dum
2928 3448 3096 3491 unus
3138 3428 3445 3491 satisfacit
3488 3448 3602 3512 pro
3643 3430 3770 3493 alio
3808 3431 3916 3494 de-

2411 3529 2750 3591 terminate
2783 3545 2797 3590 :
2833 3527 3054 3610 sicque
3091 3527 3535 3609 unusquisque
3575 3535 3785 3608 potest
3825 3529 3914 3590 al-

2412 3625 2532 3689 teri
2581 3645 2695 3688 sua
2742 3643 2936 3709 opera
2987 3625 3482 3688 communicare.
3527 3625 3600 3688 In
3649 3626 3913 3708 speciali

2413 3743 2585 3798 vern,
2609 3726 2763 3787 dum
2795 3725 2940 3807 quis
2971 3731 3109 3787 orat
3137 3741 3253 3806 pro
3283 3725 3772 3805 congregatione
3801 3745 3918 3788 sua

2412 3843 2486 3886 ac
2518 3822 2969 3897 familiaribus,
3002 3831 3194 3905 atque
3222 3824 3301 3885 ad
3332 3823 3452 3885 hoc
3483 3823 3738 3886 ordinat
3768 3841 3919 3906 ope-

2415 3942 2483 3984 ra
2514 3941 2626 3984 sua
2659 3921 3115 3985 satisfactoria:
3140 3921 3361 4004 sicque
3391 3921 3739 4002 praesidens
3771 3941 3919 3986 con-

2411 4019 2794 4103 gregationis
2824 4027 3033 4102 potest
3057 4038 3250 4103 opera
3281 4018 3389 4082 illa
3418 4019 3598 4083 alteri
3629 4038 3920 4084 commu-

2411 4119 2642 4191 nicare‚
2656 4116 3036 4202 applicando
3066 4118 3486 4181 intentionem
3515 4117 3775 4182 illorum
3805 4121 3916 4203 qui

802 4217 882 4279 tis
918 4235 931 4279 :
968 4225 1038 4278 ut
1078 4225 1228 4279 sunt
1270 4218 1587 4300 repressio
1632 4218 2042 4280 inimicorum
2087 4217 2299 4280 Eccle-
2332 4220 2381 4282 D
2411 4218 2488 4280 de
2539 4237 2654 4280 sua
2701 4224 2851 4279 sunt
2899 4217 3405 4298 congregatione,
3454 4217 3537 4280 ad
3582 4217 3758 4280 hunc
3809 4219 3916 4282 de-

801 4316 933 4389 siae,
975 4316 1361 4378 constructio
1411 4316 1829 4379 ecclesiarum
1871 4323 1935 4378 et
1977 4316 2292 4398 pontium.

801 4414 948 4477 Ideo
986 4431 1113 4475 non
1159 4421 1257 4476 est
1296 4413 1386 4475 ibi
1430 4413 1724 4487 simonia,
1756 4414 1907 4495 quia
1946 4431 2073 4477 non
2115 4414 2302 4476 datur

800 4510 1131 4594 spirituale
1164 4529 1280 4593 pro
1308 4511 1793 4595 temporali,sed
1824 4511 2156 4594 spirituale
2186 4529 2302 4594 pro

802 4609 1141 4693 spirituali.
1175 4609 1257 4671 At
1292 4627 1443 4672 vero
1486 4627 1602 4692 pro
1651 4629 1807 4692 pure
1856 4610 2300 4692 spiritualibus

806 4716 1015 4790 potest
1070 4707 1215 4772 fieri
1274 4707 1669 4790 indulgentia
1720 4725 1735 4771 τ
1787 4717 1851 4772 et
1903 4709 1989 4772 ita
2045 4709 2302 4792 quando

804 4814 1021 4870 oratur
1059 4825 1173 4889 pro
1214 4825 1359 4889 rege
1400 4808 1697 4882 Francius,
1729 4808 1840 4890 qui
1886 4815 2023 4870 orat
2071 4825 2189 4890 pro
2226 4825 2303 4870 eo

804 4905 995 4968 habet
1038 4906 1260 4969 decem
1309 4906 1444 4968 dies
1490 4905 2027 4987 indulgentiarum
2065 4926 2102 4968 a
2141 4907 2305 4988 Papa

804 5004 1176 5067 Innocentio
1216 5004 1313 5067 1v.
1350 5004 1581 5086 Sicque
1626 5004 2119 5086 praedicantibus
2163 5023 2305 5066 cru·

807 5122 971 5176 cem,
1023 5104 1405 5185 quandoque
1451 5103 1638 5165 datur
1692 5103 1913 5166 eadem
1970 5103 2302 5184 indulgen-

804 5202 896 5264 tia
944 5221 1086 5284 quae
1126 5209 1189 5264 et
1225 5201 1689 5283 accipientibus
1733 5219 2010 5263 crucem.
2045 5235 2125 5246 —-
2161 5202 2304 5265 Haec

808 5300 1099 5364 Thomas.

2411 4316 2767 4378 terminate.
2803 4315 3034 4390 Tertio,
3060 4315 3126 4378 in
3156 4314 3458 4396 generali,
3477 4323 3555 4377 ut
3583 4316 3738 4378 dum
3767 4317 3916 4399 quis

2411 4414 2662 4476 ordinat
2700 4431 2894 4496 opera
2935 4432 3051 4476 sua
3096 4412 3264 4476 bona
3302 4412 3382 4476 ad
3429 4413 3672 4477 bonum
3717 4415 3916 4479 totius

2413 4512 2712 4574 Ecclesiae
2755 4512 2820 4575 in
2858 4511 3138 4592 generali
3173 4529 3188 4574 :
3221 4519 3286 4574 et
3321 4511 3414 4575 sic
3455 4510 3562 4574 ille
3600 4512 3714 4594 qui
3757 4531 3916 4596 prae—

2413 4620 2509 4674 cst
2548 4610 2845 4674 Ecclesiae
2884 4610 3286 4692 generaliter,
3321 4617 3529 4693 potest
3566 4627 3764 4693 opera
3807 4611 3916 4674 illa

2413 4709 2910 4782 communicare,
2939 4708 3322 4791 applicando
3352 4707 3776 4772 intentionem
3813 4729 3916 4772 su·

2412 4827 2514 4870 am
2547 4807 2626 4869 ad
2657 4805 2850 4869 istum
2880 4807 2980 4869 vel
3013 4806 3218 4869 illum.
3242 4840 3324 4851 —
3352 4805 3690 4888 Quumque
3722 4807 3918 4870 homo

2413 4905 2496 4968 sit
2525 4923 2670 4987 pars
2701 4903 3302 4986 congregationiS,et
3329 4906 3733 4988 congregatio
3767 4925 3915 4990 pars

2415 5001 2753 5082 Ecclesiae3
2788 5002 2930 5065 ideo
2969 5003 3238 5066 intentio
3265 5002 3417 5066 boni
3449 5003 3680 5084 privati
3713 5005 3916 5068 inclu-

2413 5102 2587 5165 ditur
2626 5100 2692 5162 in
2734 5100 3086 5164 intentione
3123 5101 3276 5164 boni
3313 5101 3823 5183 congregationis
3851 5110 3914 5166 et

2415 5200 2566 5264 boni
2614 5200 2809 5262 totius
2859 5199 3178 5263 Ecclesiae.
3235 5199 3478 5263 Idcirco
3521 5200 3634 5282 qui
3685 5209 3914 5283 praeest

2419 5297 2716 5362 Ecclesiae
2756 5297 3157 5380 generaliter,
3191 5305 3399 5380 potest
3435 5299 3912 5363 communicare
