4267 6250
705 520 794 567 AN
833 520 1184 570 nns‘rrwno
1225 521 1318 569 81⁶1·
1360 521 1514 569 uns
1557 520 2071 580 sansumomS,
2109 520 2185 569 BT
2224 520 2603 570 mustum
2643 521 2729 568 An
2770 520 3046 568 suum

3310 500 3426 565 411

319 691 500 754 mala
553 690 686 755 fide
733 700 798 755 et
855 691 1098 775 injusto
1151 691 1339 757 titulo
1397 693 1825 776 possidentur,
1856 692 1909 757 A
1941 694 2109 775 quod
2156 693 2473 776 obligatus
2516 694 2597 757 ad
2645 692 3136 768 restitutionem,
3182 696 3435 755 tenetur

315 791 482 871 quia
523 789 803 872 injustus
846 792 1072 855 titulus
1115 810 1232 874 pro
1271 792 1452 855 nullo
1497 790 1827 855 habendus

315 898 442 951 est.
493 890 670 953 Malae
717 896 932 953 autem
991 890 1146 953 fidei
1193 907 1520 973 possessor
1565 896 1829 953 vocatur

315 988 440 1069 qui
483 996 703 1052 contra
750 989 962 1070 legum
1009 989 1344 1052 interdicta
1387 996 1723 1063 mercatur,
1757 996 1828 1050 ut

315 1105 470 1168 quae
518 1087 836 1150 habentur
881 1106 998 1169 per
1043 1107 1304 1151 usuram
1352 1094 1417 1150 et
1461 1086 1820 1150 simoniam.

313 1186 568 1248 Idcirco
609 1186 688 1248 de
737 1184 976 1249 talibus
1017 1204 1143 1249 non
1187 1185 1378 1249 debet
1424 1185 1824 1268 eleemosyna

315 1282 492 1345 fieri.

401 1382 468 1445 Si
516 1390 732 1445 autem
781 1390 1102 1465 quaemtur
1145 1382 1226 1445 de
1272 1382 1568 1457 aleatore,
1615 1380 1826 1445 dicen-

312 1480 474 1542 dum
520 1482 692 1562 quod
735 1481 1116 1562 generaliter
1155 1481 1337 1544 malae
1379 1479 1532 1543 iidei
1583 1497 1826 1562 posses-

313 1596 424 1641 sor
463 1586 582 1651 est‚
617 1586 684 1641 et
719 1578 962 1660 injusto
999 1580 1281 1662 possidet
1317 1580 1506 1643 titulo
1539 1596 1554 1641 ε
1587 1578 1825 1642 idcirco

313 1675 690 1739 nullatenus
747 1683 956 1758 potest
1004 1676 1278 1739 retinere
1323 1677 1494 1759 quod
1543 1676 1824 1739 lucratus

315 1783 437 1849 est,
469 1794 676 1857 quum
721 1774 868 1837 talis
907 1775 1096 1838 ludus
1137 1775 1223 1837 sit
1261 1776 1470 1858 turpis
1509 1783 1573 1839 et
1615 1793 1826 1858 repro-

317 1874 530 1947 batuS,
589 1881 656 1937 et
716 1880 935 1937 contra
994 1874 1196 1936 Deum
1254 1892 1330 1936 ac
1386 1874 1603 1937 omnia
1655 1874 1818 1955 jura.
1857 1872 1906 1937 B
1935 1874 2104 1956 quod
2166 1881 2431 1956 possunt
2486 1890 2501 1937 ε

319 1972 545 2035 Utrum
595 1980 811 2034 tamen
861 1970 1196 2034 restituere
1243 1978 1555 2046 teneatur,
1601 1972 1822 2035 distin-

315 2078 526 2152 guunt
573 2070 773 2153 aliqui
818 2088 833 2132 ε
875 2070 1028 2152 quia
1071 2077 1182 2133 aut
1229 2070 1336 2133 ille
1387 2089 1582 2152 penes
1628 2089 1820 2152 quem

317 2168 606 2231 lucratus
649 2176 768 2243 est,
799 2168 944 2231 talis
987 2186 1258 2250 persona
1300 2176 1398 2231 est
1442 2187 1584 2251 quae
1631 2168 1822 2231 rebus

315 2268 452 2329 suis
505 2284 778 2349 praecsse
825 2284 952 2329 non
1003 2274 1232 2349 potest,
1283 2274 1356 2329 ut
1403 2266 1820 2341 minorennis,

314 2365 630 2448 pupillus,
677 2364 932 2439 surduS,
975 2372 1192 2427 mutus
1231 2372 1340 2427 aut
1385 2364 1826 2429 incurabiliter

313 2464 698 2545 languidus3
739 2472 804 2527 et
849 2466 943 2527 sic
993 2464 1328 2527 restituere
1376 2464 1714 2546 obligatur.
1757 2466 1822 2529 Si

311 2580 470 2625 vero
497 2562 584 2625 sit
611 2562 758 2625 talis
789 2579 1060 2645 persona
1089 2581 1231 2644 quae
1259 2564 1552 2626 amittere
1591 2571 1818 2646 potest,

311 2669 472 2723 tunc
517 2668 628 2722 aut
667 2668 904 2723 tractus
943 2668 1042 2723 est
1082 2660 1219 2743 ipse
1261 2661 1488 2724 ludens
1531 2669 1596 2724 et
1639 2662 1821 2724 indu-

311 2768 460 2821 ctus
489 2757 571 2821 ab
600 2758 712 2821 illo
740 2759 818 2823 ad
862 2757 1236 2834 ludendum,
1269 2767 1380 2821 aut
1417 2777 1563 2823 non.
1600 2759 1664 2822 Si
1699 2768 1822 2823 tra-

314 2865 460 2921 ctus
509 2856 636 2919 fuit
679 2856 760 2920 ab
822 2857 954 2931 illo,
1005 2875 1134 2921 non
1191 2864 1445 2921 tenetur
1489 2858 1822 2922 restituere

311 2954 438 3029 illi,
470 2954 776 3037 quoniam
809 2954 904 3017 illi
937 2972 1065 3018 non
1097 2954 1402 3037 competit
1429 2956 1727 3037 repetitio
1755 2956 1820 3018 in

310 3153 396 3215 de
423 3152 636 3216 facere
667 3159 894 3234 potest.
931 3152 994 3216 Si
1025 3159 1241 3216 autem
1274 3152 1412 3234 ipse
1444 3152 1670 3216 ludens
1698 3160 1821 3216 tra-

309 3251 410 3314 xit
438 3250 648 3326 illum,
666 3259 822 3314 tunc
853 3251 993 3333 ipse
1023 3268 1150 3314 non
1179 3249 1350 3314 valet
1379 3249 1526 3314 inde
1553 3251 1823 3314 eleemo-

309 3369 536 3432 synam
569 3349 798 3424 facere‚
813 3349 1114 3432 quoniam
1147 3349 1479 3413 restituere
1509 3348 1824 3431 obligatur

311 3448 538 3512 saltem
581 3449 650 3510 in
690 3448 829 3512 foro
868 3447 1294 3512 conscientiae.
1327 3448 1486 3511 Nam
1527 3448 1820 3531 quamvis

310 3563 502 3609 nemo
543 3545 706 3608 velit
745 3547 1061 3621 amittere,
1094 3553 1309 3610 tamen
1353 3547 1462 3630 qui
1510 3565 1637 3611 non
1682 3548 1822 3612 vult

309 3644 608 3707 amittere
651 3662 772 3707 nec
811 3643 1051 3719 ludere,
1085 3646 1195 3708 sed
1239 3645 1564 3709 inducitur
1605 3646 1684 3708 ad
1725 3645 1819 3708 lu-

311 3743 623 3817 dendum,
649 3742 865 3806 minus
897 3742 1240 3824 culpabilis
1269 3751 1398 3806 est:
1422 3744 1662 3807 idcirco
1691 3761 1818 3808 non

309 3841 502 3904 debet
551 3840 982 3903 damnificari.
1036 3842 1114 3903 Et
1169 3841 1280 3924 qui
1333 3841 1586 3905 induxit
1643 3861 1815 3918 eum,

310 3959 512 4022 quum
547 3939 636 4002 sit
667 3939 868 4020 magis
908 3938 1271 4021 culpabiliS,
1305 3956 1434 4003 non
1474 3938 1665 4003 debet
1693 3959 1820 4003 me-

309 4037 527 4100 liorari
571 4037 640 4099 in
679 4037 914 4119 aliquo.
949 4037 1120 4100 Nulli
1157 4045 1373 4102 tamen
1413 4037 1562 4100 licet
1591 4056 1669 4100 ex
1697 4039 1818 4102 hoc

307 4136 556 4219 aliquid
620 4135 780 4197 lucri
841 4135 1136 4217 acquisiti
1187 4135 1253 4197 in
1314 4135 1607 4218 proprios
1663 4155 1816 4198 usus

1937 792 2271 855 restituere
2300 793 2532 865 statim,
2552 792 2607 854 si
2638 798 2863 874 potest,
2879 791 3060 873 juxta
3092 790 3252 854 illud
3282 791 3434 853 Deu-

1935 891 2275 954 teronomii
2310 909 2324 954 :
2356 892 2563 965 Quum
2603 898 2825 954 votum
2869 889 3099 953 feceris
3136 889 3429 964 Domino,
3456 905 3709 949 neuram

1935 1007 2063 1052 non
2111 989 2393 1052 tardabis
2440 990 2723 1053 reddere.
2758 989 2965 1062 Quum
3014 1006 3165 1070 ergo
3210 995 3431 1050 votum
3460 971 3526 1012 ²¹·

1933 1088 2149 1151 statim
2188 1087 2581 1150 reddendum
2620 1088 2724 1161 sit,
2756 1087 2977 1150 eadem
3020 1087 3261 1150 ratione
3306 1086 3435 1148 fur-

1934 1193 2070 1248 tum
2125 1193 2191 1248 et
2237 1186 2461 1268 rapina
2506 1194 2571 1250 et
2625 1203 2815 1249 omne
2870 1185 3045 1248 aliud
3102 1184 3434 1249 restituen-

1933 1284 2108 1347 dum.
2143 1284 2273 1347 Nec
2304 1285 2453 1347 licet
2480 1284 2743 1348 differre
2774 1284 2913 1347 sine
2942 1283 3265 1347 voluntate
3294 1282 3435 1365 ejus

1933 1384 2040 1445 cui
2089 1383 2235 1465 quis
2285 1382 2475 1447 debet
2521 1400 2535 1444 τ
2584 1383 2910 1447 voluntate
2956 1380 3279 1465 (inquam)
3322 1381 3436 1443 im-

1935 1489 2180 1565 petrata
2218 1498 2345 1545 non
2390 1500 2504 1563 per
2542 1479 2851 1545 fraudem.
2888 1481 3155 1554 Quidam
3196 1479 3431 1543 etenim

1935 1580 2281 1662 impetrant
2334 1578 2794 1654 fraudulenter,
2846 1578 3192 1661 allegantes
3241 1578 3435 1659 majo·

1935 1697 2070 1742 rem
2120 1676 2425 1759 inopiam,
2467 1678 2909 1741 necessitatem
2958 1696 3069 1741 seu
3123 1676 3433 1758 impoten-

1935 1776 2090 1839 tiam
2119 1793 2315 1857 quam
2352 1776 2453 1837 sit.
2489 1774 2731 1848 Quibus
2774 1774 3089 1837 incumbit
3126 1772 3337 1837 facere
3368 1773 3431 1836 id

2558 1874 2833 1937 creditor
2889 1891 3165 1955 namque
3221 1872 3432 1954 potius

1933 1972 2072 2035 vult
2116 1971 2421 2035 rehabere
2469 1979 2714 2055 partem
2764 1990 2959 2054 quam
3006 1971 3187 2034 nihil.
3236 2007 3317 2017 —
3365 1970 3429 2033 Si

1933 2071 2298 2153 objiciatur,
2331 2070 2483 2153 quia
2511 2070 2827 2134 confessio
2849 2070 3227 2151 (praesertim
3262 2078 3432 2133 exte-

1933 2169 2090 2251 rior)
2117 2177 2184 2233 et
2212 2168 2561 2233 satisfactio
2591 2176 2857 2251 possunt
2884 2167 3160 2241 differri,
3193 2185 3343 2249 ergo
3370 2175 3435 2230 et

1932 2268 2285 2347 restituti03
2318 2268 2685 2341 dicendum,
2720 2267 2889 2349 quod
2921 2283 3047 2330 non
3077 2274 3175 2329 est
3202 2265 3428 2339 simile,

1932 2367 2235 2450 quoniam
2267 2368 2583 2431 restitutio
2612 2374 2710 2430 est
2739 2368 2817 2430 de
2848 2386 3007 2449 pure
3037 2366 3432 2429 naturalibus

1934 2465 2307 2539 moralibus,
2338 2483 2467 2528 non
2504 2473 2720 2529 autem
2760 2463 3079 2529 confessio
3120 2464 3230 2527 illa
3262 2470 3432 2528 exte-

1933 2563 2063 2626 rior
2093 2581 2211 2626 nec
2242 2561 2607 2626 satisfactio.
2634 2563 2809 2626 Unde
2840 2581 2959 2625 nec
2988 2563 3152 2645 Papa
3180 2562 3433 2645 dispen-

1934 2680 2072 2724 sare
2117 2668 2327 2743 potest
2366 2662 2669 2725 adversus
2712 2680 2872 2724 eam.

2013 2760 2255 2822 Deinde
2309 2759 2639 2841 quaeritur,
2688 2779 2769 2822 an
2826 2759 2905 2822 ad
2963 2758 3431 2822 restitutionem

1932 2865 2233 2921 tenentur
2280 2866 2607 2921 currentes
2656 2876 2803 2920 cum
2850 2856 3013 2932 iure,
3043 2856 3224 2938 juxta
3271 2856 3429 2919 illud

1930 2955 2186 3032 Psalmi,
2233 2957 2297 3020 Si
2341 2956 2601 3020 videbas
2650 2956 2884 3030 furem,
2930 2954 3229 3019 currebas
3278 2974 3424 3017 cum
3456 2973 3722 3026 Pssumis.

309 3053 668 3117 vindictam
721 3052 1009 3136 peccati;
1057 3053 1168 3116 sed
1212 3053 1680 3137 eleemosynam
1733 3054 1823 3116 in·
1857 3050 1901 3115 C
1932 3073 2048 3136 eo;
2079 3063 2145 3119 et
2185 3056 2360 3119 Isaiae
2397 3056 2608 3139 primo
2644 3054 2945 3138 capitulo,
2977 3053 3305 3137 Principes
3334 3054 3429 3117 tui
3473 3072 3674 3123 1·.1.2a.

1932 3153 2250 3229 infideleS,
2308 3155 2464 3218 socii
2522 3155 2759 3217 furum.
2822 3153 3163 3217 currentes
3214 3161 3427 3216 autem

1931 3271 2077 3315 cum
2118 3253 2263 3315 fure
2303 3261 2485 3315 vocat
2522 3252 3071 3316 communicantes
3110 3253 3175 3315 in
3216 3253 3430 3317 crimi-

1931 3369 2032 3426 ne,
2067 3350 2147 3412 de
2188 3349 2425 3433 quibus
2468 3357 2616 3412 sunt
2655 3368 2879 3414 versus
2924 3349 3257 3432 praehabiti
3292 3368 3307 3414 ε

1926 3508 2134 3568 lussio,
2159 3507 2477 3568 consilium,
2499 3521 2831 3568 consensus,
2857 3508 3045 3573 palpo,
3070 3522 3359 3570 recursus,

1926 3589 2300 3654 ParticipanS,
2318 3591 2517 3648 mutus,
2530 3602 2638 3640 non
2654 3589 2905 3650 obstans,
2916 3602 3021 3640 non
3041 3589 3426 3642 manifestans.

1929 3743 2006 3805 Et
2029 3742 2464 3824 respondetur,
2476 3742 2642 3825 quod
2666 3742 2903 3825 duplex
2934 3751 3031 3806 est
3060 3743 3426 3818 necessitas,
3500 3805 3511 3814 ,

1927 3849 2168 3922 utpote,
2218 3839 2509 3903 absoluta
2560 3847 2624 3903 et
2677 3840 3121 3904 conditionata.
3171 3841 3236 3904 Si
3278 3859 3430 3923 ergo

1927 3938 2034 4001 fur
2073 3940 2232 4021 ipse,
2268 3938 2331 4001 id
2373 3946 2471 4001 est
2516 3937 2889 4021 principalis
2934 3947 3155 4002 auctor
3193 3939 3427 4021 iniqui-

1926 4037 2094 4110 tatis,
2148 4037 2459 4110 restituat,
2511 4044 2839 4100 currentes
2896 4055 3115 4100 secum
3167 4056 3205 4101 a
3253 4038 3429 4100 resti-

1925 4134 2149 4196 tuendi
2200 4133 2416 4197 debito
2457 4134 2908 4215 absolvuntur3
2943 4135 3083 4199 ideo
3128 4135 3252 4218 ipsi
3298 4153 3426 4199 non

307 4241 709 4298 convertere.
741 4268 824 4278 —
853 4232 1163 4296 Similiter
1202 4233 1546 4296 dicendum
1584 4234 1664 4298 de
1693 4242 1817 4297 tor·
1846 4228 1898 4292 D
1927 4241 2228 4296 tenentur
2270 4233 2603 4296 restituere
2642 4235 3021 4309 necessario,
3055 4234 3179 4298 nisi
3208 4253 3427 4298 neces-

307 4331 698 4404 neamentis,
729 4331 900 4413 quod
951 4330 1197 4393 scilicet
1241 4331 1307 4393 in
1349 4331 1476 4394 illis
1517 4332 1820 4415 pactioni-

307 4429 430 4492 bus
459 4449 618 4512 quas
650 4427 890 4491 habent
916 4428 1084 4490 inter
1111 4427 1378 4503 se,bona
1407 4445 1532 4494 non
1563 4430 1821 4493 transfe-

307 4535 543 4590 runtur
573 4527 642 4588 in
673 4525 954 4589 invicem
975 4542 990 4587 :
1011 4525 1154 4589 ideo
1185 4525 1251 4588 in
1283 4545 1437 4589 usus
1467 4545 1818 4610 pauperum

304 4633 784 4699 convertantur,
799 4631 1060 4706 propter
1091 4623 1224 4687 ludi
1263 4624 1724 4690 inhonestatem
1759 4635 1822 4690 et

303 4724 474 4805 juris
507 4721 1030 4806 prohibitionem.
1065 4759 1145 4770 —
1173 4724 1316 4788 Haec
1355 4724 1815 4799 Bonaventura,

309 4823 502 4902 cujus
531 4823 656 4884 hoc
687 4821 986 4884 ultimum
1017 4821 1286 4884 verbum
1318 4823 1396 4884 de
1429 4829 1820 4884 torneamen-

45 4935 280 4992 ειμιωῡ.
309 4920 416 4994 tis,
462 4920 722 4983 videtur
761 4940 798 4982 a
841 4919 1208 5002 praehabitis
1252 4919 1610 4983 dissentire.

391 5019 666 5100 Insuper
694 5018 774 5081 de
803 5017 902 5080 his
942 5017 1144 5080 multa
1173 5016 1523 5081 conscribit
1549 5016 1818 5080 Antisio-

307 5116 605 5178 dorensis
655 5115 1056 5179 concorditer
1097 5115 1176 5178 ad
1226 5115 1546 5198 praedicta.
1585 5114 1815 5191 Primo,

306 5214 486 5295 quod
515 5213 836 5276 restitutio
863 5230 992 5276 non
1023 5221 1120 5276 est
1158 5232 1304 5296 pars
1344 5213 1816 5287 satisfactioni&

307 5311 428 5374 sed
484 5310 950 5396 praeambulum
998 5312 1078 5375 ad
1137 5312 1448 5374 eamdem.
1502 5311 1813 5387 Secundo,

1927 4332 2114 4394 sitate
2146 4330 2595 4406 conditionata,
2628 4330 2929 4396 videlicet
2956 4333 3009 4396 si
3043 4331 3147 4395 fur
3178 4351 3305 4396 non
3336 4352 3428 4396 re-

1928 4430 2169 4493 stituat.

2006 4529 2243 4591 lterum
2276 4528 2601 4609 quaeritur,
2629 4547 2709 4592 an
2739 4529 3051 4610 generalis
3084 4530 3429 4594 necessitas

1929 4625 2228 4689 Ecclesiae
2270 4625 2597 4708 dispenset
2638 4645 2750 4688 seu
2797 4635 3057 4689 excuset
3098 4646 3135 4689 a
3176 4627 3428 4690 restitu-

1926 4725 2123 4796 tione,
2157 4731 2378 4805 utpote
2408 4723 2461 4785 si
2494 4723 2731 4786 milites
2760 4722 3035 4787 habeant
3068 4723 3233 4788 bona
3264 4725 3429 4806 inju-

1927 4829 2043 4895 sta,
2076 4828 2141 4884 et
2180 4820 2345 4882 fides
2384 4820 2782 4903 periclitetur
2809 4822 2875 4883 in
2916 4821 3071 4884 locis
3107 4820 3424 4896 fidelium,

1927 4917 2397 5000 christianique
2443 4918 2815 4981 occidantur
2862 4918 3102 4981 ibidem
3149 4940 3188 4983 a
3233 4919 3427 5001 perfi-

1927 5018 2047 5091 dis,
2078 5036 2159 5079 an
2193 5017 2476 5080 Ecclesia
2512 5015 2883 5098 dispensare
2922 5035 3069 5079 cum
3112 5017 3426 5081 militibus

1927 5122 2138 5197 queat,
2172 5114 2339 5196 quod
2370 5113 2538 5177 bona
2576 5113 2684 5175 illa
2724 5115 3037 5177 retineant
3072 5115 3151 5178 ad
3192 5134 3426 5198 expen—

1928 5213 2208 5276 dendum
2239 5232 2313 5276 ea
2344 5213 2409 5275 in
2439 5211 2861 5276 subventione
2891 5210 3047 5274 fidei
3078 5221 3267 5296 atque
3297 5233 3429 5278 cre-

1930 5310 2238 5374 dentium.
2273 5309 2711 5393 Respondetur
2745 5327 2759 5372 :
2792 5309 3181 5392 Praeceptum
3224 5312 3303 5376 de
3333 5332 3426 5376 re-
