4267 6250
135 2076 247 2119 Ιωιυι.

128 2140 170 2181 {a

134 2564 142 2606 l
158 2566 231 2611 Cor.
246 2582 311 2621 xm,

658 510 881 567 QUAEST.
922 510 1011 557 vn
1051 510 1065 555 Ξ
1106 510 1194 557 ΑΝ
1234 507 1587 555 mmmmm
1628 507 1768 554 FILII
1808 504 2176 553 mmmmm
2217 504 2353 553 SINT
2393 503 2615 551 mvms
2656 502 3030 551 nummus
3272 480 3390 547 135

332 692 386 747 et
416 703 451 745 a
482 680 713 765 Spiritu
752 684 1001 747 Sancto.
1033 682 1181 757 Quae
1219 682 1361 745 duae
1398 699 1605 743 causae
1646 679 1873 761 ope—'A

332 790 525 845 rantur
551 781 615 843 in
644 782 933 864 quolibet
960 782 1189 845 horum
1219 780 1413 843 trium
1442 778 1791 861 Baptisma-

331 890 469 955 tum,
514 880 1039 943 excellentissime
1090 888 1297 943 tamen
1353 880 1419 942 in
1468 877 1792 960 Baptismo

329 978 642 1057 sanguinis.
673 978 831 1041 Nam
872 978 1081 1060 passio
1119 976 1349 1041 Christi
1389 983 1687 1058 operatur
1723 974 1790 1037 in

332 1077 622 1157 Baptismo
666 1096 849 1159 aquae
900 1096 1014 1159 per
1059 1077 1403 1159 quamdam
1454 1073 1789 1155 figuralem

331 1175 918 1256 repraesentationem
944 1192 960 1255 ;
993 1175 1059 1237 in
1089 1174 1407 1257 Baptismo
1436 1180 1651 1235 autem
1680 1170 1792 1234 fla-

332 1274 499 1335 minis
526 1292 635 1335 seu
666 1274 1079 1356 poenitentiae,
1112 1292 1227 1356 per
1263 1273 1603 1355 quamdam
1633 1270 1789 1333 affe-

332 1370 617 1449 ctionem3
656 1372 767 1435 sed
810 1372 878 1434 in
920 1371 1245 1457 Baptismo
1285 1369 1636 1451 sanguiniS,
1678 1386 1792 1451 per

332 1470 517 1551 operis
576 1470 1015 1534 imitationem.
1078 1469 1528 1541 Consimiliter,
1588 1468 1792 1530 virtus

332 1568 575 1649 Spiritus
602 1569 815 1632 Sancti
842 1576 1141 1651 operatur
1170 1569 1235 1631 in
1264 1568 1588 1650 Baptismo
1616 1585 1793 1648 aquae

334 1685 429 1728 seu
470 1665 753 1730 fluminis
812 1685 926 1749 per
982 1668 1281 1729 latentem
1330 1668 1673 1743 virtutem3
1726 1665 1791 1726 in

333 1764 621 1845 Baptismo
660 1766 1075 1847 poenitentiae,
1116 1784 1231 1847 per
1266 1764 1474 1828 cordis
1514 1781 1792 1826 commo-

2305 806 2776 881 QUAESTIO
2837 804 2986 870 VII

2024 1081 2278 1163 Eptimo
2307 1080 2632 1162 quaeritur,
2655 1080 2784 1147 An
2810 1078 3273 1147 Judaeorum
3301 1092 3395 1145 ao

2049 1181 2393 1248 aliorum
2450 1178 2898 1245 infidelium
2947 1177 3103 1243 nm
3159 1191 3253 1244 ac
3304 1177 3392 1243 fi-

1900 1279 2031 1346 11oe
2081 1277 2542 1359 baptizandi
2592 1277 2757 1343 sint
2793 1275 3080 1342 invitis
3118 1290 3392 1357 paren-

1900 1376 2247 1536 tizlillsetur
2287 1472 2456 1555 quod
2486 1472 2598 1535 sic.
2631 1471 2862 1546 Primo,
2894 1471 3046 1554 quia
3083 1471 3136 1533 si
3173 1469 3398 1534 infide·

1905 1572 1995 1635 les
2046 1589 2276 1655 pueros
2326 1589 2474 1635 suos
2521 1571 2762 1634 vellent
2807 1570 3239 1651 submergere,
3288 1577 3398 1632 aut

1901 1671 2057 1733 alias
2088 1670 2433 1732 crudeliter
2460 1669 2800 1743 trucidare,
2820 1676 3034 1731 essent
3063 1668 3399 1750 prohiben-

1903 1769 1988 1841 di,
2010 1768 2320 1849 piumque
2349 1774 2517 1830 esset
2546 1768 2761 1849 pueris
2793 1766 3158 1840 subvenire,
3180 1785 3217 1828 a
3244 1773 3398 1828 tem·

333 1862 579 1941 tionem;
610 1864 673 1926 in
700 1863 1025 1946 Baptismo
1054 1872 1268 1927 autem
1297 1861 1647 1944 sanguinis,
1680 1880 1795 1943 per
1818 1861 1867 1923 B
1904 1866 2105 1948 porali
2156 1884 2260 1929 eos
2308 1865 2568 1928 interitu
2608 1865 2917 1927 trahendo
2958 1881 2971 1925 :
3019 1864 3220 1927 multo
3257 1864 3396 1947 plus

336 1962 703 2043 potissimum
754 1962 1117 2026 dilectionis
1162 1970 1226 2025 et
1266 1960 1627 2025 affectionis
1668 1960 1793 2022 fer-

257 2092 311 2129 xv,
333 2078 545 2135 vorem,
574 2062 751 2143 juxta
789 2062 947 2125 illud
981 2062 1239 2125 Joannis
1282 2079 1297 2123 ε
1338 2060 1637 2142 Majorem
1678 2060 1793 2122 hac

333 2159 705 2223 dilectionem
735 2178 929 2224 nemo
957 2160 1168 2234 habet,
1202 2168 1274 2223 ut
1301 2159 1581 2222 animam
1612 2177 1791 2219 suam

334 2267 501 2339 ponat
542 2260 683 2341 quis
728 2278 847 2342 pro
888 2259 1113 2323 amicis
1156 2260 1309 2322 suis.
1350 2258 1511 2320 Hinc
1548 2276 1667 2320 nec
1706 2256 1795 2319 ef—

332 2354 477 2419 fusio
514 2358 837 2439 sanguinis
886 2375 1001 2440 pro
1042 2358 1291 2421 Christo
1332 2357 1642 2419 rationem
1685 2355 1791 2418 ha-

336 2453 427 2517 bet
464 2456 941 2539 efficaciamque
982 2456 1313 2539 Baptismi,
1348 2454 1473 2518 nisi
1517 2473 1594 2517 ex
1638 2455 1793 2517 cari-

334 2560 441 2616 tate
493 2556 805 2637 procedat,
862 2556 1043 2637 juxta
1097 2555 1256 2617 illud
1312 2552 1595 2637 Apostoli
1649 2570 1663 2614 :
1726 2552 1789 2615 Si

334 2654 619 2717 tradidero
646 2672 877 2737 corpus
910 2673 1123 2717 meum
1166 2654 1253 2715 ita
1282 2661 1353 2716 ut
1380 2653 1657 2726 ardeam,
1691 2671 1791 2714 ca-

334 2749 556 2814 ritatem
608 2759 819 2814 autem
879 2769 1006 2814 non
1065 2751 1369 2825 habuero,
1421 2750 1580 2812 nihil
1630 2748 1793 2811 mihi

336 2850 579 2929 prodest.
612 2852 743 2925 Quo
774 2856 1037 2923 constat,
1062 2849 1232 2931 quod
1261 2848 1623 2931 Baptismus
1652 2856 1791 2909 'san-

333 2947 519 3026 guinis
564 2948 830 3011 includit
870 2948 1267 3030 Baptismum
1309 2945 1617 3020 flaminiS,
1665 2964 1792 3008 non

1901 1983 1938 2026 a
1969 1964 2191 2027 mortis
2221 1970 2472 2027 aeternae
2501 1962 2788 2045 periculo
2816 1970 2966 2025 sunt
2994 1962 3282 2037 eruendi,
3307 1962 3398 2024 in-

1900 2061 2051 2124 vitis
2098 2060 2492 2143 parentibuS,
2545 2077 2704 2141 quos
2755 2064 3002 2122 constat
3048 2058 3220 2140 ipsos
3267 2078 3398 2121 suae

1903 2159 2268 2223 infidelitati
2326 2158 2492 2221 velle
2550 2157 2892 2220 innectere.
2945 2192 3026 2201 —
3083 2157 3395 2230 Secundo,

1905 2258 2268 2321 infidelium
2311 2257 2519 2339 proles
2559 2264 2654 2319 est
2687 2256 2800 2319 Dei
2834 2255 3054 2330 Patris,
3087 2264 3396 2337 quantum

1900 2357 1978 2419 ad
2008 2356 2312 2431 animam,
2347 2354 2548 2437 magis
2586 2373 2778 2436 quam
2820 2360 3154 2436 parentum
3185 2373 3400 2417 carna·

1904 2454 2060 2517 lium
2096 2472 2109 2517 :
2146 2454 2326 2537 pium
2363 2472 2514 2535 ergo
2556 2460 2620 2515 et
2652 2453 2898 2533 justum
2941 2460 3056 2527 est,
3090 2469 3197 2514 eos
3235 2452 3401 2515 Patri

1902 2552 2246 2636 spirituum
2287 2571 2402 2635 per
2439 2550 2844 2633 Baptismatis
2885 2550 3149 2631 gratiam
3184 2568 3402 2613 conse-

1900 2670 2095 2715 crare.
2141 2686 2220 2696 -
2261 2651 2491 2723 Tertio,
2538 2648 2856 2722 infideleS,
2904 2648 3255 2730 praesertim
3296 2648 3401 2710 Ju-

1905 2750 2043 2823 daei,
2074 2748 2247 2830 juste
2290 2747 2653 2810 subduntur
2695 2745 3060 2809 christianis
3101 2745 3404 2828 principi·

1904 2847 2053 2925 bus;
2080 2846 2200 2908 filii
2231 2853 2434 2908 autem
2463 2862 2793 2907 servorum
2823 2851 2973 2906 sunt
3001 2843 3066 2905 in
3099 2850 3406 2926 potestate

1902 2946 2310 3009 dominorum
2340 2961 2602 3006 suorum
2634 2949 2969 3025 parentum
3005 2960 3018 3004 :
3053 2960 3201 3023 ergo
3229 2941 3405 3024 prin-

333 3055 577 3109 econtra.
609 3048 850 3110 Idcirco
880 3046 1222 3130 perfectior
1249 3045 1701 3129 comprobatur
1730 3054 1793 3107 et
1822 3044 1866 3108 C
1903 3043 2081 3126 cipes
2129 3042 2458 3104 christiani
2513 3040 2684 3103 licite
2733 3046 3034 3122 poterunt
3087 3038 3258 3102 filios
3304 3039 3406 3100 Ju-

334 3147 845 3228 praeeminentiam
896 3147 1088 3208 habet
1132 3145 1493 3227 Baptismus
1540 3143 1791 3225 sangui-

332 3245 435 3318 nis,
476 3265 593 3310 non
640 3246 849 3309 solum
894 3264 971 3308 ex
1016 3251 1194 3327 parte
1236 3243 1551 3326 passionis
1593 3243 1794 3306 domi-

332 3344 493 3418 nicae,
528 3347 631 3409 sed
681 3345 837 3408 item
880 3363 958 3407 ex
1006 3351 1185 3426 parte
1233 3342 1509 3425 Spiritus
1557 3341 1789 3405 Sancti.

331 3477 399 3489 -
430 3444 561 3507 Haec
601 3445 665 3506 in
708 3444 991 3507 Summa.

398 3544 465 3605 ln
504 3544 729 3626 quibus
775 3560 893 3625 pro
931 3541 1207 3604 maxima
1247 3549 1424 3624 parte
1466 3539 1794 3603 continen-

335 3648 421 3704 tur
448 3641 667 3724 scripta
696 3640 865 3704 Petri
902 3649 966 3704 et
1001 3639 1299 3704 Richardi
1337 3640 1415 3702 de
1456 3639 1573 3702 ista
1607 3645 1797 3702 mate·

334 3739 435 3814 ria,
479 3741 581 3822 qui
626 3739 833 3804 nihilo
883 3738 1097 3802 minus
1143 3739 1367 3801 dicunt
1410 3738 1797 3819 Baptismata

335 3837 439 3901 ista
466 3838 542 3902 ita
570 3838 920 3922 comparari
952 3838 1030 3900 ad
1067 3837 1366 3910 invicem,
1402 3837 1569 3919 quod
1604 3856 1799 3919 quan-

334 3945 455 3998 tum
484 3938 557 4000 ad
583 3938 848 4020 aliquid,
868 3956 1068 3999 unum
1098 3943 1197 3998 est
1224 3935 1613 3998 eminentius
1642 3935 1797 4013 alio;

336 4043 391 4096 et
424 4044 713 4118 quantum
756 4036 834 4098 ad
872 4035 1139 4116 aliquid,
1171 4033 1543 4097 econtrario.
1576 4069 1657 4079 —
1685 4034 1799 4096 Bo-

336 4142 649 4197 naventura
678 4151 937 4217 quoque
968 4132 1219 4206 fatetur,
1251 4133 1421 4214 quod
1459 4131 1696 4194 habent
1731 4150 1799 4194 se

1904 3144 2186 3206 daeorum
2229 3141 2322 3204 eis
2364 3140 2763 3203 subditorum
2823 3139 3030 3202 facere
3073 3138 3400 3221 baptizari.

1987 3241 2108 3304 Sed
2148 3247 2368 3303 contra
2408 3246 2524 3314 est,
2558 3239 2727 3321 quod
2770 3238 2836 3300 in
2875 3237 3174 3301 Toletano
3212 3237 3402 3300 habe-

1904 3348 2009 3402 tur
2040 3339 2313 3403 concilio
2348 3356 2361 3400 :
2396 3338 2485 3400 De
2513 3338 2746 3401 Judaeis
2785 3336 3090 3420 praecepit
3125 3337 3403 3420 synodus

1906 3447 2144 3512 sancta,
2207 3437 2453 3501 nemini
2511 3436 2812 3519 deinceps
2877 3436 2957 3498 ad
3015 3436 3402 3498 credendum

1907 3539 2039 3601 vim
2076 3537 2331 3601 inferre.
2366 3536 2502 3600 Non
2533 3535 2708 3598 enim
2747 3534 2905 3598 tales
2945 3534 3128 3597 inviti
3160 3533 3404 3596 salvan-

1907 3637 1973 3700 di
2006 3644 2176 3711 sunt,
2209 3636 2318 3698 sed
2350 3634 2660 3709 volentes,
2691 3641 2762 3696 ut
2801 3633 3046 3714 integra
3081 3632 3165 3696 sit
3203 3632 3408 3695 forma

1904 3734 2188 3816 justitiae.

1988 3932 2082 3994 Ad
2128 3930 2297 3994 istud
2338 3930 2607 3993 Thomas
2654 3927 2719 3990 in
2765 3928 3044 3990 secunda
3085 3926 3401 4001 secu‘ndae,

1909 4030 2159 4094 decima
2206 4028 2575 4111 quaestione,
2628 4025 2968 4108 respondet
3010 4043 3024 4088 :
3065 4023 3402 4087 Maximam
3483 4044 3658 4087 nau.

1908 4128 2349 4194 auctoritatem
2398 4126 2591 4189 habet
2637 4125 3028 4188 consuetudo
3080 4122 3402 4198 Ecclesiae,

338 4231 483 4294 sicut
526 4232 894 4296 excedentia
938 4240 1003 4294 et
1050 4249 1326 4294 excessa.
1379 4230 1533 4293 Nam
1584 4237 1647 4293 et
1692 4231 1802 4293 Ba·
1829 4232 1879 4295 D
1911 4249 2052 4311 quae
2082 4245 2339 4308 semper
2367 4233 2464 4288 est
2491 4224 2866 4289 aemulanda.
2900 4222 3060 4286 Nam
3098 4229 3162 4285 et
3198 4221 3408 4285 catho-

338 4329 579 4412 ptismus
614 4351 797 4414 aquae
838 4329 1211 4412 generalior·
1236 4335 1353 4404 est,
1400 4335 1465 4391 et
1507 4328 1799 4411 pluribus

338 4429 527 4504 servit,
559 4438 747 4513 atque
786 4429 1217 4491 characterem
1262 4427 1596 4510 imprimit,
1630 4427 1799 4509 quod

338 4528 478 4590 nulli
516 4528 811 4592 convenit
852 4527 1125 4590 aliorum
1170 4527 1647 4609 Baptismatum.
1696 4526 1799 4589 Ni-

337 4625 449 4688 hilo
476 4626 683 4689 minus
710 4626 1170 4688 Bonaventurae
1198 4625 1471 4699 videtur,
1495 4624 1662 4706 quod
1693 4623 1801 4686 ab·

338 4723 515 4786 solute
557 4724 895 4806 loquendo,
937 4722 1265 4804 sanguinis
1312 4723 1673 4804 Baptismus
1722 4721 1805 4784 sit

338 4821 561 4902 potior:
594 4823 763 4904 quod
804 4840 1030 4884 verum
1070 4839 1231 4894 reor,
1266 4828 1330 4883 et
1366 4821 1619 4884 Thomae
1658 4838 1805 4883 con-

336 4927 493 4982 sonat
526 4940 598 4983 ac
634 4920 915 4983 Alberto.
949 4955 1029 4964 —
1056 4920 1323 5001 Insuper
1365 4919 1455 4981 ait
1488 4920 1809 4982 Bonaven-

340 5025 479 5093 tura,
525 5021 691 5101 quod
740 5017 1105 5101 Baptismus
1154 5018 1479 5099 sanguinis
1529 5036 1656 5080 non
1716 5025 1813 5080 est

344 5119 572 5200 proprie
598 5124 1095 5190 sacramentum,
1119 5116 1269 5198 quia
1298 5135 1416 5179 nec
1450 5117 1810 5180 institutum

342 5223 425 5277 est
462 5236 497 5278 a
550 5217 678 5279 Deo
734 5216 813 5278 ad
874 5215 1457 5296 repraesentandum
1517 5214 1677 5296 quid·
1726 5233 1817 5277 sa-

346 5331 503 5378 crum
546 5333 623 5378 ex
667 5313 1115 5388 similitudine,
1158 5320 1276 5376 etc.

1913 4328 2183 4391 licorum
2212 4325 2382 4388 dicta
2410 4325 2740 4388 doctorum
2771 4323 2851 4385 ab
2883 4321 3167 4385 Ecclesia
3195 4328 3406 4384 aucto-

1913 4426 2166 4488 ritatem
2223 4423 2604 4506 suscipiunt,
2665 4429 2928 4504 propter
2984 4421 3153 4503 quod
3207 4419 3410 4482 multo

1914 4523 2117 4605 major
2159 4530 2256 4586 est
2297 4521 2636 4584 auctoritas
2688 4518 2987 4582 Ecclesiae
3035 4539 3227 4601 quam
3273 4518 3414 4581 Hie-

1915 4621 2163 4705 ronymi
2220 4628 2332 4683 aut
2385 4619 2741 4702 Augustini.
2803 4619 3142 4700 Nunquam
3199 4625 3414 4680 autem

1916 4720 2309 4784 consuetudo
2368 4717 2665 4781 Ecclesiae
2733 4717 2876 4790 fuit,
2937 4724 3009 4778 ut
3071 4715 3254 4797 pueri
3311 4715 3414 4776 Ju-

1917 4820 2199 4882 daeorum
2247 4816 2465 4879 invitis
2509 4815 2880 4898 parentibus
2921 4813 3414 4895 baptizarentur,

1920 4937 2118 5000 quum
2151 4924 2362 4978 tamen
2397 4913 2731 4996 praeteritis
2759 4910 3156 4992 temporibus
3187 4909 3421 4972 fuerint

1924 5034 2103 5098 reges
2161 5023 2226 5077 et
2283 5015 2696 5094 imperatores
2754 5009 3082 5072 christiani
3143 5007 3416 5069 multum

1924 5114 2228 5196 religiosi,
2262 5111 2497 5194 quibus
2539 5109 2722 5172 valde
2765 5107 3111 5170 familiares
3161 5106 3422 5168 fuerunt

1928 5212 2130 5276 sancti
2171 5209 2482 5293 episcopi,
2526 5215 2596 5271 ut
2633 5205 3044 5271 Constantino
3080 5205 3418 5288 Sylvester,

1932 5309 2282 5374 Theodosio
2309 5307 2705 5381 AmbrosiuS,
2738 5304 2850 5387 qui
2889 5303 3058 5366 istud
3095 5319 3222 5365 non
3261 5301 3420 5366 omi-
