<?xml version="1.0" encoding="UTF-8"?>
<!DOCTYPE html PUBLIC "-//W3C//DTD XHTML 1.0 Transitional//EN"
    "http://www.w3.org/TR/xhtml1/DTD/xhtml1-transitional.dtd">
<html xmlns="http://www.w3.org/1999/xhtml" xml:lang="en" lang="en">
 <head>
  <title>
</title>
<meta http-equiv="Content-Type" content="text/html;charset=utf-8" />
  <meta name='ocr-system' content='tesseract 3.04.00' />
  <meta name='ocr-capabilities' content='ocr_page ocr_carea ocr_par ocr_line ocrx_word'/>
</head>
<body>
  <div class='ocr_page' id='page_1' title='image "./doctorisecstati04unkngoog_0502.png"; bbox 0 0 4267 6250; ppageno 0'>
   <div class='ocr_carea' id='block_1_1' title="bbox 546 1946 763 1997">
    <p class='ocr_par' dir='ltr' id='par_1_1' title="bbox 546 1946 763 1997">
     <span class='ocr_line' id='line_1_1' title="bbox 546 1946 763 1997; baseline 0.014 -12"><span class='ocrx_word' id='word_1_1' title='bbox 546 1946 699 1997; x_wconf 62' lang='lat' dir='ltr'><strong>quest.</strong></span> <span class='ocrx_word' id='word_1_2' title='bbox 720 1946 763 1988; x_wconf 64' lang='grc' dir='ltr'><strong>ὅ.</strong></span> 
     </span>
    </p>
   </div>
   <div class='ocr_carea' id='block_1_2' title="bbox 814 453 935 519">
    <p class='ocr_par' dir='ltr' id='par_1_2' title="bbox 814 453 935 519">
     <span class='ocr_line' id='line_1_2' title="bbox 814 453 935 519; baseline 0.008 -1"><span class='ocrx_word' id='word_1_3' title='bbox 814 453 935 519; x_wconf 82' lang='lat'><strong>476</strong></span> 
     </span>
    </p>
   </div>
   <div class='ocr_carea' id='block_1_3' title="bbox 1452 470 3302 537">
    <p class='ocr_par' dir='ltr' id='par_1_3' title="bbox 1452 470 3302 537">
     <span class='ocr_line' id='line_1_3' title="bbox 1452 470 3302 537; baseline 0.002 -17"><span class='ocrx_word' id='word_1_4' title='bbox 1452 473 1519 521; x_wconf 77' lang='lat' dir='ltr'><strong>m</strong></span> <span class='ocrx_word' id='word_1_5' title='bbox 1556 472 1783 520; x_wconf 71' lang='lat' dir='ltr'><strong>Lunum</strong></span> <span class='ocrx_word' id='word_1_6' title='bbox 1820 472 1883 519; x_wconf 79' lang='lat' dir='ltr'><strong>lv</strong></span> <span class='ocrx_word' id='word_1_7' title='bbox 1923 470 2409 520; x_wconf 65' lang='lat' dir='ltr'><strong>smmum.</strong></span> <span class='ocrx_word' id='word_1_8' title='bbox 2448 490 2530 501; x_wconf 90' lang='lat'><strong>—</strong></span> <span class='ocrx_word' id='word_1_9' title='bbox 2567 471 2723 519; x_wconf 75' lang='lat' dir='ltr'><strong>msr.</strong></span> <span class='ocrx_word' id='word_1_10' title='bbox 2762 472 2931 537; x_wconf 83' lang='lat' dir='ltr'><strong>xvn3</strong></span> <span class='ocrx_word' id='word_1_11' title='bbox 2973 474 3198 531; x_wconf 67' lang='lat' dir='ltr'><strong>Qusssr.</strong></span> <span class='ocrx_word' id='word_1_12' title='bbox 3239 472 3302 523; x_wconf 78' lang='lat' dir='ltr'><strong>vl</strong></span> 
     </span>
    </p>
   </div>
   <div class='ocr_carea' id='block_1_4' title="bbox 816 642 3929 730">
    <p class='ocr_par' dir='ltr' id='par_1_4' title="bbox 816 642 3929 730">
     <span class='ocr_line' id='line_1_4' title="bbox 816 642 3929 730; baseline -0.001 -21"><span class='ocrx_word' id='word_1_13' title='bbox 816 646 987 729; x_wconf 87' lang='lat' dir='ltr'><strong>quod</strong></span> <span class='ocrx_word' id='word_1_14' title='bbox 1031 655 1367 730; x_wconf 88' lang='lat' dir='ltr'><strong>peccatum</strong></span> <span class='ocrx_word' id='word_1_15' title='bbox 1410 654 1507 711; x_wconf 93' lang='lat' dir='ltr'><strong>est</strong></span> <span class='ocrx_word' id='word_1_16' title='bbox 1543 644 1875 729; x_wconf 79' lang='lat' dir='ltr'><strong>spirituale</strong></span> <span class='ocrx_word' id='word_1_17' title='bbox 1917 644 2312 718; x_wconf 86' lang='lat' dir='ltr'>incendium,</span> <span class='ocrx_word' id='word_1_18' title='bbox 2347 642 2398 707; x_wconf 82' lang='lat' dir='ltr'><strong>A</strong></span> <span class='ocrx_word' id='word_1_19' title='bbox 2426 643 2868 720; x_wconf 88' lang='lat' dir='ltr'><strong>confessionis,</strong></span> <span class='ocrx_word' id='word_1_20' title='bbox 2909 645 3020 728; x_wconf 89' lang='lat' dir='ltr'><strong>qui</strong></span> <span class='ocrx_word' id='word_1_21' title='bbox 3061 653 3158 709; x_wconf 91' lang='lat' dir='ltr'><strong>est</strong></span> <span class='ocrx_word' id='word_1_22' title='bbox 3195 645 3438 709; x_wconf 91' lang='lat' dir='ltr'><strong>curatio</strong></span> <span class='ocrx_word' id='word_1_23' title='bbox 3475 663 3589 709; x_wconf 91' lang='lat' dir='ltr'><strong>seu</strong></span> <span class='ocrx_word' id='word_1_24' title='bbox 3633 642 3929 707; x_wconf 77' lang='lat' dir='ltr'><strong>remissio</strong></span> 
     </span>
    </p>
   </div>
   <div class='ocr_carea' id='block_1_5' title="bbox 814 742 2318 1813">
    <p class='ocr_par' dir='ltr' id='par_1_5' title="bbox 814 742 2318 1595">
     <span class='ocr_line' id='line_1_5' title="bbox 817 742 2317 828; baseline -0.003 -20"><span class='ocrx_word' id='word_1_25' title='bbox 817 746 1077 809; x_wconf 86' lang='lat' dir='ltr'><strong>vastitas</strong></span> <span class='ocrx_word' id='word_1_26' title='bbox 1126 754 1190 810; x_wconf 88' lang='lat' dir='ltr'><strong>et</strong></span> <span class='ocrx_word' id='word_1_27' title='bbox 1234 766 1578 821; x_wconf 89' lang='lat' dir='ltr'><strong>venenum,</strong></span> <span class='ocrx_word' id='word_1_28' title='bbox 1611 744 1903 828; x_wconf 83' lang='lat' dir='ltr'><strong>putredo,</strong></span> <span class='ocrx_word' id='word_1_29' title='bbox 1936 742 2146 819; x_wconf 88' lang='lat' dir='ltr'><strong>foetor,</strong></span> <span class='ocrx_word' id='word_1_30' title='bbox 2179 742 2317 805; x_wconf 91' lang='lat' dir='ltr'><strong>vul-</strong></span> 
     </span>
     <span class='ocr_line' id='line_1_6' title="bbox 816 842 2318 920; baseline -0.001 -15"><span class='ocrx_word' id='word_1_31' title='bbox 816 845 1080 908; x_wconf 87' lang='lat' dir='ltr'><strong>neratio.</strong></span> <span class='ocrx_word' id='word_1_32' title='bbox 1114 845 1281 920; x_wconf 91' lang='lat' dir='ltr'><strong>Ideo,</strong></span> <span class='ocrx_word' id='word_1_33' title='bbox 1310 846 1478 908; x_wconf 89' lang='lat' dir='ltr'><strong>sicut</strong></span> <span class='ocrx_word' id='word_1_34' title='bbox 1505 845 1840 908; x_wconf 89' lang='lat' dir='ltr'><strong>celerrime</strong></span> <span class='ocrx_word' id='word_1_35' title='bbox 1882 863 1919 906; x_wconf 90' lang='lat' dir='ltr'><strong>a</strong></span> <span class='ocrx_word' id='word_1_36' title='bbox 1955 842 2142 906; x_wconf 89' lang='lat' dir='ltr'><strong>nobis</strong></span> <span class='ocrx_word' id='word_1_37' title='bbox 2181 848 2245 905; x_wconf 91' lang='lat' dir='ltr'><strong>et</strong></span> <span class='ocrx_word' id='word_1_38' title='bbox 2282 860 2318 904; x_wconf 91' lang='lat' dir='ltr'><strong>a</strong></span> 
     </span>
     <span class='ocr_line' id='line_1_7' title="bbox 814 941 2316 1025; baseline -0.001 -21"><span class='ocrx_word' id='word_1_39' title='bbox 814 942 1009 1005; x_wconf 87' lang='lat' dir='ltr'><strong>rebus</strong></span> <span class='ocrx_word' id='word_1_40' title='bbox 1050 944 1283 1007; x_wconf 90' lang='lat' dir='ltr'><strong>nostris</strong></span> <span class='ocrx_word' id='word_1_41' title='bbox 1324 943 1666 1025; x_wconf 89' lang='lat' dir='ltr'><strong>abjicimus</strong></span> <span class='ocrx_word' id='word_1_42' title='bbox 1709 941 2063 1023; x_wconf 89' lang='lat' dir='ltr'><strong>corporalia</strong></span> <span class='ocrx_word' id='word_1_43' title='bbox 2100 941 2316 1004; x_wconf 86' lang='lat' dir='ltr'><strong>incen-</strong></span> 
     </span>
     <span class='ocr_line' id='line_1_8' title="bbox 816 1038 2316 1123; baseline -0.002 -19"><span class='ocrx_word' id='word_1_44' title='bbox 816 1040 941 1115; x_wconf 88' lang='lat' dir='ltr'><strong>dia,</strong></span> <span class='ocrx_word' id='word_1_45' title='bbox 966 1042 1313 1117; x_wconf 83' lang='lat' dir='ltr'><strong>vastitates,</strong></span> <span class='ocrx_word' id='word_1_46' title='bbox 1335 1060 1603 1116; x_wconf 87' lang='lat' dir='ltr'><strong>venena,</strong></span> <span class='ocrx_word' id='word_1_47' title='bbox 1635 1040 2027 1123; x_wconf 79' lang='lat' dir='ltr'><strong>putredineS,</strong></span> <span class='ocrx_word' id='word_1_48' title='bbox 2057 1038 2316 1102; x_wconf 85' lang='lat' dir='ltr'><strong>foetores</strong></span> 
     </span>
     <span class='ocr_line' id='line_1_9' title="bbox 816 1136 2316 1219; baseline -0.002 -18"><span class='ocrx_word' id='word_1_49' title='bbox 816 1146 881 1201; x_wconf 88' lang='lat' dir='ltr'><strong>et</strong></span> <span class='ocrx_word' id='word_1_50' title='bbox 924 1139 1231 1219; x_wconf 83' lang='lat' dir='ltr'><strong>vulnera3</strong></span> <span class='ocrx_word' id='word_1_51' title='bbox 1280 1140 1385 1214; x_wconf 90' lang='lat' dir='ltr'><strong>ita,</strong></span> <span class='ocrx_word' id='word_1_52' title='bbox 1435 1140 1564 1202; x_wconf 91' lang='lat' dir='ltr'><strong>imo</strong></span> <span class='ocrx_word' id='word_1_53' title='bbox 1612 1146 1676 1201; x_wconf 89' lang='lat' dir='ltr'><strong>et</strong></span> <span class='ocrx_word' id='word_1_54' title='bbox 1724 1137 1927 1200; x_wconf 91' lang='lat' dir='ltr'><strong>multo</strong></span> <span class='ocrx_word' id='word_1_55' title='bbox 1978 1136 2316 1200; x_wconf 79' lang='lat' dir='ltr'><strong>sollicitius</strong></span> 
     </span>
     <span class='ocr_line' id='line_1_10' title="bbox 817 1235 2317 1301; baseline -0.001 -2"><span class='ocrx_word' id='word_1_56' title='bbox 817 1256 891 1300; x_wconf 87' lang='lat' dir='ltr'><strong>ac</strong></span> <span class='ocrx_word' id='word_1_57' title='bbox 925 1236 1329 1300; x_wconf 81' lang='lat' dir='ltr'><strong>festinantius</strong></span> <span class='ocrx_word' id='word_1_58' title='bbox 1359 1238 1667 1301; x_wconf 79' lang='lat' dir='ltr'><strong>debemus</strong></span> <span class='ocrx_word' id='word_1_59' title='bbox 1707 1237 1827 1300; x_wconf 89' lang='lat' dir='ltr'><strong>ista</strong></span> <span class='ocrx_word' id='word_1_60' title='bbox 1861 1235 1942 1297; x_wconf 91' lang='lat' dir='ltr'><strong>ab</strong></span> <span class='ocrx_word' id='word_1_61' title='bbox 1980 1235 2317 1298; x_wconf 83' lang='lat' dir='ltr'><strong>animabus</strong></span> 
     </span>
     <span class='ocr_line' id='line_1_11' title="bbox 816 1334 2318 1419; baseline -0.002 -21"><span class='ocrx_word' id='word_1_62' title='bbox 816 1336 1051 1399; x_wconf 86' lang='lat' dir='ltr'><strong>nostris</strong></span> <span class='ocrx_word' id='word_1_63' title='bbox 1089 1336 1408 1419; x_wconf 81' lang='lat' dir='ltr'><strong>expellere</strong></span> <span class='ocrx_word' id='word_1_64' title='bbox 1448 1335 1867 1400; x_wconf 86' lang='lat' dir='ltr'><strong>confessionis</strong></span> <span class='ocrx_word' id='word_1_65' title='bbox 1908 1334 2213 1408; x_wconf 89' lang='lat' dir='ltr'><strong>remedio,</strong></span> <span class='ocrx_word' id='word_1_66' title='bbox 2254 1341 2318 1395; x_wconf 90' lang='lat' dir='ltr'><strong>et</strong></span> 
     </span>
     <span class='ocr_line' id='line_1_12' title="bbox 816 1432 2314 1517; baseline 0 -22"><span class='ocrx_word' id='word_1_67' title='bbox 816 1452 984 1499; x_wconf 83' lang='lat' dir='ltr'><strong>verae</strong></span> <span class='ocrx_word' id='word_1_68' title='bbox 1033 1435 1389 1517; x_wconf 81' lang='lat' dir='ltr'><strong>prudentiae</strong></span> <span class='ocrx_word' id='word_1_69' title='bbox 1430 1435 1689 1499; x_wconf 90' lang='lat' dir='ltr'><strong>obviare</strong></span> <span class='ocrx_word' id='word_1_70' title='bbox 1734 1434 1987 1497; x_wconf 83' lang='lat' dir='ltr'><strong>videtur</strong></span> <span class='ocrx_word' id='word_1_71' title='bbox 2033 1433 2154 1496; x_wconf 85' lang='lat' dir='ltr'><strong>ista</strong></span> <span class='ocrx_word' id='word_1_72' title='bbox 2198 1432 2314 1496; x_wconf 85' lang='lat' dir='ltr'><strong>dif-</strong></span> 
     </span>
     <span class='ocr_line' id='line_1_13' title="bbox 816 1532 1002 1595; baseline 0.005 -1"><span class='ocrx_word' id='word_1_73' title='bbox 816 1532 1002 1595; x_wconf 87' lang='lat' dir='ltr'><strong>ferre.</strong></span> 
     </span>
    </p>

    <p class='ocr_par' dir='ltr' id='par_1_6' title="bbox 816 1630 2312 1813">
     <span class='ocr_line' id='line_1_14' title="bbox 895 1630 2312 1715; baseline 0 -23"><span class='ocrx_word' id='word_1_74' title='bbox 895 1632 1132 1695; x_wconf 80' lang='lat' dir='ltr'><strong>Verum</strong></span> <span class='ocrx_word' id='word_1_75' title='bbox 1180 1632 1527 1715; x_wconf 88' lang='lat' dir='ltr'><strong>disputatio</strong></span> <span class='ocrx_word' id='word_1_76' title='bbox 1573 1632 1693 1694; x_wconf 91' lang='lat' dir='ltr'><strong>ista</strong></span> <span class='ocrx_word' id='word_1_77' title='bbox 1739 1630 1923 1695; x_wconf 86' lang='lat' dir='ltr'><strong>fortis</strong></span> <span class='ocrx_word' id='word_1_78' title='bbox 1968 1638 2033 1694; x_wconf 89' lang='lat' dir='ltr'><strong>et</strong></span> <span class='ocrx_word' id='word_1_79' title='bbox 2078 1630 2312 1693; x_wconf 76' lang='lat' dir='ltr'><strong>efficax</strong></span> 
     </span>
     <span class='ocr_line' id='line_1_15' title="bbox 816 1728 2311 1813; baseline -0.002 -20"><span class='ocrx_word' id='word_1_80' title='bbox 816 1730 1163 1805; x_wconf 89' lang='lat' dir='ltr'><strong>videretur,</strong></span> <span class='ocrx_word' id='word_1_81' title='bbox 1204 1732 1259 1794; x_wconf 90' lang='lat' dir='ltr'><strong>si</strong></span> <span class='ocrx_word' id='word_1_82' title='bbox 1310 1738 1603 1813; x_wconf 90' lang='lat' dir='ltr'><strong>peccator</strong></span> <span class='ocrx_word' id='word_1_83' title='bbox 1649 1750 1686 1792; x_wconf 93' lang='lat' dir='ltr'><strong>a</strong></span> <span class='ocrx_word' id='word_1_84' title='bbox 1730 1730 2007 1812; x_wconf 88' lang='lat' dir='ltr'><strong>peccatis</strong></span> <span class='ocrx_word' id='word_1_85' title='bbox 2056 1728 2311 1811; x_wconf 88' lang='lat' dir='ltr'><strong>purgari</strong></span> 
     </span>
    </p>
   </div>
   <div class='ocr_carea' id='block_1_6' title="bbox 2423 743 3933 1813">
    <p class='ocr_par' dir='ltr' id='par_1_7' title="bbox 2425 743 3933 1517">
     <span class='ocr_line' id='line_1_16' title="bbox 2427 743 3928 829; baseline 0 -24"><span class='ocrx_word' id='word_1_86' title='bbox 2427 743 2650 826; x_wconf 76' lang='lat' dir='ltr'><strong>culpae.</strong></span> <span class='ocrx_word' id='word_1_87' title='bbox 2686 744 2828 807; x_wconf 85' lang='lat' dir='ltr'><strong>Haec</strong></span> <span class='ocrx_word' id='word_1_88' title='bbox 2857 744 3073 808; x_wconf 90' lang='lat' dir='ltr'><strong>omnia</strong></span> <span class='ocrx_word' id='word_1_89' title='bbox 3103 745 3168 809; x_wconf 93' lang='lat' dir='ltr'><strong>in</strong></span> <span class='ocrx_word' id='word_1_90' title='bbox 3199 745 3462 829; x_wconf 81' lang='lat' dir='ltr'><strong>praefata</strong></span> <span class='ocrx_word' id='word_1_91' title='bbox 3499 744 3928 827; x_wconf 82' lang='lat' dir='ltr'><strong>descriptione</strong></span> 
     </span>
     <span class='ocr_line' id='line_1_17' title="bbox 2426 841 3932 926; baseline 0 -23"><span class='ocrx_word' id='word_1_92' title='bbox 2426 849 2791 923; x_wconf 89' lang='lat' dir='ltr'><strong>tanguntur.</strong></span> <span class='ocrx_word' id='word_1_93' title='bbox 2834 843 3141 918; x_wconf 88' lang='lat' dir='ltr'><strong>Primum,</strong></span> <span class='ocrx_word' id='word_1_94' title='bbox 3175 862 3379 926; x_wconf 90' lang='lat' dir='ltr'><strong>quum</strong></span> <span class='ocrx_word' id='word_1_95' title='bbox 3419 843 3676 917; x_wconf 88' lang='lat' dir='ltr'><strong>dicitur,</strong></span> <span class='ocrx_word' id='word_1_96' title='bbox 3710 841 3932 925; x_wconf 82' lang='lat' dir='ltr'><strong>Aperi-</strong></span> 
     </span>
     <span class='ocr_line' id='line_1_18' title="bbox 2425 939 3930 1021; baseline 0 -20"><span class='ocrx_word' id='word_1_97' title='bbox 2425 946 2563 1019; x_wconf 89' lang='lat' dir='ltr'><strong>tur;</strong></span> <span class='ocrx_word' id='word_1_98' title='bbox 2595 941 2950 1003; x_wconf 89' lang='lat' dir='ltr'><strong>secundum</strong></span> <span class='ocrx_word' id='word_1_99' title='bbox 2989 941 3103 1016; x_wconf 91' lang='lat' dir='ltr'><strong>ibi,</strong></span> <span class='ocrx_word' id='word_1_100' title='bbox 3143 940 3434 1021; x_wconf 82' lang='lat' dir='ltr'><strong>Morbus3</strong></span> <span class='ocrx_word' id='word_1_101' title='bbox 3474 940 3735 1004; x_wconf 88' lang='lat' dir='ltr'><strong>tertium</strong></span> <span class='ocrx_word' id='word_1_102' title='bbox 3776 939 3930 1003; x_wconf 91' lang='lat' dir='ltr'><strong>sub-</strong></span> 
     </span>
     <span class='ocr_line' id='line_1_19' title="bbox 2427 1038 3933 1122; baseline 0 -23"><span class='ocrx_word' id='word_1_103' title='bbox 2427 1038 2841 1120; x_wconf 84' lang='lat' dir='ltr'><strong>intelligitur3</strong></span> <span class='ocrx_word' id='word_1_104' title='bbox 2873 1047 3173 1121; x_wconf 88' lang='lat' dir='ltr'><strong>quartum</strong></span> <span class='ocrx_word' id='word_1_105' title='bbox 3213 1038 3326 1115; x_wconf 88' lang='lat' dir='ltr'><strong>ibi,</strong></span> <span class='ocrx_word' id='word_1_106' title='bbox 3361 1039 3487 1122; x_wconf 89' lang='lat' dir='ltr'><strong>Spe</strong></span> <span class='ocrx_word' id='word_1_107' title='bbox 3525 1038 3730 1102; x_wconf 80' lang='lat' dir='ltr'><strong>veniae</strong></span> <span class='ocrx_word' id='word_1_108' title='bbox 3759 1055 3776 1100; x_wconf 72' lang='grc' dir='ltr'>ε</span> <span class='ocrx_word' id='word_1_109' title='bbox 3811 1057 3933 1121; x_wconf 83' lang='lat' dir='ltr'><strong>per</strong></span> 
     </span>
     <span class='ocr_line' id='line_1_20' title="bbox 2426 1136 3930 1219; baseline 0.002 -22"><span class='ocrx_word' id='word_1_110' title='bbox 2426 1137 2596 1217; x_wconf 89' lang='lat' dir='ltr'><strong>quod</strong></span> <span class='ocrx_word' id='word_1_111' title='bbox 2645 1144 2710 1199; x_wconf 88' lang='lat' dir='ltr'><strong>et</strong></span> <span class='ocrx_word' id='word_1_112' title='bbox 2757 1136 3056 1219; x_wconf 90' lang='lat' dir='ltr'><strong>quintum</strong></span> <span class='ocrx_word' id='word_1_113' title='bbox 3109 1138 3294 1201; x_wconf 90' lang='lat' dir='ltr'><strong>datur</strong></span> <span class='ocrx_word' id='word_1_114' title='bbox 3341 1136 3631 1219; x_wconf 77' lang='lat' dir='ltr'><strong>intelligi.</strong></span> <span class='ocrx_word' id='word_1_115' title='bbox 3666 1137 3744 1199; x_wconf 86' lang='lat' dir='ltr'><strong>Et</strong></span> <span class='ocrx_word' id='word_1_116' title='bbox 3789 1137 3930 1200; x_wconf 76' lang='lat' dir='ltr'><strong>haec</strong></span> 
     </span>
     <span class='ocr_line' id='line_1_21' title="bbox 2426 1235 3928 1319; baseline 0.001 -22"><span class='ocrx_word' id='word_1_117' title='bbox 2426 1235 2552 1298; x_wconf 91' lang='lat' dir='ltr'><strong>duo</strong></span> <span class='ocrx_word' id='word_1_118' title='bbox 2581 1254 2724 1318; x_wconf 81' lang='lat' dir='ltr'><strong>quae</strong></span> <span class='ocrx_word' id='word_1_119' title='bbox 2755 1235 2820 1298; x_wconf 91' lang='lat' dir='ltr'><strong>in</strong></span> <span class='ocrx_word' id='word_1_120' title='bbox 2861 1243 3160 1319; x_wconf 83' lang='lat' dir='ltr'><strong>praetacta</strong></span> <span class='ocrx_word' id='word_1_121' title='bbox 3195 1236 3624 1319; x_wconf 88' lang='lat' dir='ltr'><strong>descriptione</strong></span> <span class='ocrx_word' id='word_1_122' title='bbox 3661 1253 3790 1300; x_wconf 86' lang='lat' dir='ltr'><strong>non</strong></span> <span class='ocrx_word' id='word_1_123' title='bbox 3819 1255 3928 1299; x_wconf 85' lang='lat' dir='ltr'><strong>ex-</strong></span> 
     </span>
     <span class='ocr_line' id='line_1_22' title="bbox 2427 1334 3926 1415; baseline 0 -20"><span class='ocrx_word' id='word_1_124' title='bbox 2427 1334 2795 1415; x_wconf 90' lang='lat' dir='ltr'><strong>primuntur</strong></span> <span class='ocrx_word' id='word_1_125' title='bbox 2841 1334 3216 1409; x_wconf 79' lang='lat' dir='ltr'><strong>formaliter,</strong></span> <span class='ocrx_word' id='word_1_126' title='bbox 3252 1335 3317 1397; x_wconf 92' lang='lat' dir='ltr'><strong>in</strong></span> <span class='ocrx_word' id='word_1_127' title='bbox 3366 1334 3640 1398; x_wconf 89' lang='lat' dir='ltr'><strong>aliorum</strong></span> <span class='ocrx_word' id='word_1_128' title='bbox 3687 1334 3926 1397; x_wconf 89' lang='lat' dir='ltr'><strong>descri-</strong></span> 
     </span>
     <span class='ocr_line' id='line_1_23' title="bbox 2425 1433 3560 1517; baseline 0 -22"><span class='ocrx_word' id='word_1_129' title='bbox 2425 1433 2753 1515; x_wconf 89' lang='lat' dir='ltr'><strong>ptionibus</strong></span> <span class='ocrx_word' id='word_1_130' title='bbox 2795 1434 3203 1497; x_wconf 87' lang='lat' dir='ltr'><strong>eontinentur</strong></span> <span class='ocrx_word' id='word_1_131' title='bbox 3243 1452 3560 1517; x_wconf 85' lang='lat' dir='ltr'><strong>expresse.</strong></span> 
     </span>
    </p>

    <p class='ocr_par' dir='ltr' id='par_1_8' title="bbox 2423 1531 3927 1813">
     <span class='ocr_line' id='line_1_24' title="bbox 2503 1531 3927 1615; baseline 0.001 -22"><span class='ocrx_word' id='word_1_132' title='bbox 2503 1532 2791 1615; x_wconf 88' lang='lat' dir='ltr'><strong>Insuper,</strong></span> <span class='ocrx_word' id='word_1_133' title='bbox 2823 1533 2901 1595; x_wconf 91' lang='lat' dir='ltr'><strong>ad</strong></span> <span class='ocrx_word' id='word_1_134' title='bbox 2932 1532 3053 1596; x_wconf 89' lang='lat' dir='ltr'><strong>hoc</strong></span> <span class='ocrx_word' id='word_1_135' title='bbox 3085 1531 3252 1614; x_wconf 91' lang='lat' dir='ltr'><strong>quod</strong></span> <span class='ocrx_word' id='word_1_136' title='bbox 3292 1532 3536 1614; x_wconf 87' lang='lat' dir='ltr'><strong>aliquid</strong></span> <span class='ocrx_word' id='word_1_137' title='bbox 3573 1532 3822 1595; x_wconf 88' lang='lat' dir='ltr'><strong>dicatur</strong></span> <span class='ocrx_word' id='word_1_138' title='bbox 3857 1540 3927 1595; x_wconf 86' lang='lat' dir='ltr'><strong>et</strong></span> 
     </span>
     <span class='ocr_line' id='line_1_25' title="bbox 2423 1630 3926 1714; baseline 0.001 -23"><span class='ocrx_word' id='word_1_139' title='bbox 2423 1630 2509 1692; x_wconf 90' lang='lat' dir='ltr'><strong>sit</strong></span> <span class='ocrx_word' id='word_1_140' title='bbox 2543 1638 2723 1694; x_wconf 89' lang='lat' dir='ltr'><strong>actus</strong></span> <span class='ocrx_word' id='word_1_141' title='bbox 2762 1631 3040 1705; x_wconf 92' lang='lat' dir='ltr'><strong>virtutis,</strong></span> <span class='ocrx_word' id='word_1_142' title='bbox 3073 1631 3319 1693; x_wconf 89' lang='lat' dir='ltr'><strong>sufficit</strong></span> <span class='ocrx_word' id='word_1_143' title='bbox 3358 1632 3527 1714; x_wconf 90' lang='lat' dir='ltr'><strong>quod</strong></span> <span class='ocrx_word' id='word_1_144' title='bbox 3569 1631 3635 1694; x_wconf 93' lang='lat' dir='ltr'><strong>in</strong></span> <span class='ocrx_word' id='word_1_145' title='bbox 3675 1650 3790 1693; x_wconf 82' lang='lat' dir='ltr'><strong>sua</strong></span> <span class='ocrx_word' id='word_1_146' title='bbox 3825 1650 3926 1693; x_wconf 84' lang='lat' dir='ltr'><strong>ra-</strong></span> 
     </span>
     <span class='ocr_line' id='line_1_26' title="bbox 2423 1730 3926 1813; baseline 0.003 -22"><span class='ocrx_word' id='word_1_147' title='bbox 2423 1731 2597 1794; x_wconf 91' lang='lat' dir='ltr'><strong>tione</strong></span> <span class='ocrx_word' id='word_1_148' title='bbox 2645 1731 2925 1813; x_wconf 87' lang='lat' dir='ltr'><strong>aliquam</strong></span> <span class='ocrx_word' id='word_1_149' title='bbox 2970 1731 3400 1794; x_wconf 89' lang='lat' dir='ltr'><strong>conditionem</strong></span> <span class='ocrx_word' id='word_1_150' title='bbox 3445 1730 3734 1813; x_wconf 88' lang='lat' dir='ltr'><strong>implicet</strong></span> <span class='ocrx_word' id='word_1_151' title='bbox 3777 1750 3926 1813; x_wconf 78' lang='lat' dir='ltr'><strong>quae</strong></span> 
     </span>
    </p>
   </div>
   <div class='ocr_carea' id='block_1_7' title="bbox 818 1826 3926 1912">
    <p class='ocr_par' dir='ltr' id='par_1_9' title="bbox 818 1826 3926 1912">
     <span class='ocr_line' id='line_1_27' title="bbox 818 1826 3926 1912; baseline 0 -21"><span class='ocrx_word' id='word_1_152' title='bbox 818 1846 945 1892; x_wconf 90' lang='lat' dir='ltr'><strong>non</strong></span> <span class='ocrx_word' id='word_1_153' title='bbox 978 1837 1190 1911; x_wconf 90' lang='lat' dir='ltr'><strong>posset</strong></span> <span class='ocrx_word' id='word_1_154' title='bbox 1218 1829 1340 1892; x_wconf 90' lang='lat' dir='ltr'><strong>nisi</strong></span> <span class='ocrx_word' id='word_1_155' title='bbox 1372 1830 1437 1891; x_wconf 90' lang='lat' dir='ltr'><strong>in</strong></span> <span class='ocrx_word' id='word_1_156' title='bbox 1471 1830 1609 1912; x_wconf 87' lang='lat' dir='ltr'><strong>ipsa</strong></span> <span class='ocrx_word' id='word_1_157' title='bbox 1636 1828 1864 1891; x_wconf 90' lang='lat' dir='ltr'><strong>actuali</strong></span> <span class='ocrx_word' id='word_1_158' title='bbox 1894 1835 1958 1891; x_wconf 92' lang='lat' dir='ltr'><strong>et</strong></span> <span class='ocrx_word' id='word_1_159' title='bbox 1987 1826 2142 1890; x_wconf 90' lang='lat' dir='ltr'><strong>reali</strong></span> <span class='ocrx_word' id='word_1_160' title='bbox 2173 1845 2314 1890; x_wconf 91' lang='lat' dir='ltr'><strong>con·</strong></span> <span class='ocrx_word' id='word_1_161' title='bbox 2347 1829 2394 1890; x_wconf 89' lang='lat' dir='ltr'><strong>B</strong></span> <span class='ocrx_word' id='word_1_162' title='bbox 2425 1829 2701 1912; x_wconf 90' lang='lat' dir='ltr'><strong>pertinet</strong></span> <span class='ocrx_word' id='word_1_163' title='bbox 2729 1830 2804 1892; x_wconf 94' lang='lat' dir='ltr'><strong>ad</strong></span> <span class='ocrx_word' id='word_1_164' title='bbox 2835 1830 3159 1893; x_wconf 84' lang='lat' dir='ltr'><strong>virtutem.</strong></span> <span class='ocrx_word' id='word_1_165' title='bbox 3177 1830 3253 1892; x_wconf 87' lang='lat' dir='ltr'><strong>Et</strong></span> <span class='ocrx_word' id='word_1_166' title='bbox 3281 1830 3576 1912; x_wconf 87' lang='lat' dir='ltr'><strong>quamvis</strong></span> <span class='ocrx_word' id='word_1_167' title='bbox 3605 1829 3926 1892; x_wconf 88' lang='lat' dir='ltr'><strong>confessio</strong></span> 
     </span>
    </p>
   </div>
   <div class='ocr_carea' id='block_1_8' title="bbox 808 1926 2314 2989">
    <p class='ocr_par' dir='ltr' id='par_1_10' title="bbox 808 1926 2314 2989">
     <span class='ocr_line' id='line_1_28' title="bbox 819 1926 2309 2010; baseline -0.002 -20"><span class='ocrx_word' id='word_1_168' title='bbox 819 1927 1307 2003; x_wconf 83' lang='lat' dir='ltr'><strong>sessione.Quod</strong></span> <span class='ocrx_word' id='word_1_169' title='bbox 1333 1928 1515 2009; x_wconf 84' lang='lat' dir='ltr'><strong>juxta</strong></span> <span class='ocrx_word' id='word_1_170' title='bbox 1544 1927 1891 2010; x_wconf 84' lang='lat' dir='ltr'><strong>praehabita</strong></span> <span class='ocrx_word' id='word_1_171' title='bbox 1919 1944 2045 1989; x_wconf 91' lang='lat' dir='ltr'><strong>non</strong></span> <span class='ocrx_word' id='word_1_172' title='bbox 2076 1933 2172 1988; x_wconf 89' lang='lat' dir='ltr'><strong>est</strong></span> <span class='ocrx_word' id='word_1_173' title='bbox 2201 1926 2309 2000; x_wconf 80' lang='lat' dir='ltr'><strong>ita,</strong></span> 
     </span>
     <span class='ocr_line' id='line_1_29' title="bbox 818 2025 2311 2110; baseline -0.003 -20"><span class='ocrx_word' id='word_1_174' title='bbox 818 2029 1119 2110; x_wconf 89' lang='lat' dir='ltr'><strong>quoniam</strong></span> <span class='ocrx_word' id='word_1_175' title='bbox 1165 2028 1454 2110; x_wconf 88' lang='lat' dir='ltr'><strong>protinus</strong></span> <span class='ocrx_word' id='word_1_176' title='bbox 1494 2036 1563 2089; x_wconf 92' lang='lat' dir='ltr'><strong>ut</strong></span> <span class='ocrx_word' id='word_1_177' title='bbox 1592 2046 1809 2091; x_wconf 82' lang='lat' dir='ltr'><strong>veram</strong></span> <span class='ocrx_word' id='word_1_178' title='bbox 1850 2025 2041 2089; x_wconf 90' lang='lat' dir='ltr'><strong>habet</strong></span> <span class='ocrx_word' id='word_1_179' title='bbox 2078 2025 2311 2089; x_wconf 86' lang='lat' dir='ltr'><strong>contri-</strong></span> 
     </span>
     <span class='ocr_line' id='line_1_30' title="bbox 814 2123 2313 2209; baseline -0.001 -21"><span class='ocrx_word' id='word_1_180' title='bbox 814 2126 1051 2190; x_wconf 90' lang='lat' dir='ltr'><strong>tionem</strong></span> <span class='ocrx_word' id='word_1_181' title='bbox 1103 2146 1247 2189; x_wconf 91' lang='lat' dir='ltr'><strong>cum</strong></span> <span class='ocrx_word' id='word_1_182' title='bbox 1300 2126 1624 2209; x_wconf 90' lang='lat' dir='ltr'><strong>proposito</strong></span> <span class='ocrx_word' id='word_1_183' title='bbox 1672 2124 2043 2198; x_wconf 90' lang='lat' dir='ltr'><strong>confitendi,</strong></span> <span class='ocrx_word' id='word_1_184' title='bbox 2090 2123 2313 2187; x_wconf 88' lang='lat' dir='ltr'><strong>remis-</strong></span> 
     </span>
     <span class='ocr_line' id='line_1_31' title="bbox 812 2223 2305 2307; baseline -0.003 -18"><span class='ocrx_word' id='word_1_185' title='bbox 812 2226 1059 2290; x_wconf 90' lang='lat' dir='ltr'><strong>sionem</strong></span> <span class='ocrx_word' id='word_1_186' title='bbox 1106 2225 1540 2307; x_wconf 87' lang='lat' dir='ltr'><strong>consequitur,</strong></span> <span class='ocrx_word' id='word_1_187' title='bbox 1581 2224 1979 2305; x_wconf 81' lang='lat' dir='ltr'><strong>gratiamque</strong></span> <span class='ocrx_word' id='word_1_188' title='bbox 2024 2223 2305 2285; x_wconf 91' lang='lat' dir='ltr'><strong>sortitur.</strong></span> 
     </span>
     <span class='ocr_line' id='line_1_32' title="bbox 808 2321 2314 2405; baseline -0.004 -17"><span class='ocrx_word' id='word_1_189' title='bbox 808 2323 1021 2388; x_wconf 88' lang='lat' dir='ltr'><strong>Nihilo</strong></span> <span class='ocrx_word' id='word_1_190' title='bbox 1047 2323 1265 2398; x_wconf 91' lang='lat' dir='ltr'><strong>minus,</strong></span> <span class='ocrx_word' id='word_1_191' title='bbox 1282 2322 1718 2405; x_wconf 90' lang='lat' dir='ltr'><strong>multipliciter</strong></span> <span class='ocrx_word' id='word_1_192' title='bbox 1744 2322 1999 2404; x_wconf 89' lang='lat' dir='ltr'><strong>expedit</strong></span> <span class='ocrx_word' id='word_1_193' title='bbox 2027 2321 2314 2384; x_wconf 88' lang='lat' dir='ltr'><strong>celeriter</strong></span> 
     </span>
     <span class='ocr_line' id='line_1_33' title="bbox 812 2421 2308 2505; baseline -0.002 -19"><span class='ocrx_word' id='word_1_194' title='bbox 812 2422 1131 2497; x_wconf 89' lang='lat' dir='ltr'><strong>confiteri,</strong></span> <span class='ocrx_word' id='word_1_195' title='bbox 1164 2440 1361 2505; x_wconf 92' lang='lat' dir='ltr'><strong>quum</strong></span> <span class='ocrx_word' id='word_1_196' title='bbox 1408 2422 1473 2484; x_wconf 92' lang='lat' dir='ltr'><strong>in</strong></span> <span class='ocrx_word' id='word_1_197' title='bbox 1507 2421 1643 2504; x_wconf 87' lang='lat' dir='ltr'><strong>ipsa</strong></span> <span class='ocrx_word' id='word_1_198' title='bbox 1681 2421 2118 2484; x_wconf 87' lang='lat' dir='ltr'><strong>sacramentali</strong></span> <span class='ocrx_word' id='word_1_199' title='bbox 2163 2438 2308 2484; x_wconf 91' lang='lat' dir='ltr'><strong>con-</strong></span> 
     </span>
     <span class='ocr_line' id='line_1_34' title="bbox 809 2519 2310 2602; baseline -0.002 -18"><span class='ocrx_word' id='word_1_200' title='bbox 809 2521 1087 2585; x_wconf 88' lang='lat' dir='ltr'><strong>fessione</strong></span> <span class='ocrx_word' id='word_1_201' title='bbox 1134 2520 1262 2583; x_wconf 89' lang='lat' dir='ltr'><strong>sint</strong></span> <span class='ocrx_word' id='word_1_202' title='bbox 1315 2519 1516 2582; x_wconf 90' lang='lat' dir='ltr'><strong>multa</strong></span> <span class='ocrx_word' id='word_1_203' title='bbox 1562 2539 1704 2602; x_wconf 83' lang='lat' dir='ltr'><strong>quae</strong></span> <span class='ocrx_word' id='word_1_204' title='bbox 1762 2526 2184 2602; x_wconf 89' lang='lat' dir='ltr'><strong>cooperantur</strong></span> <span class='ocrx_word' id='word_1_205' title='bbox 2231 2520 2310 2581; x_wconf 91' lang='lat' dir='ltr'><strong>ad</strong></span> 
     </span>
     <span class='ocr_line' id='line_1_35' title="bbox 810 2618 2310 2703; baseline -0.001 -20"><span class='ocrx_word' id='word_1_206' title='bbox 810 2621 1074 2703; x_wconf 79' lang='lat' dir='ltr'><strong>gratiam</strong></span> <span class='ocrx_word' id='word_1_207' title='bbox 1102 2628 1165 2683; x_wconf 92' lang='lat' dir='ltr'><strong>et</strong></span> <span class='ocrx_word' id='word_1_208' title='bbox 1192 2618 1409 2701; x_wconf 81' lang='lat' dir='ltr'><strong>gratiae</strong></span> <span class='ocrx_word' id='word_1_209' title='bbox 1441 2618 1931 2694; x_wconf 89' lang='lat' dir='ltr'><strong>incrementum,</strong></span> <span class='ocrx_word' id='word_1_210' title='bbox 1962 2625 2029 2681; x_wconf 91' lang='lat' dir='ltr'><strong>et</strong></span> <span class='ocrx_word' id='word_1_211' title='bbox 2055 2618 2132 2681; x_wconf 93' lang='lat' dir='ltr'><strong>ad</strong></span> <span class='ocrx_word' id='word_1_212' title='bbox 2165 2636 2310 2681; x_wconf 89' lang='lat' dir='ltr'><strong>con·</strong></span> 
     </span>
     <span class='ocr_line' id='line_1_36' title="bbox 810 2717 2309 2800; baseline -0.002 -18"><span class='ocrx_word' id='word_1_213' title='bbox 810 2719 1233 2783; x_wconf 87' lang='lat' dir='ltr'><strong>servationem</strong></span> <span class='ocrx_word' id='word_1_214' title='bbox 1266 2718 1332 2780; x_wconf 90' lang='lat' dir='ltr'><strong>in</strong></span> <span class='ocrx_word' id='word_1_215' title='bbox 1374 2717 1542 2781; x_wconf 89' lang='lat' dir='ltr'><strong>bono</strong></span> <span class='ocrx_word' id='word_1_216' title='bbox 1574 2737 1648 2780; x_wconf 90' lang='lat' dir='ltr'><strong>ac</strong></span> <span class='ocrx_word' id='word_1_217' title='bbox 1688 2718 2241 2800; x_wconf 84' lang='lat' dir='ltr'><strong>praeservationem</strong></span> <span class='ocrx_word' id='word_1_218' title='bbox 2272 2736 2309 2779; x_wconf 91' lang='lat' dir='ltr'><strong>a</strong></span> 
     </span>
     <span class='ocr_line' id='line_1_37' title="bbox 811 2815 2309 2889; baseline -0.002 -7"><span class='ocrx_word' id='word_1_219' title='bbox 811 2818 1000 2888; x_wconf 89' lang='lat' dir='ltr'><strong>malo,</strong></span> <span class='ocrx_word' id='word_1_220' title='bbox 1046 2817 1345 2880; x_wconf 88' lang='lat' dir='ltr'><strong>videlicet</strong></span> <span class='ocrx_word' id='word_1_221' title='bbox 1377 2834 1391 2878; x_wconf 79' lang='lat' dir='ltr'><strong><em>z</em></strong></span> <span class='ocrx_word' id='word_1_222' title='bbox 1424 2816 1521 2879; x_wconf 89' lang='lat' dir='ltr'><strong>vis</strong></span> <span class='ocrx_word' id='word_1_223' title='bbox 1566 2815 1867 2889; x_wconf 88' lang='lat' dir='ltr'><strong>clavium,</strong></span> <span class='ocrx_word' id='word_1_224' title='bbox 1916 2816 2117 2879; x_wconf 90' lang='lat' dir='ltr'><strong>oratio</strong></span> <span class='ocrx_word' id='word_1_225' title='bbox 2165 2834 2309 2879; x_wconf 88' lang='lat' dir='ltr'><strong>con-</strong></span> 
     </span>
     <span class='ocr_line' id='line_1_38' title="bbox 808 2914 2308 2989; baseline -0.002 -10"><span class='ocrx_word' id='word_1_226' title='bbox 808 2916 1090 2989; x_wconf 82' lang='lat' dir='ltr'><strong>fessoriS,</strong></span> <span class='ocrx_word' id='word_1_227' title='bbox 1121 2914 1435 2978; x_wconf 87' lang='lat' dir='ltr'><strong>absolutio</strong></span> <span class='ocrx_word' id='word_1_228' title='bbox 1481 2914 1977 2989; x_wconf 87' lang='lat' dir='ltr'><strong>sacramentalis,</strong></span> <span class='ocrx_word' id='word_1_229' title='bbox 2010 2914 2308 2977; x_wconf 90' lang='lat' dir='ltr'><strong>humilia-</strong></span> 
     </span>
    </p>
   </div>
   <div class='ocr_carea' id='block_1_9' title="bbox 2417 1928 3926 2996">
    <p class='ocr_par' dir='ltr' id='par_1_11' title="bbox 2417 1928 3926 2996">
     <span class='ocr_line' id='line_1_39' title="bbox 2423 1928 3924 2011; baseline 0.001 -21"><span class='ocrx_word' id='word_1_230' title='bbox 2423 1946 2548 1991; x_wconf 91' lang='lat' dir='ltr'><strong>non</strong></span> <span class='ocrx_word' id='word_1_231' title='bbox 2595 1929 2878 1991; x_wconf 88' lang='lat' dir='ltr'><strong>includat</strong></span> <span class='ocrx_word' id='word_1_232' title='bbox 2919 1929 3136 1991; x_wconf 91' lang='lat' dir='ltr'><strong>omnia</strong></span> <span class='ocrx_word' id='word_1_233' title='bbox 3175 1948 3319 2011; x_wconf 84' lang='lat' dir='ltr'><strong>quae</strong></span> <span class='ocrx_word' id='word_1_234' title='bbox 3359 1930 3439 1990; x_wconf 88' lang='lat' dir='ltr'><strong>ad</strong></span> <span class='ocrx_word' id='word_1_235' title='bbox 3477 1928 3780 1991; x_wconf 84' lang='lat' dir='ltr'><strong>virtutem</strong></span> <span class='ocrx_word' id='word_1_236' title='bbox 3825 1948 3924 1991; x_wconf 89' lang='lat' dir='ltr'><strong>re-</strong></span> 
     </span>
     <span class='ocr_line' id='line_1_40' title="bbox 2421 2025 3926 2108; baseline 0 -21"><span class='ocrx_word' id='word_1_237' title='bbox 2421 2026 2786 2108; x_wconf 87' lang='lat' dir='ltr'><strong>quiruntur,</strong></span> <span class='ocrx_word' id='word_1_238' title='bbox 2818 2034 3033 2089; x_wconf 84' lang='lat' dir='ltr'><strong>tamen</strong></span> <span class='ocrx_word' id='word_1_239' title='bbox 3063 2044 3141 2088; x_wconf 89' lang='lat' dir='ltr'><strong>ex</strong></span> <span class='ocrx_word' id='word_1_240' title='bbox 3182 2026 3444 2089; x_wconf 88' lang='lat' dir='ltr'><strong>nomine</strong></span> <span class='ocrx_word' id='word_1_241' title='bbox 3473 2044 3590 2089; x_wconf 91' lang='lat' dir='ltr'><strong>suo</strong></span> <span class='ocrx_word' id='word_1_242' title='bbox 3621 2025 3926 2107; x_wconf 81' lang='lat' dir='ltr'><strong>importat</strong></span> 
     </span>
     <span class='ocr_line' id='line_1_41' title="bbox 2423 2123 3923 2208; baseline 0 -21"><span class='ocrx_word' id='word_1_243' title='bbox 2423 2124 3002 2188; x_wconf 83' lang='lat' dir='ltr'><strong>manifestationem</strong></span> <span class='ocrx_word' id='word_1_244' title='bbox 3062 2124 3339 2206; x_wconf 84' lang='lat' dir='ltr'><strong>alicujus</strong></span> <span class='ocrx_word' id='word_1_245' title='bbox 3405 2126 3576 2207; x_wconf 88' lang='lat' dir='ltr'><strong>quod</strong></span> <span class='ocrx_word' id='word_1_246' title='bbox 3639 2123 3784 2208; x_wconf 89' lang='lat' dir='ltr'><strong>quis</strong></span> <span class='ocrx_word' id='word_1_247' title='bbox 3854 2124 3923 2187; x_wconf 92' lang='lat' dir='ltr'><strong>in</strong></span> 
     </span>
     <span class='ocr_line' id='line_1_42' title="bbox 2422 2222 3924 2307; baseline -0.001 -21"><span class='ocrx_word' id='word_1_248' title='bbox 2422 2222 2811 2288; x_wconf 90' lang='lat' dir='ltr'><strong>conscientia</strong></span> <span class='ocrx_word' id='word_1_249' title='bbox 2857 2242 2973 2286; x_wconf 91' lang='lat' dir='ltr'><strong>sua</strong></span> <span class='ocrx_word' id='word_1_250' title='bbox 3019 2231 3212 2287; x_wconf 88' lang='lat' dir='ltr'><strong>tenet.</strong></span> <span class='ocrx_word' id='word_1_251' title='bbox 3249 2224 3351 2287; x_wconf 89' lang='lat' dir='ltr'><strong>Sic</strong></span> <span class='ocrx_word' id='word_1_252' title='bbox 3401 2243 3678 2307; x_wconf 87' lang='lat' dir='ltr'><strong>namque</strong></span> <span class='ocrx_word' id='word_1_253' title='bbox 3725 2224 3924 2287; x_wconf 90' lang='lat' dir='ltr'><strong>simul</strong></span> 
     </span>
     <span class='ocr_line' id='line_1_43' title="bbox 2422 2322 3922 2404; baseline 0 -20"><span class='ocrx_word' id='word_1_254' title='bbox 2422 2322 2488 2385; x_wconf 93' lang='lat' dir='ltr'><strong>in</strong></span> <span class='ocrx_word' id='word_1_255' title='bbox 2521 2341 2720 2384; x_wconf 90' lang='lat' dir='ltr'><strong>unum</strong></span> <span class='ocrx_word' id='word_1_256' title='bbox 2761 2322 3154 2385; x_wconf 89' lang='lat' dir='ltr'><strong>conveniunt</strong></span> <span class='ocrx_word' id='word_1_257' title='bbox 3193 2339 3301 2385; x_wconf 91' lang='lat' dir='ltr'><strong>cor</strong></span> <span class='ocrx_word' id='word_1_258' title='bbox 3338 2330 3402 2384; x_wconf 90' lang='lat' dir='ltr'><strong>et</strong></span> <span class='ocrx_word' id='word_1_259' title='bbox 3429 2339 3502 2386; x_wconf 88' lang='lat' dir='ltr'><strong>os</strong></span> <span class='ocrx_word' id='word_1_260' title='bbox 3533 2340 3550 2385; x_wconf 75' lang='grc' dir='ltr'><em>τ</em></span> <span class='ocrx_word' id='word_1_261' title='bbox 3583 2322 3734 2404; x_wconf 87' lang='lat' dir='ltr'><strong>quia</strong></span> <span class='ocrx_word' id='word_1_262' title='bbox 3761 2323 3922 2385; x_wconf 91' lang='lat' dir='ltr'><strong>dum</strong></span> 
     </span>
     <span class='ocr_line' id='line_1_44' title="bbox 2420 2420 3924 2503; baseline 0 -20"><span class='ocrx_word' id='word_1_263' title='bbox 2420 2421 2654 2503; x_wconf 89' lang='lat' dir='ltr'><strong>aliquis</strong></span> <span class='ocrx_word' id='word_1_264' title='bbox 2685 2420 2927 2503; x_wconf 84' lang='lat' dir='ltr'><strong>profert</strong></span> <span class='ocrx_word' id='word_1_265' title='bbox 2953 2438 3062 2483; x_wconf 89' lang='lat' dir='ltr'><strong>ore</strong></span> <span class='ocrx_word' id='word_1_266' title='bbox 3090 2421 3259 2503; x_wconf 87' lang='lat' dir='ltr'><strong>quod</strong></span> <span class='ocrx_word' id='word_1_267' title='bbox 3291 2438 3417 2484; x_wconf 91' lang='lat' dir='ltr'><strong>non</strong></span> <span class='ocrx_word' id='word_1_268' title='bbox 3448 2427 3624 2484; x_wconf 90' lang='lat' dir='ltr'><strong>tenet</strong></span> <span class='ocrx_word' id='word_1_269' title='bbox 3648 2428 3758 2483; x_wconf 91' lang='lat' dir='ltr'><strong>aut</strong></span> <span class='ocrx_word' id='word_1_270' title='bbox 3785 2440 3924 2484; x_wconf 90' lang='lat' dir='ltr'><strong>sen·</strong></span> 
     </span>
     <span class='ocr_line' id='line_1_45' title="bbox 2421 2518 3922 2601; baseline 0.001 -21"><span class='ocrx_word' id='word_1_271' title='bbox 2421 2518 2498 2580; x_wconf 88' lang='lat' dir='ltr'><strong>tit</strong></span> <span class='ocrx_word' id='word_1_272' title='bbox 2526 2519 2736 2593; x_wconf 90' lang='lat' dir='ltr'><strong>corde,</strong></span> <span class='ocrx_word' id='word_1_273' title='bbox 2769 2536 2896 2581; x_wconf 91' lang='lat' dir='ltr'><strong>non</strong></span> <span class='ocrx_word' id='word_1_274' title='bbox 2929 2518 3267 2592; x_wconf 82' lang='lat' dir='ltr'><strong>confessiO,</strong></span> <span class='ocrx_word' id='word_1_275' title='bbox 3292 2518 3402 2581; x_wconf 91' lang='lat' dir='ltr'><strong>sed</strong></span> <span class='ocrx_word' id='word_1_276' title='bbox 3433 2518 3615 2582; x_wconf 84' lang='lat' dir='ltr'><strong>fictio</strong></span> <span class='ocrx_word' id='word_1_277' title='bbox 3643 2518 3922 2601; x_wconf 88' lang='lat' dir='ltr'><strong>appella-</strong></span> 
     </span>
     <span class='ocr_line' id='line_1_46' title="bbox 2419 2616 3920 2699; baseline 0.001 -20"><span class='ocrx_word' id='word_1_278' title='bbox 2419 2625 2542 2679; x_wconf 93' lang='lat' dir='ltr'><strong>tur.</strong></span> <span class='ocrx_word' id='word_1_279' title='bbox 2587 2618 2730 2681; x_wconf 86' lang='lat' dir='ltr'><strong>Haec</strong></span> <span class='ocrx_word' id='word_1_280' title='bbox 2777 2636 2928 2681; x_wconf 89' lang='lat' dir='ltr'><strong>vero</strong></span> <span class='ocrx_word' id='word_1_281' title='bbox 2975 2617 3277 2693; x_wconf 89' lang='lat' dir='ltr'><strong>conditi0,</strong></span> <span class='ocrx_word' id='word_1_282' title='bbox 3327 2616 3574 2681; x_wconf 88' lang='lat' dir='ltr'><strong>scilicet</strong></span> <span class='ocrx_word' id='word_1_283' title='bbox 3620 2634 3730 2681; x_wconf 91' lang='lat' dir='ltr'><strong>ore</strong></span> <span class='ocrx_word' id='word_1_284' title='bbox 3780 2635 3920 2699; x_wconf 81' lang='lat' dir='ltr'><strong>pro-</strong></span> 
     </span>
     <span class='ocr_line' id='line_1_47' title="bbox 2420 2714 3920 2799; baseline 0.001 -22"><span class='ocrx_word' id='word_1_285' title='bbox 2420 2715 2586 2779; x_wconf 91' lang='lat' dir='ltr'><strong>ferre</strong></span> <span class='ocrx_word' id='word_1_286' title='bbox 2636 2716 2804 2798; x_wconf 91' lang='lat' dir='ltr'><strong>quod</strong></span> <span class='ocrx_word' id='word_1_287' title='bbox 2851 2715 3094 2799; x_wconf 82' lang='lat' dir='ltr'><strong>geritur</strong></span> <span class='ocrx_word' id='word_1_288' title='bbox 3141 2715 3206 2777; x_wconf 90' lang='lat' dir='ltr'><strong>in</strong></span> <span class='ocrx_word' id='word_1_289' title='bbox 3255 2716 3466 2790; x_wconf 92' lang='lat' dir='ltr'><strong>corde,</strong></span> <span class='ocrx_word' id='word_1_290' title='bbox 3519 2714 3794 2798; x_wconf 87' lang='lat' dir='ltr'><strong>pertinet</strong></span> <span class='ocrx_word' id='word_1_291' title='bbox 3835 2718 3920 2779; x_wconf 90' lang='lat' dir='ltr'><strong>ad</strong></span> 
     </span>
     <span class='ocr_line' id='line_1_48' title="bbox 2419 2813 3919 2897; baseline 0.001 -20"><span class='ocrx_word' id='word_1_292' title='bbox 2419 2815 2720 2877; x_wconf 80' lang='lat' dir='ltr'><strong>virtutem</strong></span> <span class='ocrx_word' id='word_1_293' title='bbox 2755 2832 2770 2877; x_wconf 75' lang='grc' dir='ltr'><strong><em>ε</em></strong></span> <span class='ocrx_word' id='word_1_294' title='bbox 2805 2813 3042 2877; x_wconf 91' lang='lat' dir='ltr'><strong>idcirco</strong></span> <span class='ocrx_word' id='word_1_295' title='bbox 3091 2815 3410 2879; x_wconf 91' lang='lat' dir='ltr'><strong>confessio</strong></span> <span class='ocrx_word' id='word_1_296' title='bbox 3457 2814 3615 2878; x_wconf 91' lang='lat' dir='ltr'><strong>dicit</strong></span> <span class='ocrx_word' id='word_1_297' title='bbox 3657 2813 3919 2897; x_wconf 80' lang='lat' dir='ltr'><strong>aliquod</strong></span> 
     </span>
     <span class='ocr_line' id='line_1_49' title="bbox 2417 2913 3918 2996; baseline 0 -19"><span class='ocrx_word' id='word_1_298' title='bbox 2417 2913 2658 2978; x_wconf 88' lang='lat' dir='ltr'><strong>bonum</strong></span> <span class='ocrx_word' id='word_1_299' title='bbox 2688 2933 2765 2977; x_wconf 89' lang='lat' dir='ltr'><strong>ex</strong></span> <span class='ocrx_word' id='word_1_300' title='bbox 2795 2932 3050 2995; x_wconf 89' lang='lat' dir='ltr'><strong>genere,</strong></span> <span class='ocrx_word' id='word_1_301' title='bbox 3085 2914 3256 2996; x_wconf 90' lang='lat' dir='ltr'><strong>quod</strong></span> <span class='ocrx_word' id='word_1_302' title='bbox 3285 2922 3500 2977; x_wconf 84' lang='lat' dir='ltr'><strong>tamen</strong></span> <span class='ocrx_word' id='word_1_303' title='bbox 3531 2913 3675 2977; x_wconf 86' lang='lat' dir='ltr'><strong>fieri</strong></span> <span class='ocrx_word' id='word_1_304' title='bbox 3707 2922 3918 2996; x_wconf 90' lang='lat' dir='ltr'><strong>potest</strong></span> 
     </span>
    </p>
   </div>
   <div class='ocr_carea' id='block_1_10' title="bbox 808 3009 3917 3092">
    <p class='ocr_par' dir='ltr' id='par_1_12' title="bbox 808 3009 3917 3092">
     <span class='ocr_line' id='line_1_50' title="bbox 808 3009 3917 3092; baseline -0.001 -15"><span class='ocrx_word' id='word_1_305' title='bbox 808 3015 898 3077; x_wconf 90' lang='lat' dir='ltr'><strong>tio</strong></span> <span class='ocrx_word' id='word_1_306' title='bbox 950 3013 1339 3087; x_wconf 81' lang='lat' dir='ltr'><strong>confitentiS‚</strong></span> <span class='ocrx_word' id='word_1_307' title='bbox 1391 3020 1455 3075; x_wconf 91' lang='lat' dir='ltr'><strong>et</strong></span> <span class='ocrx_word' id='word_1_308' title='bbox 1510 3012 1774 3075; x_wconf 90' lang='lat' dir='ltr'><strong>humilis</strong></span> <span class='ocrx_word' id='word_1_309' title='bbox 1828 3013 2150 3076; x_wconf 89' lang='lat' dir='ltr'><strong>accusatio</strong></span> <span class='ocrx_word' id='word_1_310' title='bbox 2205 3014 2303 3076; x_wconf 89' lang='lat' dir='ltr'><strong>sui</strong></span> <span class='ocrx_word' id='word_1_311' title='bbox 2343 3009 2387 3073; x_wconf 90' lang='lat' dir='ltr'>C</span> <span class='ocrx_word' id='word_1_312' title='bbox 2420 3013 2620 3092; x_wconf 92' lang='lat' dir='ltr'><strong>male;</strong></span> <span class='ocrx_word' id='word_1_313' title='bbox 2655 3013 2797 3076; x_wconf 90' lang='lat' dir='ltr'><strong>ideo</strong></span> <span class='ocrx_word' id='word_1_314' title='bbox 2845 3029 2971 3074; x_wconf 90' lang='lat' dir='ltr'><strong>non</strong></span> <span class='ocrx_word' id='word_1_315' title='bbox 3012 3020 3108 3075; x_wconf 88' lang='lat' dir='ltr'><strong>est</strong></span> <span class='ocrx_word' id='word_1_316' title='bbox 3147 3019 3326 3075; x_wconf 90' lang='lat' dir='ltr'><strong>aetus</strong></span> <span class='ocrx_word' id='word_1_317' title='bbox 3369 3012 3648 3087; x_wconf 78' lang='lat' dir='ltr'><strong>virtutiS,</strong></span> <span class='ocrx_word' id='word_1_318' title='bbox 3683 3012 3808 3075; x_wconf 89' lang='lat' dir='ltr'><strong>nisi</strong></span> <span class='ocrx_word' id='word_1_319' title='bbox 3851 3020 3917 3075; x_wconf 89' lang='lat' dir='ltr'><strong>et</strong></span> 
     </span>
    </p>
   </div>
   <div class='ocr_carea' id='block_1_11' title="bbox 807 3110 2304 3492">
    <p class='ocr_par' dir='ltr' id='par_1_13' title="bbox 807 3110 2304 3492">
     <span class='ocr_line' id='line_1_51' title="bbox 811 3110 2303 3197; baseline 0 -21"><span class='ocrx_word' id='word_1_320' title='bbox 811 3114 1034 3197; x_wconf 91' lang='lat' dir='ltr'><strong>ipsius,</strong></span> <span class='ocrx_word' id='word_1_321' title='bbox 1066 3132 1140 3175; x_wconf 91' lang='lat' dir='ltr'><strong>ac</strong></span> <span class='ocrx_word' id='word_1_322' title='bbox 1183 3110 1625 3174; x_wconf 88' lang='lat' dir='ltr'><strong>erubescentia</strong></span> <span class='ocrx_word' id='word_1_323' title='bbox 1662 3131 1853 3194; x_wconf 91' lang='lat' dir='ltr'><strong>quam</strong></span> <span class='ocrx_word' id='word_1_324' title='bbox 1898 3112 1977 3175; x_wconf 88' lang='lat' dir='ltr'><strong>de</strong></span> <span class='ocrx_word' id='word_1_325' title='bbox 2021 3113 2154 3175; x_wconf 89' lang='lat' dir='ltr'><strong>suis</strong></span> <span class='ocrx_word' id='word_1_326' title='bbox 2196 3112 2303 3176; x_wconf 91' lang='lat' dir='ltr'><strong>ha-</strong></span> 
     </span>
     <span class='ocr_line' id='line_1_52' title="bbox 808 3209 2304 3295; baseline -0.001 -20"><span class='ocrx_word' id='word_1_327' title='bbox 808 3212 918 3277; x_wconf 90' lang='lat' dir='ltr'><strong>bet</strong></span> <span class='ocrx_word' id='word_1_328' title='bbox 966 3211 1263 3295; x_wconf 89' lang='lat' dir='ltr'><strong>peccatis,</strong></span> <span class='ocrx_word' id='word_1_329' title='bbox 1296 3209 1644 3273; x_wconf 86' lang='lat' dir='ltr'><strong>satisfactio</strong></span> <span class='ocrx_word' id='word_1_330' title='bbox 1688 3229 1941 3293; x_wconf 91' lang='lat' dir='ltr'><strong>quoque</strong></span> <span class='ocrx_word' id='word_1_331' title='bbox 1984 3231 2176 3294; x_wconf 90' lang='lat' dir='ltr'><strong>quam</strong></span> <span class='ocrx_word' id='word_1_332' title='bbox 2226 3232 2304 3274; x_wconf 83' lang='lat' dir='ltr'><strong>ex</strong></span> 
     </span>
     <span class='ocr_line' id='line_1_53' title="bbox 807 3309 2304 3392; baseline 0.001 -20"><span class='ocrx_word' id='word_1_333' title='bbox 807 3309 1169 3373; x_wconf 86' lang='lat' dir='ltr'><strong>obedientia</strong></span> <span class='ocrx_word' id='word_1_334' title='bbox 1210 3315 1275 3372; x_wconf 90' lang='lat' dir='ltr'><strong>et</strong></span> <span class='ocrx_word' id='word_1_335' title='bbox 1316 3309 1613 3390; x_wconf 82' lang='lat' dir='ltr'><strong>aequitate</strong></span> <span class='ocrx_word' id='word_1_336' title='bbox 1656 3309 2047 3392; x_wconf 89' lang='lat' dir='ltr'><strong>exsequitur,</strong></span> <span class='ocrx_word' id='word_1_337' title='bbox 2080 3317 2144 3373; x_wconf 91' lang='lat' dir='ltr'><strong>et</strong></span> <span class='ocrx_word' id='word_1_338' title='bbox 2181 3310 2304 3374; x_wconf 89' lang='lat' dir='ltr'><strong>alia</strong></span> 
     </span>
     <span class='ocr_line' id='line_1_54' title="bbox 808 3407 1639 3492; baseline -0.005 -20"><span class='ocrx_word' id='word_1_339' title='bbox 808 3409 1121 3492; x_wconf 81' lang='lat' dir='ltr'><strong>quaedam,</strong></span> <span class='ocrx_word' id='word_1_340' title='bbox 1166 3407 1335 3471; x_wconf 89' lang='lat' dir='ltr'><strong>sicut</strong></span> <span class='ocrx_word' id='word_1_341' title='bbox 1376 3407 1639 3470; x_wconf 90' lang='lat' dir='ltr'><strong>dicetur.</strong></span> 
     </span>
    </p>
   </div>
   <div class='ocr_carea' id='block_1_12' title="bbox 1234 3723 1882 3800">
    <p class='ocr_par' dir='ltr' id='par_1_14' title="bbox 1234 3723 1882 3800">
     <span class='ocr_line' id='line_1_55' title="bbox 1234 3723 1882 3800; baseline -0.003 -12"><span class='ocrx_word' id='word_1_342' title='bbox 1234 3723 1711 3800; x_wconf 88' lang='lat' dir='ltr'>QUAESTIO</span> <span class='ocrx_word' id='word_1_343' title='bbox 1776 3723 1882 3787; x_wconf 89' lang='lat' dir='ltr'><strong>VI</strong></span> 
     </span>
    </p>
   </div>
   <div class='ocr_carea' id='block_1_13' title="bbox 944 3995 2302 4178">
    <p class='ocr_par' dir='ltr' id='par_1_15' title="bbox 944 3995 2302 4178">
     <span class='ocr_line' id='line_1_56' title="bbox 944 3995 2302 4080; baseline 0.002 -21"><span class='ocrx_word' id='word_1_344' title='bbox 944 3997 1173 4080; x_wconf 88' lang='lat' dir='ltr'><strong>Mplius</strong></span> <span class='ocrx_word' id='word_1_345' title='bbox 1227 3996 1553 4078; x_wconf 86' lang='lat' dir='ltr'><strong>quaeritur,</strong></span> <span class='ocrx_word' id='word_1_346' title='bbox 1605 3996 1813 4076; x_wconf 78' lang='lat' dir='ltr'><strong>Quid</strong></span> <span class='ocrx_word' id='word_1_347' title='bbox 1858 3996 1968 4062; x_wconf 81' lang='lat' dir='ltr'><strong>s1t</strong></span> <span class='ocrx_word' id='word_1_348' title='bbox 2013 3995 2302 4065; x_wconf 77' lang='lat' dir='ltr'><strong>confes-</strong></span> 
     </span>
     <span class='ocr_line' id='line_1_57' title="bbox 972 4094 2298 4178; baseline 0 -15"><span class='ocrx_word' id='word_1_349' title='bbox 972 4096 1117 4178; x_wconf 80' lang='lat' dir='ltr'><strong>sio,</strong></span> <span class='ocrx_word' id='word_1_350' title='bbox 1148 4097 1230 4162; x_wconf 86' lang='lat' dir='ltr'><strong>et</strong></span> <span class='ocrx_word' id='word_1_351' title='bbox 1261 4096 1491 4177; x_wconf 65' lang='lat' dir='ltr'><strong>cujus</strong></span> <span class='ocrx_word' id='word_1_352' title='bbox 1521 4097 1862 4162; x_wconf 74' lang='lat' dir='ltr'><strong>virtutis</strong></span> <span class='ocrx_word' id='word_1_353' title='bbox 1896 4094 2006 4161; x_wconf 80' lang='lat' dir='ltr'><strong>sit</strong></span> <span class='ocrx_word' id='word_1_354' title='bbox 2046 4098 2298 4163; x_wconf 80' lang='lat' dir='ltr'><strong>actus,</strong></span> 
     </span>
    </p>
   </div>
   <div class='ocr_carea' id='block_1_14' title="bbox 2414 3109 3914 3193">
    <p class='ocr_par' dir='ltr' id='par_1_16' title="bbox 2414 3109 3914 3193">
     <span class='ocr_line' id='line_1_58' title="bbox 2414 3109 3914 3193; baseline 0 -19"><span class='ocrx_word' id='word_1_355' title='bbox 2414 3111 2558 3175; x_wconf 89' lang='lat' dir='ltr'><strong>aliis</strong></span> <span class='ocrx_word' id='word_1_356' title='bbox 2589 3109 2820 3175; x_wconf 90' lang='lat' dir='ltr'><strong>debitis</strong></span> <span class='ocrx_word' id='word_1_357' title='bbox 2851 3110 3345 3175; x_wconf 90' lang='lat' dir='ltr'><strong>circumstantiis</strong></span> <span class='ocrx_word' id='word_1_358' title='bbox 3375 3110 3914 3193; x_wconf 84' lang='lat' dir='ltr'><strong>vestiatur.Atque</strong></span> 
     </span>
    </p>
   </div>
   <div class='ocr_carea' id='block_1_15' title="bbox 2418 3210 4252 3294">
    <p class='ocr_par' dir='ltr' id='par_1_17' title="bbox 2418 3210 4252 3294">
     <span class='ocr_line' id='line_1_59' title="bbox 2418 3210 4252 3294; baseline 0.001 -22"><span class='ocrx_word' id='word_1_359' title='bbox 2418 3219 2487 3273; x_wconf 93' lang='lat' dir='ltr'><strong>ut</strong></span> <span class='ocrx_word' id='word_1_360' title='bbox 2526 3211 2769 3274; x_wconf 90' lang='lat' dir='ltr'><strong>dictum</strong></span> <span class='ocrx_word' id='word_1_361' title='bbox 2810 3217 2907 3273; x_wconf 89' lang='lat' dir='ltr'><strong>est</strong></span> <span class='ocrx_word' id='word_1_362' title='bbox 2943 3229 3133 3292; x_wconf 78' lang='lat' dir='ltr'><strong>saepe,</strong></span> <span class='ocrx_word' id='word_1_363' title='bbox 3167 3211 3260 3273; x_wconf 92' lang='lat' dir='ltr'><strong>sic</strong></span> <span class='ocrx_word' id='word_1_364' title='bbox 3303 3218 3402 3274; x_wconf 89' lang='lat' dir='ltr'><strong>est</strong></span> <span class='ocrx_word' id='word_1_365' title='bbox 3439 3217 3620 3273; x_wconf 91' lang='lat' dir='ltr'><strong>actus</strong></span> <span class='ocrx_word' id='word_1_366' title='bbox 3658 3210 3917 3272; x_wconf 87' lang='lat' dir='ltr'><strong>virtutis</strong></span> <span class='ocrx_word' id='word_1_367' title='bbox 3945 3235 4252 3294; x_wconf 43' lang='lat' dir='ltr'><strong>annua...</strong></span> 
     </span>
    </p>
   </div>
   <div class='ocr_carea' id='block_1_16' title="bbox 2413 3309 3926 4178">
    <p class='ocr_par' dir='ltr' id='par_1_18' title="bbox 2413 3309 3926 4178">
     <span class='ocr_line' id='line_1_60' title="bbox 2418 3309 3920 3392; baseline -0.001 -19"><span class='ocrx_word' id='word_1_368' title='bbox 2418 3310 2827 3392; x_wconf 85' lang='lat' dir='ltr'><strong>poenitentiae.</strong></span> <span class='ocrx_word' id='word_1_369' title='bbox 2880 3309 2951 3371; x_wconf 91' lang='lat' dir='ltr'><strong>ln</strong></span> <span class='ocrx_word' id='word_1_370' title='bbox 3010 3310 3260 3372; x_wconf 89' lang='lat' dir='ltr'><strong>actibus</strong></span> <span class='ocrx_word' id='word_1_371' title='bbox 3307 3327 3584 3392; x_wconf 87' lang='lat' dir='ltr'><strong>namque</strong></span> <span class='ocrx_word' id='word_1_372' title='bbox 3634 3309 3920 3372; x_wconf 92' lang='lat' dir='ltr'><strong>conside-</strong></span> 
     </span>
     <span class='ocr_line' id='line_1_61' title="bbox 2418 3407 3920 3490; baseline 0.001 -22"><span class='ocrx_word' id='word_1_373' title='bbox 2418 3409 2687 3471; x_wconf 91' lang='lat' dir='ltr'><strong>randum</strong></span> <span class='ocrx_word' id='word_1_374' title='bbox 2727 3415 2844 3482; x_wconf 90' lang='lat' dir='ltr'><strong>est,</strong></span> <span class='ocrx_word' id='word_1_375' title='bbox 2877 3409 3048 3490; x_wconf 86' lang='lat' dir='ltr'><strong>quod</strong></span> <span class='ocrx_word' id='word_1_376' title='bbox 3078 3408 3334 3489; x_wconf 90' lang='lat' dir='ltr'><strong>quando</strong></span> <span class='ocrx_word' id='word_1_377' title='bbox 3363 3426 3558 3490; x_wconf 90' lang='lat' dir='ltr'><strong>supra</strong></span> <span class='ocrx_word' id='word_1_378' title='bbox 3588 3407 3920 3490; x_wconf 89' lang='lat' dir='ltr'><strong>objectum</strong></span> 
     </span>
     <span class='ocr_line' id='line_1_62' title="bbox 2416 3504 3920 3589; baseline 0 -21"><span class='ocrx_word' id='word_1_379' title='bbox 2416 3506 2672 3568; x_wconf 83' lang='lat' dir='ltr'><strong>virtutis</strong></span> <span class='ocrx_word' id='word_1_380' title='bbox 2721 3506 2976 3569; x_wconf 89' lang='lat' dir='ltr'><strong>additur</strong></span> <span class='ocrx_word' id='word_1_381' title='bbox 3023 3504 3185 3568; x_wconf 90' lang='lat' dir='ltr'><strong>ratio</strong></span> <span class='ocrx_word' id='word_1_382' title='bbox 3230 3505 3445 3589; x_wconf 88' lang='lat' dir='ltr'><strong>aliqua</strong></span> <span class='ocrx_word' id='word_1_383' title='bbox 3497 3505 3796 3587; x_wconf 89' lang='lat' dir='ltr'><strong>specialis</strong></span> <span class='ocrx_word' id='word_1_384' title='bbox 3843 3523 3920 3568; x_wconf 90' lang='lat' dir='ltr'><strong>ae</strong></span> 
     </span>
     <span class='ocr_line' id='line_1_63' title="bbox 2415 3603 3918 3687; baseline -0.002 -18"><span class='ocrx_word' id='word_1_385' title='bbox 2415 3605 2708 3669; x_wconf 88' lang='lat' dir='ltr'><strong>difficilis</strong></span> <span class='ocrx_word' id='word_1_386' title='bbox 2757 3604 2931 3679; x_wconf 89' lang='lat' dir='ltr'><strong>boni,</strong></span> <span class='ocrx_word' id='word_1_387' title='bbox 2981 3604 3258 3686; x_wconf 86' lang='lat' dir='ltr'><strong>exigitur</strong></span> <span class='ocrx_word' id='word_1_388' title='bbox 3305 3603 3600 3687; x_wconf 89' lang='lat' dir='ltr'><strong>specialis</strong></span> <span class='ocrx_word' id='word_1_389' title='bbox 3645 3604 3851 3668; x_wconf 82' lang='lat' dir='ltr'><strong>virtus</strong></span> <span class='ocrx_word' id='word_1_390' title='bbox 3901 3621 3918 3666; x_wconf 91' lang='lat'><strong>:</strong></span> 
     </span>
     <span class='ocr_line' id='line_1_64' title="bbox 2416 3701 3926 3786; baseline -0.001 -20"><span class='ocrx_word' id='word_1_391' title='bbox 2416 3702 2957 3786; x_wconf 88' lang='lat' dir='ltr'><strong>quemadmodum</strong></span> <span class='ocrx_word' id='word_1_392' title='bbox 3009 3719 3278 3783; x_wconf 88' lang='lat' dir='ltr'><strong>magnus</strong></span> <span class='ocrx_word' id='word_1_393' title='bbox 3321 3708 3616 3784; x_wconf 89' lang='lat' dir='ltr'><strong>sumptus</strong></span> <span class='ocrx_word' id='word_1_394' title='bbox 3662 3701 3744 3764; x_wconf 91' lang='lat' dir='ltr'><strong>ad</strong></span> <span class='ocrx_word' id='word_1_395' title='bbox 3793 3720 3926 3764; x_wconf 87' lang='lat' dir='ltr'><strong>ma-</strong></span> 
     </span>
     <span class='ocr_line' id='line_1_65' title="bbox 2413 3798 3922 3884; baseline 0.001 -22"><span class='ocrx_word' id='word_1_396' title='bbox 2413 3801 2856 3884; x_wconf 84' lang='lat' dir='ltr'><strong>gnificentiam</strong></span> <span class='ocrx_word' id='word_1_397' title='bbox 2911 3806 3176 3883; x_wconf 87' lang='lat' dir='ltr'><strong>spectat,</strong></span> <span class='ocrx_word' id='word_1_398' title='bbox 3223 3799 3519 3882; x_wconf 88' lang='lat' dir='ltr'><strong>quamvis</strong></span> <span class='ocrx_word' id='word_1_399' title='bbox 3577 3798 3922 3863; x_wconf 87' lang='lat' dir='ltr'><strong>mediocris</strong></span> 
     </span>
     <span class='ocr_line' id='line_1_66' title="bbox 2413 3898 3918 3982; baseline 0.001 -20"><span class='ocrx_word' id='word_1_400' title='bbox 2413 3908 2708 3982; x_wconf 91' lang='lat' dir='ltr'><strong>sumptus</strong></span> <span class='ocrx_word' id='word_1_401' title='bbox 2737 3900 2816 3963; x_wconf 88' lang='lat' dir='ltr'><strong>ad</strong></span> <span class='ocrx_word' id='word_1_402' title='bbox 2850 3899 3314 3962; x_wconf 84' lang='lat' dir='ltr'><strong>liberalitatem.</strong></span> <span class='ocrx_word' id='word_1_403' title='bbox 3337 3899 3439 3962; x_wconf 87' lang='lat' dir='ltr'><strong>Sic</strong></span> <span class='ocrx_word' id='word_1_404' title='bbox 3473 3898 3536 3961; x_wconf 90' lang='lat' dir='ltr'><strong>in</strong></span> <span class='ocrx_word' id='word_1_405' title='bbox 3567 3899 3918 3982; x_wconf 87' lang='lat' dir='ltr'><strong>proposito,</strong></span> 
     </span>
     <span class='ocr_line' id='line_1_67' title="bbox 2413 3996 3922 4081; baseline 0.002 -22"><span class='ocrx_word' id='word_1_406' title='bbox 2413 3999 2706 4081; x_wconf 90' lang='lat' dir='ltr'><strong>quamvis</strong></span> <span class='ocrx_word' id='word_1_407' title='bbox 2737 3997 3055 4061; x_wconf 84' lang='lat' dir='ltr'><strong>confessio</strong></span> <span class='ocrx_word' id='word_1_408' title='bbox 3084 4016 3197 4060; x_wconf 92' lang='lat' dir='ltr'><strong>seu</strong></span> <span class='ocrx_word' id='word_1_409' title='bbox 3230 3996 3660 4061; x_wconf 89' lang='lat' dir='ltr'><strong>manifestatio</strong></span> <span class='ocrx_word' id='word_1_410' title='bbox 3688 3998 3922 4062; x_wconf 80' lang='lat' dir='ltr'><strong>verita-</strong></span> 
     </span>
     <span class='ocr_line' id='line_1_68' title="bbox 2413 4096 3923 4178; baseline 0 -20"><span class='ocrx_word' id='word_1_411' title='bbox 2413 4096 2517 4172; x_wconf 83' lang='lat' dir='ltr'><strong>tis,</strong></span> <span class='ocrx_word' id='word_1_412' title='bbox 2541 4097 2617 4159; x_wconf 91' lang='lat' dir='ltr'><strong>ad</strong></span> <span class='ocrx_word' id='word_1_413' title='bbox 2649 4097 2952 4159; x_wconf 89' lang='lat' dir='ltr'><strong>virtutem</strong></span> <span class='ocrx_word' id='word_1_414' title='bbox 2985 4096 3292 4159; x_wconf 88' lang='lat' dir='ltr'><strong>moralem</strong></span> <span class='ocrx_word' id='word_1_415' title='bbox 3324 4115 3466 4178; x_wconf 86' lang='lat' dir='ltr'><strong>quae</strong></span> <span class='ocrx_word' id='word_1_416' title='bbox 3495 4097 3730 4159; x_wconf 84' lang='lat' dir='ltr'><strong>veritas</strong></span> <span class='ocrx_word' id='word_1_417' title='bbox 3761 4115 3923 4158; x_wconf 91' lang='lat' dir='ltr'><strong>nun-</strong></span> 
     </span>
    </p>
   </div>
   <div class='ocr_carea' id='block_1_17' title="bbox 882 4193 3922 4277">
    <p class='ocr_par' dir='ltr' id='par_1_19' title="bbox 882 4193 3922 4277">
     <span class='ocr_line' id='line_1_69' title="bbox 882 4193 3922 4277; baseline 0 -20"><span class='ocrx_word' id='word_1_418' title='bbox 882 4195 1117 4257; x_wconf 90' lang='lat' dir='ltr'><strong>Verum</strong></span> <span class='ocrx_word' id='word_1_419' title='bbox 1150 4193 1251 4255; x_wconf 87' lang='lat' dir='ltr'><strong>his</strong></span> <span class='ocrx_word' id='word_1_420' title='bbox 1281 4211 1407 4256; x_wconf 90' lang='lat' dir='ltr'><strong>non</strong></span> <span class='ocrx_word' id='word_1_421' title='bbox 1438 4201 1535 4255; x_wconf 88' lang='lat' dir='ltr'><strong>est</strong></span> <span class='ocrx_word' id='word_1_422' title='bbox 1572 4193 2065 4269; x_wconf 90' lang='lat' dir='ltr'><strong>immorandum,</strong></span> <span class='ocrx_word' id='word_1_423' title='bbox 2099 4212 2301 4276; x_wconf 88' lang='lat' dir='ltr'><strong>quum</strong></span> <span class='ocrx_word' id='word_1_424' title='bbox 2330 4194 2380 4257; x_wconf 91' lang='lat' dir='ltr'>D</span> <span class='ocrx_word' id='word_1_425' title='bbox 2413 4203 2704 4277; x_wconf 90' lang='lat' dir='ltr'><strong>cupatur,</strong></span> <span class='ocrx_word' id='word_1_426' title='bbox 2739 4195 2822 4257; x_wconf 92' lang='lat' dir='ltr'><strong>sit</strong></span> <span class='ocrx_word' id='word_1_427' title='bbox 2860 4195 3222 4277; x_wconf 88' lang='lat' dir='ltr'><strong>pertinens;</strong></span> <span class='ocrx_word' id='word_1_428' title='bbox 3252 4202 3467 4257; x_wconf 89' lang='lat' dir='ltr'><strong>tamen</strong></span> <span class='ocrx_word' id='word_1_429' title='bbox 3511 4194 3922 4277; x_wconf 86' lang='lat' dir='ltr'><strong>propriarum</strong></span> 
     </span>
    </p>
   </div>
   <div class='ocr_carea' id='block_1_18' title="bbox 804 4290 2303 4569">
    <p class='ocr_par' dir='ltr' id='par_1_20' title="bbox 804 4290 2303 4569">
     <span class='ocr_line' id='line_1_70' title="bbox 806 4290 2303 4376; baseline -0.001 -22"><span class='ocrx_word' id='word_1_430' title='bbox 806 4298 1063 4376; x_wconf 90' lang='lat' dir='ltr'><strong>pateant</strong></span> <span class='ocrx_word' id='word_1_431' title='bbox 1108 4309 1186 4354; x_wconf 87' lang='lat' dir='ltr'><strong>ex</strong></span> <span class='ocrx_word' id='word_1_432' title='bbox 1235 4290 1530 4353; x_wconf 87' lang='lat' dir='ltr'><strong>inductis.</strong></span> <span class='ocrx_word' id='word_1_433' title='bbox 1584 4290 1739 4352; x_wconf 90' lang='lat' dir='ltr'><strong>Nam</strong></span> <span class='ocrx_word' id='word_1_434' title='bbox 1790 4298 1863 4352; x_wconf 90' lang='lat' dir='ltr'><strong>ut</strong></span> <span class='ocrx_word' id='word_1_435' title='bbox 1908 4291 2134 4354; x_wconf 89' lang='lat' dir='ltr'><strong>asserit</strong></span> <span class='ocrx_word' id='word_1_436' title='bbox 2181 4292 2303 4354; x_wconf 87' lang='lat' dir='ltr'><strong>Au-</strong></span> 
     </span>
     <span class='ocr_line' id='line_1_71' title="bbox 804 4386 2301 4473; baseline 0 -21"><span class='ocrx_word' id='word_1_437' title='bbox 804 4391 1121 4473; x_wconf 89' lang='lat' dir='ltr'><strong>gustinus,</strong></span> <span class='ocrx_word' id='word_1_438' title='bbox 1172 4386 1490 4452; x_wconf 85' lang='lat' dir='ltr'><strong>confessio</strong></span> <span class='ocrx_word' id='word_1_439' title='bbox 1536 4395 1634 4450; x_wconf 89' lang='lat' dir='ltr'><strong>est</strong></span> <span class='ocrx_word' id='word_1_440' title='bbox 1684 4407 1797 4470; x_wconf 88' lang='lat' dir='ltr'><strong>per</strong></span> <span class='ocrx_word' id='word_1_441' title='bbox 1852 4407 2043 4470; x_wconf 90' lang='lat' dir='ltr'><strong>quam</strong></span> <span class='ocrx_word' id='word_1_442' title='bbox 2100 4390 2301 4453; x_wconf 90' lang='lat' dir='ltr'><strong>latens</strong></span> 
     </span>
     <span class='ocr_line' id='line_1_72' title="bbox 810 4486 1812 4569; baseline -0.003 -18"><span class='ocrx_word' id='word_1_443' title='bbox 810 4488 1070 4552; x_wconf 91' lang='lat' dir='ltr'><strong>morbus</strong></span> <span class='ocrx_word' id='word_1_444' title='bbox 1114 4506 1227 4569; x_wconf 89' lang='lat' dir='ltr'><strong>spe</strong></span> <span class='ocrx_word' id='word_1_445' title='bbox 1271 4486 1472 4550; x_wconf 86' lang='lat' dir='ltr'><strong>veniae</strong></span> <span class='ocrx_word' id='word_1_446' title='bbox 1512 4487 1812 4568; x_wconf 89' lang='lat' dir='ltr'><strong>aperitur.</strong></span> 
     </span>
    </p>
   </div>
   <div class='ocr_carea' id='block_1_19' title="bbox 804 4684 2308 5364">
    <p class='ocr_par' dir='ltr' id='par_1_21' title="bbox 804 4684 2308 5364">
     <span class='ocr_line' id='line_1_73' title="bbox 886 4684 2306 4760; baseline 0 -12"><span class='ocrx_word' id='word_1_447' title='bbox 886 4685 1193 4760; x_wconf 83' lang='lat' dir='ltr'><strong>Quocirca</strong></span> <span class='ocrx_word' id='word_1_448' title='bbox 1220 4684 1491 4747; x_wconf 90' lang='lat' dir='ltr'><strong>Thomas</strong></span> <span class='ocrx_word' id='word_1_449' title='bbox 1534 4684 1881 4747; x_wconf 89' lang='lat' dir='ltr'><strong>conscribit</strong></span> <span class='ocrx_word' id='word_1_450' title='bbox 1913 4702 1928 4747; x_wconf 75' lang='grc' dir='ltr'><em>τ</em></span> <span class='ocrx_word' id='word_1_451' title='bbox 1960 4685 2029 4747; x_wconf 93' lang='lat' dir='ltr'><strong>In</strong></span> <span class='ocrx_word' id='word_1_452' title='bbox 2061 4685 2306 4749; x_wconf 87' lang='lat' dir='ltr'><strong>confes-</strong></span> 
     </span>
     <span class='ocr_line' id='line_1_74' title="bbox 806 4781 2306 4865; baseline -0.003 -16"><span class='ocrx_word' id='word_1_453' title='bbox 806 4785 985 4849; x_wconf 89' lang='lat' dir='ltr'><strong>sione</strong></span> <span class='ocrx_word' id='word_1_454' title='bbox 1036 4783 1219 4865; x_wconf 89' lang='lat' dir='ltr'><strong>plura</strong></span> <span class='ocrx_word' id='word_1_455' title='bbox 1267 4781 1767 4844; x_wconf 90' lang='lat' dir='ltr'><strong>considerantur.</strong></span> <span class='ocrx_word' id='word_1_456' title='bbox 1810 4783 2116 4857; x_wconf 90' lang='lat' dir='ltr'><strong>Primum,</strong></span> <span class='ocrx_word' id='word_1_457' title='bbox 2158 4783 2306 4846; x_wconf 84' lang='lat' dir='ltr'><strong>sub·</strong></span> 
     </span>
     <span class='ocr_line' id='line_1_75' title="bbox 804 4880 2307 4963; baseline -0.002 -17"><span class='ocrx_word' id='word_1_458' title='bbox 804 4883 1039 4947; x_wconf 88' lang='lat' dir='ltr'><strong>stantia</strong></span> <span class='ocrx_word' id='word_1_459' title='bbox 1094 4889 1274 4943; x_wconf 89' lang='lat' dir='ltr'><strong>actus</strong></span> <span class='ocrx_word' id='word_1_460' title='bbox 1333 4899 1446 4942; x_wconf 90' lang='lat' dir='ltr'><strong>seu</strong></span> <span class='ocrx_word' id='word_1_461' title='bbox 1503 4897 1703 4960; x_wconf 89' lang='lat' dir='ltr'><strong>genus</strong></span> <span class='ocrx_word' id='word_1_462' title='bbox 1762 4880 1924 4961; x_wconf 78' lang='lat' dir='ltr'><strong>ejuS,</strong></span> <span class='ocrx_word' id='word_1_463' title='bbox 1976 4882 2148 4963; x_wconf 90' lang='lat' dir='ltr'><strong>quod</strong></span> <span class='ocrx_word' id='word_1_464' title='bbox 2210 4888 2307 4945; x_wconf 89' lang='lat' dir='ltr'><strong>est</strong></span> 
     </span>
     <span class='ocr_line' id='line_1_76' title="bbox 808 4979 2306 5062; baseline -0.001 -18"><span class='ocrx_word' id='word_1_465' title='bbox 808 4979 1235 5044; x_wconf 84' lang='lat' dir='ltr'><strong>manifestatio</strong></span> <span class='ocrx_word' id='word_1_466' title='bbox 1274 4979 1579 5061; x_wconf 81' lang='lat' dir='ltr'><strong>quaedam.</strong></span> <span class='ocrx_word' id='word_1_467' title='bbox 1600 4979 1978 5054; x_wconf 90' lang='lat' dir='ltr'><strong>Secundum,</strong></span> <span class='ocrx_word' id='word_1_468' title='bbox 1999 4980 2153 5062; x_wconf 91' lang='lat' dir='ltr'><strong>quid</strong></span> <span class='ocrx_word' id='word_1_469' title='bbox 2187 4999 2306 5042; x_wconf 93' lang='lat' dir='ltr'><strong>ma·</strong></span> 
     </span>
     <span class='ocr_line' id='line_1_77' title="bbox 808 5077 2303 5160; baseline -0.002 -16"><span class='ocrx_word' id='word_1_470' title='bbox 808 5080 1167 5154; x_wconf 89' lang='lat' dir='ltr'><strong>nifestetur,</strong></span> <span class='ocrx_word' id='word_1_471' title='bbox 1214 5085 1369 5160; x_wconf 85' lang='lat' dir='ltr'><strong>puta</strong></span> <span class='ocrx_word' id='word_1_472' title='bbox 1417 5084 1770 5159; x_wconf 88' lang='lat' dir='ltr'><strong>peccatum.</strong></span> <span class='ocrx_word' id='word_1_473' title='bbox 1820 5077 2125 5153; x_wconf 90' lang='lat' dir='ltr'><strong>Tertium,</strong></span> <span class='ocrx_word' id='word_1_474' title='bbox 2176 5080 2303 5153; x_wconf 91' lang='lat' dir='ltr'><strong>cui,</strong></span> 
     </span>
     <span class='ocr_line' id='line_1_78' title="bbox 809 5173 2308 5251; baseline -0.002 -9"><span class='ocrx_word' id='word_1_475' title='bbox 809 5177 1109 5242; x_wconf 89' lang='lat' dir='ltr'><strong>videlicet</strong></span> <span class='ocrx_word' id='word_1_476' title='bbox 1153 5173 1483 5238; x_wconf 88' lang='lat' dir='ltr'><strong>sacerdoti.</strong></span> <span class='ocrx_word' id='word_1_477' title='bbox 1533 5173 1858 5250; x_wconf 88' lang='lat' dir='ltr'><strong>Quartum,</strong></span> <span class='ocrx_word' id='word_1_478' title='bbox 1910 5193 2046 5251; x_wconf 88' lang='lat' dir='ltr'><strong>cur,</strong></span> <span class='ocrx_word' id='word_1_479' title='bbox 2099 5175 2164 5238; x_wconf 91' lang='lat' dir='ltr'><strong>id</strong></span> <span class='ocrx_word' id='word_1_480' title='bbox 2213 5185 2308 5239; x_wconf 91' lang='lat' dir='ltr'><strong>est</strong></span> 
     </span>
     <span class='ocr_line' id='line_1_79' title="bbox 812 5271 2308 5364; baseline -0.001 -26"><span class='ocrx_word' id='word_1_481' title='bbox 812 5296 927 5364; x_wconf 88' lang='lat' dir='ltr'><strong>spe</strong></span> <span class='ocrx_word' id='word_1_482' title='bbox 964 5273 1185 5338; x_wconf 79' lang='lat' dir='ltr'><strong>veniae.</strong></span> <span class='ocrx_word' id='word_1_483' title='bbox 1219 5271 1548 5347; x_wconf 88' lang='lat' dir='ltr'><strong>Quintum,</strong></span> <span class='ocrx_word' id='word_1_484' title='bbox 1580 5271 1851 5335; x_wconf 84' lang='lat' dir='ltr'><strong>effectus</strong></span> <span class='ocrx_word' id='word_1_485' title='bbox 1896 5292 2009 5336; x_wconf 92' lang='lat' dir='ltr'><strong>seu</strong></span> <span class='ocrx_word' id='word_1_486' title='bbox 2061 5274 2308 5338; x_wconf 87' lang='lat' dir='ltr'><strong>fructus</strong></span> 
     </span>
    </p>
   </div>
   <div class='ocr_carea' id='block_1_20' title="bbox 2411 4292 3926 5340">
    <p class='ocr_par' dir='ltr' id='par_1_22' title="bbox 2411 4292 3926 5340">
     <span class='ocr_line' id='line_1_80' title="bbox 2412 4292 3926 4376; baseline 0.001 -19"><span class='ocrx_word' id='word_1_487' title='bbox 2412 4293 2740 4376; x_wconf 91' lang='lat' dir='ltr'><strong>culparum</strong></span> <span class='ocrx_word' id='word_1_488' title='bbox 2775 4293 3075 4356; x_wconf 89' lang='lat' dir='ltr'><strong>reseratio</strong></span> <span class='ocrx_word' id='word_1_489' title='bbox 3107 4293 3452 4356; x_wconf 89' lang='lat' dir='ltr'><strong>secundum</strong></span> <span class='ocrx_word' id='word_1_490' title='bbox 3481 4292 3738 4356; x_wconf 88' lang='lat' dir='ltr'><strong>modum</strong></span> <span class='ocrx_word' id='word_1_491' title='bbox 3768 4311 3926 4376; x_wconf 80' lang='lat' dir='ltr'><strong>prae·</strong></span> 
     </span>
     <span class='ocr_line' id='line_1_81' title="bbox 2411 4390 3923 4474; baseline 0 -20"><span class='ocrx_word' id='word_1_492' title='bbox 2411 4392 2616 4455; x_wconf 86' lang='lat' dir='ltr'><strong>fatum</strong></span> <span class='ocrx_word' id='word_1_493' title='bbox 2657 4410 2771 4474; x_wconf 89' lang='lat' dir='ltr'><strong>spe</strong></span> <span class='ocrx_word' id='word_1_494' title='bbox 2811 4391 3038 4466; x_wconf 80' lang='lat' dir='ltr'><strong>veniae,</strong></span> <span class='ocrx_word' id='word_1_495' title='bbox 3069 4392 3150 4454; x_wconf 90' lang='lat' dir='ltr'><strong>ad</strong></span> <span class='ocrx_word' id='word_1_496' title='bbox 3190 4391 3492 4454; x_wconf 87' lang='lat' dir='ltr'><strong>virtutem</strong></span> <span class='ocrx_word' id='word_1_497' title='bbox 3533 4409 3676 4473; x_wconf 85' lang='lat' dir='ltr'><strong>quae</strong></span> <span class='ocrx_word' id='word_1_498' title='bbox 3717 4390 3923 4474; x_wconf 88' lang='lat' dir='ltr'><strong>poeni-</strong></span> 
     </span>
     <span class='ocr_line' id='line_1_82' title="bbox 2412 4488 3924 4572; baseline 0 -20"><span class='ocrx_word' id='word_1_499' title='bbox 2412 4491 2612 4554; x_wconf 88' lang='lat' dir='ltr'><strong>tentia</strong></span> <span class='ocrx_word' id='word_1_500' title='bbox 2662 4489 3047 4564; x_wconf 90' lang='lat' dir='ltr'><strong>nominatur,</strong></span> <span class='ocrx_word' id='word_1_501' title='bbox 3099 4497 3196 4554; x_wconf 91' lang='lat' dir='ltr'><strong>est</strong></span> <span class='ocrx_word' id='word_1_502' title='bbox 3243 4496 3536 4572; x_wconf 88' lang='lat' dir='ltr'><strong>spectans</strong></span> <span class='ocrx_word' id='word_1_503' title='bbox 3579 4505 3595 4550; x_wconf 91' lang='lat'><strong>:</strong></span> <span class='ocrx_word' id='word_1_504' title='bbox 3637 4488 3808 4551; x_wconf 91' lang='lat' dir='ltr'><strong>sieut</strong></span> <span class='ocrx_word' id='word_1_505' title='bbox 3855 4499 3924 4552; x_wconf 89' lang='lat' dir='ltr'><strong>et</strong></span> 
     </span>
     <span class='ocr_line' id='line_1_83' title="bbox 2417 4587 3920 4652; baseline -0.001 0"><span class='ocrx_word' id='word_1_506' title='bbox 2417 4588 2844 4652; x_wconf 82' lang='lat' dir='ltr'><strong>manifestatio</strong></span> <span class='ocrx_word' id='word_1_507' title='bbox 2899 4607 3012 4650; x_wconf 90' lang='lat' dir='ltr'><strong>seu</strong></span> <span class='ocrx_word' id='word_1_508' title='bbox 3073 4587 3391 4651; x_wconf 88' lang='lat' dir='ltr'><strong>confessio</strong></span> <span class='ocrx_word' id='word_1_509' title='bbox 3449 4587 3920 4650; x_wconf 88' lang='lat' dir='ltr'><strong>beneficiorum</strong></span> 
     </span>
     <span class='ocr_line' id='line_1_84' title="bbox 2415 4684 3918 4766; baseline -0.001 -16"><span class='ocrx_word' id='word_1_510' title='bbox 2415 4687 2550 4761; x_wconf 90' lang='lat' dir='ltr'><strong>Dei,</strong></span> <span class='ocrx_word' id='word_1_511' title='bbox 2567 4687 2646 4749; x_wconf 89' lang='lat' dir='ltr'><strong>ad</strong></span> <span class='ocrx_word' id='word_1_512' title='bbox 2678 4686 2960 4766; x_wconf 84' lang='lat' dir='ltr'><strong>latriam3</strong></span> <span class='ocrx_word' id='word_1_513' title='bbox 2991 4692 3055 4749; x_wconf 89' lang='lat' dir='ltr'><strong>et</strong></span> <span class='ocrx_word' id='word_1_514' title='bbox 3084 4685 3402 4749; x_wconf 87' lang='lat' dir='ltr'><strong>confessio</strong></span> <span class='ocrx_word' id='word_1_515' title='bbox 3431 4684 3918 4762; x_wconf 88' lang='lat' dir='ltr'><strong>credendorum,</strong></span> 
     </span>
     <span class='ocr_line' id='line_1_85' title="bbox 2414 4783 3926 4866; baseline -0.002 -18"><span class='ocrx_word' id='word_1_516' title='bbox 2414 4786 2492 4848; x_wconf 89' lang='lat' dir='ltr'><strong>ad</strong></span> <span class='ocrx_word' id='word_1_517' title='bbox 2525 4784 2737 4847; x_wconf 88' lang='lat' dir='ltr'><strong>fidem.</strong></span> <span class='ocrx_word' id='word_1_518' title='bbox 2749 4785 3192 4849; x_wconf 88' lang='lat' dir='ltr'><strong>Verumtamen</strong></span> <span class='ocrx_word' id='word_1_519' title='bbox 3222 4783 3536 4848; x_wconf 88' lang='lat' dir='ltr'><strong>confessio</strong></span> <span class='ocrx_word' id='word_1_520' title='bbox 3563 4784 3682 4846; x_wconf 88' lang='lat' dir='ltr'><strong>ista</strong></span> <span class='ocrx_word' id='word_1_521' title='bbox 3711 4783 3926 4866; x_wconf 84' lang='lat' dir='ltr'><strong>eulpa-</strong></span> 
     </span>
     <span class='ocr_line' id='line_1_86' title="bbox 2415 4881 3922 4965; baseline 0.001 -21"><span class='ocrx_word' id='word_1_522' title='bbox 2415 4902 2557 4944; x_wconf 89' lang='lat' dir='ltr'><strong>rum</strong></span> <span class='ocrx_word' id='word_1_523' title='bbox 2590 4889 2800 4964; x_wconf 91' lang='lat' dir='ltr'><strong>potest</strong></span> <span class='ocrx_word' id='word_1_524' title='bbox 2831 4883 3207 4965; x_wconf 89' lang='lat' dir='ltr'><strong>imperative</strong></span> <span class='ocrx_word' id='word_1_525' title='bbox 3235 4883 3314 4945; x_wconf 91' lang='lat' dir='ltr'><strong>ad</strong></span> <span class='ocrx_word' id='word_1_526' title='bbox 3347 4881 3565 4965; x_wconf 88' lang='lat' dir='ltr'><strong>plures</strong></span> <span class='ocrx_word' id='word_1_527' title='bbox 3595 4882 3922 4964; x_wconf 88' lang='lat' dir='ltr'><strong>pertinere</strong></span> 
     </span>
     <span class='ocr_line' id='line_1_87' title="bbox 2415 4980 3922 5064; baseline 0.001 -22"><span class='ocrx_word' id='word_1_528' title='bbox 2415 4981 2707 5055; x_wconf 80' lang='lat' dir='ltr'><strong>virtuteS,</strong></span> <span class='ocrx_word' id='word_1_529' title='bbox 2739 4982 3092 5045; x_wconf 89' lang='lat' dir='ltr'><strong>secundum</strong></span> <span class='ocrx_word' id='word_1_530' title='bbox 3135 4982 3305 5064; x_wconf 92' lang='lat' dir='ltr'><strong>quod</strong></span> <span class='ocrx_word' id='word_1_531' title='bbox 3348 4988 3528 5043; x_wconf 90' lang='lat' dir='ltr'><strong>actus</strong></span> <span class='ocrx_word' id='word_1_532' title='bbox 3571 4980 3922 5044; x_wconf 89' lang='lat' dir='ltr'><strong>confessio·</strong></span> 
     </span>
     <span class='ocr_line' id='line_1_88' title="bbox 2418 5079 3922 5162; baseline 0 -20"><span class='ocrx_word' id='word_1_533' title='bbox 2418 5079 2517 5142; x_wconf 90' lang='lat' dir='ltr'><strong>nis</strong></span> <span class='ocrx_word' id='word_1_534' title='bbox 2556 5079 2834 5143; x_wconf 89' lang='lat' dir='ltr'><strong>ordinari</strong></span> <span class='ocrx_word' id='word_1_535' title='bbox 2881 5087 3089 5162; x_wconf 87' lang='lat' dir='ltr'><strong>potest</strong></span> <span class='ocrx_word' id='word_1_536' title='bbox 3129 5099 3202 5142; x_wconf 90' lang='lat' dir='ltr'><strong>ac</strong></span> <span class='ocrx_word' id='word_1_537' title='bbox 3240 5079 3408 5142; x_wconf 89' lang='lat' dir='ltr'><strong>trahi</strong></span> <span class='ocrx_word' id='word_1_538' title='bbox 3449 5079 3528 5142; x_wconf 89' lang='lat' dir='ltr'><strong>ad</strong></span> <span class='ocrx_word' id='word_1_539' title='bbox 3571 5079 3922 5142; x_wconf 85' lang='lat' dir='ltr'><strong>multarum</strong></span> 
     </span>
     <span class='ocr_line' id='line_1_89' title="bbox 2416 5177 3922 5261; baseline 0 -21"><span class='ocrx_word' id='word_1_540' title='bbox 2416 5177 2620 5240; x_wconf 90' lang='lat' dir='ltr'><strong>finem</strong></span> <span class='ocrx_word' id='word_1_541' title='bbox 2668 5177 2999 5240; x_wconf 87' lang='lat' dir='ltr'><strong>virtutum.</strong></span> <span class='ocrx_word' id='word_1_542' title='bbox 3032 5212 3114 5223; x_wconf 95' lang='lat'><strong>—</strong></span> <span class='ocrx_word' id='word_1_543' title='bbox 3141 5179 3285 5242; x_wconf 86' lang='lat' dir='ltr'><strong>Haec</strong></span> <span class='ocrx_word' id='word_1_544' title='bbox 3331 5178 3626 5252; x_wconf 77' lang='lat' dir='ltr'><strong>ThomaS,</strong></span> <span class='ocrx_word' id='word_1_545' title='bbox 3659 5177 3726 5240; x_wconf 91' lang='lat' dir='ltr'><strong>in</strong></span> <span class='ocrx_word' id='word_1_546' title='bbox 3777 5179 3922 5261; x_wconf 89' lang='lat' dir='ltr'><strong>qui-</strong></span> 
     </span>
     <span class='ocr_line' id='line_1_90' title="bbox 2423 5275 3384 5340; baseline -0.001 -1"><span class='ocrx_word' id='word_1_547' title='bbox 2423 5277 2542 5339; x_wconf 90' lang='lat' dir='ltr'><strong>bus</strong></span> <span class='ocrx_word' id='word_1_548' title='bbox 2575 5276 2913 5340; x_wconf 88' lang='lat' dir='ltr'><strong>eoncordia</strong></span> <span class='ocrx_word' id='word_1_549' title='bbox 2954 5282 3053 5339; x_wconf 90' lang='lat' dir='ltr'><strong>est</strong></span> <span class='ocrx_word' id='word_1_550' title='bbox 3090 5275 3384 5338; x_wconf 89' lang='lat' dir='ltr'><strong>aliorum.</strong></span> 
     </span>
    </p>
   </div>
   <div class='ocr_carea' id='block_1_21' title="bbox 4243 5405 4249 6159">
    <p class='ocr_par' dir='ltr' id='par_1_23' title="bbox 4243 5405 4249 6159">
     <span class='ocr_line' id='line_1_91' title="bbox 4243 5405 4249 6159; baseline 0 0"><span class='ocrx_word' id='word_1_551' title='bbox 4243 5405 4249 6159; x_wconf 95' lang='lat' dir='ltr'><strong> </strong></span> 
     </span>
    </p>
   </div>
  </div>
 </body>
</html>
