4267 6250
836 492 957 557 574

1472 512 1537 560 m
1578 512 1801 559 Lunum
1842 514 1904 559 lv
1946 510 2430 559 sni-{mmmmm
2467 525 2551 541 —
2592 512 2745 559 ms‘r.
2787 514 2929 577 xx13
2976 514 3202 570 QUAEST.
3242 514 3311 561 111

836 688 982 744 neat
1028 700 1281 766 semper
1324 684 1636 759 occultus,
1685 691 1751 747 et
1799 682 2167 747 scandalum
2219 698 2335 765 pro
2363 680 2414 745 A
2445 683 2736 747 redderet
2777 703 2844 747 se
2887 684 3302 767 impotentem
3342 686 3422 748 ad
3451 685 3517 747 id
3545 685 3625 748 ad
3653 686 3822 768 quod
3853 692 3946 748 te·

837 796 1021 862 posse
1080 781 1337 858 vitetur,
1401 782 1731 866 potissime
1787 782 1958 865 apud
2018 780 2335 844 confiten-

836 885 985 940 tem.
1012 880 1273 963 Propter
1302 881 1470 963 quod
1503 888 1567 944 et
1596 880 1661 943 in
1695 879 2095 943 consessione
2127 886 2336 963 potest

836 977 1171 1061 poenitenti
1218 978 1545 1042 insinuare
1588 998 1655 1042 se
1701 980 1821 1042 hoc
1868 986 1978 1071 aut
2022 977 2179 1040 illud
2222 977 2337 1039 ali-

838 1076 1006 1138 unde
1052 1094 1455 1157 cognoscere,
1498 1096 1617 1141 nec
1660 1078 1737 1141 ad
1784 1077 2119 1139 celandum
2160 1076 2336 1158 peni-

834 1165 939 1235 tus
967 1173 1257 1256 obligari.
1292 1176 1585 1238 Attamen
1618 1175 2028 1238 manifestare
2070 1190 2196 1236 non
2232 1174 2336 1236 de-

836 1270 945 1333 bet
982 1272 1105 1334 nisi
1147 1282 1424 1355 cogatur,
1461 1274 1523 1336 id
1564 1280 1681 1348 est,
1714 1292 1941 1355 magna
1979 1272 2221 1335 ratione
2255 1272 2333 1335 ad

837 1368 956 1432 hoc
997 1369 1355 1445 inducatur,
1396 1379 1550 1453 puta
1588 1372 1642 1434 si
1679 1371 1835 1434 alias
1878 1370 2066 1433 fieret
2107 1369 2335 1453 praeju-

836 1467 1079 1529 dicium
1110 1470 1385 1544 veritati,
1420 1469 1520 1531 vel
1550 1468 1602 1531 si
1635 1475 1954 1552 praecepto
1983 1467 2332 1549 superioris

838 1567 1198 1647 requiratur
1246 1567 1484 1630 referre
1532 1567 1704 1649 quod
1752 1567 1949 1641 novit,
2000 1573 2111 1628 aut
2159 1566 2331 1628 testi-

837 1665 1125 1727 monium
1186 1665 1542 1747 perhibere.
1596 1667 1667 1728 In
1724 1666 1885 1728 hanc
1946 1664 2330 1748 positionem

835 1762 1026 1825 etiam
1065 1762 1420 1845 jurisperiti
1465 1764 1665 1846 magis
1710 1763 2133 1827 consentiunt.

2445 789 2631 843 netur
2679 781 3144 847 confessionem
3191 784 3526 847 audiend0.
3581 784 3670 845 Ex
3713 785 3946 867 quinto

2443 878 2536 941 sic
2565 897 2761 961 arguo
2793 897 2808 941 τ
2842 880 3012 943 Pono
3041 899 3284 955 casum,
3315 881 3488 964 quod
3518 888 3788 963 quatuor
3815 880 3942 943 viri

2443 978 2685 1040 vadunt
2731 996 2847 1060 per
2897 998 3097 1041 unum
3159 980 3322 1059 iter3
3371 998 3540 1042 unus
3599 980 3944 1043 committit

2442 1076 2679 1156 grande
2727 1076 2970 1139 crimen
3017 1076 3244 1140 merito
3287 1076 3742 1139 insinuandum
3783 1096 3944 1160 prae-

2445 1172 2568 1235 lato
2593 1191 2610 1253 ;
2643 1175 2770 1236 duo
2803 1173 3210 1237 manifestant
3239 1176 3497 1257 praelato
3535 1176 3656 1238 hoc
3695 1176 3940 1255 scelus3

2445 1289 2590 1333 reus
2633 1271 2888 1333 interim
2923 1270 3266 1335 confitetur
3296 1273 3484 1335 tertio
3513 1272 3644 1351 illi3
3681 1272 3807 1335 duo
3836 1273 3945 1335 ad-

2442 1376 2673 1431 vocant
2706 1370 2965 1431 tertium
3006 1369 3082 1432 ad
3123 1370 3508 1445 testandum,
3539 1377 3604 1433 et
3642 1371 3942 1453 praelatus

2440 1466 2625 1548 jubet
2671 1474 2744 1529 ut
2789 1474 3078 1542 testetur,
3124 1467 3363 1549 alioqui
3409 1486 3663 1551 poenam
3707 1467 3945 1531 inseret

2441 1565 2520 1626 ei.
2558 1564 2622 1627 Si
2652 1573 2808 1627 tunc
2843 1565 3125 1628 revelare
3165 1583 3291 1629 non
3329 1566 3565 1648 poterit
3591 1566 3762 1648 quod
3792 1584 3942 1629 con-

2441 1664 2671 1744 spexit,
2716 1664 3089 1727 innocenter
3137 1664 3458 1746 punietur.
3506 1700 3587 1711 —-
3631 1665 3778 1728 Haec
3821 1665 3939 1727 Bo-

2442 1769 2809 1824 naventura.

914 1861 1009 1924 Ad
1057 1862 1243 1943 cujus
1292 1862 1731 1946 probationem
1786 1862 2184 1944 aliarumque
2234 1880 2327 1923 re·
2365 1862 2412 1925 B
2523 1860 2874 1925 Concordat
2919 1861 3188 1924 Thomas
3237 1862 3302 1924 in
3346 1861 3670 1936 omnibuS,
3711 1864 3823 1945 qui
3875 1870 3940 1925 et

834 1959 1297 2043 probationem,
1332 1960 1424 2023 sic
1461 1979 1679 2043 arguo,
1714 1970 1778 2023 et
1816 1977 2109 2044 suppono
2145 1959 2328 2041 quin-

832 2078 979 2141 que,
1021 2078 1163 2140 quae
1216 2077 1331 2141 per
1369 2078 1437 2121 se
1486 2067 1633 2122 nota
1674 2068 1841 2121 sunt.
1884 2059 2167 2121 Primum
2209 2064 2326 2133 est,

832 2156 993 2218 nihil
1043 2164 1139 2218 est
1187 2157 1595 2220 statuendum
1646 2157 1710 2219 in
1760 2174 1888 2240 quo
1939 2156 2053 2220 siat
2103 2156 2330 2239 praeju-

831 2254 1075 2317 dicium
1105 2256 1377 2317 veritati.
1414 2256 1801 2330 Secundum,
1835 2255 2019 2319 dolus
2055 2263 2119 2317 et
2153 2254 2326 2317 fraus

831 2353 991 2415 nulli
1031 2352 1267 2416 debent
1311 2354 1712 2436 patrocinari.
1756 2353 2061 2428 Tertium,
2110 2352 2328 2416 nullus

829 2468 945 2532 pro
978 2450 1103 2513 alio
1141 2457 1393 2513 tenetur
1433 2452 1711 2514 mentiri.
1748 2452 2076 2525 Quartum,
2110 2449 2327 2513 nullus

828 2549 967 2611 sine
997 2557 1257 2632 peccato
1289 2550 1540 2613 mortali
1572 2550 1780 2613 reddit
1809 2570 1877 2613 se
1908 2550 2326 2632 impotentem

828 2648 1104 2711 scienter
1144 2649 1220 2710 ad
1264 2649 1326 2712 id
1368 2649 1444 2711 ad
1487 2649 1658 2731 quod
1686 2656 1959 2712 tenetur.
1994 2648 2323 2723 Quintum,

829 2745 992 2808 nihil
1024 2754 1119 2808 est
1148 2746 1554 2809 statuendum
1588 2754 1696 2808 aut
1734 2746 2116 2808 servandum
2159 2746 2326 2808 unde

830 2844 1136 2908 innocens
1182 2852 1396 2927 posset
1438 2843 1901 2907 rationabiliter
1936 2844 2221 2906 accusari
2263 2851 2328 2906 et

828 2942 1261 3015 condemnari,
1296 2950 1359 3003 et
1387 2942 1495 3003 alii
1529 2941 1958 3004 scandalizari.
1993 2942 2082 3003 Ex
2116 2942 2326 3024 prilno

2441 1961 2560 2022 ista
2591 1978 2754 2043 pene
2783 1959 3000 2023 omnia
3027 1960 3247 2041 tangit,
3280 1968 3344 2023 et
3371 1961 3546 2023 addit
3577 1978 3592 2023 z
3627 1962 3693 2023 In
3735 1980 3942 2024 sacra-

2442 2059 2696 2133 mentiS,
2741 2077 2814 2121 ea
2861 2078 3003 2141 quae
3050 2066 3360 2140 geruntur
3405 2060 3706 2133 exteriuS,
3755 2060 3940 2141 signa

2440 2164 2588 2219 sunt
2619 2176 2834 2219 rerum
2864 2176 3005 2239 quae
3035 2156 3207 2219 intus
3247 2158 3642 2239 contingunt.
3677 2158 3938 2220 Confes-

2439 2254 2536 2318 sio
2573 2263 2786 2317 autem
2828 2273 2954 2336 qua
2992 2254 3138 2336 quis
3185 2254 3496 2317 sacerdoti
3538 2274 3606 2317 se
3644 2254 3934 2337 subjicit,

2439 2353 2693 2434 signum
2724 2359 2821 2414 est
2849 2352 3168 2415 interioris
3198 2350 3616 2433 subjectionis
3646 2372 3760 2416 seu
3789 2372 3941 2417 con-

2438 2450 2734 2515 fessionis
2777 2470 2901 2534 qua
2947 2469 3016 2513 se
3061 2450 3327 2532 subjicit
3369 2452 3515 2514 Deo.
3565 2452 3732 2525 Ideo,
3765 2453 3939 2515 sicut

2437 2550 2604 2612 Deus
2636 2558 2893 2633 peccata
2933 2548 3298 2612 confitentis
3340 2550 3519 2632 tegit,
3553 2550 3639 2613 ita
3679 2558 3745 2613 et
3785 2568 3937 2614 con-

2437 2647 2639 2711 sessor
2677 2667 2752 2711 ea
2787 2656 3002 2730 tegere
3041 2647 3247 2711 debet.
3291 2648 3369 2710 Et
3411 2648 3532 2711 hoc
3572 2655 3824 2731 oportet
3865 2650 3933 2711 in

2437 2754 2832 2809 sacramento
2860 2746 3250 2810 Poenitentiae
3280 2744 3651 2827 significari.
3675 2747 3825 2811 Ideo
3854 2748 3934 2810 de

2437 2843 2811 2905 necessitate
2843 2843 3219 2906 sacramenti
3253 2851 3369 2917 est,
3403 2844 3572 2926 quod
3604 2845 3936 2908 consessor

2437 2939 2906 3003 consessionem
2947 2942 3149 3021 celet3
3199 2947 3264 3003 et
3311 2949 3612 3024 tanquam
3663 2944 3938 3007 violator

828 3041 920 3103 sic
951 3057 1147 3123 arguo
1180 3058 1193 3101 :
1230 3039 1551 3121 Contingit
1582 3040 1903 3102 interdum
1936 3047 2006 3101 ut
2040 3039 2325 3102 sacerdo·
2359 3044 2403 3109 C
2436 3039 2814 3101 sacramenti
2845 3040 3096 3101 excedit
3132 3039 3244 3121 qui
3279 3040 3533 3103 revelat.
3571 3041 3648 3103 Et
3677 3040 3796 3104 ista
3827 3060 3936 3105 oc-

826 3139 908 3202 tis
940 3139 1309 3203 testificatio
1338 3140 1695 3202 necessaria
1726 3139 1808 3201 sit
1842 3141 1907 3202 in
1934 3139 2202 3220 judicio,
2239 3139 2324 3202 ita

828 3239 998 3320 quod
1031 3238 1154 3301 nisi
1187 3244 1571 3321 protestetur
1599 3239 1768 3319 quod
1811 3238 2008 3312 novit,
2043 3237 2226 3300 cedet
2257 3239 2321 3300 in

826 3336 1272 3420 praejudicium
1332 3336 1618 3399 veritatis
1673 3344 1863 3418 atque
1915 3336 2199 3418 justitiae.
2257 3336 2321 3399 Si

824 3453 974 3516 ergo
1017 3443 1171 3496 tunc
1214 3434 1472 3497 aliunde
1522 3434 1643 3496 scit
1691 3433 1871 3508 illud,
1920 3441 2127 3517 potest
2175 3433 2322 3496 inde

824 3532 1061 3597 testari.
1114 3533 1205 3595 Ex
1251 3534 1531 3596 secundo
1576 3533 1668 3594 sic
1705 3550 1901 3613 arguo
1944 3549 1957 3594 :
2000 3533 2166 3595 Reus
2209 3532 2322 3594 ali-

826 3633 970 3715 quis
1018 3631 1229 3694 sciens
1280 3630 1589 3694 sacerdoti
1640 3639 1926 3693 constare
1976 3650 2167 3693 suum
2217 3649 2322 3693 ex-

825 3747 1101 3803 cessum,
1153 3736 1444 3790 metuens
1501 3745 1754 3811 quoque
1812 3747 1925 3811 per
1978 3729 2322 3791 sacerdotis

825 3827 1291 3912 attestationem
1327 3845 1439 3889 seu
1465 3825 1786 3907 judicium
1815 3825 2176 3907 dijudicari,
2203 3826 2324 3889 ibit

826 3933 889 3988 et
920 3924 1335 3989 confitebitur
1372 3923 1740 4006 hujusmodi
1782 3925 2093 3988 sacerdoti
2128 3944 2319 3988 suum

823 4043 1155 4087 excessum
1200 4041 1214 4085 :
1256 4023 1476 4106 sicque
1515 4023 1698 4085 dolus
1739 4031 1803 4085 et
1843 4021 2016 4085 sraus
2056 4023 2322 4106 patroci-

823 4121 1149 4184 nabuntur
1196 4121 1273 4184 ad
1318 4121 1605 4184 veritatis
1652 4128 1715 4183 et
1762 4121 2076 4203 aequitatis
2119 4120 2320 4202 jactu-

2435 3139 2696 3232 cultatio
2742 3145 2839 3201 est
2885 3139 2964 3201 de
3004 3139 3150 3220 jure
3190 3138 3430 3214 divino,
3473 3140 3640 3202 sicut
3681 3148 3745 3203 et
3794 3141 3937 3224 ipsa

2435 3236 2773 3311 confessiO,
2805 3237 3098 3319 quamvis
3138 3237 3330 3300 etiam
3369 3238 3534 3321 Papa
3571 3237 3790 3302 divina
3827 3259 3938 3302 au·

2434 3334 2721 3397 ctoritate
2765 3335 2934 3397 idem
2977 3335 3323 3418 praecipiat.

2515 3434 2578 3495 Si
2608 3441 2821 3496 autem
2864 3441 3205 3516 quaeratur,
3239 3452 3317 3496 an
3359 3434 3642 3516 sigillum
3683 3435 3938 3499 confes-

2433 3531 2632 3594 sionis
2661 3532 2738 3594 ad
2769 3531 2894 3595 alia
2923 3551 2989 3595 se
3019 3532 3318 3595 extendat
3348 3551 3538 3614 quam
3571 3534 3649 3597 ad
3683 3552 3759 3597 ea
3787 3553 3934 3617 quae

2433 3630 2668 3692 cadunt
2711 3629 2831 3692 sub
2875 3629 3274 3693 consessione
3317 3648 3331 3692 :
3373 3631 3718 3694 dicendum
3757 3633 3932 3715 quod

2433 3745 2582 3802 non,
2619 3727 2936 3810 loquendo
2979 3728 3218 3791 directe
3241 3745 3258 3809 3
3299 3736 3577 3791 attamen
3619 3729 3933 3794 indirecte

2433 3827 2718 3889 extendit
2747 3845 2814 3889 se
2842 3826 2919 3889 ad
2951 3827 3075 3889 alia
3114 3828 3406 3909 quaedam
3446 3846 3562 3910 per
3599 3847 3742 3910 quae
3781 3847 3932 3912 pec-

2434 3933 2645 3987 catum
2678 3944 2791 3988 seu
2823 3933 3117 4008 peccator
3147 3933 3361 4009 posset
3398 3933 3616 4009 aperte
3647 3935 3758 3989 aut
3789 3945 3934 4010 pro-

2433 4022 2732 4086 babiliter
2768 4023 3180 4105 deprehendi.
3213 4023 3424 4086 Nihilo
3465 4025 3699 4099 minus,
3731 4026 3930 4090 etiam

2432 4120 2555 4183 alia
2602 4139 2853 4184 summo
2903 4129 3053 4183 sunt
3099 4121 3312 4184 studio
3359 4121 3736 4186 occultanda
3783 4142 3930 4206 pro·

824 4239 981 4294 ram,
1014 4220 1067 4282 si
1112 4238 1239 4283 non
1284 4221 1471 4282 liceat
1509 4220 1819 4283 sacerdoti
1862 4220 2106 4282 crimen
2148 4221 2317 4301 quod
2351 4224 2402 4286 D
2433 4228 2575 4302 pter
2603 4221 2984 4303 pronitatem
3014 4239 3156 4302 quae
3185 4238 3264 4282 ex
3295 4221 3758 4284 consuetudine
3790 4241 3932 4306 pos-

821 4320 1080 4383 aliunde
1120 4320 1261 4394 scit,
1307 4318 1660 4401 propalare.
1708 4319 1797 4381 Ex
1841 4319 2027 4381 tertio
2069 4337 2314 4401 arguo:

822 4417 888 4480 Si
919 4418 1207 4480 sacerdos
1238 4436 1275 4479 a
1302 4434 1418 4479 suo
1447 4417 1752 4498 superiori
1784 4417 2124 4499 requiritur
2153 4437 2322 4480 man-

824 4516 969 4579 dato
998 4516 1211 4579 dicere
1240 4515 1572 4580 veritatem
1605 4514 1671 4576 in
1702 4514 2061 4578 rationabili
2104 4535 2314 4592 causa,

824 4632 953 4678 non
1001 4622 1210 4699 potest
1250 4613 1390 4677 sine
1438 4612 1771 4676 mendacio
1812 4612 2045 4688 dicere,
2090 4613 2318 4678 Nescio

825 4714 967 4789 hoc,
1002 4714 1056 4776 si
1098 4714 1291 4776 etiam
1334 4720 1510 4775 extra
1552 4711 2017 4776 confessionem
2061 4713 2182 4776 hoc
2213 4731 2320 4777 no-

825 4820 959 4875 scat
992 4830 1006 4875 :
1042 4830 1192 4895 ergo
1222 4813 1285 4874 in
1318 4812 1429 4874 tali
1459 4831 1609 4875 casu
1639 4818 1849 4894 potest
1876 4818 1940 4874 et
1978 4811 2168 4876 debet
2197 4813 2317 4875 hoc

2431 4327 2528 4381 set
2569 4318 2745 4393 oriri,
2787 4326 2852 4381 et
2893 4325 3152 4401 propter
3191 4319 3348 4382 alias
3390 4337 3631 4382 causas,

2511 4417 2823 4490 Quaeritur
2851 4434 3129 4499 quoque,
3160 4435 3243 4480 an
3283 4418 3458 4481 solus
3495 4419 3791 4482 sacerdos
3823 4420 3929 4483 ha-

2429 4515 2576 4578 beat
2623 4515 3044 4579 confessionis
3091 4516 3394 4598 sigillum.
3440 4516 3706 4580 Videtur
3750 4521 3927 4601 quod

2429 4632 2579 4689 non,
2612 4614 2763 4697 quia
2804 4615 3126 4678 interdum
3169 4615 3316 4697 quis
3354 4635 3469 4699 per
3505 4617 3922 4700 interpretem

2429 4712 2792 4776 confitetur.
2826 4713 3014 4776 Laico
3051 4713 3245 4776 etiam
3287 4715 3352 4775 in
3391 4733 3540 4778 casu
3579 4716 3922 4780 necessita-

2427 4813 2509 4876 tis
2557 4813 2708 4875 licet
2754 4811 3218 4875 consessionem
3269 4812 3512 4888 audire,
3560 4813 3744 4895 juxta
3795 4834 3924 4880 mo·

2428 4913 2582 4974 dum
2626 4910 3070 4994 praehabitum.
3101 4947 3176 4958 -—-
3222 4913 3298 4975 Et
3337 4912 3703 4990 dicendum,
3749 4917 3919 4999 quod
4003 4935 4076 4992 cs.
4109 4933 4201 4976 ‹it-2.

2429 5010 2713 5092 sigillum
2773 5009 3192 5073 confessionis
3253 5013 3552 5076 convenit
3606 5015 3918 5080 sacerdoti
3943 4999 4154 5054 ‘'¹¹⁹‘'·⁷·
4264 5057 4265 5062 κ

2429 5118 2732 5191 tanquam
2763 5108 3058 5172 ministro
3087 5109 3270 5173 istius
3299 5113 3719 5177 sacramenti:
3748 5115 3920 5197 quod

2430 5207 2712 5289 sigillum
2771 5215 2868 5270 est
2924 5206 3214 5271 debitum
3272 5209 3518 5273 celandi
3577 5211 3922 5278 confessio-

2431 5325 2602 5381 nem,
2627 5306 2794 5368 sicut
2822 5306 3018 5369 clavis
3047 5313 3145 5369 est
3173 5315 3448 5391 potestas
3477 5309 3786 5375 solvendi.
3811 5314 3923 5378 Ve-

822 4913 1090 4995 aperire.
1125 4911 1216 4973 Ex
1242 4918 1471 4993 quarto
1498 4909 1591 4972 sic
1620 4928 1815 4992 arguo
1848 4928 1863 4972 :
1897 4911 2200 4974 Sacerdos
2232 4912 2320 4973 in·

824 5011 1074 5074 terdum
1108 5008 1470 5072 confessum
1509 5026 1808 5071 accusare
1850 5015 2105 5072 tenetur
2147 5010 2319 5091 apud

823 5110 1155 5193 praelatum
1224 5125 1412 5170 suum
1482 5107 1560 5169 de
1627 5106 1896 5170 crimine
1959 5108 2320 5190 periculoso

822 5209 993 5293 quod
1040 5207 1202 5271 vidit
1249 5213 1314 5270 et
1360 5225 1438 5269 ex
1486 5204 1885 5269 confessione
1932 5207 2258 5287 cognoscit
2302 5225 2316 5270 :

823 5327 974 5396 ergo
1020 5308 1075 5371 si
1122 5314 1276 5369 tunc
1325 5305 1509 5368 illum
1555 5323 1857 5368 accusare
1906 5323 2032 5368 non
2080 5313 2316 5390 posset,
