4267 6250
1017 496 2789 559 om.xvusma;oum1:ocmsu·scsrmmno
3334 482 3459 547 “7

343 677 460 741 tiae
497 676 722 741 Deum
757 675 1078 739 timentis.
1109 674 1244 749 Qui
1279 672 1458 737 enim
1485 673 1678 736 timet
1701 671 2030 752 judicium
2055 672 2205 751 Dei,
2230 676 2573 753 peccatum
2602 689 2737 737 non
2766 672 3093 739 erubescit
3116 674 3413 739 confiteri
3434 694 3455 737 ε

341 792 682 872 perfectus
715 791 920 853 timor
961 789 1166 853 solvit
1201 805 1468 852 omnem
1518 787 1864 869 pudorem.
1903 784 2248 849 Confessio
2287 790 2537 869 peccati
2582 789 2905 871 pudorem
2950 789 3171 870 babet,
3212 793 3278 855 et
3314 792 3459 872 ipsa

341 907 804 971 erubescentia
839 908 940 969 ost
973 907 1198 987 gravis
1233 922 1448 987 poena.
1489 904 1778 983 Ideoque
1808 900 2124 981 Jubemur
2166 901 2485 965 confiteri·
2502 906 2789 985 peccata,
2820 906 2897 967 ut
2936 904 3456 969 erubescentiam

339 1025 682 1106 patiamur
718 1040 838 1104 pro
877 1039 1072 1104 poena
1110 1044 1128 1085 ε
1167 1039 1324 1085 nam
1359 1022 1486 1085 hoc
1521 1019 1743 1100 ipsum
1779 1035 1934 1101 pars
1969 1017 2069 1081 est
2103 1017 2317 1080 divini
2344 1018 2606 1098 judicii.
2644 1019 2717 1083 Si
2754 1036 2911 1101 ergo
2946 1023 3287 1102 quaeritur,
3324 1039 3411 1085 an
3432 1018 3457 1043 “

341 1142 678 1206 confessio
715 1143 806 1206 sit
849 1141 1241 1217 necessaria,
1281 1154 1492 1220 quum
1537 1137 1606 1197 in
1645 1133 2036 1197 contritione
2075 1131 2219 1212 jam
2256 1132 2547 1197 deletum
2592 1135 2679 1197 sit
2714 1138 3095 1217 peccatum3
3144 1137 3453 1217 dicimus,

343 1258 512 1338 quia
543 1260 852 1339 quaedam
898 1259 1162 1341 punitio
1197 1254 1446 1337 peccati
1493 1252 1616 1330 est,
1655 1250 1830 1313 sicut
1871 1247 2237 1312 satisfactio
2284 1249 2527 1330 operis.
2566 1250 2694 1315 Per
2732 1253 3213 1317 confeoeionem
3256 1255 3459 1318 etiam

345 1374 666 1456 intelligit
713 1375 1046 1454 sacerdoS,
1085 1372 1369 1455 qualiter
1402 1368 1638 1433 debeat
1677 1366 1976 1446 judicare
2019 1365 2102 1428 de
2150 1365 2465 1445 crimine3
2506 1384 2625 1447 per
2666 1385 2815 1432 eam
2860 1386 3125 1451 quoque
3158 1372 3462 1451 peccator

347 1492 428 1555 fit
474 1490 798 1555 humilior
841 1492 910 1555 et
953 1490 1230 1554 cautior.

929 1826 1290 1892 SUMMA

427 1988 1038 2047 msrmcrlouls
1093 1984 1788 2042 SEPTmAEnEcmAE

479 2239 1004 2305 RAEINDUCTA
1063 2255 1210 2301 mox
1264 2235 1674 2299 distinctione
1729 2241 1858 2296 tra·

505 2340 708 2402 ctavit
751 2338 1048 2420 Magister
1091 2338 1172 2399 de
1217 2335 1425 2398 tribus
1467 2333 1859 2416 poenitentiae

353 2438 670 2521 partibus.
731 2438 848 2499 Hic
909 2436 1080 2498 circa
1137 2453 1246 2497 eas
1307 2433 1556 2496 inducit
1611 2431 1860 2513 aliquas

351 2538 766 2619 quaestiones,
807 2554 950 2617 quae
983 2536 1086 2615 (ut
1133 2532 1374 2613 innuit)
1409 2549 1528 2594 suo
1571 2539 1860 2611 tempore

350 2634 746 2698 videbantur
781 2632 1086 2695 difficiles
1125 2641 1191 2694 et
1225 2630 1536 2703 obscurae,
1567 2627 1862 2711 quamvis

353 2742 620 2817 propter
663 2731 1181 2795 evidentissimas
1223 2729 1556 2792 doctorum
1605 2744 1862 2809 respou-

351 2832 570 2896 siones
615 2830 808 2894 modo
849 2830 981 2893 sint
1021 2828 1208 2891 clarae
1255 2846 1331 2889 ac
1368 2826 1610 2890 faciles.
1653 2825 1864 2888 Prima

1883 1742 1934 1805 A
1963 1743 2139 1805 euim
2182 1763 2262 1807 ex
2304 1763 2421 1807 sua
2462 1747 2707 1811 ratione
2748 1748 3049 1831 importat
3092 1758 3339 1816 motum
3380 1750 3463 1813 ad

1961 1841 2295 1922 justitiam.
2340 1845 2595 1908 Justitia
2638 1865 2813 1922 vero,
2858 1850 3213 1913 secundum
3260 1850 3463 1913 Philo—

1965 1940 2239 2021 sophum
2282 1942 2511 2023 quinto
2552 1944 2945 2019 Ethicorum,
2977 1947 3319 2029 tripliciter
3358 1969 3463 2011 su-

1967 2039 2181 2101 mitur.
2208 2040 2438 2116 Primo,
2462 2049 2533 2105 ut
2560 2052 2659 2105 est
2686 2045 2983 2127 specialis
3012 2046 3238 2121 virtuS,
3258 2067 3467 2129 mqua-

1967 2137 2212 2201 litatem
2242 2141 2635 2204 constituens
2670 2143 2736 2205 in
2766 2146 3371 2209 commutationibus
3399 2155 3467 2210 et

1965 2236 2529 2302 distributionibus
2570 2240 2887 2305 bonorum
2924 2262 3069 2326 quai
3110 2246 3468 2309 necessaria

1967 2342 2118 2396 sunt
2150 2335 2213 2396 in
2244 2335 2391 2398 vita.
2426 2337 2739 2413 Secundo,
2773 2349 2843 2402 ut
2875 2349 2974 2403 est
3006 2360 3239 2406 nomen
3278 2362 3463 2425 gene-

1969 2432 2098 2495 rale
2146 2433 2227 2495 ad
2272 2450 2497 2497 omnes
2545 2436 2833 2511 virtutes,
2882 2441 3237 2503 secundum
3293 2442 3465 2523 quod

1967 2532 2219 2593 ordinat
2244 2541 2427 2595 actus
2462 2552 2683 2597 earum
2721 2537 2801 2599 ad
2839 2537 3081 2601 bonum
3120 2557 3465 2603 commune

1969 2630 2323 2693 secundum
2373 2630 2531 2713 legis
2573 2633 3011 2699 directionem.
3055 2637 3265 2700 Tertio
3308 2638 3466 2701 dicit

1969 2728 2371 2791 rectitudinis
2398 2737 2633 2793 statum
2666 2732 2732 2794 in
2761 2732 3021 2797 homine
3043 2744 3353 2816 quantum
3384 2738 3465 2799 ad

1971 2834 2181 2907 partes
2218 2827 2384 2908 ejus,
2416 2839 2607 2911 prout
2648 2850 2777 2893 una
2822 2850 2969 2913 pars
3008 2832 3241 2897 animae
3282 2853 3467 2917 supe-

353 2938 474 3004 est,
505 2950 588 2993 an
633 2930 774 2993 sine
815 2927 1218 2992 confessione
1261 2924 1702 2990 sacramentali
1750 2924 1859 2986 ho-
1886 2923 1935 2986 B
1971 2925 2122 2987 riori
2172 2944 2289 2989 suo
2336 2926 2699 3008 subjicitur,
2752 2938 2971 3011 utpote
3020 2930 3148 2994 Deo
3198 2940 3310 2995 aut
3354 2933 3467 2996 alii

359 3028 519 3091 mini
559 3027 752 3101 facta,
783 3026 1024 3089 dimitti
1061 3025 1308 3107 possint
1336 3031 1618 3107 peccata,
1651 3030 1717 3085 et
1748 3022 1857 3084 ho-

357 3145 466 3191 mo
495 3133 796 3210 peccator
831 3125 1062 3188 salvari
1097 3142 1112 3186 :
1144 3125 1480 3206 arguitque
1523 3141 1640 3206 pro
1683 3130 1859 3205 parte

359 3233 632 3308 utraque
681 3243 798 3308 per
841 3222 1252 3287 auctoritates
1299 3222 1710 3300 Sanctorum3
1753 3221 1859 3282 de-

355 3324 510 3387 inde
545 3323 761 3398 solvit,
792 3331 857 3385 et
885 3342 1030 3404 quai
1059 3321 1143 3384 ab
1181 3321 1458 3383 invicem
1498 3319 1858 3383 discordare

357 3421 763 3496 videbantur,
807 3420 1166 3484 concordat.
1209 3419 1450 3481 Deinde
1493 3416 1722 3500 quaerit
1761 3436 1856 3480 se-

357 3521 590 3594 cundo,
650 3540 732 3583 an
789 3519 912 3583 soli
969 3520 1100 3582 Deo
1155 3517 1440 3580 sufficiat
1497 3515 1857 3579 mentaliter

354 3620 651 3684 confiteri
686 3640 703 3685 ε
735 3621 1038 3702 quocirca
1075 3617 1360 3700 procedit
1393 3617 1560 3679 sicut
1591 3623 1656 3678 et
1687 3616 1857 3678 circa

354 3720 820 3801 praecedentem
882 3717 1326 3800 quaestionem.
1377 3714 1590 3777 Tertio
1637 3714 1855 3777 scisci-

353 3825 544 3892 tatur,
582 3835 666 3878 an
713 3814 1156 3879 confitendum
1203 3814 1290 3876 sit
1335 3812 1500 3876 laico
1546 3813 1612 3874 in
1655 3819 1858 3874 extre—

354 3915 498 3988 miS,
549 3915 608 3976 si
663 3913 833 3976 desit
885 3911 1204 3975 sacerdos,
1254 3911 1535 3973 Tandem
1594 3911 1660 3972 in
1718 3908 1853 3972 fine

353 4011 784 4075 distinctionis
825 4009 1108 4073 breviter
1137 4009 1340 4090 tangit
1363 4007 1676 4074 ,utilitates
1711 4025 1856 4071 con-

353 4110 652 4173 fessionis
695 4108 1190 4172 sacramentalis.

673 4427 1150 4502 QUAESTIO
1218 4425 1552 4489 PRIMA

505 4703 570 4766 Ic
614 4700 925 4784 quaeritur
962 4699 1194 4782 primo,
1227 4701 1436 4780 Quid
1471 4701 1584 4767 sit
1611 4699 1857 4781 juzu-

534 4802 832 4881 ficatio,
843 4801 930 4866 et
955 4800 1052 4865 de
1081 4797 1216 4866 ms
1241 4814 1416 4880 quae
1443 4801 1855 4882 requirun-

357 4901 496 4968 tur
535 4900 639 4968 ad
677 4901 964 4980 ipsam.

424 4999 516 5062 Ad
547 4999 671 5061 hoc
701 4997 762 5060 S.
784 4996 1054 5060 Thomas
1083 4996 1456 5079 respondet:
1479 4995 1858 5060 Justificatio

359 5097 596 5179 itaque,
639 5104 712 5158 ut
747 5096 1022 5159 habetu‘r
1059 5095 1126 5157 in
1168 5095 1388 5158 Glossa
1427 5095 1505 5158 ad
1544 5095 1857 5160 Romanos

359 5202 604 5269 octav0,
654 5202 755 5257 est
799 5192 1094 5257 remissio
1145 5198 1550 5276 peccatorum
1599 5200 1664 5255 et
1709 5212 1858 5257 con-

1969 3024 2134 3104 parti
2174 3025 2403 3089 animae
2443 3026 2739 3107 digniori.
2770 3028 2943 3091 Hanc
2976 3028 3291 3110 justitiam
3330 3031 3471 3095 Phi-

1970 3121 2274 3204 losophus
2336 3125 2837 3207 metaphoricam
2893 3137 3099 3203 vocat,
3159 3148 3237 3194 eo
3294 3130 3466 3212 quod

1967 3219 2237 3284 diver-sm
2263 3221 2542 3285 hominis
2572 3233 2783 3307 partes
2810 3237 2959 3290 sunt
2988 3229 3171 3311 quasi
3201 3230 3467 3294 diversa

1969 3337 2275 3399 persouae.
2300 3320 2447 3394 Quae
2478 3323 2790 3387 rectitudo
2817 3344 2935 3407 per
2964 3327 3467 3410 unumquodque

1969 3424 2305 3497 peccatum
2342 3418 2653 3494 aufertur,
2682 3429 2875 3504 atque
2915 3442 3031 3505 per
3064 3425 3333 3506 gratiam
3374 3445 3469 3488 re-

1969 3522 2245 3596 paratur.
2279 3516 2455 3580 Unde
2498 3526 2563 3580 et
2604 3520 2741 3582 haec
2781 3519 3033 3600 justitia
3079 3523 3315 3586 dicitur
3358 3543 3465 3607 ge-

1965 3613 2223 3687 neraliS,
2248 3614 2313 3676 in
2342 3623 2653 3697 quantum
2686 3619 3015 3682 universas
3044 3622 3316 3684 includit
3344 3622 3467 3686 vir-

1967 3719 2133 3775 tutes
2168 3730 2183 3774 :
2218 3731 2345 3776 non
2384 3733 2501 3796 per
2534 3716 2796 3780 modum
2826 3718 3021 3782 totius
3060 3721 3463 3796 universalis»,

1965 3810 2131 3873 sicut
2168 3814 2535 3893 praecedens
2575 3814 2846 3895 justitia,
2890 3819 3001 3881 sed
3044 3838 3160 3901 per
3202 3820 3464 3883 modum

1965 3909 2161 3971 totius
2202 3909 2561 3990 integmlis3
2592 3921 2657 3975 et
2688 3922 2899 3978 motus
2935 3917 3015 3978 ad
3056 3917 3243 3981 istam
3278 3918 3465 4000 justi-

1966 4007 2121 4069 tiam
2175 4007 2555 4088 justificatio
2611 4012 2995 4077 nominatur.
3049 4016 3119 4078 ln
3176 4017 3467 4098 quolibet

1890 4104 1934 4169 C
1964 4113 2177 4167 autem
2218 4114 2394 4169 motu
2427 4117 2523 4170 est
2554 4128 2841 4174 recessus
2868 4131 2907 4174 a
2938 4114 3212 4179 termino
3241 4137 3283 4176 a
3312 4137 3465 4196 quo,

1964 4203 2076 4284 qui
2107 4205 2389 4286 tangitur
2416 4225 2617 4288 quum
2649 4208 3227 4284 dicitur,Remissio
3251 4234 3469 4298 pecca-

1965 4308 2209 4383 torum3
2236 4311 2302 4366 et
2327 4323 2623 4368 accessus
2651 4307 2729 4370 ad
2759 4311 3105 4374 terminum
3133 4316 3224 4374 ad
3250 4334 3464 4393 quem,

1965 4401 2077 4484 qui
2114 4403 2397 4483 tangitur
2433 4423 2633 4486 quum
2662 4407 2860 4482 addit,
2892 4408 2970 4470 Et
3000 4413 3467 4477 consummatio

1964 4500 2281 4564 bonorum
2316 4519 2605 4585 operum.
2638 4541 2718 4550 —
2750 4506 2814 4569 Si
2851 4515 3065 4571 autem
3097 4509 3461 4591 objiciatur,

1965 4600 2134 4681 quod
2186 4603 2655 4667 consummatio
2704 4604 3017 4669 bonorum
3068 4625 3337 4690 operum
3397 4610 3464 4673 in

1965 4698 2317 4780 poenitente
2361 4700 2440 4762 fit
2482 4719 2599 4783 per
2637 4703 3169 4786 satisfactionem3
3202 4709 3311 4771 sed
3354 4709 3463 4772 ho-

1965 4815 2066 4860 mo
2091 4797 2489 4878 justificatur
2515 4819 2631 4883 per
2658 4801 2857 4864 solam
2888 4805 3329 4868 contritionem
3356 4826 3465 4870 an-

1967 4904 2028 4958 te
2057 4895 2557 4960 satisfactionem
2584 4914 2598 4959 :
2622 4917 2771 4980 ergo
2798 4899 3178 4980 justificatio
3210 4920 3337 4966 non
3368 4913 3468 4968 est

1967 4996 2435 5059 consummatio
2462 4996 2773 5060 bonorum
2802 5016 3083 5080 operum.
3096 5000 3463 5078 Dicendum,

1968 5095 2139 5178 quod
2164 5095 2544 5175 justificatio
2572 5095 2915 5179 dupliciter
2942 5099 3211 5181 capitur.
3230 5102 3461 5180 Primo,

1971 5201 2160 5276 prout
2202 5195 2653 5277 correspondet
2695 5195 2775 5257 ad
2815 5194 3159 5276 justificari
3192 5215 3207 5261 :
3240 5199 3463 5283 sicque

365 5293 710 5356 summatio
764 5291 1082 5356 bonorum
1137 5307 1425 5372 operum.
1475 5290 1858 5356 Justificatio
1890 5294 1941 5356 D
1969 5291 2126 5355 dicit
2170 5299 2413 5356 motum
2456 5294 2536 5356 ad
2580 5294 2948 5376 praedictam
2986 5295 3319 5376 justitiam.
3355 5299 3463 5364 Se-

3510 1044 3731 1101 ...d
