4267 6250
532 2470 693 2527 Csspssl
702 2474 725 2515 3
734 2470 793 2515 A'.

826 498 947 563 514

1436 517 1499 563 m
1540 516 1763 563 unnim
1804 514 1865 561 IV
1906 511 2392 561 summanum
2432 528 2514 541 --
2555 512 2706 558 DIST.
2748 510 2942 574 xvl113
2983 510 3208 567 QUAEST.
3252 510 3314 555 lv

742 776 747 781 ⁸
828 707 918 763 se,
952 694 1023 751 ut
1060 687 1341 751 secundo
1378 687 1613 750 dicitur
1641 684 2048 763 Ethicorum3
2080 683 2327 766 sapien·
2356 682 2408 746 A
2439 681 2574 745 sive
2623 680 2708 745 sit
2759 681 2951 763 justa,
3003 679 3139 745 sive
3195 678 3454 760 injusta,
3501 674 3788 753 timenda
3839 679 3940 736 est

826 788 1035 868 tisque
1084 785 1317 849 medici
1366 786 1469 859 sit,
1506 804 1542 847 a
1592 782 1939 847 levioribus
1986 800 2061 844 ac
2112 780 2326 843 minus

826 883 1204 967 periculosis
1252 884 1535 967 incipere
1582 881 1917 945 medicinis
1962 898 1976 943 :
2020 880 2172 942 hinc
2221 897 2326 941 ex-

825 982 1321 1045 communicatio
1382 999 1510 1045 non
1579 980 1768 1043 debet
1833 996 1951 1062 pro
2014 996 2326 1060 quocum-

824 1100 948 1163 que
980 1080 1229 1143 mortali
1264 1087 1523 1163 peccato
1551 1078 1779 1160 infligi,
1796 1078 1921 1140 nisi
1962 1078 2156 1140 homo
2185 1093 2330 1139 con-

823 1186 1042 1241 tumax
1103 1178 1465 1241 inveniatur
1520 1195 1649 1240 non
1714 1176 2162 1258 comparendo,
2224 1174 2326 1235 vel

824 1284 970 1339 ante
1020 1276 1399 1339 sententiam
1450 1276 1590 1338 sine
1643 1274 1901 1337 licentia
1946 1272 2322 1346 recedendo,

824 1380 935 1436 aut
976 1374 1305 1437 sententiae
1352 1391 1477 1437 non
1529 1373 1829 1456 parendo.
1866 1372 2041 1434 Tunc
2082 1370 2325 1453 quippe

826 1471 879 1534 si
930 1472 1211 1535 monitus
1266 1470 1527 1534 obedire
1578 1468 2054 1552 contempserit,
2107 1473 2326 1531 contu-

826 1588 971 1631 max
1002 1575 1331 1651 reputatur
1356 1588 1430 1632 ac
1469 1567 2061 1631 excommunicatur
2087 1585 2126 1629 a
2160 1565 2326 1646 judi·

824 1686 919 1743 ce,
947 1668 1059 1750 qui
1089 1685 1217 1730 non
1247 1668 1441 1730 habet
1466 1667 1622 1749 quid
1651 1665 1931 1748 amplius
1961 1664 2156 1726 faciat
2184 1682 2326 1727 con·

822 1771 920 1827 tra
966 1764 1180 1827 talem.
1218 1765 1435 1847 ltaque
1486 1782 1613 1827 non
1663 1779 1780 1845 pro
1826 1762 1960 1825 solo
2008 1760 2322 1843 corporali

2435 780 2719 867 gregi3—
2731 780 2825 843 Ad
2855 778 3178 861 objectum
3209 795 3361 860 ergo
3389 773 3938 857 dicendum,quod

2437 879 2730 960 quamvis
2773 878 2966 941 homo
3009 878 3276 958 gratiam
3321 875 3434 939 Dei
3479 874 3716 955 injuste
3751 872 3940 935 amit-

2437 984 2572 1040 tere
2621 984 2917 1059 nequeat,
2951 982 3160 1058 potest
3205 981 3420 1037 tamen
3470 972 3708 1053 injuste
3754 970 3944 1033 amit-

2438 1082 2572 1137 tere
2601 1094 2676 1137 ea
2713 1094 2855 1157 quae
2891 1093 2970 1137 ex
3008 1080 3186 1156 parte
3225 1078 3439 1135 nostra
3479 1070 3828 1152 disponunt
3857 1067 3939 1130 ad

2438 1174 2704 1254 gratiam
2741 1189 2755 1235 :
2791 1180 2862 1235 ut
2899 1172 2952 1235 si
2991 1170 3401 1235 subtrahatur
3435 1168 3632 1231 alicui
3663 1166 3940 1230 verbum

2439 1271 2714 1334 salubris
2753 1270 3056 1333 doctrinae
3095 1288 3238 1353 quae
3267 1268 3327 1331 ei
3366 1266 3634 1330 debetur
3667 1282 3680 1327 :
3715 1264 3940 1347 sicque

2438 1368 3016 1433 excommunicatio
3055 1366 3374 1430 subtrahit
3413 1364 3701 1446 gratiam.

2517 1467 2832 1549 Amplius,
2855 1466 3150 1550 quamvis
3177 1464 3377 1547 aliqui
3405 1463 3622 1527 dicant
3647 1461 3938 1525 sacerdo-

2437 1573 2532 1628 tes
2579 1566 2771 1628 etiam
2821 1563 3214 1647 parochiales
3261 1580 3447 1646 posse
3493 1560 3938 1624 excommuni-

2436 1682 2603 1739 care,
2655 1663 3048 1747 probabilior
3087 1670 3299 1725 tamen
3345 1661 3566 1743 opinio
3599 1666 3721 1733 est,
3765 1658 3938 1721 solos

2436 1762 2772 1845 episcopos
2811 1769 2876 1824 et
2912 1760 3272 1843 superiores
3301 1759 3593 1842 praelatos
3630 1757 3751 1820 hoc
3789 1774 3937 1839 pos-

822 1861 1075 1938 damno,
1120 1862 1230 1924 sed
1276 1880 1392 1945 pro
1440 1868 1700 1944 peccato
1751 1860 2128 1942 gravissimo
2174 1877 2322 1921 reus
2359 1862 2406 1924 B
2435 1879 2504 1923 se
2537 1876 2550 1921 ε
2587 1860 2738 1943 quia
2767 1878 2880 1941 per
2913 1856 3640 1921 excommunicationem
3677 1855 3872 1918 homo
3899 1873 3940 1916 a

820 1961 1450 2039 excommunicatur;
1483 1978 1602 2023 nec
1646 1959 1931 2022 redditur
1972 1958 2033 2021 ei
2078 1957 2322 2021 malum

821 2076 939 2141 pro
982 2058 1171 2134 malo,
1206 2058 1318 2121 sed
1353 2058 1526 2139 justa
1563 2056 1900 2120 retributio
1939 2075 2065 2139 qua
2109 2073 2325 2118 emen-

824 2156 1029 2218 detur.

902 2254 1171 2335 Insuper
1210 2253 1653 2334 interrogatur,
1693 2271 1775 2315 an
1814 2251 2324 2314 excommunica-

824 2352 913 2415 tio
947 2352 1183 2432 injuste
1216 2352 1339 2414 lata
1366 2352 1667 2414 sortiatur
1700 2350 2026 2413 effectum.
2058 2349 2324 2411 Videtur

826 2449 995 2532 quod
1033 2467 1182 2523 non,
1215 2449 1367 2532 quia
1400 2450 1503 2531 (ut
1536 2449 1770 2532 patuit)
1806 2466 1921 2530 per
1960 2465 2323 2510 excommu-

823 2548 1210 2613 nicationem
1274 2549 1563 2630 privatur
1622 2548 1814 2611 homo
1877 2545 2322 2629 spiritualibus

820 2646 1025 2710 boniS.
1058 2682 1140 2691 —
1167 2646 1245 2709 Et
1285 2646 1825 2728 respondendum,
1858 2645 2030 2728 quod
2072 2661 2322 2707 excom-

821 2743 1169 2807 municatio
1211 2750 1473 2806 vocatur
1516 2742 1755 2823 injusta
1800 2741 2160 2825 dupliciter.
2195 2741 2322 2804 Pri-

818 2860 945 2917 mo,
998 2860 1075 2905 ex
1125 2848 1304 2925 parte
1353 2841 1991 2914 excommunicantis,
2039 2841 2193 2902 dum
2241 2858 2320 2902 ex

816 2941 912 3003 ira
954 2948 1064 3003 aut
1110 2941 1259 3003 odio
1302 2948 1413 3003 aut
1456 2938 1653 3001 simili
1684 2939 1926 3002 „vitiosa
1962 2938 2174 3001 radice
2217 2956 2321 3001 ex-

2435 1958 2889 2022 communione
2917 1956 3212 2020 fidelium
3240 1961 3582 2038 separatur,
3597 1953 3768 2036 quod
3795 1971 3939 2035 per-

2433 2055 2594 2119 tinet
2645 2057 2725 2119 ad
2778 2054 2992 2119 forum
3050 2054 3352 2129 exterius,
3403 2070 3530 2116 non
3585 2052 3668 2115 ad
3723 2050 3938 2134 poeni-

2430 2154 2647 2217 tentiae
2694 2154 2930 2228 forum,
2983 2153 3052 2216 in
3097 2170 3226 2235 quo
3275 2170 3466 2215 causa
3511 2150 3722 2232 agitur
3769 2149 3938 2212 inter

2431 2252 2762 2315 hominem
2808 2258 2874 2315 et
2919 2252 3142 2314 Deum.
3186 2251 3332 2313 Ideo
3380 2249 3497 2312 soli
3546 2248 3614 2311 hi
3662 2256 3936 2331 possunt

2431 2352 2986 2415 excommunicare
3016 2350 3128 2432 qui
3156 2349 3394 2411 habent
3416 2347 3933 2430 jurisdictionem

2433 2449 2498 2511 in
2539 2449 2678 2512 foro
2715 2448 3036 2523 exteriori,
3070 2455 3140 2509 ut
3179 2454 3328 2509 sunt
3366 2445 3652 2529 episcopi
3696 2451 3761 2507 et
3799 2463 3932 2507 ma-

2426 2546 2598 2628 jores
2643 2547 2907 2631 praelati,
2940 2564 3068 2609 non
3109 2544 3503 2628 parochiales
3547 2542 3930 2627 presbyteri,

2429 2646 2555 2709 nisi
2585 2665 2663 2709 ex
2703 2645 3156 2709 commissione
3185 2645 3280 2707 eis
3319 2643 3506 2718 facta,
3539 2642 3641 2706 vel
3673 2643 3740 2705 in
3771 2643 3934 2705 casi-

2429 2743 2549 2806 bus
2579 2745 2794 2819 certiS,
2817 2752 2888 2806 ut
2918 2744 2983 2806 in
3015 2744 3209 2819 furto,
3243 2743 3466 2825 rapina
3495 2749 3560 2804 et
3585 2740 3938 2805 consimili-

2429 2842 2571 2917 bus,
2591 2843 2655 2905 in
2685 2842 2920 2925 quibus
2949 2842 3046 2905 eis
3073 2861 3112 2905 a
3137 2842 3283 2923 jure
3311 2840 3753 2906 committitur.
3768 2838 3935 2901 Hinc

2428 2958 2683 3023 quoque
2715 2959 2842 3004 non
2882 2941 3262 3013 sacerdoteS,
3295 2938 3643 3001 dummodo
3667 2936 3936 3018 jurisdi-

820 3038 1255 3102 communicat
1285 3054 1300 3099 :
1334 3036 1445 3120 qui
1485 3036 1781 3119 quamvis
1826 3036 1912 3098 ita
1949 3053 2317 3099 excommu-
2349 3042 2393 3107 C
2428 3040 2704 3102 ctionem
2736 3038 3030 3113 habeant,
3054 3045 3324 3121 possunt
3351 3036 3929 3100 excommunicare.

818 3138 1092 3200 nicando
1158 3143 1403 3220 peccet,
1464 3144 1676 3200 tamen
1737 3136 2317 3201 excommunicatio

816 3235 958 3316 ejus
996 3235 1259 3299 sortitur
1295 3233 1625 3309 effectum,
1660 3234 1963 3316 quoniam
2004 3235 2123 3297 iste
2157 3235 2316 3317 pati·

816 3343 921 3398 tur
956 3334 1149 3416 juste,
1183 3334 1333 3397 licet
1370 3334 1482 3396 ille
1518 3340 1661 3415 agat
1704 3334 1963 3415 injuste.
1998 3334 2313 3409 Secundo,

814 3452 892 3496 ex
925 3441 1101 3515 parte
1140 3431 1843 3508 excommunicationiS,
1876 3432 1978 3494 vel
2009 3431 2314 3514 quoniam

814 3549 1005 3594 causa
1042 3530 1727 3595 excommunicationis
1765 3536 1968 3592 exstat
2006 3530 2312 3606 indebita,

812 3629 917 3692 vel
958 3630 1109 3712 quia
1152 3629 1467 3693 sententia
1508 3629 1713 3691 fertur
1754 3628 2183 3711 praetermisso
2220 3646 2316 3691 or·

813 3728 963 3791 dine
1006 3728 1171 3810 juris
1207 3745 1223 3792 ε
1255 3736 1320 3791 et
1360 3736 1516 3791 tunc
1560 3727 1613 3790 si
1662 3727 1747 3790 sit
1787 3727 1931 3791 talis
1980 3745 2158 3790 error
2201 3728 2314 3809 qui

813 3828 1194 3890 sententiam
1226 3827 1446 3890 reddat
1473 3825 1741 3902 nullam,
1775 3844 1901 3890 non
1940 3824 2132 3890 habet
2161 3825 2316 3888 effe-

813 3933 1011 4000 ctum,
1063 3925 1215 4008 quia
1257 3942 1386 3987 non
1434 3932 1531 3988 est
1588 3925 2206 4005 excommunicati03
2257 3923 2312 3986 si

811 4031 1024 4086 autem
1064 4023 1447 4086 sententiam
1487 4041 1615 4086 non
1654 4022 1963 4098 annullet,
1997 4022 2191 4085 habet
2225 4022 2314 4085 ef-

811 4120 1075 4196 fectum,
1109 4129 1173 4184 et
1201 4119 1393 4184 debet
1430 4121 2021 4184 excommunicatus
2052 4121 2313 4183 humili-

2426 3139 2727 3214 Quamvis
2769 3138 2943 3200 enim
2991 3156 3120 3202 non
3158 3136 3436 3200 habeant
3475 3135 3722 3199 clavem
3765 3134 3936 3198 ordi-

2426 3237 2548 3312 nis,
2595 3236 2834 3300 habent
2883 3243 3094 3299 tamen
3144 3235 3391 3298 clavem
3435 3234 3928 3316 jurisdictionis,

2504 3336 2818 3410 Quaeritur
2843 3336 3058 3410 etiam,
3089 3343 3303 3397 utrum
3334 3333 3930 3397 excommunicatus

2421 3443 2533 3496 aut
2581 3453 2932 3517 suspensus
2979 3433 3188 3497 valeat
3233 3432 3813 3496 excommunicare.
3847 3431 3930 3493 Et

2425 3533 2938 3616 respondendum
2970 3533 3140 3615 quod
3169 3550 3320 3606 non,
3341 3531 3642 3614 quoniam
3674 3548 3930 3594 excom-

2425 3632 2786 3694 municatus
2843 3631 3052 3694 omnis
3101 3631 3614 3712 jurisdictionem
3663 3629 3926 3704 amittit,

2425 3749 2624 3813 quum
2667 3749 2704 3792 a
2739 3729 3190 3792 communione
3232 3728 3528 3791 fidelium
3571 3735 3924 3811 separetur.

2425 3829 2658 3892 Eadem
2689 3829 2849 3892 ratio
2878 3836 2976 3891 est
3012 3829 3091 3891 de
3121 3845 3434 3910 suspenso
3463 3845 3504 3889 a
3537 3826 3930 3908 jurisdictio-

2423 3945 2523 3990 ne.
2559 3927 2625 3991 Si
2655 3927 2829 3989 enim
2861 3945 3210 4009 suspensus
3241 3933 3338 3988 est
3365 3933 3614 3988 tantum
3647 3924 3729 3986 ab
3757 3925 3927 3988 ordi-

2423 4044 2525 4102 ne,
2566 4043 2694 4089 non
2742 4032 2952 4108 potest
2995 4043 3072 4088 ea
3120 4043 3264 4106 quae
3310 4024 3556 4088 ordinis
3604 4031 3774 4100 sunt,
3811 4024 3924 4086 sed

2420 4143 2564 4207 quae
2609 4132 2760 4187 sunt
2798 4122 3284 4204 jurisdictionis.
3319 4121 3649 4198 Similiter,
3683 4123 3738 4184 si
3785 4141 3923 4185 sus—

808 4227 907 4283 ter
935 4219 1217 4296 obedire,
1251 4220 1499 4302 eritque
1536 4220 1598 4283 ei
1635 4220 1715 4283 ad
1752 4220 2075 4295 meritum,
2108 4227 2175 4282 et
2207 4219 2311 4283 vel
2341 4226 2390 4288 D
2421 4242 2658 4306 pensus
2687 4229 2784 4285 est
2812 4228 3060 4285 tantum
3087 4240 3126 4284 a
3151 4220 3620 4302 jurisdictione,
3655 4238 3784 4283 non
3815 4238 3922 4303 po-

808 4317 1277 4382 absolutionem
1318 4325 1533 4401 petere
1570 4317 1651 4380 ab
1694 4319 2306 4395 excommunicante,

810 4417 911 4480 vel
942 4417 1019 4480 ad
1049 4417 1334 4497 judicem
1365 4417 1761 4499 superiorem
1794 4435 2140 4480 recurrere.
2174 4418 2314 4480 Por·

809 4533 881 4578 ro
910 4515 965 4578 si
994 4515 1365 4590 contemnit,
1399 4532 1475 4577 eo
1506 4515 1645 4597 ipso
1685 4522 1905 4596 peccat
1934 4515 2304 4579 mortaliter.

811 4613 1134 4696 Contingit
1178 4630 1328 4676 vero
1376 4613 1721 4688 interdum,
1754 4613 1926 4695 quod
1967 4613 2051 4676 sit
2095 4614 2310 4677 debita

809 4732 999 4776 causa
1027 4733 1105 4776 ex
1134 4719 1312 4796 parte
1342 4711 1980 4789 excommunicantiS,
2006 4732 2151 4795 quae
2179 4731 2308 4776 non

807 4819 907 4874 est
932 4810 1147 4873 debita
1174 4829 1251 4873 ex
1284 4817 1463 4893 parte
1500 4810 2033 4874 excommunicati
2052 4827 2068 4872 z
2088 4829 2310 4892 quem-

802 4909 1148 4972 admodum
1190 4908 1342 4972 dum
1383 4907 1531 4992 quis
1573 4925 1690 4991 pro
1728 4909 1999 4971 crimine
2038 4908 2200 4972 falso
2240 4910 2306 4972 in

800 5008 1046 5090 judicio
1087 5005 1353 5091 probato
1392 5008 2021 5088 excommunicatur3
2052 5014 2118 5070 et
2153 5014 2306 5072 tunc

804 5108 857 5170 si
889 5107 1221 5170 humiliter
1260 5107 1554 5180 sustinet,
1587 5105 1969 5169 humilitatis
2001 5107 2304 5170 meritum

804 5211 1248 5287 recompensat
1270 5203 1949 5268 excommunicationis
1978 5204 2303 5268 damnum.

803 5303 963 5366 Hinc
994 5303 1083 5366 ait
1110 5303 1469 5384 GregoriuS,
1488 5304 1657 5386 quod
1690 5303 1960 5386 pastoris
1989 5305 2304 5368 sententia

2419 4328 2544 4385 test
2571 4340 2647 4384 ea
2675 4341 2816 4411 quae
2847 4326 2998 4384 sunt
3021 4319 3512 4401 jurisdictionis,
3531 4319 3642 4382 sed
3671 4337 3748 4382 ea
3775 4338 3920 4402 qum

2418 4419 2681 4484 ordinis.
2735 4419 2798 4481 Si
2847 4435 3198 4501 suspensus
3245 4417 3441 4481 fuerit
3485 4416 3567 4480 ab
3619 4423 3917 4500 utroque,

2418 4516 2671 4580 nullum
2714 4516 2970 4580 illorum
3012 4523 3238 4598 potest.

2499 4615 2590 4677 Ex
2618 4614 2856 4697 quibus
2896 4622 3089 4698 patet,
3121 4614 3292 4697 quod
3331 4614 3522 4676 ho'mo
3561 4631 3688 4676 non
3727 4621 3924 4696 queat

2416 4713 2976 4777 excommunicare
3006 4731 3073 4775 se
3103 4712 3337 4794 ipsum,
3351 4730 3471 4774 nec
3501 4711 3919 4793 superiorem,

2419 4831 2627 4895 neque
2674 4810 2984 4894 aequalem
3019 4828 3034 4872 ε
3069 4810 3220 4892 quia
3271 4810 3338 4872 in
3386 4809 3638 4872 nullum
3687 4808 3921 4873 horum

2417 4910 2610 4973 habet
2643 4908 3178 4991 jurisdictionem,
3213 4908 3324 4971 sed
3364 4914 3612 4970 tantum
3653 4906 3720 4970 in
3761 4907 3922 4972 infe-

2417 5009 2674 5083 riorem,
2706 5007 2894 5088 cujus
2941 5013 3006 5068 et
3045 5005 3243 5087 judex
3291 5006 3638 5068 consistere
3685 5015 3913 5088 potest.

2415 5107 2531 5171 Par
2557 5113 2770 5169 autem
2803 5106 2870 5167 in
2894 5123 3114 5188 parem
3147 5120 3274 5167 non
3312 5103 3506 5166 habet
3542 5103 3912 5186 imperium,

2414 5224 2534 5268 nec
2567 5205 2736 5268 idem
2768 5210 2976 5286 potest
3003 5221 3143 5266 esse
3169 5202 3368 5284 judex
3397 5210 3464 5265 et
3491 5220 3658 5265 reus.
3691 5235 3772 5248 —
3801 5201 3916 5264 Ve—

2413 5324 2556 5367 rum
2586 5302 2782 5385 objici
2814 5302 3228 5385 potest‚quod
3257 5301 3322 5364 in
3353 5301 3492 5366 foro
3519 5300 3914 5384 poenitentiae
