4267 6250
1421 464 1568 522 Qum
1608 464 1702 511 srr
1743 460 2153 520 sansracrio,
2194 462 2324 511 arc.

3304 449 3425 513 383

326 654 522 719 opera
557 644 870 719 quantum
905 636 986 699 ad
1023 636 1250 711 Deum,
1285 634 1607 719 praecipue
1649 642 1822 709 sunt,
1848 632 1903 697 A
1932 634 2233 697 carnibus
2288 636 2602 711 draconiS,
2657 636 2720 700 id
2778 644 2875 699 est
2929 636 3188 710 diaboli,
3238 636 3426 717 cujus

327 752 530 809 orare,
551 736 1021 817 eleemosynam
1051 736 1223 810 dare,
1245 742 1309 797 et
1335 734 1628 815 jejunare
1648 751 1662 796 :
1681 753 1824 816 quae

327 850 452 895 non
483 839 634 896 sunt
663 834 834 896 idem
864 832 1036 915 quod
1065 850 1288 895 causas
1317 832 1620 894 vitiorum
1655 832 1822 894 exci-

325 931 494 993 dere.
527 966 610 977 —
635 931 878 994 Rursus
905 948 1114 993 causae
1143 937 1207 992 et
1244 930 1490 992 radices
1520 928 1822 992 vitiorum

327 1036 473 1091 sunt
515 1028 720 1091 fomes
755 1035 822 1089 et
861 1027 1077 1089 innata
1117 1025 1446 1108 fragilitaS,
1477 1044 1658 1089 amor
1700 1026 1824 1108 pri-

325 1133 528 1200 vatus,
561 1125 944 1189 instabilitas
972 1126 1184 1188 cordis
1215 1142 1230 1187 τ
1264 1145 1406 1207 quae
1445 1142 1575 1187 non
1603 1124 1822 1187 viden-

328 1233 428 1285 tur
455 1241 644 1307 posse
673 1223 903 1287 excidi.
937 1224 1074 1287 Imo
1101 1224 1272 1285 circa
1299 1223 1436 1287 haec
1475 1222 1825 1285 excidenda

327 1330 388 1383 et
427 1322 839 1404 exstirpanda
881 1322 1186 1404 perpauci
1229 1322 1530 1384 videntur
1569 1321 1820 1393 intenti,

327 1430 388 1481 et
431 1420 520 1481 ita
560 1418 937 1502 paucissimi
979 1419 1419 1483 satisfacerent
1462 1420 1608 1482 Deo.

403 1516 670 1579 Videtur
710 1533 966 1598 quoque
1011 1515 1181 1598 quod
1225 1516 1418 1579 bomo
1458 1533 1589 1577 non
1635 1522 1826 1597 queat

328 1613 690 1677 satisfacere
748 1614 900 1687 Deo,
949 1614 1102 1695 quia
1147 1631 1276 1676 non
1324 1618 1534 1695 potest
1581 1611 1824 1694 aliquid

328 1710 714 1793 aequivalens
743 1712 1094 1793 rependere
1129 1712 1276 1775 Deo.
1313 1709 1686 1773 Satisfacere
1715 1728 1824 1771 au-

1930 751 2153 796 carnes
2184 742 2347 809 sunt,
2369 735 2747 816 arrogantia,
2770 736 3011 809 odium,
3037 734 3293 808 invidia,
3324 735 3429 798 de-

1931 832 2177 905 tractio,
2237 833 2581 907 contentio‚
2632 840 2751 895 etc.
2804 832 2967 913 Ergo
3021 832 3343 895 abstinere
3390 851 3429 895 a

1931 937 2215 1011 peccato,
2274 937 2373 993 est
2426 930 2749 1013 jejunium
2816 931 2987 1014 quod
3050 930 3242 1011 elegit
3302 931 3427 994 Do-

1933 1027 2165 1090 minus,

2012 1126 2076 1187 Si
2123 1135 2339 1189 autem
2377 1126 2742 1207 objiciatur,
2774 1128 2943 1208 quod
2986 1126 3265 1188 ministri
3313 1126 3427 1188 Ec-

1933 1223 2143 1287 clesiae
2182 1224 2577 1287 confessores
2614 1224 2795 1307 sequi
2834 1224 3070 1286 debent
3106 1223 3427 1287 Christum

1933 1339 2259 1384 summum
2291 1322 2831 1404 sacerdotem,qui
2863 1338 2980 1405 pro
3009 1329 3270 1403 peccato
3300 1338 3429 1384 non

1935 1418 2216 1500 injunxit
2278 1419 2658 1482 exteriorem
2725 1418 3249 1493 satisfactionem,
3318 1419 3429 1481 sed

1933 1516 2253 1579 abstinere
2293 1519 2371 1580 de
2408 1526 2619 1581 cetero
2654 1536 2693 1579 a
2726 1525 3006 1599 peccato,
3038 1516 3261 1579 dicens
3300 1535 3433 1579 mu·

1935 1614 2074 1677 lieri
2107 1615 2172 1677 in
2202 1615 2517 1678 adulterio
2544 1615 2975 1697 deprehensae,
3007 1614 3175 1677 Vade
3202 1622 3267 1677 et
3296 1614 3425 1677 noli
3454 1640 3707 1686 Jmmv...

1932 1712 2211 1794 amplius
2241 1730 2505 1795 peccare
2538 1730 2552 1774 :
2586 1730 2737 1793 ergo
2766 1711 3043 1774 minores
3071 1712 3429 1776 sacerdotes
3460 1708 3525 1749 ¹¹·

331 1818 454 1871 tem
482 1808 642 1871 dicit
669 1810 1013 1891 quamdam
1041 1809 1546 1891 adaequationem
1581 1806 1824 1870 satisfa·
1856 1813 1904 1876 B
1935 1829 2062 1873 non
2106 1810 2341 1872 debent
2382 1810 2761 1873 exteriorem
2800 1809 3297 1873 satisfactionem
3340 1810 3431 1873 in-

330 1905 478 1967 ctivi
513 1906 596 1968 ad
633 1904 952 1969 offensam
981 1906 1294 1986 injuriati,
1325 1905 1822 1987 inaequalitatem

331 2003 578 2083 injuriae
609 2022 723 2066 seu
751 2003 1018 2068 offensae
1049 2004 1410 2068 reducendo
1437 2005 1517 2067 ad
1546 2004 1823 2085 compla-

331 2101 648 2164 nationem
698 2109 763 2164 et
811 2102 1234 2184 aequalitatem
1281 2102 1564 2183 justitias.
1615 2102 1824 2175 Quum

331 2216 474 2279 ergo
511 2208 850 2282 peccatum
893 2199 1156 2263 Deitatis
1197 2199 1590 2263 offensivum
1627 2207 1692 2263 et
1729 2200 1823 2262 in-

328 2295 724 2376 juriativum,
741 2297 826 2361 sit
853 2299 1322 2381 quodammodo
1349 2296 1622 2361 infinitas
1651 2314 1830 2361 enor-

333 2394 587 2471 mitatis,
618 2413 748 2459 non
779 2395 1036 2458 videtur
1061 2396 1256 2459 homo
1285 2412 1402 2478 pro
1441 2395 1552 2458 illo
1580 2394 1825 2459 satisfa-

335 2511 470 2555 cere
527 2511 736 2576 posse.
787 2528 872 2539 —
911 2494 1070 2556 Item
1117 2493 1431 2577 quidquid
1488 2493 1822 2569 habemuS,

335 2610 548 2655 sumus
589 2600 656 2655 et
699 2610 1066 2675 possumus,
1095 2611 1134 2655 a
1171 2592 1302 2655 Deo
1338 2592 1545 2655 sortiti
1583 2610 1823 2668 sumus,

334 2708 402 2751 ac
429 2690 490 2752 ei
519 2690 824 2753 debemus
853 2698 982 2753 tam
1011 2708 1123 2773 pro
1149 2690 1466 2753 beneficio
1493 2690 1828 2754 creationis

338 2808 521 2870 quam
549 2789 1076 2863 conservationis,
1109 2797 1175 2851 et
1208 2789 1542 2871 potissime
1581 2807 1698 2872 pro
1727 2810 1828 2852 su-

336 2887 844 2968 pernaturalibus
873 2886 1210 2951 beneficiis
1247 2888 1408 2968 ejus.
1443 2888 1606 2970 Ergo
1645 2908 1724 2951 ex
1758 2888 1830 2950 il-

1931 1911 2219 1991 jungere.
2250 1945 2333 1955 —
2357 1911 2620 1985 RursuS,
2653 1909 2963 1972 veraciter
3001 1910 3319 1991 poenitens
3362 1909 3429 1971 in

1936 2007 2263 2071 infinitum
2312 2006 2457 2090 plus
2500 2008 2674 2071 dolet
2718 2007 2796 2070 de
2844 2007 3036 2090 culpa
3074 2027 3191 2070 sua
3236 2026 3431 2090 quam

1934 2106 2012 2169 de
2042 2106 2387 2169 amissione
2416 2125 2546 2170 suae
2576 2106 2883 2188 pecuniae.
2903 2104 3106 2167 Habet
3130 2105 3305 2168 enim
3336 2125 3433 2167 ca-

1935 2204 2187 2267 ritatem
2216 2223 2359 2286 quae
2390 2204 2456 2266 in
2496 2204 2829 2267 infinitum
2867 2203 3011 2286 plus
3049 2203 3184 2266 odit
3211 2221 3435 2286 pecca·

1934 2309 2073 2364 tum
2104 2321 2298 2384 quam
2330 2302 2681 2384 temporale
2709 2301 3031 2365 damnum.
3046 2302 3253 2376 Quum
3283 2319 3434 2383 ergo

1937 2400 2248 2483 poenitere
2278 2400 2361 2463 sit
2390 2400 2811 2482 dolere,quod
2840 2408 2938 2463 est
2965 2400 3285 2482 quoddam
3317 2419 3435 2483 pu·

1937 2498 2085 2573 niri,
2117 2499 2407 2579 sequitur
2436 2499 2605 2579 quod
2646 2498 2963 2579 poenitens
3002 2498 3288 2561 interiori
3318 2517 3435 2581 pu·

1937 2596 2181 2659 nitione
2240 2595 2829 2678 incomparabiliter
2883 2614 2951 2659 se
3015 2596 3161 2678 plus
3224 2597 3433 2679 punit,

1936 2712 2128 2774 quam
2174 2694 2496 2776 peccando
2534 2693 2791 2775 gavisus
2838 2701 2957 2767 est,
2988 2693 3091 2756 vel
3134 2694 3435 2757 exteriori

1936 2790 2367 2855 satisfactione
2395 2790 2728 2873 affligitur.
2742 2791 2880 2855 Non
2910 2809 3059 2873 crgo
3090 2792 3439 2874 requiritur

1936 2890 2214 2952 exterior
2254 2888 2623 2953 satisfactio.

337 2986 410 3047 lis
438 3003 566 3049 non
596 3004 942 3068 possumus
981 2985 1146 3048 ultra
1183 2985 1472 3049 debitum
1511 2986 1670 3049 illud
1700 2988 1829 3051 Deo
1857 2993 1902 3056 C
2015 2988 2575 3070 Respondendum,
2607 2988 2778 3071 quod
2819 2988 3112 3051 sacerdos
3142 2987 3434 3071 quaedam

334 3082 570 3167 aliquid
627 3083 957 3160 exhibere,
1007 3102 1082 3147 ac
1128 3082 1345 3148 debita
1400 3085 1526 3150 alia
1581 3085 1642 3148 ei
1689 3104 1830 3169 per·

337 3185 596 3248 solvere.

427 3381 608 3445 Circa
670 3381 808 3445 haec
873 3380 1100 3444 scribit
1159 3381 1698 3446 Antisiodorensis
1763 3381 1830 3444 in

336 3477 612 3554 Summa,
655 3478 824 3542 libro
872 3487 1102 3561 quarto
1135 3497 1150 3541 ε
1183 3479 1536 3543 Dicendum
1583 3488 1702 3554 est,
1735 3479 1830 3541 in-

337 3579 579 3658 quiens,
612 3579 694 3641 de
723 3577 1174 3641 satisfactione.
1211 3578 1389 3642 Sicut
1417 3579 1591 3642 enim
1623 3578 1832 3641 tribus

339 3677 536 3739 modis
578 3675 976 3739 offendimus
1017 3677 1242 3752 Deum,
1275 3677 1576 3740 videlicet
1617 3677 1828 3752 corde,

338 3791 440 3838 ore
466 3783 529 3837 et
557 3792 793 3857 oper03
825 3775 918 3838 sic
953 3774 1198 3855 justum
1239 3782 1338 3838 est
1366 3783 1437 3839 ut
1462 3775 1669 3838 tribus
1700 3792 1833 3838 mo-

339 3872 430 3934 dis
469 3872 962 3948 satisfaciamus,
995 3874 1184 3938 corde
1215 3893 1330 3957 per
1359 3875 1830 3948 contritionem,

339 3988 442 4034 ore
485 3991 604 4054 per
651 3971 1144 4047 confessionem,
1189 3991 1382 4055 opere
1431 3991 1546 4056 per
1592 3972 1835 4036 satisfa-

340 4069 630 4134 ctionem.
664 4070 796 4134 Hoc
833 4069 1236 4151 significatur
1269 4089 1386 4153 per
1426 4071 1710 4133 triduum
1755 4071 1834 4134 de

343 4265 528 4329 trium
559 4267 814 4330 dierum
846 4267 914 4329 in
953 4267 1388 4341 solitudinem,
1421 4274 1492 4329 ut
1519 4265 1835 4329 sacrifice-

343 4383 478 4426 mus
525 4365 657 4428 Deo
705 4373 941 4428 nostro.
979 4365 1155 4427 Tunc
1202 4365 1464 4427 demum
1513 4364 1690 4426 utilis
1737 4373 1835 4428 est

342 4463 609 4526 exterior
664 4461 1036 4536 satisfacti0,
1087 4463 1342 4545 quando
1398 4463 1592 4525 homo
1635 4463 1832 4538 videt,

341 4559 468 4620 odit
507 4579 582 4623 ac
625 4562 978 4623 detestatur
1018 4558 1368 4623 foeditatem
1415 4561 1516 4622 sui
1565 4563 1832 4642 peccati,

343 4675 463 4738 quo
491 4656 898 4720 sufficienter
925 4657 1200 4740 expleto,
1223 4664 1411 4739 aptus
1439 4664 1537 4720 est
1565 4658 1694 4721 Deo
1724 4659 1837 4722 im-

343 4757 568 4818 molare
613 4755 836 4837 dignas
885 4754 1378 4837 spiritualesque
1423 4755 1677 4818 hostias,
1719 4758 1836 4820 Ita-

345 4871 462 4934 que
499 4854 868 4917 satisfacere
897 4860 995 4916 est
1033 4871 1254 4916 causas
1291 4861 1699 4935 peccatorum
1730 4873 1834 4918 ex-

346 4951 572 5026 cidere,
617 4959 738 5014 etc.
781 4950 900 5025 Qui
945 4951 1120 5014 enim
1167 4949 1446 5014 abstinet
1491 4971 1528 5014 a
1574 4961 1836 5035 peccato

348 5068 488 5114 cum
517 5050 845 5134 proposito
873 5068 1002 5113 non
1031 5050 1360 5133 peccandi,
1383 5051 1709 5114 satisfacit.
1733 5053 1838 5116 Ait

347 5171 616 5236 namque
643 5135 1068 5233 Hieronymus
1087 5150 1257 5214 :Non
1283 5151 1535 5231 jejunat
1564 5151 1671 5232 qui
1703 5151 1838 5214 abs·

349 5252 500 5316 tinet
547 5273 586 5317 a
633 5250 936 5317 carnibus
991 5249 1387 5314 naturalibus
1442 5257 1508 5312 et
1556 5250 1837 5314 vescitur

1935 3084 2219 3168 injungit
2274 3086 2352 3149 ad
2411 3084 2899 3150 fundamentum
2959 3085 3433 3162 satisfactioniS,

1942 3191 2161 3266 utpote
2200 3184 2519 3248 abstinere
2556 3204 2595 3246 a
2631 3184 2807 3248 vitiis
2845 3191 2911 3247 et
2952 3183 3287 3246 restituere
3329 3184 3436 3247 ab·

1939 3283 2082 3358 lata,
2125 3283 2266 3346 sine
2310 3282 2547 3366 quibus
2586 3282 2803 3344 nullus
2842 3283 3033 3364 digne
3070 3282 3435 3346 satisfacere

1936 3381 2123 3442 valet.
2177 3381 2473 3454 Quaedam
2520 3397 2673 3443 vero
2722 3379 3001 3461 injungit
3049 3381 3128 3443 ad
3176 3380 3435 3463 expedi-

1939 3479 2177 3541 tionem
2222 3476 2695 3552 satisfactionis,
2736 3484 2809 3539 ut
2844 3477 3043 3540 vitare
3090 3495 3433 3560 pravorum

1939 3576 2277 3640 consortia.
2312 3575 2745 3657 Corrumpunt
2779 3575 2953 3638 enim
2993 3593 3202 3639 mores
3231 3575 3433 3638 bonos
3494 3603 3635 3649 100„
3654 3617 3727 3656 xv.

1939 3674 2259 3757 colloquia
2286 3673 2469 3736 mala.
2504 3673 2665 3736 Hinc
2693 3673 2938 3736 dictum
2968 3682 3065 3737 est
3092 3673 3209 3736 Lot
3240 3692 3255 3736 :
3287 3672 3429 3736 Noli
3461 3671 3527 3710 ³³·

1939 3779 2082 3856 post
2128 3780 2377 3853 tergum
2430 3771 2768 3853 respicere,
2818 3779 2938 3834 etc.
2989 3771 3284 3846 Quaedam
3335 3771 3430 3833 in-

1936 3871 2151 3953 jungit
2178 3871 2257 3933 ad
2286 3869 2708 3932 substantiam
2738 3869 3211 3944 satisfactionis,
3242 3877 3315 3932 ut
3338 3869 3433 3950 je·

1937 3969 2188 4050 junare,
2213 3969 2648 4050 eleemosynas
2678 3967 2849 4042 dare,
2868 3967 3433 4050 peregrinationeS,

1941 4067 2338 4149 disciplinaS,
2356 4072 2420 4128 et
2447 4064 2825 4128 consimilia.
2852 4065 3147 4139 Quaedam
3178 4082 3329 4128 vero
3356 4065 3439 4128 ad

235 4205 269 4242 v,
307 4185 460 4249 ‚quo
507 4169 752 4251 Moyses
799 4168 890 4230 ait
935 4167 1002 4231 in
1051 4169 1266 4232 Exodo
1314 4187 1328 4231 :
1375 4169 1616 4232 ibimus
1659 4168 1830 4232 viam
1866 4177 1916 4239 Ι)
1943 4164 2426 4248 perfectionem,
2450 4162 2917 4246 plenitudinem
2946 4170 3010 4226 et
3037 4164 3441 4226 securitatem

1945 4264 2422 4337 satisfactionis,
2476 4271 2546 4325 ut
2593 4281 2787 4344 opera
2842 4263 3437 4345 supererogationis.

1945 4363 2281 4428 Abstinere
2325 4362 2521 4443 igitur
2562 4381 2599 4424 a
2637 4363 2917 4444 peccatis
2948 4361 3439 4426 fundamentum

1947 4471 2044 4525 est
2089 4460 2563 4536 satisfactioniS,
2616 4478 2743 4524 non
2792 4461 3005 4543 ipsum
3053 4461 3435 4524 satisfacere.

1947 4561 2193 4641 Duplex
2224 4576 2479 4641 quoque
2517 4565 2615 4621 est
2650 4558 2889 4622 excisio
2928 4577 3263 4622 causarum
3296 4579 3443 4642 pec-

1947 4659 2071 4722 cati
2106 4675 2120 4720 :
2156 4677 2283 4720 una
2313 4657 2609 4739 simplex,
2642 4657 2995 4720 consistens
3028 4657 3093 4720 in
3122 4656 3441 4721 abstinen-

1946 4759 2032 4820 tia
2061 4776 2098 4819 a
2127 4762 2429 4838 peccato;
2469 4755 2591 4818 alia
2632 4755 3101 4836 quodammodo
3138 4756 3437 4833 violenta,

1946 4863 2010 4919 et
2054 4873 2170 4938 per
2216 4852 2551 4928 contraria,
2603 4853 3143 4934 quemadmodum
3192 4872 3307 4935 per
3349 4855 3441 4935 je-

1941 4955 2199 5036 junium
2256 4951 2612 5014 excidimus
2668 4970 2925 5014 causam
2986 4951 3275 5028 luxuriae,
3325 4973 3441 5037 per

1943 5054 2491 5132 eleemosynarum
2524 5048 2923 5130 largitionem
2956 5067 3211 5112 causam
3239 5052 3439 5114 avari-

1943 5151 2064 5215 tiae.
2100 5150 2333 5230 Sicque
2368 5147 2683 5229 accipitur
2719 5146 3009 5208 excidere
3040 5167 3265 5212 causas
3294 5168 3437 5231 pec-

1944 5258 2229 5315 catorum
2288 5247 2355 5310 in
2410 5245 2760 5329 praehabita
2815 5245 3210 5311 definitione.
3268 5249 3437 5332 Jeju-

3461 3729 3729 3780 Gen.xix,t'1.
