4267 6250
835 471 957 537 572

1460 492 1528 540 m
1564 491 1791 539 mmm!
1831 490 1894 543 lv
1934 488 2420 537 ammaum.
2460 506 2542 517 —
2581 486 2735 535 msr.
2777 486 2926 551 xx13
2971 487 3196 544 QUAEST.
3237 486 3306 534 111

835 661 915 725 de
954 662 1075 725 hoc
1114 670 1290 727 extra
1332 661 1798 727 confessionem
1842 668 2025 725 caute
2067 660 2332 723 interro—
2358 658 2412 721 A
2519 657 2698 722 Circa
2728 658 2863 723 haec
2893 656 3118 722 scribit
3145 638 3586 722 Bonaventura
3615 674 3630 719 ε
3661 656 3936 731 Quidam

834 777 984 840 gare
1018 775 1032 821 t
1064 760 1217 823 talia
1253 777 1530 843 namque
1568 759 1938 841 frequenter
1968 763 2117 820 sunt
2149 774 2331 819 occa-

834 858 931 921 sio
960 858 1295 939 frangendi
1323 857 1745 922 confessionis
1774 856 2081 937 sigillum,
2105 854 2174 917 in
2203 871 2331 936 quo

835 956 1186 1019 maximum
1217 962 1420 1019 exstat
1449 955 1829 1039 periculum.
1851 955 1913 1018 Si
1944 961 2159 1017 autem
2191 971 2333 1035 pec·

834 1059 1047 1117 catum
1097 1053 1402 1137 explicari
1452 1071 1579 1117 non
1628 1060 1835 1135 potest
1875 1052 2015 1115 sine
2055 1050 2330 1133 explica·

828 1152 1006 1215 tione
1049 1170 1337 1234 personae
1382 1151 1837 1226 determinatae,
1881 1158 1951 1212 ut
1996 1149 2048 1212 si
2098 1148 2332 1211 mulier

833 1250 1190 1313 inordinate
1248 1251 1331 1313 sit
1377 1250 1627 1332 cognita
1670 1269 1707 1312 a
1755 1266 1871 1312 suo
1920 1247 2169 1321 marit0,
2219 1255 2328 1310 aut

833 1366 1219 1428 econvers03
1264 1356 1417 1411 tunc
1460 1349 1513 1411 si
1562 1348 1732 1411 dicat
1778 1347 1857 1409 de
1906 1347 2155 1421 marito,
2197 1363 2325 1408 non

834 1454 1075 1530 peccat,
1107 1447 1259 1529 qnia
1288 1464 1415 1510 non
1445 1446 1615 1510 valet
1642 1446 1829 1508 aliter
1857 1444 2150 1508 confiteri
2183 1461 2325 1526 pro-

833 1546 1039 1628 priam
1098 1546 1399 1628 culpam3
1451 1563 1569 1607 nec
1615 1553 1769 1607 tunc
1814 1543 2089 1625 judicari
2136 1541 2328 1605 debet

831 1642 1151 1706 accusatio
1196 1643 1425 1718 aliena,
1472 1644 1583 1705 sed
1628 1641 1903 1725 propria.
1952 1641 2184 1722 Sicque
2226 1658 2328 1721 gc-

833 1742 1133 1805 neraliter
1174 1760 1400 1804 verum
1448 1748 1565 1815 est,
1606 1741 1777 1824 quod
1828 1746 2086 1822 peccata
2120 1738 2328 1801 aliena

2437 756 2887 838 distinguendo
2925 756 3244 832 dixerunt,
3276 757 3446 839 quod
3491 756 3682 819 homo
3725 762 3942 839 potest

2438 856 2748 919 sacerdoti
2788 855 3131 938 dupliciter
3171 855 3486 919 confiteri.
3529 855 3761 929 Primo,
3803 863 3941 918 tan-

2439 973 2634 1036 quam
2683 954 2999 1037 poenitens
3056 960 3122 1017 et
3167 954 3387 1017 volens
3437 973 3476 1017 a
3522 962 3785 1037 peccato
3830 953 3943 1017 ab·

2439 1052 2601 1115 solvi
2651 1060 2716 1115 et
2759 1070 2798 1113 a
2847 1050 3124 1133 peccatis
3171 1051 3479 1115 desistere
3525 1069 3539 1114 ε
3585 1052 3806 1134 sicque
3854 1052 3942 1114 si-

2440 1149 2667 1231 gillum
2729 1149 3150 1213 confessionis
3216 1148 3458 1213 claudit
3517 1167 3707 1214 omne
3764 1150 3942 1233 quod

2441 1248 2619 1323 dicit,
2651 1266 2732 1310 ne
2761 1248 3100 1330 aperiatur.
3137 1247 3428 1311 Secundo
3457 1248 3572 1321 sic,
3605 1248 3777 1330 quod
3807 1265 3940 1310 non

2441 1346 2580 1410 vult
2623 1366 2660 1409 a
2703 1354 2965 1429 peccato
3002 1346 3330 1421 desistere,
3371 1355 3444 1409 ut
3485 1348 3539 1410 si
3581 1346 3824 1410 revelet
3867 1366 3940 1410 se

2441 1446 2607 1510 velle
2638 1444 2989 1528 perjurare,
3019 1451 3131 1508 aut
3165 1445 3441 1528 aliquem
3470 1444 3790 1509 trucidare
3825 1462 3840 1507 :
3873 1453 3945 1508 et

2439 1551 2596 1607 tunc
2625 1543 2946 1607 confessor
2975 1561 3104 1607 non
3130 1551 3386 1607 tenetur
3411 1543 3529 1607 sub
3559 1543 3768 1625 sigillo
3797 1561 3944 1607 con-

2441 1642 2738 1706 fessionis
2778 1641 2886 1704 illa
2929 1650 3169 1717 tenere,
3215 1643 3326 1705 sed
3371 1650 3578 1726 potest
3621 1642 3836 1705 dicere
3875 1643 3940 1705 ei

2439 1741 2553 1824 qui
2602 1747 2809 1824 potest
2867 1742 3166 1823 prodesse
3223 1748 3289 1803 et
3338 1759 3465 1804 non
3513 1740 3760 1804 obesse.
3813 1740 3938 1804 Sed

833 1858 959 1903 non
1008 1846 1156 1903 sunt
1196 1839 1465 1903 dicenda
1518 1840 1582 1901 in
1634 1837 2034 1902 confessione
2083 1836 2208 1900 nisi
2259 1836 2323 1899 in
2365 1842 2413 1905 B
2440 1840 2736 1923 quamvis
2778 1839 2948 1901 istud
2991 1839 3410 1921 probabiliter
3449 1838 3577 1901 dici
3619 1839 3934 1913 videatur,

831 1946 1143 2020 quantum
1191 1945 1340 2001 sunt
1388 1938 1665 2021 propria,
1704 1956 1824 2000 nec
1863 1934 2190 2000 confessor
2226 1936 2330 1998 de-

832 2035 942 2099 bet
970 2056 1044 2099 ea
1076 2036 1418 2120 inquirere.
1455 2036 1614 2098 Hinc
1654 2035 2048 2099 confessores
2088 2034 2198 2117 qui
2233 2052 2328 2096 ra-

834 2133 1159 2197 musculos
1200 2134 1265 2197 in
1306 2134 1705 2197 confessione
1746 2133 2098 2216 inquirunt,
2131 2139 2196 2195 et
2221 2151 2330 2194 au-

832 2232 1017 2296 diunt
1073 2231 1314 2295 malum
1373 2232 1453 2296 de
1509 2232 1674 2307 aliis,
1734 2250 1851 2295 nec
1910 2230 2324 2293 confitentem

836 2330 1133 2413 imperite
1181 2338 1245 2394 et
1290 2330 1649 2413 periculose
1697 2329 2064 2413 loquentem
2108 2346 2327 2411 repre·

833 2429 1123 2493 hendunt
1158 2448 1233 2493 ac
1272 2429 1577 2511 dirigunt,
1619 2430 1894 2512 graviter
1933 2435 2216 2511 peccant.
2254 2427 2330 2490 Et

832 2527 941 2590 vix
981 2527 1083 2591 vel
1125 2546 1453 2610 nunquam
1495 2548 1532 2591 a
1580 2526 1989 2591 detractionis
2026 2526 2186 2589 vitio
2227 2544 2330 2589 ex-

833 2634 1157 2701 cusantur,
1220 2645 1338 2689 nec
1396 2626 1609 2689 sciunt
1664 2626 1999 2690 animabus
2058 2624 2324 2698 mederi,

831 2724 985 2786 dum
1036 2723 1256 2786 sinunt
1300 2740 1409 2786 eos
1452 2723 1564 2805 qui
1613 2723 1881 2785 veniunt
1936 2722 2014 2785 ad
2068 2721 2329 2784 medici-

832 2840 1003 2895 nam,
1062 2839 1253 2903 grave
1308 2821 1543 2885 vulnus
1604 2821 1729 2884 sibi
1793 2820 1949 2903 ipsis
2008 2820 2322 2901 infligere.

830 2920 976 2984 Haec
1017 2920 1476 2984 Bonaventura.

1251 3192 1722 3269 QUAESTIO
1785 3194 1911 3257 III

972 3413 1147 3477 Estat
1204 3412 1528 3496 inquirere
1584 3412 1663 3476 de
1720 3411 1930 3492 sigillo
1986 3410 2329 3476 confessio-

1001 3512 1123 3586 nis,
1162 3512 1455 3580 Utrum
1500 3510 1588 3577 in
1636 3511 1852 3577 omni
1900 3512 2194 3577 eventu
2241 3513 2326 3577 et

828 3626 1017 3679 casu
1056 3610 1429 3678 christus
1460 3610 1710 3691 jussit
1753 3608 2328 3678 confessionem

828 3711 1112 3778 celare.

908 3808 1174 3872 Videtur
1219 3806 1390 3890 quod
1441 3824 1590 3880 non,
1639 3805 1943 3889 quoniam
1995 3805 2164 3888 quod
2213 3824 2328 3888 pro

830 3907 1090 3970 caritate
1120 3913 1183 3968 et
1212 3903 1485 3967 utilitate
1515 3904 1670 3968 boni
1700 3903 2062 3966 eommunis
2102 3910 2199 3966 est
2237 3905 2330 3966 in-

830 4004 1147 4077 stitutum,
1200 4020 1328 4066 non
1377 4001 1567 4066 debet
1624 4009 1844 4064 contra
1894 4001 2219 4065 caritatem
2265 4010 2330 4066 et

831 4103 1171 4166 utilitatem
1231 4100 1386 4165 boni
1443 4100 1807 4164 communis
1858 4100 2152 4164 militare.
2207 4101 2329 4164 Sed

2439 1946 2650 2001 tamen
2711 1938 3014 2021 quoniam
3068 1937 3386 2001 institutio
3439 1945 3506 2001 et
3563 1938 3936 2000 mandatum

2439 2037 2738 2101 Ecclesiae
2769 2037 3050 2121 loquitur
3079 2036 3460 2118 generaliter
3485 2036 3565 2099 de
3592 2036 3770 2100 omni
3801 2036 3936 2099 cul-

2440 2156 2541 2220 pa,
2565 2144 2629 2199 et
2658 2136 2974 2218 poenitens
3006 2155 3194 2198 suum
3228 2142 3561 2218 peccatum
3591 2152 3719 2198 non
3751 2135 3935 2217 quasi

2437 2234 2708 2308 homini,
2741 2234 2852 2297 sed
2885 2233 3066 2316 quasi
3106 2235 3235 2297 Deo
3275 2232 3534 2309 revelet,
3566 2232 3936 2315 nesciatque

2437 2332 2729 2397 sacerdos
2786 2351 2866 2394 an
2915 2330 3230 2395 confitens
3287 2332 3458 2394 dicat
3511 2330 3636 2394 sibi
3681 2350 3934 2405 verum,

2435 2451 2517 2494 an
2548 2449 2697 2505 non,
2732 2429 2854 2493 nisi
2885 2429 3144 2492 aliunde
3175 2437 3552 2512 cognoscat3
3585 2429 3762 2493 nullo
3803 2447 3938 2493 mo-

2437 2530 2519 2593 do
2551 2528 2743 2591 debet
2781 2528 3036 2611 culpam
3077 2528 3254 2591 illam
3295 2527 3699 2591 manifestare
3734 2544 3750 2590 :
3782 2528 3940 2611 quia

2437 2627 2714 2708 sigillum
2747 2626 3165 2690 confessionis
3195 2633 3295 2689 est
3321 2625 3804 2707 diligentissime
3833 2645 3940 2689 cu-

2437 2725 2864 2799 stodiendum,
2900 2732 2972 2787 ut
3008 2743 3198 2789 omne
3235 2724 3604 2788 scandalum
3633 2724 3935 2800 evitetur,

2435 2831 2628 2908 atque
2671 2823 2753 2886 ab
2809 2824 2988 2886 omni
3043 2822 3260 2905 specie
3317 2822 3468 2886 mali
3515 2822 3934 2885 abstineatur.

2437 2923 2614 2987 Unde
2644 2929 2715 2983 ut
2741 2922 2829 2984 ait
2860 2921 3198 3003 Gregorius
3228 2922 3295 2984 in
3327 2921 3558 2996 littera,
3591 2920 3771 2983 nullo
3806 2938 3942 2985 mo-

2356 3025 2399 3088 C
2437 3023 2519 3086 do
2555 3028 2652 3084 est
2691 3020 3009 3085 confessio
3045 3020 3403 3083 revelanda.
3439 3020 3600 3084 Hinc
3643 3027 3941 3083 narratur

2437 3120 2842 3195 miraculum,
2877 3120 3046 3203 quod
3076 3120 3230 3183 dum
3263 3118 3525 3203 quidam
3563 3118 3632 3182 in
3669 3118 3819 3182 navi
3859 3119 3940 3182 ti-

2437 3237 2614 3283 more
2665 3218 2888 3282 mortis
2936 3217 3193 3302 publice
3251 3237 3366 3282 sua
3412 3225 3670 3301 peccata
3720 3235 3938 3282 coram

2435 3317 2737 3382 omnibus
2778 3323 2946 3380 esset
2984 3316 3336 3392 confessuS,
3369 3317 3523 3380 dum
3562 3316 3755 3399 paulo
3792 3324 3940 3399 post

2437 3417 2764 3480 venissent
2801 3417 2878 3478 ad
2920 3422 3197 3497 portum,
3231 3415 3447 3478 nullus
3487 3415 3943 3480 recordabatur

2437 3515 2591 3598 quid
2643 3513 2907 3588 dixerat,
2949 3514 3074 3576 nisi
3125 3514 3418 3576 sacerdos
3465 3514 3578 3596 qui
3623 3514 3941 3596 poeniten-

2437 3613 2592 3675 tiam
2644 3613 2943 3693 injunxit.
2991 3612 3149 3675 Nam
3198 3619 3263 3675 et
3303 3612 3594 3676 sacerdos
3637 3611 3831 3676 debet
3866 3631 3944 3674 ea

2439 3711 2603 3775 scire
2641 3710 2822 3794 quasi
2865 3728 2992 3774 non
3034 3711 3285 3773 noverit
3312 3727 3426 3790 ea;
3467 3717 3532 3772 et
3569 3710 3620 3772 si
3657 3710 3942 3792 exigere-

2438 3817 2544 3871 tur
2580 3809 2821 3884 testari,
2854 3809 3068 3872 dicere
3108 3814 3323 3891 posset
3358 3827 3432 3870 ac
3468 3807 3684 3888 jurare
3722 3826 3792 3870 se
3831 3807 3943 3871 illa

2439 3907 2687 3971 nescire
2722 3925 2735 3970 :
2769 3906 2921 3989 quia
2957 3923 3085 3970 non
3127 3913 3334 3990 potest
3371 3906 3638 3989 obligari
3686 3905 3814 3969 nisi
3861 3907 3942 3969 ad

2440 4007 2782 4070 dicendum
2832 4005 3003 4089 quod
3054 4006 3232 4069 novit
3277 4013 3350 4067 ut
3395 4005 3606 4069 homo.
3659 4005 3837 4079 Quod
3885 4005 3941 4067 si

2438 4112 2659 4168 noscat
2704 4104 2988 4189 aliquem
3038 4123 3176 4168 esse
3229 4103 3605 4167 haereticum
3660 4109 3726 4166 et
3771 4103 3940 4166 velle

829 4201 951 4264 hoc
981 4201 1351 4282 frequenter
1388 4199 1725 4272 accideret,
1760 4198 1815 4260 si
1856 4198 1922 4260 in
1962 4199 2139 4262 omni
2177 4218 2324 4265 casu
2357 4205 2408 4268 D
2440 4202 2810 4266 subvertere
2849 4203 3029 4276 alios,
3062 4219 3192 4265 non
3233 4201 3425 4264 debet
3467 4199 3939 4264 confessionem

828 4298 1147 4364 confessio
1176 4304 1344 4360 esset
1372 4296 1636 4359 celanda
1667 4313 1683 4358 ε
1718 4304 1790 4358 ut
1818 4296 1872 4359 si
1904 4297 2230 4360 confessor
2261 4297 2326 4360 in

831 4396 1231 4461 confessione
1260 4401 1559 4476 agnoscat
1587 4394 1869 4477 aliquem
1902 4413 2027 4458 non
2058 4413 2198 4458 esse
2236 4414 2328 4458 sa-

832 4495 1175 4567 cerdotem,
1219 4493 1330 4575 qui
1377 4499 1594 4554 tamen
1644 4493 2036 4556 sacerdotem
2080 4512 2149 4555 se
2187 4511 2326 4556 esse

829 4593 1134 4667 affirmat,
1183 4599 1293 4655 aut
1333 4590 1615 4674 aliquem
1662 4609 1801 4654 esse
1843 4591 2214 4654 haereticum
2263 4600 2328 4656 et

830 4693 989 4756 alios
1036 4691 1202 4756 velle
1252 4689 1541 4765 inficere,
1587 4696 1697 4752 aut
1742 4689 2117 4772 quempiam
2161 4690 2326 4753 velle

831 4791 1058 4854 urbem
1098 4791 1176 4853 de
1216 4795 1405 4852 nocte
1441 4787 1802 4850 incendere.
1834 4787 2103 4850 Possunt
2140 4787 2323 4849 multi

830 4888 1197 4954 consimiles
1240 4907 1426 4950 casus
1470 4884 1760 4968 proponi.

912 4991 981 5052 ln
1013 4987 1383 5071 oppositum
1415 4992 1531 5058 est,
1566 4984 1736 5067 quod
1769 4983 1937 5047 istud
1968 4992 2095 5048 tam
2138 4987 2328 5050 serio-

830 5106 898 5151 se
938 5085 1336 5170 prohibitum
1376 5090 1512 5161 est3
1552 5089 1617 5144 et
1662 5081 1953 5145 homines
2002 5103 2039 5145 a
2086 5085 2331 5148 confes-

830 5187 1011 5249 sione
1042 5183 1536 5256 retraherentur,
1560 5179 1613 5242 si
1644 5180 1860 5263 aliquo
1894 5182 2079 5246 modo
2110 5181 2331 5246 liceret

834 5281 1255 5348 confessionis
1295 5278 1508 5342 abdita
1552 5295 1851 5341 reserare.

2440 4302 2704 4374 nudare,
2737 4301 2848 4364 sed
2881 4307 3088 4383 potest
3115 4300 3512 4383 superiorem
3552 4299 3814 4374 hortari,
3847 4299 3940 4361 di-

2440 4399 2644 4461 cendo
2677 4415 2692 4460 :
2726 4398 2933 4480 Vigila
2971 4416 3166 4481 super
3201 4414 3375 4472 oveS,
3409 4397 3713 4480 quoniam
3745 4398 3939 4480 lupus

2439 4505 2536 4560 est
2579 4497 2644 4558 in
2686 4515 2894 4578 grege.

2519 4595 2581 4658 Si
2613 4603 2826 4658 autem
2859 4594 3152 4657 sacerdos
3186 4593 3345 4656 sciat
3383 4593 3550 4656 inter
3587 4595 3748 4657 duos
3789 4612 3936 4658 con-

2437 4702 2702 4757 tractam
2746 4713 2887 4758 esse
2929 4693 3313 4756 affinitatem
3356 4713 3472 4776 per
3518 4693 3933 4756 fornicarium

2437 4793 2702 4868 coitum,
2725 4801 2790 4856 et
2818 4799 3034 4876 postea
3063 4790 3232 4856 velle
3259 4791 3652 4865 contrahere,
3677 4808 3808 4855 non
3838 4793 3940 4857 de-

2437 4891 2546 4954 bet
2575 4890 3044 4955 confessionem
3085 4889 3439 4972 propalare,
3472 4889 3581 4951 sed
3619 4888 3747 4952 sibi
3787 4908 3936 4954 con-

2439 4989 2608 5053 fesso
2655 4989 2921 5052 suadere
2969 4975 3064 5051 ne'
3099 4987 3426 5050 contrahat
3469 4987 3595 5067 ita3
3637 4995 3705 5050 et
3746 4989 3938 5052 debet

2437 5087 2701 5151 differre
2749 5103 3084 5169 quousque
3140 5103 3256 5168 per
3312 5085 3708 5167 superiorem
3755 5103 3936 5169 coga-

2437 5192 2564 5258 tur,
2616 5184 2720 5247 vel
2770 5190 3030 5266 propter
3075 5181 3447 5245 scandalum
3497 5182 3721 5265 populi
3771 5201 3940 5246 com·

2444 5282 2763 5364 pellatur:
2797 5289 2862 5344 et
2903 5289 3057 5343 tunc
3100 5297 3227 5344 non
3273 5279 3410 5362 ipse
3454 5279 3628 5356 facit,
3667 5281 3782 5342 sed
3827 5280 3938 5360 Ec-
