4267 6250
1340 480 1479 575 oms
1518 517 1725 565 rossi-r
1765 514 2210 565 mutamus
2251 515 2487 565 racana
3343 498 3466 563 569

358 686 734 761 dicendum,
774 687 943 769 quod
992 686 1479 770 intelligendum
1522 693 1617 749 est
1664 686 1855 767 juste,
1888 685 1939 749 A
1969 684 2238 749 definita
2279 692 2344 749 et
2381 684 2798 749 determinata
2844 684 3152 749 consistit.
3187 684 3264 747 Et
3299 683 3465 747 hanc

364 792 584 867 utpote
634 784 1163 849 concurrentibus
1214 804 1323 848 sex
1373 784 1501 847 illis
1550 784 1857 847 conditio-

360 883 575 945 nibus.
626 884 763 948 Non
809 892 961 947 sunt
1004 885 1197 947 etiam
1255 884 1427 967 paris
1475 882 1858 947 conditionis

362 1000 611 1065 pauper
647 990 713 1045 et
740 983 919 1046 dives
958 983 1025 1046 in
1066 982 1489 1065 promerendo
1528 982 1859 1064 indulgen-

358 1081 497 1143 tias.
550 1117 635 1126 —
681 1082 825 1145 Haec
874 1081 1405 1146 Antisiodorensis
1455 1081 1521 1143 in
1570 1081 1853 1154 Summa,

358 1178 527 1243 libro
558 1188 803 1261 quarm.
828 1180 945 1243 Ubi
980 1180 1179 1243 multa
1208 1178 1433 1242 scribit
1459 1179 1537 1241 de
1568 1178 1689 1253 his,
1714 1197 1857 1259 quae

358 1276 719 1341 consultius
764 1276 1167 1341 subticentur
1212 1298 1403 1360 quam
1456 1277 1858 1340 conscriban-

358 1382 467 1437 tur
508 1395 525 1440 :
569 1376 723 1458 quia
768 1376 833 1438 in
881 1376 981 1439 his
1022 1397 1061 1439 a
1101 1375 1427 1439 communi
1470 1375 1711 1439 recedit
1747 1376 1856 1439 do-

362 1474 593 1547 ctrina,
628 1482 699 1536 ut
728 1482 901 1556 patet
938 1494 1015 1537 ex
1058 1474 1453 1537 introductiS.
1491 1474 1723 1537 Positio
1754 1474 1857 1535 de·

362 1590 541 1634 mum
595 1572 655 1635 S.
690 1573 945 1635 Thomae
988 1590 1063 1635 ac
1112 1572 1435 1635 Guillelmi
1485 1571 1856 1635 Parisiensis

360 1669 618 1733 videtur
656 1689 783 1733 una
820 1677 885 1733 et
917 1688 1200 1743 concorS,
1232 1688 1307 1733 ac
1350 1670 1549 1752 magis
1580 1686 1857 1733 consona

360 1766 583 1831 formae
630 1767 1059 1831 concessionis
1102 1768 1641 1850 indulgentiarum
1686 1786 1854 1830 ema-

1969 784 2288 867 poenitens
2331 785 2576 847 solvere
2618 790 2872 848 tenetur
2919 801 3046 846 uno
3089 783 3286 869 trium
3335 800 3466 845 mo-

1967 882 2218 957 dorum,
2241 890 2432 965 puta:
2457 883 2916 965 redemptione,
2942 882 3206 945 luitione
3233 888 3344 944 aut
3374 880 3465 943 in-

1966 981 2338 1062 dulgentiali
2371 982 2765 1044 remissione.
2785 980 3259 1063 Redemptione,
3276 979 3336 1041 id
3368 986 3464 1041 est

1967 1078 2514 1163 eleemosynarum
2556 1079 2907 1161 largitione,
2936 1078 3118 1159 juxta
3157 1077 3313 1140 illud
3347 1078 3460 1139 Da-

1968 1178 2154 1239 nielis
2203 1197 2217 1242 :
2263 1179 2523 1242 Peccata
2569 1187 2677 1241 tua
2723 1178 3146 1261 eleemosynis
3193 1177 3454 1239 redime.
3487 1205 3758 1257 ῃαωηῃ,

1966 1276 2280 1351 Luitione‚
2333 1278 2397 1339 id
2447 1285 2565 1352 est,
2617 1295 2838 1360 poenas
2887 1276 3027 1339 illas
3077 1276 3141 1338 in
3193 1293 3462 1358 persona

1967 1375 2226 1457 propria
2265 1375 2662 1451 sustinendO,
2694 1375 3049 1438 secundum
3095 1374 3251 1436 illud
3293 1372 3409 1436 Job
3443 1390 3458 1435 ε

1966 1472 2123 1534 Luet
2167 1493 2310 1555 quae
2354 1473 2505 1536 fecit
2554 1474 2786 1536 omnia.
2831 1474 2974 1537 Haec
3020 1482 3234 1535 autem
3282 1472 3464 1535 luitio
3489 1491 3572 1534 aab
3597 1504 3650 1533 n

1966 1570 2310 1653 dupliciter
2355 1572 2452 1646 fit,
2506 1572 2860 1635 secundum
2910 1572 3146 1654 duplex
3197 1571 3459 1634 forum:

1966 1688 2169 1731 unum
2213 1678 2310 1733 est
2349 1669 2740 1753 poenitentiS‚
2783 1670 2892 1752 qui
2935 1670 3002 1732 in
3043 1670 3334 1753 praesenti
3376 1668 3464 1732 af-

1966 1766 2135 1848 fligit
2164 1787 2231 1831 se
2263 1786 2379 1851 pro
2407 1769 2540 1831 suis
2573 1770 2872 1851 peccatiS‚
2897 1769 3000 1831 vel
3031 1775 3258 1851 sponte
3283 1768 3464 1849 juxta

360 1865 573 1927 nantis
617 1866 701 1928 ab
748 1868 1097 1949 apostolica
1142 1868 1323 1931 Sede.
1365 1867 1597 1931 Positio
1639 1875 1853 1930 autem
1890 1866 1939 1929 B
1968 1868 2298 1949 proprium
2329 1875 2732 1950 conceptum,
2765 1867 2866 1930 vel
2904 1868 3087 1948 juxta
3121 1868 3464 1948 injunctio-

356 1963 599 2027 Alberti
632 1983 707 2027 ac
738 1965 1192 2031 Bonaventurae
1222 1966 1451 2029 rationi
1483 1974 1546 2027 et
1573 1966 1855 2048 aequitati

360 2063 811 2127 consonantior
866 2064 1235 2129 aestimatur.
1299 2066 1377 2128 Et
1432 2082 1855 2149 quaeeumque

360 2180 581 2223 earum
610 2160 697 2223 sit
724 2162 955 2239 verior,
970 2164 1228 2246 expedit
1257 2163 1684 2245 indulgentias
1714 2180 1856 2245 pro-

360 2276 614 2321 mereri.

436 2357 747 2421 Praeterea
792 2367 1136 2423 occurrunt
1183 2359 1528 2434 memoriae,
1570 2379 1712 2441 quae
1754 2379 1857 2422 su-

360 2474 473 2538 per
520 2456 625 2519 his
674 2458 899 2521 scribit
945 2458 1275 2533 HenricuS,
1324 2458 1435 2542 qui
1496 2459 1723 2523 ultimo
1771 2459 1857 2522 lo-

268 2611 279 2623 ,
360 2555 583 2635 quitur
610 2554 987 2629 Quodlibeto
1010 2576 1025 2620 ε
1051 2556 1309 2639 Oportet
1336 2564 1481 2619 ante
1511 2557 1723 2619 omnia
1752 2557 1857 2619 hie

358 2652 579 2715 videre
626 2653 1120 2736 descriptionem
1170 2654 1602 2736 indulgentiae,
1644 2662 1858 2737 quate-

359 2770 479 2813 nus
508 2769 591 2814 ex
631 2750 1067 2815 membrorum
1107 2753 1249 2833 ejus
1286 2754 1710 2817 declaratione
1750 2773 1856 2836 pa-

358 2858 485 2913 teat
534 2852 767 2915 veritas
816 2852 1067 2915 horum.
1112 2853 1221 2917 Est
1266 2871 1416 2935 ergo
1464 2853 1859 2935 indulgentia

356 2949 655 3013 remissio
685 2968 891 3032 poenae
918 2952 1287 3034 temporalis
1320 2952 1549 3016 debitae
1579 2951 1857 3035 peccatis

1966 1984 2115 2028 nem
2146 1985 2183 2027 a
2213 1964 2574 2029 confessore
2613 1966 2982 2049 praefixam3
3009 1966 3185 2029 aliud
3224 1973 3322 2028 est
3352 1966 3461 2028 Dei

1968 2065 2033 2126 in
2080 2066 2464 2147 purgatorio.

2046 2164 2135 2225 De
2166 2163 2355 2227 tertio
2386 2165 2574 2228 modo
2603 2171 2702 2227 est
2730 2164 2998 2246 quaestio
3027 2164 3169 2237 ista,
3201 2171 3266 2226 et
3293 2183 3464 2245 quae·

1969 2261 2151 2335 ritur,
2197 2280 2278 2323 an
2328 2263 2626 2345 praelatus
2667 2262 2968 2327 Ecclesiae
3012 2263 3214 2345 possit
3260 2261 3466 2325 indul-

1966 2359 2212 2439 gentias
2251 2358 2459 2422 facere
2498 2359 2575 2421 ad
2621 2380 2750 2423 suae
2795 2359 3049 2422 libitum
3094 2361 3460 2435 voluntatiS,

1968 2457 2226 2539 quando
2253 2457 2549 2532 voluerit,
2581 2455 2818 2539 quibus
2847 2458 3142 2531 voluerit,
3175 2465 3240 2520 et
3268 2477 3467 2540 quan-

1968 2560 2105 2617 tum
2135 2554 2426 2617 voluerit.
2448 2554 2754 2629 Quocirca
2783 2554 3140 2629 sciendum,
3161 2556 3330 2637 quod
3362 2556 3468 2619 do-

1970 2652 2162 2726 nati0‚
2187 2653 2480 2727 redditio,
2505 2652 2918 2735 dispensatiO,
2942 2652 3291 2715 differunt:
3315 2654 3468 2735 quia

1967 2750 2224 2814 donatio
2261 2751 2524 2834 respicit
2553 2752 2760 2815 solum
2791 2751 3222 2814 voluntarium
3264 2751 3328 2814 in
3365 2753 3472 2815 do-

1968 2857 2182 2925 nante,
2245 2848 2798 2933 qualitercumque
2855 2849 3052 2912 fuerit
3105 2849 3468 2931 accipiens3

1968 2948 2240 3011 redditio
2289 2966 2440 3011 vero
2487 2948 2748 3031 respicit
2793 2947 3082 3011 debitum
3137 2948 3203 3010 in
3255 2948 3467 3023 dante,

354 3046 715 3109 actualibus
765 3048 1217 3131 poenitentium
1264 3050 1519 3132 (poenae,
1569 3050 1853 3132 inquam,
1891 3043 1934 3107 C
1968 3056 2033 3108 et
2062 3048 2362 3110 meritum
2407 3048 2470 3110 in
2510 3046 2902 3130 accipiente;
2934 3046 3324 3131 dispensatio
3361 3066 3470 3111 au-

356 3146 728 3227 temporalis
762 3165 889 3210 non
923 3148 1205 3212 remissae
1237 3149 1303 3210 in
1337 3146 1736 3212 absolutione
1766 3167 1858 3211 sa-

354 3244 781 3325 cramentali),
822 3243 987 3308 facta
1035 3265 1071 3308 a
1119 3247 1379 3329 praelato
1426 3246 1727 3310 Ecclesiae
1765 3265 1857 3310 ra-

353 3340 751 3405 tionabiliter
806 3351 871 3406 et
925 3362 1004 3406 ex
1061 3343 1421 3407 rationabili
1481 3363 1691 3418 causa,
1744 3362 1859 3427 per

354 3442 1037 3522 recompensationem,
1079 3443 1158 3505 de
1198 3442 1480 3506 indebita
1527 3461 1715 3526 poena
1759 3443 1856 3523 ju-

352 3545 623 3600 storum.
646 3539 715 3601 ln
747 3539 866 3602 hac
893 3541 1321 3624 descriptione
1353 3541 1611 3625 ponitur
1640 3542 1859 3604 remis-

352 3636 450 3699 sio
500 3654 619 3718 pro
664 3655 917 3718 genere,
970 3646 1034 3700 et
1080 3639 1325 3722 reliqua
1373 3639 1661 3703 membra
1708 3647 1857 3704 sunt

354 3735 499 3797 loco
529 3734 933 3800 differentiae.
967 3737 1111 3800 Haec
1146 3757 1421 3820 namque
1462 3739 1857 3821 indulgentia

352 3851 485 3895 non
528 3840 626 3895 est
662 3833 788 3895 nisi
828 3834 1121 3898 remissio
1160 3853 1366 3917 poenae
1402 3855 1546 3919 quae
1588 3836 1855 3899 debetur

354 3931 587 4014 culpae,
610 3949 735 3994 non
769 3931 906 4015 ipsa
937 3934 1141 4016 culpae
1173 3934 1485 3998 remissio.
1521 3936 1675 3998 Dico
1704 3953 1856 4017 quo-

352 4049 503 4111 que,
544 4030 823 4094 Peccatis
870 4031 1251 4108 actualibus,
1293 4033 1370 4096 ad
1421 4033 1854 4096 differentiam

352 4128 603 4210 peccati
658 4129 1003 4210 originalis.
1068 4130 1377 4194 Similiter
1432 4132 1597 4206 dico,
1648 4133 1854 4195 Poenae

1968 3153 2097 3208 tem
2143 3147 2406 3229 respicit
2450 3147 2882 3210 voluntarium
2928 3147 2994 3209 in
3037 3147 3468 3230 dispensante,

1966 3252 2032 3307 et
2073 3245 2340 3325 dignum
2387 3245 2451 3306 in
2497 3262 2574 3308 eo
2616 3246 2720 3306 cui
2770 3245 3195 3328 dispensatur.
3239 3247 3472 3320 Quum-

1966 3361 2091 3424 que
2135 3342 2393 3405 donatio
2437 3343 2739 3425 respiciat
2781 3342 2987 3405 solum
3036 3344 3469 3406 voluntarium

1968 3440 2031 3501 in
2064 3441 2356 3512 donante,
2371 3440 2854 3523 qualiscumque
2887 3439 3081 3503 fuerit
3111 3441 3465 3524 aecipiens;

1966 3545 2302 3620 propterea
2341 3538 2548 3600 solum
2591 3539 2699 3600 ille
2739 3538 2850 3621 qui
2889 3537 3082 3602 habet
3110 3540 3364 3622 plenam
3403 3547 3468 3602 et

1967 3635 2234 3700 liberam
2285 3644 2660 3720 potestatem
2711 3655 2906 3720 super
2952 3655 3089 3700 rem
3133 3637 3464 3700 conferen-

1963 3735 2132 3810 dam,
2169 3742 2377 3818 potest
2413 3753 2553 3797 eam
2598 3735 2855 3809 donare,
2891 3735 2953 3797 id
2991 3743 3090 3798 est
3131 3736 3281 3799 dare
3321 3733 3464 3798 abs-

1962 3853 2089 3916 que
2139 3834 2327 3915 culpa
2385 3853 2500 3897 sua
2545 3840 2610 3896 et
2656 3833 2830 3896 omni
2880 3833 3153 3896 aliorum
3202 3832 3459 3913 injuria,

1962 3933 2480 4016 quibuscumque
2525 3933 2990 4008 indifferenter,
3022 3933 3232 4014 dignis
3269 3940 3334 3995 et
3367 3933 3460 3996 in-

1962 4031 2195 4112 digniS,
2229 4051 2345 4114 per
2391 4032 2650 4095 modum
2690 4049 2818 4115 quo
2857 4033 3024 4094 Deus
3063 4032 3264 4095 solem
3307 4031 3462 4096 facit
3513 4054 3750 4110 uanam,

1961 4129 2115 4192 oriri
2165 4148 2358 4212 super
2413 4130 2614 4193 bonos
2661 4137 2725 4192 et
2771 4131 2991 4193 malos.
3042 4131 3250 4204 Quum
3307 4149 3459 4213 ergo
3487 4121 3555 4161 ⁴⁵·

352 4227 748 4308 temporalis,
780 4227 858 4290 ad
889 4227 1323 4292 differentiam
1365 4247 1569 4312 poenae
1596 4237 1855 4293 aeterna-
1882 4226 1931 4287 D
1963 4228 2155 4291 talem
2225 4235 2602 4311 potestatem
2667 4229 2954 4292 Christus
3020 4247 3146 4292 non
3212 4230 3460 4293 dederit

355 4324 457 4400 lis,
489 4343 633 4407 quae
662 4325 929 4388 debetur
968 4335 1228 4409 peccato
1260 4328 1529 4390 mortali.
1564 4329 1633 4390 In
1672 4328 1853 4392 abso-

354 4423 599 4486 lutione
640 4423 881 4506 quippe
924 4425 1365 4488 sacramentali
1410 4425 1701 4489 aboletur
1740 4445 1851 4489 seu

356 4520 704 4584 remittitur
742 4522 985 4604 peccati
1030 4523 1298 4598 macula,
1331 4531 1395 4585 et
1424 4532 1854 4588 commutatur

355 4637 545 4702 poena
582 4626 817 4683 aeterna
855 4619 921 4680 in
962 4620 1415 4702 temporalem3
1445 4629 1636 4703 atque
1681 4623 1852 4686 illius

352 4716 717 4799 temporalis
748 4735 952 4800 poenae
977 4737 1122 4800 pars
1153 4737 1267 4800 per
1289 4718 1739 4783 absolutionem
1764 4741 1856 4784 sa-

352 4815 807 4878 cramentalem
836 4816 1350 4892 remittitur,imo
1378 4825 1442 4880 et
1472 4837 1616 4901 pars
1648 4837 1853 4902 poenae

352 4911 528 4975 illius
568 4913 915 4976 remittitur
952 4923 1211 4997 propter
1244 4917 1714 4993 contritionem,
1747 4918 1851 4980 vel

352 5011 544 5073 etiam
577 5018 728 5087 tota,
761 5012 815 5074 si
855 5013 939 5074 sit
968 5013 1268 5076 contritio
1298 5021 1503 5094 tanta;
1536 5023 1598 5077 et
1626 5016 1679 5078 si
1722 5035 1849 5079 non

354 5115 503 5184 tota,
518 5117 674 5171 tunc
700 5108 1029 5173 absolutus
1064 5118 1279 5175 manet
1307 5111 1553 5177 debitor
1583 5115 1851 5178 residuae

352 5225 557 5289 poenae
576 5225 591 5269 ε
610 5208 791 5289 cujus
821 5209 1139 5291 quantitas
1162 5217 1294 5272 tam
1324 5212 1526 5293 quoad
1554 5213 1856 5276 acerbita-

354 5313 506 5381 tem,
533 5325 727 5388 quam
756 5308 964 5388 quoad
994 5308 1417 5384 durationem,
1448 5310 1619 5392 apud
1648 5312 1851 5375 Deum

1964 4327 2263 4409 praelatiS,
2315 4335 2559 4390 constat
2607 4329 2778 4411 quod
2825 4329 2903 4391 ad
2963 4327 3218 4390 libitum
3267 4347 3457 4390 suum

1962 4434 2284 4508 nequeant
2331 4426 2481 4489 dare
2530 4426 2697 4490 bona
2745 4427 3043 4490 Ecclesiae
3099 4426 3460 4508 spiritualia

1961 4531 2072 4586 aut
2110 4524 2465 4606 corporalia
2505 4525 2645 4588 sine
2689 4525 2894 4608 culpa.
2939 4525 3272 4607 Quumque
3321 4526 3458 4587 red-

1962 4622 2119 4685 ditio
2168 4623 2470 4705 respiciat
2518 4624 2804 4687 debitum
2856 4623 2920 4685 in
2969 4623 3178 4697 dante,
3220 4631 3282 4685 et
3334 4642 3460 4685 me·

1962 4721 2160 4782 ritum
2191 4721 2258 4783 in
2298 4721 2683 4803 recipiente;
2714 4722 2935 4783 dicunt
2971 4721 3253 4802 quidam,
3289 4723 3457 4804 quod

1962 4818 2504 4900 indulgentiarum
2541 4818 2865 4881 concessio
2899 4818 2983 4881 sit
3011 4819 3209 4882 debiti
3251 4820 3458 4883 reddi-

1960 4917 2072 4991 tio,
2116 4917 2268 4998 quia
2315 4936 2442 4981 non
2487 4917 2719 4979 dantur
2761 4917 2885 4979 nisi
2935 4935 3050 4999 pro
3097 4918 3313 4999 aliquo
3349 4919 3458 5000 pio

1960 5034 2154 5098 opere
2181 5016 2564 5093 exercend03
2597 5021 2659 5076 et
2688 5015 2858 5097 quod
2891 5016 3298 5098 indulgentiae
3329 5035 3455 5080 non

1961 5123 2210 5177 tantum
2259 5113 2472 5178 valent
2519 5120 2590 5175 ut
2631 5120 2878 5189 sonant,
2920 5114 3044 5177 nisi
3091 5114 3311 5178 habito
3357 5134 3454 5179 re-

1962 5221 2184 5297 spectu
2223 5214 2301 5275 ad
2347 5211 2645 5274 meritum
2683 5212 2916 5294 operiS,
2949 5213 3301 5275 secundum
3341 5233 3455 5278 aes-

1962 5311 2360 5376 timationem
2419 5317 2656 5373 rectam
2713 5328 2825 5372 seu
2881 5310 3229 5375 discretum
3280 5312 3450 5395 judi-

3655 1524 3667 1543 ,
3687 1494 3755 1537 ¹8.
