4267 6250
81 2375 92 2418 Ι
108 2377 218 2421 lma

1173 525 1253 572 DE
1293 525 1652 572 BPPBC'HBUS
1693 523 2078 572 SAGRAURNTI
2119 523 2537 572 nuclumsrm

3279 505 3401 570 335

293 693 464 774 quod
525 711 718 756 omne
779 702 1114 778 peccatum
1173 695 1426 758 veniale
1485 694 1871 778 impediatA
1901 694 2001 776 (ut
2026 693 2425 758 Innocentius
2454 694 2705 776 scribit)
2734 694 2857 758 illae
2887 694 3229 758 locutiones
3258 701 3401 756 sunt

293 791 490 871 hujus
527 794 912 856 sacramenti
956 793 1284 868 effectum,
1317 794 1429 856 sed
1467 795 1674 856 solum
1723 793 1793 855 il-

293 889 399 951 lud
431 890 606 972 quod
636 890 807 954 tollit
833 892 1150 955 actualem
1181 892 1583 955 devotionem
1617 892 1792 954 illam

291 1007 432 1070 quae
477 989 546 1052 in
587 990 710 1053 hoc
753 997 1150 1054 sacramento
1189 991 1482 1073 exigitur.

365 1087 678 1152 Praeterea
721 1089 775 1152 si
821 1098 1164 1172 quaeratur,
1195 1109 1276 1152 an
1319 1091 1554 1153 virtute
1599 1089 1794 1171 hujus

291 1187 674 1250 sacramenti
726 1195 984 1271 peccata
1029 1189 1306 1251 venialia
1351 1189 1791 1266 dimittantur3

291 1284 659 1360 dicendum,
703 1286 874 1367 quod
923 1286 1157 1349 virtute
1206 1286 1398 1367 hujus
1446 1305 1796 1350 sacramen·

292 1383 337 1444 ti
395 1384 482 1446 sit
541 1384 988 1448 transmutatio
1041 1386 1332 1466 quaedam
1391 1384 1670 1448 hominis
1728 1383 1794 1445 in

291 1481 520 1555 Deum,
551 1490 612 1544 et
655 1481 762 1545 hic
793 1489 890 1544 est
929 1483 1226 1564 proprius
1263 1483 1642 1545 sacramenti
1677 1483 1791 1544 hu-

1903 793 2287 875 impropriae.
2340 792 2586 856 Dicitur
2631 793 2873 876 quippe
2929 800 3397 856 sacramentum

1901 893 2022 954 hoc
2063 891 2336 954 crimina
2372 891 2655 966 abluere,
2689 892 2755 955 in
2787 899 3098 974 quantum
3130 890 3400 974 impedit

1899 1010 1995 1065 ea,
2030 990 2387 1072 praestando
2428 989 2621 1052 robur
2658 997 2877 1053 contra
2914 1009 3009 1064 ea,
3041 998 3105 1052 et
3141 992 3293 1073 quia
3329 989 3397 1052 in

1898 1089 2116 1172 aliquo
2166 1096 2374 1170 potest
2423 1107 2561 1151 esse
2614 1096 2947 1170 peccatum
3002 1089 3262 1153 mortale
3318 1088 3397 1151 de

1902 1205 2030 1269 quo
2059 1186 2182 1249 sibi
2216 1187 2511 1250 conscius
2540 1204 2667 1249 non
2699 1194 2814 1260 est,
2848 1194 2913 1249 et
2946 1187 3091 1250 talis
3126 1187 3180 1249 si
3209 1187 3396 1250 devo-

1903 1293 1964 1346 te
1991 1285 2700 1367 accedat‚consequitur
2730 1286 3171 1348 remissionem
3205 1285 3394 1348 illius.

1900 1419 1980 1428 ——
2000 1383 2231 1445 Verum
2267 1383 2462 1464 objici
2495 1390 2719 1465 potest,
2736 1384 3039 1465 quoniam
3070 1382 3398 1447 celebrans

1901 1498 2018 1564 pro
2049 1481 2309 1563 iniquiS,
2343 1481 2661 1544 interdum
2692 1483 2993 1564 impetrat
3021 1482 3114 1545 eis
3144 1482 3397 1545 veniam

289 1578 390 1659 jus
421 1579 718 1642 effectus,
752 1581 1090 1663 Quumque
1119 1599 1199 1644 ex
1229 1580 1510 1642 caritatis
1545 1580 1792 1642 fervore
1895 1588 1964 1642 et
2009 1580 2228 1662 gratiae
2287 1579 2676 1643 infusionem
2724 1581 2963 1643 virtute
3018 1580 3397 1644 sacramenti

292 1677 697 1740 dimittantur
727 1687 988 1761 peccata
1015 1678 1312 1753 venialia,
1337 1697 1413 1742 eo
1442 1679 1610 1761 quod
1643 1696 1791 1741 con-

295 1777 634 1838 trarientur
665 1776 946 1839 caritatis
975 1776 1246 1856 fervori3
1277 1777 1516 1840 idcirco
1544 1796 1620 1840 ex
1651 1794 1794 1840 con·

1901 1678 2106 1752 istius,
2142 1697 2291 1759 ergo
2323 1677 2465 1760 plus
2496 1677 2617 1740 sibi
2652 1679 2773 1760 ipsi
2806 1687 3013 1760 potest
3051 1679 3169 1742 hoc
3202 1680 3399 1762 impe-

1899 1785 2104 1840 trare:
2129 1784 2195 1840 et
2225 1777 2330 1850 ita,
2355 1777 2647 1859 quamvis
2678 1777 2961 1858 iniquuS‚
2989 1784 3196 1860 potest
3226 1778 3397 1840 licite

293 1876 601 1957 sequenti,
615 1875 854 1938 virtute
884 1875 1078 1957 hujus
1107 1877 1486 1939 sacramenti
1518 1876 1792 1939 venialia
1827 1876 1873 1939 Β
1903 1876 2225 1939 celebrare
2268 1883 2331 1938 et
2377 1874 2739 1939 mortalium
2786 1876 3227 1939 remissionem
3272 1876 3395 1938 sibi

293 1971 723 2035 dimittuntur.
765 1973 926 2036 Hinc
969 1981 1180 2036 tantus
1207 1982 1445 2056 *posset
1487 1993 1624 2036 esse
1673 1974 1794 2036 fer-

293 2089 402 2133 vor
441 2071 824 2146 devotioniS,
856 2072 1026 2154 quod
1066 2073 1283 2135 omnia
1318 2073 1593 2135 venialia
1624 2072 1792 2136 dele-

297 2177 386 2230 ret
415 2178 698 2252 peccata.
731 2205 816 2216 —-
845 2170 920 2232 Et
957 2171 1012 2233 si
1042 2170 1405 2252 objiciatur,
1440 2171 1610 2254 quod
1642 2179 1792 2233 tunc

297 2267 486 2330 homo
543 2267 920 2350 frequenter
979 2270 1118 2332 sine
1177 2270 1353 2332 omni
1419 2270 1794 2333 consisteret

224 2365 502 2448 .·,culpa,
543 2374 766 2429 contra
809 2367 967 2430 illud
1008 2368 1289 2442 Joanuis,
1330 2369 1391 2432 Si
1441 2368 1791 2431 dixerimus

295 2465 441 2544 quia
497 2473 838 2547 peccatum
897 2483 1024 2528 non
1073 2466 1404 2541 habemuS‚
1457 2485 1572 2530 nos
1621 2467 1794 2549 ipsos

296 2563 696 2642 seducimus3
738 2564 1275 2646 respondendum,
1318 2565 1485 2648 quod
1531 2582 1656 2628 non
1697 2572 1793 2627 est

297 2660 774 2736 inconvenienS,
807 2663 978 2744 quod
1009 2662 1201 2726 homo
1229 2663 1445 2745 aliqua
1473 2664 1628 2726 hora
1654 2663 1794 2726 abs·

296 2778 414 2840 que
455 2761 637 2824 omni
684 2760 919 2822 veniali
963 2761 1046 2824 sit
1089 2760 1298 2844 culpa,
1331 2763 1626 2844 quamvis
1673 2762 1790 2826 hoc

297 2875 416 2920 non
445 2861 558 2923 diu
589 2861 799 2935 duret,
824 2868 1084 2943 propter
1111 2851 1563 2924 difficultatem
1593 2863 1794 2925 vitan-

295 2955 354 3016 di
389 2957 680 3021 venialia.
717 2959 794 3020 Et
821 2976 950 3042 quo
989 2959 1193 3040 major
1231 2967 1327 3022 est
1368 2958 1578 3024 fervor
1608 2952 1791 3022 devo-

1905 1975 2154 2038 mereri.
2195 1974 2569 2048 Dicendum,
2610 1975 2780 2055 quod
2826 1973 3223 2037 Eucharistia
3268 1993 3395 2038 non

1900 2074 2106 2136 solum
2156 2082 2253 2136 est
2292 2081 2781 2147 sacramentum,
2814 2073 2925 2136 sed
2972 2074 3165 2136 etiam
3210 2073 3397 2136 sacri-

1901 2172 2145 2234 ficium.
2182 2173 2249 2234 In
2290 2180 2601 2254 quantum
2642 2179 2855 2234 autem
2900 2179 2996 2234 est
3044 2191 3398 2236 sacramen-

1899 2279 2059 2344 tum,
2094 2270 2284 2333 habet
2325 2270 2631 2334 effectum
2679 2271 2744 2333 in
2794 2272 2968 2334 omui
3018 2272 3295 2346 vivente,
3330 2273 3396 2334 in

1899 2387 2028 2451 quo
2075 2369 2273 2449 exigit
2321 2369 2756 2451 praeexsistere
2804 2371 2997 2433 vitam
3048 2371 3282 2452 gratiae.
3326 2372 3395 2434 In

1900 2473 2207 2549 quantum
2244 2485 2393 2529 vero
2430 2475 2527 2530 est
2565 2467 2980 2543 sacrificium,
3013 2468 3206 2530 habet
3240 2467 3394 2531 effe-

1901 2572 2077 2640 ctum
2107 2583 2363 2648 quoque
2404 2565 2465 2628 in
2499 2565 2663 2639 aliis,
2698 2567 2761 2628 in
2801 2566 3037 2648 quibus
3076 2585 3203 2630 non
3238 2586 3395 2648 proe-

1899 2665 2095 2745 exigit
2140 2664 2337 2726 vitam
2387 2663 2783 2746 spiritualem
2838 2665 2903 2727 in
2948 2673 3117 2740 actu,
3169 2666 3277 2728 sed
3329 2665 3394 2727 in

1899 2763 2202 2845 potentia.
2226 2763 2483 2836 Idcirco,
2499 2762 2552 2824 si
2582 2763 2923 2845 dispositos
2954 2763 3238 2826 inveniat
3266 2781 3392 2839 θοε,

1899 2862 2146 2924 obtinet
2174 2861 2267 2924 eis
2304 2861 2571 2943 gratiam
2599 2861 2834 2924 virtute
2864 2861 3165 2925 sacrificii
3196 2864 3329 2926 veri
3360 2883 3397 2926 a

1899 2977 2027 3043 quo
2055 2961 2263 3023 omnis
2294 2960 2494 3043 gratia
2524 2961 2589 3022 in
2617 2978 2731 3023 nos
2763 2960 2973 3035 fluxit,
3006 2969 3071 3024 et
3109 2981 3223 3044 per
3253 2980 3397 3026 con-

295 3055 480 3118 tionis
529 3057 599 3119 in
649 3057 1032 3121 celebrando
1074 3066 1184 3121 aut
1231 3059 1786 3134 communicando,
1821 3063 1866 3130 C
1899 3077 2175 3141 sequens
2206 3067 2463 3142 peccata
2495 3059 2784 3122 mortalia
2815 3059 2881 3122 in
2912 3061 3005 3122 eis
3044 3061 3234 3135 delet,
3266 3078 3395 3126 non

293 3170 366 3216 eo
411 3156 559 3237 plus
606 3157 688 3219 de
736 3156 1095 3219 venialibus
1143 3157 1354 3237 delet3
1399 3175 1525 3220 non
1579 3166 1788 3220 tamen

295 3271 544 3336 semper
581 3253 820 3328 omnia,
853 3255 1156 3336 quoniam
1197 3273 1324 3319 non
1363 3263 1460 3318 est
1493 3256 1789 3338 proprius

295 3350 426 3431 ejus
472 3352 750 3415 effectus
797 3353 1072 3416 venialia
1116 3354 1360 3417 tollere.
1414 3354 1641 3418 Gratiae
1687 3356 1791 3418 de-

297 3468 466 3511 mum
496 3451 884 3513 sacramenti
923 3450 1118 3533 hujus
1157 3470 1284 3515 non
1315 3453 1526 3516 solum
1559 3460 1788 3517 morta-

294 3547 394 3623 lia,
443 3552 558 3613 sed
608 3558 674 3613 et
718 3550 995 3614 venialia
1039 3560 1472 3635 opponuntur,
1523 3555 1674 3637 quia
1721 3554 1786 3616 in

293 3646 408 3710 hoc
445 3658 848 3713 sacramento
887 3668 1016 3713 non
1053 3650 1262 3713 solum
1301 3651 1629 3714 confertur
1654 3671 1790 3733 gra·

295 3747 376 3808 tia
418 3747 787 3824 habitualis,
829 3750 940 3812 sed
984 3750 1177 3811 etiam
1220 3750 1531 3813 excitatur
1577 3750 1790 3813 fervor

293 3846 552 3909 actualis
596 3846 972 3911 devotionis

367 3946 684 4020 Quaeritur
710 3945 994 4021 demum,
1029 3966 1110 4009 an
1141 3946 1376 4009 virtute
1411 3948 1790 4010 sacramenti

295 4042 474 4107 istius
505 4046 701 4108 etiam
744 4046 1037 4108 mortalia
1072 4045 1476 4108 dimittantur
1510 4054 1787 4129 peccata.

294 4141 364 4203 Et
391 4144 937 4225 respondendum,
972 4143 1143 4226 quod
1173 4143 1445 4206 effectus
1475 4143 1670 4225 hujus
1703 4165 1798 4208 sa-

1899 3158 2066 3219 sicut
2104 3158 2393 3241 proxima
2432 3177 2643 3233 causa,
2676 3160 2787 3222 sed
2829 3159 2893 3221 in
2934 3168 3243 3242 quantum
3284 3159 3398 3222 im-

1901 3263 2106 3337 petrat
2135 3255 2227 3317 eis
2257 3255 2525 3338 gratiam
2555 3257 2911 3320 devotionis
2941 3258 3398 3339 caritatiS,quae

1901 3353 2345 3415 contritionem
2374 3354 2671 3436 perficiet
2698 3363 2762 3417 et
2792 3354 3230 3418 remissionem
3261 3374 3399 3438 pec-

1901 3452 2044 3514 cati.

1981 3551 2160 3613 Circa
2208 3550 2327 3613 hoc
2374 3551 2701 3632 quaeritur,
2741 3572 2822 3614 an
2870 3552 2991 3615 hoc
3042 3572 3397 3617 sacramen·

1901 3656 2036 3711 tum
2068 3650 2347 3711 remittat
2386 3668 2640 3731 poenam
2670 3650 2914 3731 peccati
2955 3652 3257 3715 mortalis.
3293 3653 3394 3715 Di-

1900 3748 2196 3820 cendum,
2231 3748 2399 3829 quod
2431 3747 2826 3811 Eucharistia
2863 3749 2929 3810 in
2960 3758 3268 3832 quantum
3301 3758 3398 3813 est

1900 3853 2391 3919 sacramentum,
2425 3844 2616 3907 habet
2644 3863 2760 3928 pro
2789 3846 3127 3929 principali
3158 3848 3396 3911 effectu

1902 3944 2181 4008 hominis
2212 3944 2514 4006 unionem
2546 3962 2695 4006 cum
2726 3945 2853 4007 Deo
2886 3962 2900 4007 ε
2935 3945 3085 4008 hinc
3119 3965 3235 4029 per
3264 3966 3396 4011 mo-

1901 4044 2056 4105 dum
2087 4042 2462 4104 sacramenti
2496 4059 2625 4105 non
2653 4042 2861 4105 aufert
2889 4043 3013 4105 nisi
3052 4063 3127 4107 ea
3157 4064 3297 4127 quae
3328 4046 3397 4109 in

1903 4142 2175 4205 habente
2206 4142 2403 4204 vitam
2434 4141 2678 4204 invenit
2714 4143 3005 4224 opposita
3038 4144 3189 4206 huic
3220 4146 3398 4208 unio-

293 4242 597 4304 cramenti
629 4244 1079 4325 correspondet
1111 4243 1210 4305 his
1241 4263 1382 4326 quae
1412 4244 1693 4307 exterius
1725 4246 1791 4308 in
1824 4245 1873 4308 D
1903 4240 2006 4319 ni3
2036 4248 2100 4302 et
2128 4240 2272 4302 talis
2303 4257 2429 4303 non
2470 4248 2567 4302 est
2605 4256 2794 4321 poena
2831 4242 3075 4323 peccati
3111 4242 3394 4306 mortalis

294 4338 425 4421 ipso
461 4348 794 4423 geruntur.
833 4341 1121 4405 Exterior
1147 4350 1361 4404 autem
1403 4362 1556 4405 usus
1597 4341 1792 4424 hujus

293 4439 667 4502 sacramenti
699 4440 989 4502 consistit
1020 4440 1082 4501 in
1116 4440 1625 4514 manducatione,
1645 4460 1786 4523 quae

293 4554 412 4599 non
461 4540 766 4601 convenit
813 4539 938 4601 nisi
986 4538 1251 4602 viventi.
1304 4538 1464 4601 Hinc
1517 4540 1788 4603 effectus

291 4634 478 4717 hujus
517 4638 902 4699 sacramenti
941 4637 1379 4719 praesupponit
1415 4637 1613 4699 vitam
1651 4657 1788 4719 gra-

293 4732 386 4795 tiae
425 4734 490 4795 in
533 4741 849 4797 sumente.
883 4735 1218 4817 Quumque
1259 4734 1523 4797 mortale
1569 4754 1790 4819 pecca-

291 4838 416 4893 tum
479 4832 682 4894 vitam
741 4833 1140 4915 spiritualem
1199 4840 1586 4916 corrumpat,
1644 4834 1788 4897 ideo

290 4938 754 4993 sacramentum
815 4931 936 4994 hoc
994 4949 1122 4995 non
1181 4938 1276 4993 est
1335 4932 1412 4993 ad
1471 4931 1787 4994 abluenda

291 5037 544 5108 peccata
593 5029 905 5104 mortalia,
957 5030 1066 5092 sed
1115 5029 1517 5092 solummodo
1565 5029 1785 5111 culpas

291 5146 424 5207 quae
454 5146 608 5190 cum
640 5127 771 5190 vita
807 5128 1024 5209 gratiae
1063 5135 1228 5190 stare
1259 5134 1521 5210 queunt.
1553 5163 1635 5173 —
1663 5128 1784 5191 Sed

289 5226 478 5308 objici
521 5234 756 5309 potest,
789 5227 959 5309 quod
1001 5226 1238 5289 dicitur
1276 5226 1341 5288 in
1382 5226 1781 5309 complenda,

291 5324 379 5387 Sit
405 5324 651 5389 ablutio
680 5324 1019 5400 scelerum,
1052 5332 1171 5387 etc.
1205 5325 1579 5400 Dicendum,
1613 5326 1782 5407 quod

1900 4339 2169 4401 dimissi.
2222 4339 2367 4402 ldeo
2416 4338 2481 4401 in
2531 4346 2841 4420 quantum
2899 4347 2996 4402 est
3044 4359 3397 4404 sacramen-

1900 4444 2057 4511 tum,
2093 4455 2220 4500 non
2264 4438 2454 4500 habet
2501 4455 2618 4520 pro
2665 4436 2901 4500 effectu
2950 4439 3392 4504 dimissionem

1899 4553 2102 4617 poenae
2153 4536 2393 4617 peccati
2444 4535 2749 4598 mortalis.
2796 4537 2916 4599 Sed
2967 4538 3031 4599 in
3080 4547 3389 4620 quantum

1899 4632 2313 4709 sacrificium,
2364 4634 2602 4716 accipit
2654 4636 2961 4699 rationem
3010 4636 3390 4701 satisfactio-

1898 4732 1997 4794 nis
2025 4749 2039 4793 :
2065 4733 2285 4814 sicque
2316 4733 2481 4796 tollit
2508 4750 2764 4815 poenam
2796 4733 2859 4796 in
2892 4741 3070 4816 parte
3099 4744 3211 4798 aut
3239 4744 3387 4811 toto,

1896 4830 2062 4893 sicut
2090 4838 2155 4891 et
2182 4830 2320 4893 aliae
2350 4830 2828 4906 satisfactiones
2843 4834 3193 4896 secundum
3222 4853 3392 4897 men-

1895 4946 2108 4990 suram
2141 4944 2345 5009 poenae
2374 4927 2601 4991 debitae
2630 4947 2745 5012 pro
2776 4930 3074 5012 peccatis,
3101 4950 3175 4994 ac
3206 4934 3392 4996 devo-

1895 5028 2084 5091 tionis
2127 5047 2255 5109 qua
2300 5036 2765 5089 sacramentum
2813 5028 3101 5093 offertur.
3135 5066 3217 5076 —
3244 5032 3387 5096 Haec

1893 5127 2165 5190 Thomas
2208 5125 2273 5188 in
2317 5125 2583 5208 Scripto.

1971 5226 2291 5299 Praeterea,
2304 5244 2497 5308 super
2525 5225 2624 5287 his
2652 5225 2876 5288 scribit
2905 5227 3141 5292 diffuse
3172 5231 3238 5293 in
3271 5239 3387 5295 ter-

1891 5326 1980 5387 tia
2027 5331 2229 5407 parte,
2280 5324 2628 5406 quaestione
2676 5312 3142 5408 septuagesima
3192 5347 3377 5395 nona.
