4267 6250
772 412 893 479 566

1428 430 1495 478 m
1532 429 1755 477 mauu
1794 429 1859 476 1v
1898 428 2384 477 sumnam.
2422 446 2504 457 —
2545 428 2698 476 Dlss'l'.
2737 428 2887 492 1113
2929 428 3154 485 QUAEST.
3195 428 3218 474 1

777 600 1191 684 designantur
1247 609 1507 685 peccata
1554 600 1865 676 mortalia,
1916 600 2085 663 inter
2132 618 2275 683 quae
2304 599 2357 662 A
2387 608 2492 663 tur
2521 598 2880 664 venialibus
2910 607 2974 662 et
3001 598 3443 672 obscurantur,
3475 597 3646 679 quod
3681 594 3886 659 instar

777 701 1174 764 enormitatis
1221 707 1317 763 est
1362 700 1613 782 gradus.
1646 736 1728 747 -
1764 700 1907 763 Haec
1954 699 2278 763 Bonaven-

778 805 921 861 tura
960 798 1067 861 hic
1108 804 1173 861 et
1211 798 1357 861 aliis
1398 798 1575 861 lociS.

859 896 1039 961 Circa
1075 897 1212 961 haec
1250 897 1475 960 asserit
1504 897 1774 960 Thomas
1810 914 1823 958 :
1856 894 2144 957 Venialia
2181 912 2279 956 ca-

778 994 947 1057 ritati
988 994 1331 1076 conjuncta
1371 1001 1640 1078 possunt
1680 1013 1793 1077 per
1830 993 2111 1076 aliquam
2145 1009 2276 1074 poe-

777 1110 925 1154 nam
968 1092 1279 1155 consumi.
1314 1092 1460 1154 Ideo
1497 1100 1643 1174 apte
1684 1110 1797 1173 per
1837 1090 2276 1173 metaphoram

778 1190 1229 1271 significantur
1269 1189 1639 1255 nominibus
1683 1207 1897 1251 rerum
1944 1208 2087 1270 quae
2130 1188 2277 1269 igne

776 1295 1255 1352 consumuntur.
1272 1288 1605 1369 Quumque
1634 1293 1962 1370 peccatum
1996 1303 2120 1367 quo
2149 1303 2280 1366 gra-

776 1386 942 1460 viuS,
962 1394 1136 1449 tanto
1163 1385 1420 1468 gravius
1451 1384 1917 1467 difficiliusque
1946 1390 2274 1466 purgatur,

776 1486 922 1547 ideo
968 1485 1261 1547 diversus
1310 1482 1658 1546 venialium
1707 1482 1938 1564 gradus
1985 1499 2099 1564 per
2141 1480 2276 1544 haec

776 1583 898 1646 tria
930 1582 1333 1666 exprimitur,
1366 1588 1513 1655 etc.,
1547 1589 1617 1642 ut
1647 1599 1857 1663 supra.
1880 1616 1962 1627 -
1989 1579 2278 1643 Venialia

776 1699 971 1763 super
1032 1680 1521 1743 fundamentum
1582 1678 1887 1741 dicuntur
1942 1677 2272 1751 aedificari,

2385 698 2524 761 auri
2565 698 2942 782 argentique
2984 716 3113 763 non
3155 698 3513 781 splendent.

2469 796 2534 859 Si
2560 805 2776 860 autem
2805 804 3145 879 quaeratur,
3164 804 3380 858 utrum
3411 794 3686 859 venialia
3714 812 3892 857 mor-

2387 895 2498 958 tali
2535 895 2838 976 adjuncta
2878 896 3128 979 possint
3162 894 3290 959 dici
3331 894 3600 975 lignum,
3634 892 3888 956 foenum

2387 1001 2454 1057 et
2489 993 2746 1076 stipula,
2779 994 2866 1056 ita
2903 994 3073 1075 quod
3113 993 3178 1055 in
3215 992 3468 1055 inferno
3503 989 3896 1055 aeternaliter

2389 1109 2516 1155 non
2549 1092 2926 1174 puniantur3
2957 1090 3324 1166 dicendum,
3358 1090 3526 1173 quod
3567 1089 3757 1171 culpa
3785 1106 3892 1151 or-

2387 1190 2595 1253 dinari
2646 1208 2772 1253 non
2821 1198 3028 1273 potest
3075 1190 3201 1253 nisi
3249 1208 3364 1271 per
3408 1206 3684 1271 poenam.
3723 1188 3892 1261 Quo-

2387 1288 2561 1350 niam
2591 1305 2743 1350 vero
2772 1288 2938 1350 Deus
2969 1287 3061 1350 nil
3092 1286 3521 1349 inordinatum
3553 1284 3888 1368 relinquit,

2389 1393 2650 1468 propter
2687 1386 2808 1448 hoc
2846 1386 2985 1449 sine
3021 1403 3212 1468 poena
3249 1403 3578 1466 nunquam
3617 1382 3890 1446 dimittit

2389 1484 2664 1567 culpam.
2716 1485 2786 1546 In
2839 1483 3154 1546 damnatis
3207 1490 3421 1546 autem
3470 1481 3648 1544 nulla
3693 1481 3890 1563 culpa

2387 1582 2626 1644 dimitti
2685 1588 2914 1664 potest,
2975 1600 3093 1644 nec
3156 1588 3367 1643 reatus
3427 1579 3661 1662 aliquis
3717 1579 3922 1654 tolli,—

2388 1700 2588 1762 quum
2633 1679 2892 1743 caritate
2929 1687 3205 1751 careant,
3238 1696 3365 1761 qua
3402 1686 3466 1741 et
3502 1678 3694 1760 culpa
3735 1697 3890 1760 pur-

775 1797 903 1842 non
953 1777 1137 1861 quasi
1184 1796 1263 1841 ex
1308 1778 1448 1860 ipso
1492 1776 1902 1839 stabilitatem
1951 1775 2269 1838 habentia.
2308 1775 2354 1838 B
2387 1786 2594 1859 gatur,
2625 1785 2690 1841 et
2735 1786 2947 1842 reatus
2991 1777 3298 1840 aufertur.
3334 1776 3495 1839 Hinc
3541 1776 3734 1858 culpa
3778 1795 3894 1840 ve-

774 1877 1022 1940 Dicitur
1050 1876 1223 1939 enim
1264 1874 1508 1957 aliquid
1548 1894 1743 1958 super
1782 1873 2272 1937 fundamentum

775 1974 930 2059 poni
972 1973 1330 2058 tripliciter.
1364 1974 1596 2048 Primo,
1630 1974 1757 2035 situ
1807 1974 2070 2047 directo,
2103 1974 2276 2055 quod

774 2090 969 2155 super
998 2072 1488 2135 fundamentum
1518 2071 1815 2134 firmatur
1846 2088 1860 2132 :
1894 2070 2115 2152 sicque
2145 2070 2277 2133 sola

774 2187 969 2254 opera
997 2170 1164 2234 bona
1190 2169 1346 2232 fidei
1378 2169 1842 2251 formatae,quae
1872 2168 2107 2231 dicitur
2134 2168 2276 2231 fun-

774 2269 1168 2342 damentum,
1214 2286 1408 2350 super
1456 2268 1660 2349 ipsam
1709 2266 2128 2331 aedificantur.
2173 2267 2277 2330 Se-

775 2368 985 2431 cundo
1030 2365 1267 2429 dicitur
1316 2384 1455 2428 esse
1504 2383 1697 2447 super
1747 2384 1905 2440 rem,
1957 2365 2128 2447 quod
2178 2373 2276 2428 est

478 2487 560 2532 Ρ..
581 2500 746 2539 mm,
771 2465 953 2547 juxta
991 2484 1155 2539 eam,
1184 2464 1367 2546 juxta
1404 2463 1587 2540 illud,
1619 2464 1823 2545 Super
1860 2462 2135 2526 flumina
2163 2464 2273 2526 Ba-

482 2555 523 2594 ί.

534 2976 707 3021 Ezech.

484 3052 610 3085 xtvm

614 3045 687 3091 ,3.

776 2562 1027 2646 bylonis
1050 2581 1065 2624 t
1088 2562 1311 2646 sicque
1340 2561 1616 2625 venialia
1653 2560 2270 2645 superaedificantur,

772 2661 925 2743 quia
954 2661 1443 2724 fundamentum
1484 2677 1610 2723 non
1651 2660 2011 2735 destruunt,
2044 2661 2156 2723 sed
2195 2661 2274 2723 si·

774 2759 911 2821 mul
975 2777 1122 2821 cum
1184 2776 1261 2821 eo
1316 2766 1501 2821 stant.
1566 2758 1776 2820 Tertio
1836 2757 2072 2820 dicitur
2132 2778 2272 2822 esse

775 2875 991 2939 super,
1024 2858 1195 2939 quod
1236 2864 1333 2920 est
1370 2864 1533 2939 post,
1565 2856 1746 2937 juxta
1786 2856 1945 2918 illud
1981 2855 2274 2920 Ezechie-

2391 1876 2576 1938 nialis
2615 1894 2870 1958 semper
2918 1875 3202 1939 manebit
3247 1874 3312 1937 in
3361 1874 3478 1948 eia,
3519 1874 3622 1937 vel
3673 1882 3889 1937 reatus

2390 1974 2613 2057 ipsius,
2665 1975 2718 2036 si
2767 1973 2962 2037 etiam
3019 1981 3166 2038 ante
3222 1979 3554 2056 peccatum
3617 1973 3890 2035 mortale

2387 2072 2616 2135 fuisset
2678 2072 2772 2136 eis
2834 2072 3172 2135 dimissum
3241 2078 3572 2155 peccatum
3633 2070 3888 2134 veniale

2386 2179 2698 2252 quantum
2725 2171 2804 2233 ad
2837 2171 3112 2254 culpam,
3145 2177 3440 2233 manente
3471 2177 3648 2233 reatu
3681 2187 3698 2231 ε
3732 2169 3890 2232 hinc

2385 2268 2665 2331 damnati
2711 2269 2904 2332 etiam
2949 2286 3064 2351 pro
3102 2268 3462 2331 venialibus
3503 2266 3892 2333 aeternaliter

2387 2367 2756 2449 punientur,
2807 2375 2871 2429 et
2918 2385 3108 2449 poena
3163 2366 3275 2429 illa
3325 2374 3560 2431 aeterna
3614 2364 3891 2429 debetur

2384 2465 2620 2528 veniali
2652 2485 2768 2549 per
2793 2465 3089 2529 accidens
3119 2465 3363 2529 ratione
3391 2464 3688 2546 subjecti,
3711 2465 3886 2548 quod

2384 2562 2968 2647 irrecuperabiliter
2997 2563 3373 2627 destitutum
3405 2572 3501 2627 est
3529 2563 3750 2645 gratia.
3766 2564 3886 2625 lta-

2384 2680 2509 2744 que
2542 2661 2608 2724 in
2637 2662 2952 2725 damnatis
2982 2662 3255 2725 venialia
3283 2680 3408 2725 non
3437 2671 3590 2725 sunt
3619 2661 3885 2743 lignum,

2384 2759 2633 2823 foenum
2676 2765 2739 2823 et
2777 2760 3034 2842 stipula,
3066 2759 3372 2842 quoniam
3413 2759 3556 2841 igne
3600 2758 3714 2821 illo
3757 2776 3888 2822 non

2386 2866 2871 2920 consumuntur.
2903 2892 2984 2903 —
3015 2858 3157 2921 Haec
3195 2857 3465 2921 Thomas
3507 2858 3572 2919 in
3613 2858 3886 2939 Scripto.

776 2956 879 3031 lis,
910 2956 1115 3038 Super
1152 2954 1499 3017 terminum
1536 2956 1714 3028 Aser,
1739 2953 1803 3015 id
1833 2961 1950 3028 est,
1984 2962 2149 3037 post,
2182 2974 2275 3019 se·
2305 2950 2348 3013 C
2385 2955 2501 3029 Qui
2535 2964 2598 3018 et
2629 2955 2694 3017 in
2727 2957 3006 3019 secunda
3035 2956 3332 3020 secundae
3361 2956 3682 3029 disseruit,
3715 2956 3890 3037 quod

776 3053 1059 3117 cundum
1101 3052 1388 3116 Glossam
1422 3070 1437 3114 ε
1473 3060 1537 3115 ct
1576 3051 1663 3114 ita
1711 3052 2006 3116 mortalia
2053 3072 2273 3137 supe-r-

778 3151 1200 3227 aedificantur,
1232 3170 1375 3234 quae
1424 3158 1780 3234 sequuntur
1828 3158 1892 3214 et
1937 3151 2276 3216 destruunt

776 3251 1289 3314 fundamentum.

857 3350 1163 3414 Praeterea
1216 3366 1469 3423 aurum,
1518 3356 1853 3429 argentum
1911 3356 1974 3411 et
2030 3349 2275 3432 lapides

779 3447 1062 3531 pretiosi,
1097 3446 1343 3528 lignum
1382 3463 1659 3528 quoque,
1692 3445 1937 3509 foenum
1976 3453 2041 3508 et
2075 3447 2274 3530 stipu-

779 3547 859 3619 la,
892 3544 1235 3628 dupliciter
1265 3551 1533 3628 possunt
1560 3544 1813 3627 exponi.
1846 3544 2078 3619 Prim0,
2103 3546 2274 3628 quod

778 3643 1082 3725 quaelibet
1119 3660 1313 3724 opera
1343 3642 1511 3706 bona
1548 3650 1857 3706 vocentur
1896 3662 2149 3717 aurum,
2181 3663 2275 3706 ar-

777 3749 1040 3822 gentum
1073 3748 1138 3802 et
1166 3741 1407 3823 lapides
1438 3740 1821 3823 pretiosi3et
1848 3742 2150 3823 quaelibet
2179 3761 2278 3805 ve-

779 3839 975 3901 nialia
1016 3838 1423 3920 appellentur
1472 3837 1741 3919 lignum,
1774 3837 2017 3902 foenum
2057 3847 2123 3903 et
2169 3841 2276 3902 sti-

779 3937 950 4020 pula.
986 3935 1218 4018 Sicque
1258 3935 1451 3999 iidem
1491 3936 1709 3999 omnia
1748 3936 1866 3999 ista
1911 3936 2272 4018 aedificant3

780 4035 891 4098 sed
948 4034 1209 4117 quidam
1268 4033 1569 4096 dicuntur
1625 4034 1783 4108 haec,
1844 4035 2103 4116 quidam
2166 4037 2276 4099 illa

2385 3054 2536 3117 boni
2571 3053 2849 3135 religiosi
2891 3053 3126 3116 divinis
3166 3052 3487 3117 exercitiis
3519 3053 3762 3117 fervide
3789 3054 3893 3136 ju·

2383 3153 2673 3236 giterque
2713 3153 2963 3228 intenti,
2998 3153 3266 3234 lignum,
3301 3151 3545 3216 foenum
3589 3161 3652 3215 et
3689 3153 3892 3235 stipu-

2388 3252 2513 3313 lam
2546 3269 2672 3314 non
2710 3251 3038 3332 colligunt,
3073 3251 3183 3314 sed
3224 3251 3434 3334 potius
3474 3251 3890 3335 praesidentes

2385 3369 2602 3414 eorum
2629 3351 2957 3415 occasione
2981 3351 3464 3434 occupationum
3491 3351 3885 3414 exteriorum.

2466 3450 2656 3512 Porro
2703 3449 2858 3512 dum
2909 3449 3235 3531 quaeritur‚
3271 3470 3349 3513 an
3401 3458 3733 3533 peccatum
3783 3469 3892 3513 ve»

2387 3548 2555 3611 niale
2601 3555 2744 3630 post
2785 3547 2980 3611 vitam
3029 3549 3193 3612 hanc
3239 3550 3534 3631 expietur
3573 3557 3889 3631 quantum

2384 3645 2463 3708 ad
2515 3644 2792 3727 culpam,
2844 3644 2944 3707 vel
3003 3645 3210 3707 solum
3258 3654 3569 3728 quantum
3617 3645 3696 3708 ad
3755 3665 3890 3728 poe-

2387 3761 2568 3822 nam3
2596 3742 2962 3817 dicendum,
2987 3743 3156 3824 quod
3186 3742 3384 3826 aliqui
3414 3752 3728 3818 asserunt,
3745 3753 3891 3826 post

2385 3841 2582 3905 vitam
2613 3841 2778 3904 hanc
2807 3841 3044 3904 nullum
3077 3849 3403 3924 peccatum
3433 3842 3668 3905 dimitti
3700 3862 3892 3924 quan-

2386 3947 2523 4001 tum
2556 3939 2634 4002 ad
2673 3938 2952 4020 culpam,
2985 3946 3050 4002 et
3081 3939 3253 4022 quod
3287 3941 3489 4021 gratia
3527 3939 3743 4003 finalis
3779 3960 3890 4004 ve-

2385 4038 2622 4101 nialem
2682 4038 2938 4120 culpam
2999 4046 3242 4120 purget.
3295 4038 3552 4102 Veniale
3608 4058 3888 4121 namque

779 4131 1121 4206 aedificare,
1154 4132 1523 4195 secundum‘
1547 4132 1717 4215 quod
1757 4133 1852 4195 eis
1892 4134 2092 4214 magis
2121 4135 2274 4198 insi·
2303 4136 2352 4197 D
2387 4144 2720 4219 peccatum
2777 4135 3088 4217 contingit
3131 4155 3210 4200 ex
3258 4136 3378 4200 hoc
3423 4137 3594 4218 quod
3649 4137 3888 4219 aliquis

778 4236 957 4292 stunt
988 4245 1003 4292 ε
1037 4229 1579 4310 quemadmodum
1606 4229 1799 4291 activi
1828 4250 1865 4293 a
1894 4233 2276 4313 contempla-

779 4327 927 4390 tivis
966 4327 1467 4408 distinguuntur,
1500 4327 1793 4408 quamvis
1832 4336 1897 4390 et
1930 4329 2123 4392 activi
2163 4330 2275 4392 ali-

780 4445 902 4509 qua
932 4424 1459 4507 contemplentur,
1472 4431 1535 4487 et
1565 4425 2039 4508 contemplativi
2068 4427 2278 4510 aliqua

778 4531 983 4606 agant.
1029 4523 1342 4596 Secund0‚
1386 4523 1554 4605 quod
1604 4542 1720 4605 per
1763 4543 2012 4599 aurum,
2057 4544 2277 4607 argen-

778 4630 917 4685 tum
951 4621 1324 4704 lapidesque
1364 4621 1674 4704 pretiosos
1713 4621 2150 4704 intelligantur
2177 4642 2275 4688 so-

779 4721 913 4784 lum
944 4737 1141 4802 opera
1178 4718 1645 4802 perfectorum3
1678 4739 1793 4802 per
1823 4720 2067 4802 lignum
2097 4740 2273 4797 vem,

777 4820 1024 4883 foenum
1073 4825 1137 4882 et
1191 4817 1517 4900 stipulam,
1569 4818 1845 4882 venialia
1890 4837 2111 4882 eorum
2163 4821 2274 4903 qui

775 4916 1230 4999 temporalium
1288 4915 1784 4980 sollicitudinem
1844 4925 2095 4999 gerunt,
2147 4937 2274 4982 non

776 5015 895 5079 soli
936 5015 1063 5078 Deo
1104 5022 1419 5078 vacantes.
1456 5014 1532 5076 Et
1572 5015 1660 5078 ita
1696 5033 1822 5078 non
1863 5024 2013 5078 sunt
2052 5017 2270 5092 iidem,

776 5113 887 5175 sed
937 5111 1196 5184 diversi,
1247 5112 1359 5193 qui
1408 5111 1527 5174 ista
1575 5111 1916 5187 aedificant,
1966 5114 2272 5197 quoniam

772 5209 1297 5296 imperfectorum
1326 5227 1521 5292 opera
1558 5209 1725 5274 bona
1755 5218 1845 5275 tot
1880 5213 2271 5295 permiscen-

2389 4233 2708 4298 Christum
2739 4233 2982 4296 habens
3015 4234 3078 4295 in
3109 4232 3770 4317 fundamento‚diligit
3797 4236 3894 4298 ni-

2389 4332 2510 4394 mis
2555 4331 2813 4413 aliquod
2865 4332 3214 4413 temporale
3248 4333 3408 4416 :qui
3459 4351 3760 4396 excessus
3807 4353 3886 4398 ex

2388 4429 2922 4522 eoncupiscentiae
2961 4431 3367 4513 corruptione
3405 4431 3734 4514 contingit.
3767 4433 3891 4496 Un-

2388 4527 2467 4589 de
2496 4527 2550 4588 si
2579 4528 2780 4609 gratia
2815 4528 3070 4610 penitus
3098 4529 3313 4592 vincat
3349 4531 3888 4612 concupiscentiae

2387 4624 2886 4706 corruptionem,
2938 4634 3009 4688 ut
3067 4627 3131 4688 in
3191 4624 3559 4690 beatissima
3601 4628 3886 4710 Virgine,

2387 4740 2514 4785 non
2549 4731 2763 4786 manet
2792 4724 2970 4786 locus
2997 4724 3231 4807 aliquis
3261 4726 3515 4788 veniali.
3549 4727 3888 4810 Quumque

2389 4821 2454 4883 in
2487 4829 2688 4884 morte
2717 4823 2980 4886 omnino
3007 4822 3424 4898 diminuatur,
3459 4824 3590 4888 imo
3617 4831 3682 4889 et
3708 4826 3888 4890 anni-

2385 4919 2620 4982 hiletur
2649 4922 3164 5002 concupiscentia
3193 4923 3330 4998 ista,
3343 4930 3409 4986 et
3437 4923 3736 5005 potentiae
3762 4925 3890 4988 ani·

2387 5036 2508 5082 mae
2537 5018 2971 5099 subjiciuntur
2999 5020 3275 5084 totaliter
3302 5020 3540 5103 gratiae,
3573 5030 3638 5084 et
3665 5023 3883 5088 venia-

2387 5115 2444 5179 le
2488 5117 2846 5199 expellitur.
2881 5154 2961 5164 —
2987 5119 3221 5182 Verum
3267 5120 3386 5182 ista
3427 5121 3646 5204 opinio
3695 5121 3760 5184 in
3811 5143 3880 5186 se

2381 5223 2445 5277 et
2486 5214 2548 5277 in
2591 5235 2705 5278 sua
2737 5235 2927 5279 causa
2965 5224 3060 5280 est
3092 5216 3338 5280 frivola.
3371 5219 3442 5280 In
3479 5237 3546 5282 se
3585 5220 3874 5302 quidem,
