4267 6250
571 964 642 1021 Cs.
651 965 830 1020 μ386Α.

855 462 978 527 450

1501 482 1565 528 IN
1605 481 1827 527 Lunum
1869 481 1930 526 lv
1972 478 2455 527 SENTENTIARUH.
2498 497 2579 508 --
2620 480 2772 525 msT.
2812 480 2980 543 xvn3
3024 479 3247 537 QnAEST.
3288 480 3333 525 11

858 650 1090 732 prime,
1124 652 1474 715 secundum
1518 652 1726 734 legem
1775 667 2223 730 communem3
2264 668 2358 713 se·
2384 650 2437 713 Α
2465 649 2717 713 sentire.
2752 649 2913 713 Hinc
2941 651 3017 713 ad
3054 650 3527 733 susceptionem
3562 647 3969 730 justificatio-

859 750 1091 823 cundo‚
1127 768 1322 832 penes
1362 750 1768 833 privilegium
1810 749 2088 833 speciale
2120 767 2135 811 ε
2171 748 2256 811 ita
2294 754 2358 811 et

861 846 938 909 de
993 847 1474 928 justificatione.
1530 849 1608 911 Et
1663 849 1830 911 sicut
1887 847 2207 930 loquendo
2261 865 2357 909 se-

861 947 1070 1009 cundo
1120 947 1307 1009 modo
1351 948 1431 1009 de
1475 947 1850 1009 remissione
1890 946 2156 1028 peccati,
2190 946 2357 1007 Deus

861 1051 1072 1126 posset
1117 1052 1450 1126 peccatum
1510 1045 1833 1108 remittere
1890 1044 2130 1127 absque
2179 1042 2355 1106 omni

859 1141 1344 1222 satisfactione3
1409 1144 1501 1205 sic
1561 1150 1774 1224 posset
1832 1142 2108 1205 secundo
2170 1142 2357 1204 modo

861 1242 1198 1323 loquendo,
1233 1242 1505 1323 impium
1544 1240 1902 1323 justificare
1935 1241 2178 1322 absque
2209 1259 2361 1323 prae·

859 1339 963 1401 via
1002 1339 1417 1402 conversione
1457 1339 1800 1403 voluntatis
1839 1340 1979 1419 ejus
2017 1340 2093 1401 ad
2130 1339 2351 1401 Deum.

860 1437 980 1500 Sed
1020 1436 1339 1519 loquendo
1381 1438 1461 1500 de
1495 1437 1959 1518 justificatione
2001 1438 2356 1499 secundum

861 1534 1064 1614 legem
1092 1552 1524 1609 communem,
1553 1535 1697 1597 dico
1728 1535 1897 1617 quod
1928 1535 2095 1597 sicut
2125 1552 2357 1615 eorpus

858 1634 996 1696 sine
1045 1634 1281 1715 praevia
1330 1635 1787 1716 praeparatione
1835 1652 1961 1697 non
2012 1640 2222 1715 potest
2262 1633 2356 1694 in-

855 1731 1118 1794 formari
1167 1732 1248 1795 ab
1295 1733 1529 1806 anima,
1585 1733 1671 1795 ita
1729 1751 1848 1795 nec
1895 1733 2110 1795 anima
2155 1731 2354 1794 adulti

2466 749 2565 811 nis
2595 748 2945 831 requiritur
2973 748 3039 811 in
3068 748 3303 811 adultis
3336 747 3520 811 liberi
3553 747 3797 809 arbitrii
3828 765 3967 809 mo-

2464 853 2567 907 tus
2622 865 2749 928 quo
2804 847 3023 928 gratiae
3071 846 3181 910 Dei
3241 846 3575 909 consentit.
3628 846 3967 927 Quumque

2466 946 2715 1027 primus
2762 953 2970 1009 motus
3014 964 3127 1008 seu
3170 953 3351 1008 actus
3393 963 3521 1028 quo
3560 944 3776 1026 gratiae
3816 962 3969 1007 con-

2465 1043 2679 1117 sentit,
2714 1043 2798 1106 sit
2828 1052 3036 1107 motus
3078 1044 3271 1123 fidei3
3305 1043 3448 1106 ideo
3479 1051 3688 1106 motus
3727 1042 3835 1105 ille
3866 1050 3965 1105 est

2464 1140 2619 1204 fidei
2660 1149 2887 1205 motus.
2924 1143 3098 1205 Unde
3134 1142 3213 1204 ad
3253 1142 3591 1215 RomanOS,
3619 1140 3963 1205 ,iustificati
4008 1156 4129 1201 πω..

2467 1258 2582 1321 per
2623 1239 2844 1315 fidem,
2888 1240 3107 1303 Glossa
3140 1258 3153 1301 ε
3186 1239 3254 1302 Id
3297 1247 3413 1313 cst,
3446 1258 3525 1301 ex
3568 1248 3743 1303 motu
3774 1240 3963 1302 liberi

2464 1337 2733 1413 arbitrii,
2766 1338 2876 1420 qui
2918 1346 3017 1401 est
3052 1357 3131 1401 ex
3178 1338 3327 1401 fide.
3372 1338 3547 1401 Unde
3590 1338 3655 1400 in
3695 1338 3965 1401 Actibus

2467 1436 2716 1517 legitur,
2769 1437 2918 1499 Fide
2965 1437 3319 1519 purificans
3370 1438 3561 1499 corda
3598 1455 3612 1499 :
3656 1437 3965 1519 quoniam
4015 1460 4232 1505 Aenus.

2466 1542 2676 1598 motus
2726 1534 2879 1598 fidei
2917 1535 3127 1617 primo
3172 1536 3249 1597 ad
3302 1534 3818 1618 purificationem
3871 1555 3967 1599 re-

2464 1632 2760 1715 quiritur.
2802 1634 2946 1696 Haec
2994 1633 3451 1696 Bonaventura.
3493 1668 3575 1679 -—-
3612 1633 3966 1697 Concordat

2464 1730 2975 1811 Albertus,cujus
3005 1749 3307 1813 responsa
3334 1731 3398 1793 in
3430 1730 3797 1814 praehabitis
3828 1750 3969 1795 con-

857 1838 1067 1912 potest
1096 1849 1211 1912 per
1248 1830 1514 1911 gratiam
1557 1830 1911 1904 informari,
1946 1830 2070 1893 nisi
2099 1847 2354 1892 conver·
2382 1828 2429 1890 B
2466 1828 2769 1892 tinentur.

857 1928 1036 1991 sione
1065 1928 1410 1991 voluntatis
1447 1928 1527 1991 ad
1567 1929 1770 1991 Deum
1812 1929 2210 2011 praecedente
2246 1946 2355 1990 na-

857 2032 1000 2088 tura
1036 2034 1146 2088 aut
1185 2034 1494 2108 tempore,
1528 2045 1654 2108 qua
1694 2026 2110 2089 conversione
2144 2025 2359 2087 anima

856 2124 1232 2204 disponatur
1290 2124 1366 2186 ad
1426 2124 1898 2206 susceptionem
1954 2123 2172 2203 gratiae
2232 2141 2360 2205 qua

858 2219 1216 2284 formaliter
1253 2220 1664 2302 justificatur.
1700 2222 1844 2284 Haec
1884 2221 2253 2284 RicharduS.

937 2320 1377 2382 Bonaventura
1420 2338 1572 2383 vero
1623 2320 1964 2401 respondet
2003 2335 2018 2381 :
2061 2319 2132 2381 In
2179 2318 2355 2382 omni

855 2435 1051 2500 opere
1108 2418 1220 2480 Dei
1277 2424 1428 2480 sunt
1487 2417 1923 2481 misericordia
1978 2424 2042 2479 et
2096 2417 2353 2492 verium,

856 2516 1209 2598 praesertim
1255 2516 1320 2577 in
1370 2516 1490 2579 hoc
1539 2515 1742 2579 nobili
1791 2533 2006 2598 opere,
2048 2516 2219 2598 quod
2261 2524 2358 2579 est

852 2613 1248 2694 justificatio.
1283 2613 1593 2687 Quoniam
1628 2632 1778 2696 ergo
1816 2614 2008 2677 homo
2042 2614 2353 2695 peccavit,

855 2720 920 2775 et
973 2720 1120 2775 ante
1177 2714 1393 2793 gratiae
1453 2711 1842 2776 infusionem
1900 2712 2063 2775 nihil
2123 2713 2357 2776 meruit

856 2812 1026 2894 apud
1078 2813 1302 2887 Deum,
1355 2812 1493 2895 ipse
1541 2813 1708 2875 Deus
1763 2812 1938 2893 justo
1991 2812 2239 2893 judicio
2288 2812 2355 2874 in

852 2908 1315 2989 justificatione
1352 2927 1479 2972 non
1521 2909 1784 2972 omnino
1825 2909 1992 2971 tollit
2025 2909 2231 2991 culpae
2268 2909 2356 2971 ef-

2906 2146 3378 2221 QUAESTIO
3445 2148 3525 2211 II

2616 2416 2679 2478 Ic
2715 2415 2908 2478 etiam
2949 2416 3275 2498 quaeritur,
3308 2418 3519 2496 Qum
3555 2420 3784 2499 prius
3822 2421 3965 2500 sit,

2642 2514 2937 2580 deletio
2965 2528 3109 2581 seu
3133 2516 3502 2582 remissio
3530 2516 3970 2598 culpae,aut

2463 2610 2759 2679 infusio
2798 2611 3103 2691 gratiae.

2542 2710 2805 2773 Videtur
2858 2711 3029 2793 quod
3087 2711 3323 2775 deletio
3376 2712 3605 2795 culpae,
3656 2714 3967 2796 quoniam

2463 2809 2673 2891 primo
2705 2816 2956 2891 oportet
2982 2828 3019 2871 a
3050 2809 3219 2873 malo
3245 2810 3564 2885 recedere,
3584 2819 3648 2873 et
3678 2819 3966 2875 mentem

2464 2925 2733 2988 purgare
2763 2913 2952 2988 atquc
2981 2908 3057 2969 ad
3086 2908 3353 2989 gratiam
3385 2927 3758 2991 praeparare,
3770 2928 3969 2992 quam

854 3005 1120 3081 fectum,
1173 3007 1302 3069 imo
1353 3025 1608 3089 poenam
1657 3006 1966 3089 relinquit
2017 3024 2030 3069 z
2084 3007 2229 3070 ideo
2288 3008 2352 3070 in
2382 3010 2427 3073 C
2463 3006 2541 3068 ad
2581 3006 2822 3068 bonum
2862 3007 3162 3070 accedere
3198 3014 3261 3069 et
3294 3006 3828 3072 illuminationem
3872 3029 3970 3073 re-

857 3106 1138 3189 priorem
1185 3113 1420 3169 statum
1477 3123 1603 3169 non
1656 3106 1872 3168 statim
1923 3105 2200 3170 restituit
2245 3107 2355 3171 ho-

857 3206 1120 3267 minem.
1156 3205 1234 3267 Et
1259 3205 1412 3287 quia
1451 3205 1816 3268 misericors
1847 3213 1964 3280 est,
1998 3206 2191 3268 etiam
2226 3226 2354 3270 ma-

854 3303 960 3385 jus
989 3303 1228 3366 donum
1261 3303 1486 3378 reddit,
1502 3303 1652 3385 quia
1681 3304 1874 3366 homo
1905 3304 2049 3386 plus
2083 3303 2352 3385 indiget:

859 3401 1025 3463 unde
1055 3417 1182 3463 non
1213 3399 1422 3462 solum
1454 3401 1732 3463 restituit
1763 3401 2217 3476 innocentiam,
2246 3402 2356 3464 sed

857 3499 1050 3562 etiam
1098 3500 1205 3562 dat
1250 3498 1540 3581 gratiam.
1589 3499 1748 3562 Hinc
1795 3500 2090 3582 quamvis
2142 3501 2355 3563 delere

859 3605 1074 3679 posset
1101 3599 1241 3660 sine
1272 3598 1484 3660 medio
1517 3597 1796 3679 culpam,
1829 3598 2114 3661 decrevit
2142 3607 2356 3662 tamen

857 3694 1070 3757 delere
1107 3714 1248 3758 eam
1293 3715 1408 3778 per
1444 3695 1734 3778 gratiam,
1780 3685 1923 3778 quae
1967 3714 2094 3759 non
2147 3697 2355 3759 solum

859 3791 1050 3854 faciat
1093 3793 1520 3869 innocentem,
1555 3813 1778 3856 verum
1822 3794 2014 3856 etiam
2063 3802 2357 3858 naturam

860 3890 1254 3954 debilitatam
1291 3892 1370 3954 ad
1410 3891 1650 3955 bonum
1692 3892 1986 3956 habilitet
2015 3901 2080 3956 et
2107 3893 2356 3956 confor-

857 3995 967 4051 tet.
1003 3989 1214 4052 Gratia
1251 3997 1464 4052 autem
1504 3999 1601 4053 est
1635 3991 1954 4066 accidenS,
1986 4009 2105 4053 nec
2144 3998 2354 4055 ortum

859 4087 1051 4150 habet
1085 4107 1124 4150 a
1161 4107 1276 4151 suo
1316 4089 1628 4170 subject0,
1662 4090 1772 4152 sed
1811 4109 1849 4152 a
1887 4091 2016 4153 Deo
2055 4090 2350 4153 totaliter.

2464 3104 2698 3188 cipere,
2729 3104 2911 3185 juxta
2952 3104 3120 3186 quod
3166 3105 3477 3188 scriptum
3522 3114 3621 3170 θεῖ
3651 3126 3665 3171 :
3701 3108 3970 3172 Declina
4020 3127 4182 3169 Pam

2462 3223 2500 3266 a
2542 3203 2730 3277 malo,
2762 3210 2828 3266 et
2868 3201 2969 3264 fac
3011 3202 3275 3267 bonum.
3995 3192 4061 3234 ²⁷·

2542 3303 2610 3365 In
2660 3301 3029 3384 oppositum
3078 3309 3195 3376 est,
3236 3303 3407 3384 quod
3457 3303 3697 3367 infusio
3742 3307 3968 3386 gratiae

2462 3409 2561 3464 est
2596 3419 2788 3463 causa
2830 3401 3224 3482 purgationis
3266 3402 3791 3485 remissionisque
3834 3405 3971 3467 cul-

2464 3519 2581 3582 pae.
2616 3499 2819 3562 Causa
2856 3506 3071 3561 autem
3114 3507 3213 3561 est
3253 3500 3429 3581 prior
3468 3500 3729 3564 effectu.

2542 3695 2635 3758 Ad
2684 3695 2805 3758 hoc
2849 3695 2912 3757 in
2963 3712 3081 3758 suo
3122 3696 3572 3759 Sacramentali
3624 3701 3973 3780 respondet

2464 3793 2845 3858 Guillelmus
2869 3812 2884 3858 :
2908 3793 3167 3857 Duobus
3201 3793 3405 3857 modis
3436 3795 3713 3858 sumitur
3742 3798 3971 3860 remis-

2463 3893 2559 3955 sio
2608 3899 3034 3973 peccatorum.
3078 3892 3309 3966 Primo,
3351 3909 3470 3974 pro
3513 3911 3643 3956 non
3691 3893 3971 3976 imputa·

2463 3991 2636 4054 tione
2672 4007 2897 4054 eorum
2924 4007 2941 4070 ;
2972 3990 3274 4065 secundo,
3308 4008 3423 4073 pro
3451 3991 3799 4056 abolitione
3840 4012 3971 4056 ma-

2464 4089 2753 4152 cularum
2787 4089 3094 4171 ipsorum.
3118 4089 3431 4152 Remissio
3462 4089 3675 4172 itaque
3706 4099 3969 4173 sumpta

859 4186 1202 4268 Triplicem
1250 4205 1507 4269 quoque
1554 4186 1747 4250 habet
1787 4189 2350 4269 comparationem,
2383 4193 2431 4254 D
2465 4205 2580 4269 pro
2609 4204 2737 4249 non
2768 4186 3209 4269 imputatione,
3235 4189 3552 4269 praecedit.
3577 4188 3757 4251 Prius
3784 4191 3965 4252 enim

860 4292 1078 4366 utpote
1113 4304 1128 4348 :
1162 4285 1240 4348 ad
1280 4286 1670 4367 principium
1701 4304 1739 4347 a
1767 4304 1896 4366 quo
1925 4287 2257 4367 processit,
2290 4294 2354 4350 θῖ

853 4383 933 4444 ad
973 4390 1306 4465 peccatum
1347 4384 1735 4446 contrarium
1771 4383 1940 4465 quod
1971 4385 2257 4466 expellit,
2290 4393 2355 4448 θῖ

852 4480 930 4543 ad
969 4479 1332 4561 subjectum
1363 4481 1534 4562 quod
1575 4481 1848 4563 perficit.
1885 4481 1962 4543 Et
1991 4500 2213 4546 omnes
2253 4484 2351 4548 hae

851 4578 1356 4661 comparationes
1403 4579 1596 4640 simul
1643 4588 1792 4641 sunt
1840 4587 2169 4662 tempore3
2214 4600 2351 4662 gra-

849 4677 939 4739 tia
969 4684 1184 4739 tamen
1217 4676 1588 4739 naturaliter
1624 4676 1802 4760 prius
1834 4687 2241 4761 comparatur
2271 4681 2350 4742 ad

848 4774 1241 4857 principium
1284 4795 1321 4838 a
1358 4792 1508 4857 quo,
1542 4775 1822 4838 secundo
1865 4776 1945 4837 ad
1990 4785 2345 4858 peccatum,

845 4873 1034 4936 tertio
1063 4875 1140 4936 ad
1173 4874 1556 4955 subjectum.
1587 4910 1666 4920 -
1695 4873 1788 4936 Ad
1815 4873 2347 4954 justificationem

847 4991 1098 5054 quoque
1127 4973 1476 5055 requiritur
1508 4979 1710 5036 motus
1742 4972 1927 5036 liberi
1960 4972 2227 5036 arbitrii.
2247 4975 2350 5038 Ju-

847 5072 1150 5134 stificatio
1179 5071 1420 5134 etenim
1461 5089 1588 5134 non
1619 5078 1716 5133 est
1742 5071 1868 5132 nisi
1899 5071 2175 5135 volentis
2210 5093 2224 5138 :
2260 5075 2349 5136 id-

847 5171 1020 5234 circo
1049 5188 1176 5232 non
1214 5170 1400 5231 datur
1437 5169 1562 5231 nisi
1593 5167 1854 5243 volenti,
1887 5169 2237 5234 dummodo
2266 5173 2350 5234 sit

852 5269 917 5331 in
967 5276 1131 5332 statu
1175 5269 1242 5330 in
1286 5284 1415 5350 quo
1458 5267 1816 5330 consentire
1867 5268 2068 5350 possit
2105 5288 2181 5331 ac
2224 5271 2349 5333 dis·

2463 4284 2699 4347 dicitur
2728 4301 2857 4347 uno
2896 4285 3084 4347 modo
3122 4284 3477 4348 secundum
3514 4286 3770 4349 essendi
3813 4305 3965 4350 con-

2462 4383 2882 4465 sequentiam,
2904 4384 3075 4465 quod
3106 4383 3396 4466 sequitur
3423 4383 3620 4458 aliud,
3652 4403 3783 4448 non
3810 4403 3965 4448 con-

2459 4482 2715 4545 versim.
2733 4481 3013 4545 Gratiam
3041 4489 3253 4544 autem
3284 4483 3575 4564 sequitur
3600 4500 3729 4547 non
3759 4483 3966 4567 impu-

2459 4581 2635 4654 tatio,
2685 4597 2815 4643 non
2862 4587 3139 4643 econtra.
3193 4580 3256 4643 Si
3304 4581 3478 4642 enim
3528 4582 3673 4664 quis
3730 4581 3965 4646 habeat

2457 4678 2747 4759 gratiam,
2781 4696 2907 4741 non
2954 4677 3351 4759 imputantur
3394 4678 3455 4740 ei
3497 4687 3789 4761 peceata3
3832 4698 3963 4743 non

2457 4784 2673 4839 autem
2720 4776 3011 4859 sequitur
3056 4794 3423 4852 econverSO,
3472 4777 3527 4840 si
3576 4795 3703 4841 non
3754 4778 3964 4861 impu-

2457 4883 2673 4938 tantur
2714 4875 2775 4936 ei
2820 4882 3099 4956 peccata,
3142 4876 3313 4957 quod
3353 4876 3623 4957 gratiam
3665 4875 3904 4940 habeat
3944 4895 3959 4939 ε

2458 4973 2626 5036 sicut
2666 4991 2793 5036 non
2843 4972 2985 5035 ideo
3026 4972 3172 5055 quis
3222 4974 3397 5056 regio
3444 4975 3683 5038 honore
3725 4974 3963 5056 dignus

2457 5079 2574 5146 est,
2608 5072 2761 5153 quia
2790 5088 2917 5134 non
2948 5079 3046 5134 est
3072 5073 3593 5155 suspendendus3
3617 5073 3747 5136 imo
3778 5091 3963 5136 econ-

2455 5171 2649 5234 trario
2681 5169 2987 5253 sequitur.
3021 5171 3192 5234 Inter
3220 5170 3513 5234 homines
3544 5190 3803 5254 quoque
3834 5171 3959 5234 fre-

2457 5277 2728 5354 quenter
2757 5289 2923 5332 unus
2957 5269 3141 5332 alteri
3172 5269 3429 5353 culpam
3464 5289 3646 5334 suam
3676 5287 3807 5335 non
3840 5271 3957 5335 im·

4148 1174 4185 1207 τ.
4202 1165 4233 1207 ί.
