4267 6250
787 516 1011 573 QUAEST.
1056 517 1077 562 1
1118 514 1135 562 2
1175 516 1261 563 AN
1300 515 1547 561 TANTUM
1588 514 1723 561 sim·
1764 514 1995 561 snpra!
2037 514 2444 561 SAGRAMENTA
2485 514 2804 573 Eccfflsut,
2845 515 2972 561 mc,

3345 498 3423 563 81

332 684 597 749 ambulo
624 685 775 749 facit
806 685 1213 759 mentionem,
1245 686 1456 768 primo
1484 686 1823 748 ostendens
1850 683 1907 749 A
1936 685 1982 747 ti
2020 693 2116 748 est
2144 686 2332 768 culpa
2359 705 2372 749 :
2401 705 2543 769 quae
2569 686 2907 769 dupliciter
2935 685 3189 748 tollitur.
3209 685 3424 757 Primo,

332 802 445 845 cur
474 791 736 847 vocetur
766 784 1123 866 baptismus
1150 785 1428 860 Ioannis,
1462 791 1526 847 et
1554 785 1633 846 de
1665 783 1824 846 inef-

330 880 557 945 ficacia
584 902 655 945 ac
682 882 1145 946 insufficientia
1172 883 1309 964 ejus
1338 884 1415 946 ad
1448 883 1711 945 salutem
1728 900 1743 961 3
1762 889 1826 944 et

330 980 483 1042 item
532 1002 614 1044 an
669 982 913 1044 exstitit
958 988 1451 1055 sacramentum,
1504 988 1695 1063 atque
1744 981 1823 1042 de

330 1076 535 1141 forma
588 1080 801 1161 ipsius.
856 1080 1163 1154 Quocirca
1212 1086 1553 1153 scrutatur,
1603 1086 1819 1140 utrum

328 1182 391 1238 et
417 1178 669 1257 quando
696 1176 999 1260 baptizati
1031 1178 1344 1260 baptismo
1365 1177 1619 1241 Joannis
1646 1183 1827 1241 erant

328 1273 759 1356 rebaptizandi
802 1276 1189 1357 Baptismate
1233 1276 1485 1339 Christi.

638 1592 1117 1666 QUAESTIO
1183 1592 1511 1657 PRIMA

1936 789 2404 869 praeveniendo,
2425 807 2504 851 ne
2534 788 2683 853 fiat:
2709 788 2930 872 sicque
2957 778 3428 851 Matrimonium

1934 893 2032 949 est
2088 887 2154 949 in
2203 888 2408 969 culpae
2466 886 2840 949 remedium.
2895 887 3206 961 Secundo,
3254 885 3430 950 aufe-

1936 986 2133 1048 rendo
2181 984 2502 1048 defectum
2540 985 2672 1066 jam
2714 985 3125 1049 exsistentem
3169 1002 3183 1047 :
3225 993 3290 1047 et
3337 986 3432 1048 sic

1937 1090 2157 1146 contra
2198 1084 2572 1165 originalem
2618 1083 2873 1165 culpam
2912 1091 3009 1146 est
3045 1083 3428 1166 BaptismuS,

1934 1188 2154 1244 contra
2181 1181 2496 1245 actualem
2527 1182 2926 1245 Poenitentia.
2945 1182 3310 1245 Secundum
3343 1200 3435 1245 re-

1934 1278 2217 1341 medium
2257 1279 2542 1361 praebent
2570 1280 2929 1362 supplendo
2963 1279 3306 1355 defectum,
3341 1280 3432 1343 vi-

1934 1377 2166 1440 delicet
2213 1396 2289 1439 ea
2341 1397 2482 1459 quae
2533 1377 2944 1459 perfectionis
2992 1385 3144 1440 sunt
3188 1377 3431 1441 effecti-

1934 1494 2029 1538 va.
2054 1476 2162 1537 Est
2191 1484 2404 1538 autem
2433 1476 2668 1559 duplex
2700 1476 3026 1558 perfectio.
3049 1478 3181 1539 Una
3210 1475 3430 1541 formae

1932 1574 2013 1635 ad
2042 1581 2256 1635 actum
2293 1593 2306 1638 :
2343 1593 2534 1656 quam
2551 1562 3028 1657 ‘perfectionem
3059 1574 3213 1638 facit
3241 1573 3426 1649 Ordo,
3533 1596 3538 1599 ·

1934 1679 2246 1754 quantum
2279 1675 2358 1735 ad
2393 1674 2868 1736 exsecutionem
2909 1673 3246 1747 bonorum,
3279 1693 3431 1756 quo-

1932 1771 2104 1832 niam
2143 1772 2467 1834 hominem
2505 1772 2712 1834 reddit
2741 1772 3041 1835 idoneum
3069 1772 3148 1834 ad
3178 1772 3432 1854 dispen-

475 1866 539 1927 lc
570 1865 875 1947 quaeritur
901 1865 1133 1947 primo,
1147 1866 1277 1932 An
1302 1868 1620 1933 tantum
1649 1869 1817 1935 sint
1856 1874 1903 1937 B
1934 1870 2246 1933 sationem
2276 1878 2848 1949 sacramentorum3
2871 1871 2980 1933 sed
3010 1879 3319 1953 quantum
3349 1872 3429 1934 ad

500 1966 805 2045 septem
865 1967 1363 2031 sacramenta
1418 1966 1816 2047 Ecclesiae,

326 2064 408 2128 et
434 2064 713 2129 utrum
752 2065 1022 2129 omnia
1054 2063 1203 2129 illa
1240 2064 1707 2133 ordinentur
1736 2066 1819 2130 et

325 2162 699 2229 instituta
734 2176 829 2229 ac
867 2163 1056 2229 data
1091 2163 1261 2228 sint
1298 2164 1575 2230 contra
1613 2163 1819 2231 defe-

324 2261 545 2325 ctum
584 2259 1096 2341 culpabilem.

386 2358 651 2421 Videtur
678 2358 845 2440 quod
874 2376 1004 2421 non
1032 2358 1164 2420 sint
1191 2366 1447 2441 septem.
1466 2358 1823 2423 Sacramen-

322 2462 383 2517 ta
420 2456 595 2518 enim
636 2456 1019 2536 evangelicae
1057 2455 1215 2537 legis
1254 2464 1403 2519 sunt
1440 2456 1819 2539 perfectiora

324 2555 549 2617 ceteris
579 2554 1032 2633 sacramentis3
1064 2573 1209 2635 quae
1236 2562 1447 2617 autem
1480 2554 1817 2638 perfectio-

324 2672 389 2714 ra
420 2660 573 2717 sunt
601 2654 669 2716 in
700 2652 916 2728 rebuS,
944 2652 1161 2715 minus
1193 2652 1723 2736 multiplicantur,
1754 2662 1819 2719 et

326 2751 523 2833 magis
562 2751 793 2814 unitati
832 2752 1287 2834 propinquant.
1322 2752 1528 2825 Quum
1566 2771 1717 2834 ergo
1750 2754 1816 2817 in
1924 2758 2004 2818 ad
2036 2755 2512 2819 resurrectionis
2542 2774 2896 2838 praeparans
2926 2756 3218 2837 gloriam;
3240 2775 3431 2839 quan·

325 2849 457 2929 lege
506 2855 747 2911 naturae
796 2866 923 2911 non
973 2848 1217 2910 fuerint
1266 2848 1391 2910 nisi
1437 2850 1559 2911 tria
1614 2869 1815 2913 sacra·

248 2966 273 3010 ·.
324 2956 555 3021 menta,
610 2954 683 3009 ut
738 2947 1123 3029 praecedenti
1184 2947 1385 3028 patuit
1441 2948 1811 3029 quaestionc,

1936 1969 2414 2051 perpessionem
2465 1968 2861 2044 difficilium,
2903 1968 3056 2031 facit
3098 1969 3432 2052 perfectio-

1933 2086 2080 2130 nem
2114 2068 2279 2129 hanc
2310 2067 2744 2141 Confirmatio,
2767 2087 2910 2149 quae
2940 2068 3268 2131 hominem
3298 2071 3432 2131 red-

1931 2166 2025 2229 dit
2053 2166 2308 2239 fortem,
2342 2166 2429 2228 ita
2463 2167 2632 2248 quod
2664 2166 2986 2230 Christum
3027 2175 3285 2249 propter
3321 2167 3427 2230 ad-

1931 2283 2112 2327 versa
2143 2272 2207 2326 et
2233 2264 2668 2328 tribulationes
2699 2282 2826 2327 non
2855 2265 3089 2347 refugit
3118 2264 3424 2329 confiteri.

1929 2364 2069 2426 Alia
2111 2362 2423 2444 perfectio
2466 2370 2563 2425 est
2603 2363 2669 2425 in
2707 2364 2931 2426 ordine
2970 2365 3049 2426 ad
3093 2363 3315 2438 finem,
3349 2365 3428 2427 ad

1930 2480 2123 2543 quem
2170 2480 2284 2543 per
2320 2469 2498 2525 actus
2537 2462 2910 2543 pervenitur
2941 2482 2956 2526 :
2991 2482 3183 2545 quam
3222 2462 3429 2545 perfe-

1932 2560 2208 2623 ctionem
2253 2567 2564 2642 quantum
2607 2560 2686 2621 ad
2725 2559 2928 2623 finem
2972 2560 3158 2635 intra,
3203 2561 3428 2624 Unctio

1929 2657 2083 2720 facit
2122 2658 2441 2731 Extrema,
2473 2676 2614 2740 quae
2653 2665 2750 2719 est
2786 2658 3076 2740 quaedam
3116 2658 3428 2722 delibutio

1926 2862 2065 2915 tum
2107 2872 2258 2916 vero
2295 2854 2374 2915 ad
2415 2853 2617 2915 finem
2648 2862 2844 2929 extra,
2880 2862 2977 2917 est
3006 2854 3423 2931 Eucharistia,

1927 2968 2069 3032 quae
2100 2950 2292 3033 capiti
2338 2950 2627 3013 membra
2666 2970 2779 3013 sua
2809 2951 3158 3033 conjungit.
3194 2953 3427 3026 Quum-

322 3054 507 3108 erunt
553 3063 726 3107 nunc
787 3044 1087 3128 pauciora
1142 3063 1335 3127 quam
1388 3046 1529 3107 tria.
1580 3081 1661 3090 —
1709 3047 1813 3109 Se·
1852 3048 1895 3111 C
1925 3067 2050 3131 que
2080 3050 2188 3110 hic
2219 3050 2302 3111 sit
2331 3048 2598 3111 ultimus
2637 3057 2866 3113 nostrae
2896 3049 3424 3115 sanctificationis

322 3147 547 3218 cundo,
580 3145 791 3208 solum
837 3151 1307 3206 sacramentum
1348 3144 1412 3206 in
1453 3162 1582 3227 quo
1620 3147 1813 3208 totius
1926 3148 2261 3222 terminus,
2304 3148 2363 3210 S.
2399 3148 2738 3231 Dionysius
2781 3149 2958 3222 dicit,
3000 3150 3168 3231 quod
3212 3151 3422 3212 omnis
3475 3167 3536 3212 ne
3552 3166 3715 3212 seua.

320 3242 455 3306 fons
482 3243 723 3325 gratiae,
749 3241 1037 3305 Christus
1068 3242 1397 3316 DominuS‚
1426 3244 1809 3319 continetur,

318 3341 567 3404 videt-ur
613 3340 939 3404 sufficere.
975 3375 1057 3386 —
1095 3340 1325 3415 Terti0,
1368 3341 1623 3404 divinus
1673 3342 1813 3405 Dio-

318 3440 529 3522 nysius
588 3439 757 3501 libro
814 3439 893 3501 de
955 3437 1399 3502 Ecclesiastica
1455 3439 1812 3503 hierarchia

316 3542 583 3599 tractans
612 3537 695 3599 de
724 3536 1162 3611 sacramentiS,
1196 3555 1323 3599 non
1366 3537 1647 3620 loquitur
1684 3538 1810 3600 nisi

314 3636 387 3698 de
416 3637 705 3718 quinque
734 3635 1165 3708 sacramentiS,
1176 3635 1649 3698 Matrimonium
1678 3636 1809 3700 Poe-

314 3734 779 3815 nitentiamque
807 3733 1129 3795 omittens,
1154 3768 1235 3778 —
1252 3733 1579 3808 Praeterea,
1606 3753 1808 3815 quum

314 3839 705 3894 sacramenta
763 3848 945 3894 novae
1004 3830 1161 3912 legis
1219 3831 1347 3894 sint
1406 3831 1809 3894 medicinalia

314 3949 480 4004 vasa,
528 3937 797 4014 apparet
843 3930 1013 4011 quod
1060 3929 1275 3992 omnia
1320 3929 1449 3992 sint
1497 3931 1561 3992 in
1610 3949 1809 3994 reme-

317 4029 489 4091 dium
536 4038 759 4092 contra
800 4027 1057 4110 culpam
1100 4045 1115 4089 τ
1154 4028 1323 4090 unde
1372 4047 1489 4092 nec
1532 4029 1599 4091 in
1641 4037 1805 4093 statu

316 4126 693 4191 innocentiae
734 4126 1149 4202 exstitissent,
1186 4133 1257 4187 ut
1300 4126 1521 4209 patuit.

386 4325 481 4388 Ad
509 4326 647 4390 haec
675 4325 946 4388 Thomas
984 4324 1326 4406 respondet
1358 4341 1373 4387 :
1405 4323 1808 4389 Sacramenta

314 4443 389 4487 ex
415 4426 537 4488 hoc
565 4425 739 4507 quod
768 4430 919 4486 sunt
944 4429 1355 4496 sacramenta,
1370 4422 1608 4487 habent
1636 4426 1806 4506 quod

314 4533 459 4588 sunt
502 4525 571 4587 in
630 4523 987 4586 remedium
1046 4529 1265 4585 contra
1319 4520 1677 4602 defectum3
1726 4542 1803 4586 ex

315 4624 429 4687 hoc
466 4631 681 4686 autem
719 4623 890 4705 quod
928 4628 1079 4684 sunt
1108 4619 1409 4684 Ecclesiae
1448 4639 1803 4685 sacramen-

312 4731 393 4796 ta,
442 4723 681 4785 habent
724 4741 839 4805 per
896 4720 1221 4784 ministros
1270 4719 1567 4784 Ecclesiae
1616 4721 1803 4784 mini-

316 4823 492 4884 strari
530 4829 595 4884 et
635 4823 699 4883 in
742 4821 1030 4883 membra
1058 4819 1199 4901 ejus
1228 4819 1607 4893 transfundi.
1642 4821 1803 4884 Hinc

314 4921 649 5002 dupliciter
695 4921 973 4982 sumitur
1028 4937 1336 4982 numerus
1382 4928 1804 4984 sacramento-

316 5038 470 5082 rum.
522 5019 753 5092 Primo,
806 5037 883 5080 ex
932 5027 1110 5101 parte
1168 5017 1537 5081 defectuum
1585 5027 1803 5083 contra

316 5135 467 5200 quos
495 5118 889 5180 ordinantur.
923 5115 1307 5180 Ordinantur
1334 5124 1549 5179 autem
1577 5118 1658 5180 ad
1687 5119 1802 5181 tol-

314 5214 563 5278 lendum
586 5215 964 5278 contrarium
986 5215 1317 5290 sanctitati,
1326 5221 1392 5278 et
1412 5216 1491 5277 ad
1516 5216 1807 5299 supplen-

312 5314 459 5381 dum
493 5314 835 5378 defectum.
869 5313 1059 5376 Porro
1088 5313 1475 5377 contrarium
1508 5315 1802 5379 sanctita-

552 5447 617 5499 T.
650 5447 732 5499 24.

1922 3244 2048 3307 alia
2092 3245 2516 3308 sanctificatio
2566 3247 2632 3308 in
2683 3247 3076 3309 Eucharistia
3123 3248 3423 3311 termina-

1924 3349 2048 3414 tur,
2080 3350 2342 3426 propter
2371 3345 2542 3426 quod
2572 3345 2844 3407 ordinati
2880 3353 2944 3407 et
2972 3344 3269 3428 baptizati
3303 3347 3423 3409 Eu-

1924 3441 2288 3503 charistiam
2332 3448 2613 3503 sumunt.

2003 3540 2289 3621 Insuper,
2325 3539 2376 3601 si
2411 3539 2894 3602 considerentur
2927 3548 3322 3604 sacramenta
3351 3549 3420 3608 ut

1922 3645 2071 3698 sunt
2100 3645 2497 3700 sacramenta
2526 3637 2847 3711 Ecclesiae‚
2881 3645 3100 3720 utpote
3133 3657 3248 3721 per
3275 3639 3417 3721 ejus

1908 3735 2247 3820 ministros
2285 3735 2665 3809 exhibenda,
2699 3735 2790 3798 sic
2827 3753 3049 3798 eorum
3088 3735 3415 3801 sufficien-

1922 3833 2008 3894 tia
2056 3833 2238 3913 juxta
2283 3833 2349 3896 B.
2404 3833 2777 3916 Dionysium
2828 3834 2913 3897 ita
2959 3835 3290 3918 accipitur.
3344 3838 3415 3899 ln

1918 3931 2203 4013 qualibet
2249 3951 2526 4014 namque
2573 3931 2928 3995 hierarchia
2983 3941 3232 4015 oportet
3276 3953 3415 4000 esse

1915 4029 2232 4093 actionem
2262 4029 2828 4106 hierarchicam,et
2856 4040 3221 4096 exercentes
3251 4051 3412 4110 eam,

1914 4147 1989 4192 ac
2022 4129 2400 4211 recipientes
2432 4129 3150 4212 eamdem.Recipientes
3181 4139 3410 4208 autem,

1838 4228 1887 4290 D
1918 4245 2033 4310 per
2062 4228 2232 4310 ipsas
2261 4227 2543 4290 actiones
2579 4229 2981 4310 superiorum
3015 4229 3080 4292 in
3113 4230 3246 4293 suis
3275 4249 3414 4312 gra-

1915 4326 2104 4389 dibus
2145 4325 2572 4408 perficiuntur
2603 4343 2617 4388 :
2656 4327 2897 4391 idcirco
2929 4347 3007 4390 ex
3038 4337 3217 4411 parte
3248 4331 3416 4414 ipso-

1917 4444 2060 4488 rum
2104 4441 2233 4487 non
2277 4423 2467 4487 debet
2509 4442 2648 4486 esse
2689 4424 3268 4512 aliquodgspeciale
3317 4448 3411 4494 sa-

1918 4530 2314 4588 cramentum
2346 4541 2461 4605 per
2488 4523 2659 4604 quod
2688 4522 2850 4586 fiant
2876 4534 3412 4591 sacramentorum

1916 4629 2198 4704 capaces.
2216 4621 2398 4687 Actio
2425 4639 2578 4685 vero
2607 4622 3001 4686 hierarchica
3027 4625 3260 4708 triplex
3291 4634 3408 4704 est,

1914 4729 2068 4804 puta
2087 4741 2101 4787 ε
2121 4723 2425 4804 purgatio,
2441 4721 2840 4798 illuminatio,
2855 4723 3176 4804 perfectio.
3191 4727 3412 4800 Quum-

1912 4840 2039 4903 que
2068 4821 2320 4884 nullum
2347 4829 2810 4885 sacramentum
2842 4823 3222 4904 evangelicae
3253 4825 3409 4907 legis

1914 4927 2144 5003 purget
2181 4919 2320 4982 sine
2361 4921 2576 5000 gratiae
2617 4920 2961 4997 infusione,
2993 4941 3136 5004 quae
3175 4923 3408 4987 illumi-

1914 5018 2087 5080 natio
2132 5017 2512 5100 appellatur,
2562 5018 2630 5081 B.
2683 5019 3020 5102 Dionysius
3079 5021 3145 5084 in
3203 5041 3405 5085 sacra-

1914 5117 2148 5180 mentis
2206 5114 2658 5178 illuminationi
2704 5116 3035 5198 conjungit
3091 5121 3407 5202 purgatio-

1913 5235 2081 5278 nem.
2133 5214 2340 5278 Potest
2389 5231 2643 5296 quoque
2691 5213 2757 5276 in
2806 5217 3218 5279 sacramentis
3263 5237 3402 5282 esse

1912 5315 2205 5399 purgatio
2248 5313 2351 5378 vel
2392 5332 2429 5375 a
2472 5312 2662 5396 culpa
2695 5329 2709 5376 ε
2743 5313 2964 5396 sicque
3005 5315 3139 5378 vim
3175 5335 3401 5399 purga-

3122 5451 3153 5500 6

3449 3231 3559 3275 hier.
3569 3243 3718 3284 cunni.

3469 3852 3577 3898 ibid.
3589 3867 3627 3899 c.
3640 3868 3698 3898 w.
