4267 6250
731 479 853 542 596
1344 496 1409 543 m
1450 497 1670 543 LiBRm!
1713 496 1773 542 iv
1816 493 2305 543 smammaun.
2343 512 2424 522 —
2463 495 2617 540 nis-r.
2658 494 2850 557 xx1113
2895 493 3120 550 Qufflsr.
3165 494 3210 539 u

2253 664 2306 727 A
2331 673 2667 727 secratum.
2716 664 2983 738 Quidam
3031 672 3246 727 tamen
3292 661 3614 736 dixerunt,
3662 661 3833 743 quod

2333 762 2546 826 oleum
2586 762 2860 845 simplex
2903 762 2987 825 sit
3027 761 3289 825 materia
3329 758 3709 823 sacramenti
3753 758 3834 821 is-

2335 861 2507 941 tius3
2557 869 2622 925 et
2679 861 2822 925 ideo
2870 862 2934 924 in
2995 858 3499 923 sanctificatione
3545 857 3672 921 olei
3721 875 3835 939 per

2337 959 2712 1043 episcopum
2742 958 3028 1022 efficitur
3057 965 3545 1022 sacramentum.
3572 955 3695 1019 Sed
3725 955 3838 1017 hu-

731 1070 1022 1235 MOdo
1086 1072 1503 1152 quaerendum
1562 1073 1675 1137 De
1741 1072 2078 1139 matema
2145 1071 2229 1136 et
2336 1058 2443 1139 jus
2472 1058 2839 1140 oppositum
2870 1066 3116 1122 constat
3145 1076 3223 1120 ex
3260 1056 3447 1120 dictis
3479 1057 3559 1118 de
3597 1054 3837 1118 Eucha-

918 1168 1171 1237 forma
1208 1172 1684 1237 sacramenia
1724 1171 1983 1251 lsth,
2016 1171 2099 1235 et
2133 1170 2230 1235 (10
2341 1156 2535 1219 ristiae
2563 1165 2980 1232 sacramento,
3013 1155 3126 1219 ubi
3156 1164 3484 1219 ostensum
3518 1161 3636 1227 est,
3668 1152 3838 1234 quod
3873 1162 4164 1221 σρμεοεο.

733 1266 1146 1334 effectibus
1187 1267 1382 1347 eJ‘us,
2344 1255 2502 1317 illud
2531 1255 2740 1318 solum
2771 1255 3063 1318 consistit
3092 1255 3158 1318 in
3197 1254 3674 1317 consecratione
3709 1270 3840 1313 ma-

817 1365 905 1427 Dc
961 1364 1196 1447 quibus
1250 1365 1553 1428 omnibus
1600 1365 1734 1446 jam
1792 1365 2007 1447 aliqua
2063 1364 2234 1426 dicta
2343 1354 2537 1417 teriae.
2571 1354 2730 1416 Hinc
2760 1354 3126 1427 dicendum,
3159 1353 3328 1437 quod
3367 1358 3838 1415 sacramentum

1168 796 1641 871 QUAESTIO
1707 797 1787 860 II

466 1498 511 1541 p,
540 1487 615 1528 ω.
633 1485 687 1529 Α,
736 1470 907 1537 sunt,
940 1471 1181 1546 utpote,
1216 1465 1383 1545 quod
1427 1463 1690 1526 materia
1726 1464 1868 1545 ejus
1900 1462 1980 1525 sit
2017 1462 2231 1526 oleum
2345 1452 2464 1515 hoc
2495 1452 2783 1515 consistit
2814 1452 2879 1514 in
2911 1452 3051 1534 ipsa
3082 1450 3402 1525 unctione,
3435 1451 3602 1513 sicut
3629 1448 3837 1530 Bapti-
3867 1461 4170 1517 capsoonz

734 1561 815 1624 ab
847 1561 1149 1644 episcopo
1180 1570 1654 1640 consecratum3
1686 1561 1891 1624 forma
1919 1578 2091 1635 vero,
2121 1562 2238 1623 Per
2345 1570 2522 1613 smus
2562 1550 2629 1612 in
2667 1549 3010 1613 ablutione.
3037 1551 3370 1631 Potestque
3408 1549 3640 1631 triplex
3683 1547 3842 1610 ratio

737 1658 921 1720 istam
970 1658 1339 1721 unctionem
1378 1665 1443 1721 et
1485 1677 1666 1721 suam
1719 1657 2075 1741 piissimam
2122 1657 2239 1719 mi-
2345 1648 2676 1729 assignari,
2709 1666 2824 1710 cur
2852 1647 3276 1711 sanctificatio
3303 1648 3380 1710 ad
3420 1646 3614 1729 hujus
3641 1664 3846 1708 sacra-

736 1756 1147 1819 sericordiam
1192 1756 1516 1837 indulgeat
1554 1755 1673 1819 tibi
1714 1758 1881 1819 Deus
1923 1755 2237 1838 quidquid
2349 1746 2548 1809 menti
2579 1746 2908 1808 materiam
2939 1746 3246 1827 exigatur.
3280 1744 3508 1821 Prima,
3541 1743 3843 1827 quoniam

736 1854 1013 1937 peccasti
1067 1873 1179 1937 per
1228 1855 1461 1929 visum,
1497 1863 1615 1917 etc.
1659 1857 1926 1937 Insuper
1972 1855 2050 1917 de
2097 1854 2238 1934 ejus
2266 1848 2312 1911 B
2348 1852 2476 1908 tota
2505 1852 2569 1907 et
2597 1844 2806 1908 omnis
2847 1851 3390 1908 sacramentorum
3423 1842 3717 1906 efficacia
3743 1841 3850 1902 de-

481 1990 525 2031 p.
544 1975 685 2019 soii.
735 1951 1081 2015 effectibus
1121 1953 1348 2035 patuit,
1382 1954 1552 2034 quod
1592 1953 1721 2015 sint
1750 1953 2112 2035 specialiter
2149 1961 2239 2014 at·
2347 1943 2590 2005 rivatur
2617 1961 2654 2004 a
2683 1942 2949 2005 Christo.
2983 1943 3160 2006 Unde
3189 1947 3584 2005 sacramenta
3611 1937 3848 2022 quihus

736 2070 863 2133 que
910 2051 1232 2133 praecipue
1289 2052 1416 2114 duo
1467 2068 1482 2112 z
1535 2071 1701 2113 unus
1760 2051 2109 2133 spiritualis
2167 2069 2240 2113 ac

738 2132 1267 2230 principaliS,qui
1299 2155 1395 2209 est
1425 2148 1772 2211 venialium
1804 2148 2096 2211 remissio
2125 2166 2238 2209 seu

738 2245 1160 2327 reliquiarum
1212 2247 1455 2327 peccati
1506 2248 1786 2325 curati03
1816 2247 1980 2309 alius
2023 2263 2241 2328 corpo-

737 2344 910 2419 ralis,
944 2345 1054 2426 qui
1086 2352 1181 2407 est
1207 2344 1529 2410 alleviatio
1569 2364 1680 2408 seu
1714 2346 2068 2409 melioratio
2106 2363 2242 2408 cor-

737 2443 911 2525 poris
954 2442 1364 2507 infirmantis

804 2638 1021 2722 Itaque
1051 2639 1131 2702 de
1163 2640 1428 2703 materia
1456 2641 1835 2703 sacramenti
1874 2640 2057 2703 istius
2089 2641 2243 2703 Tho-

740 2756 875 2801 mas
918 2738 1222 2801 disseruit
1256 2755 1269 2800 :
1304 2739 1664 2821 Spiritualis
1705 2738 1951 2803 curatio
1991 2758 2133 2821 quae
2174 2739 2240 2801 in

737 2835 871 2899 fine
911 2836 1243 2918 praesentis
1288 2837 1434 2901 vitae
1475 2836 1836 2911 adhibetur,
1869 2835 2062 2899 debet
2100 2855 2240 2900 esse

737 2932 1043 3015 perfecta,
1077 2934 1228 3015 quia
1266 2942 1411 3017 post
1449 2953 1589 2998 eam
1627 2935 1751 2997 alia
1789 2934 1965 2997 nulla
2005 2942 2237 3014 restat3

2350 2041 2486 2123 ipse
2514 2048 2611 2103 est
2649 2059 2823 2115 usus,
2857 2059 2936 2102 ex
2974 2058 3090 2103 suo
3120 2060 3241 2103 usu
3273 2039 3848 2103 sanctificationem

2349 2140 2568 2203 sortita
2611 2147 2806 2201 suntt
2841 2139 3382 2221 quemadmodum
3420 2157 3586 2220 aqua
3628 2156 3706 2199 ex
3747 2134 3849 2197 sui

2349 2238 2759 2301 sacratissimi
2805 2238 3088 2320 corporis
3134 2245 3304 2301 tactu
3345 2236 3846 2319 regenerativam

2349 2337 2482 2399 vim
2529 2336 2737 2399 habet.
2790 2336 2919 2399 Hoc
2976 2344 3190 2399 autem
3249 2342 3642 2399 sacramento
3692 2352 3846 2395 usus

2351 2453 2478 2498 non
2527 2443 2644 2509 est,
2694 2452 2814 2497 nec
2861 2435 3074 2518 aliqua
3121 2434 3433 2517 corporali
3481 2432 3780 2495 unctione
3827 2446 3844 2491 ε

2350 2534 2591 2597 idcirco
2635 2534 2699 2595 in
2749 2533 3160 2597 unctionibus
3210 2532 3526 2597 universis
3573 2530 3850 2612 exigitur

2350 2631 2774 2696 sanctificatio
2831 2633 3121 2715 quiedam
3180 2632 3477 2696 materiae.
3534 2629 3844 2703 Secunda,

2350 2738 2610 2813 propter
2652 2731 3119 2814 plenitudinem
3161 2732 3378 2813 gratiae
3422 2749 3563 2812 quae
3612 2730 3678 2791 in
3727 2728 3850 2791 isto

2349 2839 2745 2894 sacramento
2784 2831 3131 2905 confertur,
3165 2848 3290 2895 non
3335 2830 3542 2894 solum
3575 2837 3646 2891 ut
3675 2827 3854 2891 tollat

2354 2930 2759 3011 culpam,sed
2792 2938 2857 2992 et
2885 2930 3187 3012 reliquias
3218 2938 3648 3012 peccatorum,
3670 2927 3852 2989 infir-

737 3039 801 3094 et
830 3032 1020 3094 etiam
1062 3031 1247 3107 leniS‚
1282 3040 1595 3114 quatenus
1628 3052 1794 3115 spes,
1828 3052 1970 3115 quae
2008 3052 2240 3095 exeun·
2269 3034 2314 3098 C
2355 3028 2769 3111 mitatemque
2815 3029 3117 3111 corporiS.
3158 3028 3387 3104 Tertia,
3428 3028 3580 3110 quia
3621 3045 3701 3089 ex
3743 3044 3852 3089 na-

736 3130 911 3192 tibus
954 3131 1229 3194 maxime
1269 3132 1629 3195 necessaria
1669 3138 1786 3207 est,
1819 3149 1949 3196 non
1998 3132 2241 3212 franga-

737 3237 863 3302 tur,
897 3229 1007 3292 sed
1047 3228 1355 3292 foveatur.
1391 3230 1613 3293 Oleum
1644 3237 1859 3293 autem
1901 3230 2240 3294 lenitivum

738 3335 855 3401 est,
888 3334 953 3389 et
990 3326 1185 3389 etiam
1224 3328 1693 3410 penetrativum
1733 3347 1938 3411 usque
1976 3329 2055 3391 ad
2098 3329 2242 3391 inti-

741 3444 863 3499 ma,
901 3425 1031 3490 imo
1067 3433 1132 3489 et
1169 3425 1551 3490 diffusivum
1588 3445 1601 3489 :
1638 3428 1781 3491 idco
1820 3436 2131 3510 quantum
2162 3427 2240 3490 ad

739 3532 1085 3607 utrumque
1111 3525 1691 3607 praedictorum,est
1722 3525 2107 3590 conveniens
2134 3527 2244 3588 hu-

737 3622 844 3704 jus
894 3624 1273 3687 sacramenti
1324 3624 1609 3686 materia.
1645 3625 1981 3706 Quumque
2028 3625 2244 3688 oleum

741 3720 1181 3804 principaliter
1210 3722 1575 3785 nominetur
1603 3722 1811 3804 liquor
1838 3723 2035 3797 olivae,
2049 3742 2248 3805 quum

742 3826 806 3881 et
835 3819 944 3881 alii
976 3820 1237 3902 quidam
1276 3821 1556 3903 liquores
1595 3840 1673 3883 ex
1713 3820 2136 3884 similitudine
2167 3823 2244 3885 ad

745 3917 980 3999 ipsum,
1041 3918 1258 3981 oleum
1315 3918 1719 4002 appellentur
1755 3937 1772 3998 ;
1828 3920 1970 3983 ideo
2029 3921 2245 3984 oleum

742 4014 928 4079 olivae
960 4017 1221 4080 materia
1250 4024 1346 4080 est
1374 4016 1754 4080 sacramenti
1784 4017 1968 4081 istius
1998 4019 2248 4101 aptissi-

747 4133 868 4176 ma.
902 4115 1030 4178 Nec
1074 4123 1322 4198 oportet
1363 4117 1533 4198 quod
1574 4114 1930 4179 balsamum
1973 4135 2249 4200 appona-

2352 3128 2542 3191 turali
2572 3128 2808 3191 virtute
2836 3148 2966 3192 suae
3007 3128 3286 3193 materiae
3317 3146 3444 3192 non
3483 3126 3677 3190 habet
3707 3145 3853 3189 cau-

2352 3245 2490 3289 sare
2537 3227 2930 3290 curationem
2981 3228 3144 3290 hanc
3194 3227 3588 3309 corporalem
3637 3245 3651 3289 :
3699 3226 3852 3288 hinc

2352 3333 2598 3408 oportet
2647 3333 2716 3388 ut
2761 3345 2875 3408 per
2918 3325 3490 3389 sanctificationem
3535 3324 3659 3388 sibi
3709 3323 3853 3387 effi·

2353 3425 2527 3487 cacia
2557 3425 2676 3487 ista
2715 3425 3004 3488 donetur.
3038 3461 3119 3471 —
3148 3424 3213 3487 Si
3241 3432 3455 3488 autem
3485 3424 3850 3506 objiciatur,

2353 3524 2523 3605 quod
2568 3532 3036 3587 sacramentum
3077 3524 3200 3587 hoc
3246 3522 3438 3586 hahet
3479 3543 3672 3587 unam
3718 3542 3857 3585 san·

2355 3621 2812 3686 ctificationem
2843 3623 2910 3684 in
2951 3641 3069 3685 usu
3109 3639 3225 3686 suo
3265 3641 3381 3705 per
3409 3621 3682 3686 formam
3703 3640 3852 3684 ver-

2358 3720 2640 3800 borum;
2701 3739 2851 3802 ergo
2907 3721 3251 3804 superfluit
3306 3721 3417 3783 illa
3475 3720 3684 3803 prima
3739 3739 3857 3803 per

2356 3820 2724 3903 praesulem:
2749 3821 3273 3903 respondendum,
3288 3821 3458 3902 quod
3488 3821 3690 3903 prima
3719 3840 3858 3882 san-

2357 3919 2662 3981 ctificatio
2690 3927 2788 3981 est
2817 3918 3096 3983 materiae
3127 3919 3480 3982 secundum
3510 3936 3610 3998 se3
3633 3937 3857 3981 secun-

2357 4018 2436 4080 da
2466 4037 2617 4080 vero
2647 4025 2890 4101 spectat
2919 4019 2997 4081 ad
3030 4037 3218 4080 usum
3249 4017 3473 4101 ipsiuS,
3497 4018 3854 4080 secundum

2358 4115 2525 4197 quod
2587 4123 2682 4178 est
2737 4124 2878 4179 actu
2940 4117 3274 4180 conferens
3331 4115 3855 4180 sacramentalem

743 4219 850 4274 tur
876 4220 987 4274 aut
1015 4213 1389 4277 misceatur:
1410 4213 1770 4277 balsamum
1799 4234 2077 4297 namque
2108 4233 2251 4297 pro-
2279 4221 2327 4282 D
2359 4212 2685 4276 effectum.

745 4317 889 4393 pter
954 4312 1167 4374 odoris
1234 4313 1332 4375 sui
1400 4312 1833 4394 fragrantiam,
1896 4313 2248 4377 bonitatem

744 4409 1069 4490 significat
1108 4409 1315 4484 famae,
1350 4430 1476 4493 qua
1525 4411 1603 4473 de
1654 4419 1863 4474 cetero
1911 4431 2038 4476 non
2090 4412 2249 4474 indi·

743 4515 895 4589 gent
934 4509 1299 4571 recedentes
1329 4509 1407 4571 de
1446 4526 1732 4592 corpore,
1766 4511 1877 4572 sed
1920 4511 2246 4574 conscien-

742 4607 848 4670 tiae
896 4607 1159 4670 sincerae
1208 4606 1432 4668 nitore.
1476 4607 1605 4670 Nec
1654 4609 1953 4672 convenit
2000 4610 2243 4684 vinum,

745 4703 915 4786 quod
961 4712 1140 4767 sanat
1181 4705 1613 4780 mordicando,
1647 4723 1774 4768 non
1821 4706 2135 4771 leniendo.
2171 4708 2249 4769 Et

746 4802 1042 4884 quamvis
1086 4803 1299 4866 oleum
1344 4803 1528 4867 olivae
1577 4822 1702 4867 non
1754 4803 2061 4868 habeatur
2107 4804 2246 4868 ubi-

747 4918 895 4982 que,
928 4899 1201 4964 faciliter
1230 4909 1442 4965 tamen
1476 4910 1685 4984 potest
1712 4903 1961 4966 adduci.
1995 4904 2122 4967 Nec
2155 4925 2248 4968 sa-

748 5005 1147 5062 cramentum
1178 4999 1347 5062 istud
1377 5007 1474 5062 est
1506 5007 1692 5065 tantae
1725 5000 2146 5078 necessitatiS,
2181 5011 2252 5064 ut

748 5098 888 5160 sine
928 5097 1069 5178 ejus
1106 5099 1511 5181 susceptione
1551 5117 1679 5162 non
1720 5100 1803 5162 sit
1840 5100 2033 5175 saluS,
2067 5101 2249 5163 dum-

751 5197 941 5260 modo
986 5215 1113 5260 non
1155 5216 1233 5260 ex
1275 5205 1647 5280 contemptu
1688 5200 2034 5262 omittatur.

832 5295 1099 5379 Insuper
1145 5296 1359 5361 oleum
1409 5297 1579 5360 istud
1629 5306 1879 5381 oportet
1924 5318 2063 5362 esse
2106 5317 2252 5362 con-

2438 4313 2627 4376 Porro
2655 4313 2868 4375 oleum
2896 4313 3018 4376 hoc
3046 4312 3237 4376 debet
3261 4331 3303 4374 a
3331 4313 3602 4394 praesule
3640 4330 3858 4376 conse·

2359 4411 2542 4473 erari.
2584 4411 2868 4474 Minister
2908 4411 3147 4474 etenim
3191 4412 3570 4474 sacramenti
3620 4430 3858 4494 nequa-

2359 4529 2550 4592 quam
2612 4510 2870 4592 propria
2926 4517 3234 4592 potestate
3291 4509 3599 4574 effectum
3657 4530 3861 4574 sacra-

2365 4609 2559 4672 menti
2619 4609 2885 4683 inducit,
2937 4616 3008 4669 ut
3063 4627 3256 4690 agens
3311 4608 3690 4692 principale,
3745 4611 3858 4673 sed

2360 4727 2474 4791 per
2503 4707 2864 4770 efficaciam
2893 4707 3270 4770 sacramenti
3300 4708 3473 4790 quod
3508 4708 3854 4791 dispensat.

2360 4808 2507 4881 Quae
2550 4806 2841 4869 efficacia
2877 4815 2973 4869 est
3012 4807 3223 4889 primo
3261 4806 3326 4868 in
3367 4807 3635 4882 Christo,
3665 4815 3860 4890 atque

2360 4905 2440 4968 ab
2485 4905 2625 4987 ipso
2667 4905 2995 4968 descendit
3043 4907 3107 4968 in
3155 4906 3314 4968 alios
3361 4907 3670 4981 ordinate,
3705 4914 3860 4989 puta

2361 5005 2428 5066 in
2477 5005 2790 5087 populum
2837 5024 2952 5087 per
2999 5005 3360 5085 ministros3
3411 5007 3477 5068 in
3530 5006 3858 5070 ministros

2361 5120 2616 5185 quoque
2655 5102 2990 5167 inferiores
3025 5123 3141 5186 per
3169 5104 3551 5186 superioreS,
3585 5103 3696 5186 qui
3727 5123 3857 5168 ma·

2361 5201 2587 5264 teriam
2635 5201 3058 5265 sanctificant.
3108 5202 3256 5266 Ideo
3302 5203 3604 5266 omnibus
3653 5221 3858 5266 sacra-

2364 5299 2595 5362 mentis
2654 5319 2796 5382 quae
2851 5301 3184 5364 materiam
3241 5299 3704 5365 sanctificatam
3759 5320 3857 5365 re-
