<?xml version="1.0" encoding="UTF-8"?>
<!DOCTYPE html PUBLIC "-//W3C//DTD XHTML 1.0 Transitional//EN"
    "http://www.w3.org/TR/xhtml1/DTD/xhtml1-transitional.dtd">
<html xmlns="http://www.w3.org/1999/xhtml" xml:lang="en" lang="en">
 <head>
  <title>
</title>
<meta http-equiv="Content-Type" content="text/html;charset=utf-8" />
  <meta name='ocr-system' content='tesseract 3.04.00' />
  <meta name='ocr-capabilities' content='ocr_page ocr_carea ocr_par ocr_line ocrx_word'/>
</head>
<body>
  <div class='ocr_page' id='page_1' title='image "./doctorisecstati04unkngoog_0152.png"; bbox 0 0 4267 6250; ppageno 0'>
   <div class='ocr_carea' id='block_1_1' title="bbox 825 460 943 528">
    <p class='ocr_par' dir='ltr' id='par_1_1' title="bbox 825 460 943 528">
     <span class='ocr_line' id='line_1_1' title="bbox 825 460 943 528; baseline 0.017 -2"><span class='ocrx_word' id='word_1_1' title='bbox 825 460 943 528; x_wconf 79' lang='lat'>136</span> 
     </span>
    </p>
   </div>
   <div class='ocr_carea' id='block_1_2' title="bbox 1472 480 3282 546">
    <p class='ocr_par' dir='ltr' id='par_1_2' title="bbox 1472 480 3282 546">
     <span class='ocr_line' id='line_1_2' title="bbox 1472 480 3282 546; baseline -0.001 -17"><span class='ocrx_word' id='word_1_2' title='bbox 1472 482 1538 529; x_wconf 80' lang='lat' dir='ltr'>m</span> <span class='ocrx_word' id='word_1_3' title='bbox 1576 481 1800 529; x_wconf 72' lang='lat' dir='ltr'>mmm!</span> <span class='ocrx_word' id='word_1_4' title='bbox 1840 482 1902 528; x_wconf 83' lang='lat' dir='ltr'>lv</span> <span class='ocrx_word' id='word_1_5' title='bbox 1943 480 2426 529; x_wconf 57' lang='lat' dir='ltr'>summulam.</span> <span class='ocrx_word' id='word_1_6' title='bbox 2468 498 2548 511; x_wconf 88' lang='lat'>-··</span> <span class='ocrx_word' id='word_1_7' title='bbox 2588 480 2744 529; x_wconf 74' lang='lat' dir='ltr'>DIST.</span> <span class='ocrx_word' id='word_1_8' title='bbox 2785 481 2887 546; x_wconf 74' lang='lat' dir='ltr'>1V3</span> <span class='ocrx_word' id='word_1_9' title='bbox 2929 481 3154 538; x_wconf 76' lang='lat' dir='ltr'>QUAEST.</span> <span class='ocrx_word' id='word_1_10' title='bbox 3194 482 3282 528; x_wconf 83' lang='lat' dir='ltr'>vn</span> 
     </span>
    </p>
   </div>
   <div class='ocr_carea' id='block_1_3' title="bbox 828 651 3942 736">
    <p class='ocr_par' dir='ltr' id='par_1_3' title="bbox 828 651 3942 736">
     <span class='ocr_line' id='line_1_3' title="bbox 828 651 3942 736; baseline -0 -21"><span class='ocrx_word' id='word_1_11' title='bbox 828 651 1061 716; x_wconf 80' lang='lat' dir='ltr'><strong>sissent</strong></span> <span class='ocrx_word' id='word_1_12' title='bbox 1092 651 1299 716; x_wconf 83' lang='lat' dir='ltr'>facere</span> <span class='ocrx_word' id='word_1_13' title='bbox 1330 661 1439 716; x_wconf 91' lang='lat' dir='ltr'>aut</span> <span class='ocrx_word' id='word_1_14' title='bbox 1468 653 1808 736; x_wconf 91' lang='lat' dir='ltr'>impetrare</span> <span class='ocrx_word' id='word_1_15' title='bbox 1838 654 1918 716; x_wconf 93' lang='lat' dir='ltr'>ab</span> <span class='ocrx_word' id='word_1_16' title='bbox 1954 653 2109 736; x_wconf 92' lang='lat' dir='ltr'>ipsis</span> <span class='ocrx_word' id='word_1_17' title='bbox 2151 653 2324 736; x_wconf 90' lang='lat' dir='ltr'>prin·</span> <span class='ocrx_word' id='word_1_18' title='bbox 2353 652 2406 716; x_wconf 83' lang='lat' dir='ltr'>A</span> <span class='ocrx_word' id='word_1_19' title='bbox 2515 654 2624 717; x_wconf 89' lang='lat' dir='ltr'>His</span> <span class='ocrx_word' id='word_1_20' title='bbox 2656 655 2994 718; x_wconf 88' lang='lat' dir='ltr'>concordat</span> <span class='ocrx_word' id='word_1_21' title='bbox 3032 654 3366 718; x_wconf 89' lang='lat' dir='ltr'>Durandus</span> <span class='ocrx_word' id='word_1_22' title='bbox 3397 658 3706 736; x_wconf 87' lang='lat' dir='ltr'>quantum</span> <span class='ocrx_word' id='word_1_23' title='bbox 3745 652 3830 715; x_wconf 89' lang='lat' dir='ltr'>ad</span> <span class='ocrx_word' id='word_1_24' title='bbox 3875 652 3942 715; x_wconf 91' lang='lat' dir='ltr'>id</span> 
     </span>
    </p>
   </div>
   <div class='ocr_carea' id='block_1_4' title="bbox 825 751 2328 1723">
    <p class='ocr_par' dir='ltr' id='par_1_4' title="bbox 825 751 2328 1723">
     <span class='ocr_line' id='line_1_4' title="bbox 828 751 2326 835; baseline 0.002 -23"><span class='ocrx_word' id='word_1_25' title='bbox 828 751 1103 833; x_wconf 83' lang='lat' dir='ltr'><strong>cipibus,</strong></span> <span class='ocrx_word' id='word_1_26' title='bbox 1138 752 1193 814; x_wconf 92' lang='lat' dir='ltr'>si</span> <span class='ocrx_word' id='word_1_27' title='bbox 1232 751 1534 815; x_wconf 79' lang='lat' dir='ltr'><strong>licuisset.</strong></span> <span class='ocrx_word' id='word_1_28' title='bbox 1570 752 1717 815; x_wconf 91' lang='lat' dir='ltr'>Ideo</span> <span class='ocrx_word' id='word_1_29' title='bbox 1760 752 2191 835; x_wconf 91' lang='lat' dir='ltr'>periculosum</span> <span class='ocrx_word' id='word_1_30' title='bbox 2233 771 2326 815; x_wconf 92' lang='lat' dir='ltr'>es-</span> 
     </span>
     <span class='ocr_line' id='line_1_5' title="bbox 827 849 2325 932; baseline 0.001 -21"><span class='ocrx_word' id='word_1_31' title='bbox 827 856 924 912; x_wconf 89' lang='lat' dir='ltr'>set</span> <span class='ocrx_word' id='word_1_32' title='bbox 982 849 1151 912; x_wconf 93' lang='lat' dir='ltr'>istud</span> <span class='ocrx_word' id='word_1_33' title='bbox 1210 869 1383 913; x_wconf 91' lang='lat' dir='ltr'>nunc</span> <span class='ocrx_word' id='word_1_34' title='bbox 1442 858 1729 914; x_wconf 79' lang='lat' dir='ltr'>recenter</span> <span class='ocrx_word' id='word_1_35' title='bbox 1777 852 2101 926; x_wconf 82' lang='lat' dir='ltr'>inducere,</span> <span class='ocrx_word' id='word_1_36' title='bbox 2157 850 2325 932; x_wconf 89' lang='lat' dir='ltr'>quod</span> 
     </span>
     <span class='ocr_line' id='line_1_6' title="bbox 826 949 2328 1033; baseline 0.002 -23"><span class='ocrx_word' id='word_1_37' title='bbox 826 949 1011 1031; x_wconf 91' lang='lat' dir='ltr'>pueri</span> <span class='ocrx_word' id='word_1_38' title='bbox 1052 949 1210 1011; x_wconf 89' lang='lat' dir='ltr'>tales</span> <span class='ocrx_word' id='word_1_39' title='bbox 1250 949 1343 1011; x_wconf 93' lang='lat' dir='ltr'>sic</span> <span class='ocrx_word' id='word_1_40' title='bbox 1384 949 1875 1031; x_wconf 81' lang='lat' dir='ltr'>baptizarentur.</span> <span class='ocrx_word' id='word_1_41' title='bbox 1919 951 2151 1026; x_wconf 88' lang='lat' dir='ltr'>Primo,</span> <span class='ocrx_word' id='word_1_42' title='bbox 2188 968 2328 1033; x_wconf 93' lang='lat' dir='ltr'>pro-</span> 
     </span>
     <span class='ocr_line' id='line_1_7' title="bbox 825 1046 2326 1131; baseline 0.002 -23"><span class='ocrx_word' id='word_1_43' title='bbox 825 1054 969 1130; x_wconf 86' lang='lat' dir='ltr'>pter</span> <span class='ocrx_word' id='word_1_44' title='bbox 1028 1047 1387 1129; x_wconf 87' lang='lat' dir='ltr'>periculum</span> <span class='ocrx_word' id='word_1_45' title='bbox 1446 1046 1626 1124; x_wconf 88' lang='lat' dir='ltr'>fidei,</span> <span class='ocrx_word' id='word_1_46' title='bbox 1678 1067 1869 1130; x_wconf 89' lang='lat' dir='ltr'>quam</span> <span class='ocrx_word' id='word_1_47' title='bbox 1928 1049 2111 1131; x_wconf 88' lang='lat' dir='ltr'>pueri</span> <span class='ocrx_word' id='word_1_48' title='bbox 2169 1049 2326 1111; x_wconf 88' lang='lat' dir='ltr'>tales</span> 
     </span>
     <span class='ocr_line' id='line_1_8' title="bbox 826 1147 2328 1229; baseline 0.001 -20"><span class='ocrx_word' id='word_1_49' title='bbox 826 1154 1045 1229; x_wconf 89' lang='lat' dir='ltr'>postea</span> <span class='ocrx_word' id='word_1_50' title='bbox 1078 1147 1290 1211; x_wconf 81' lang='lat' dir='ltr'>forsan</span> <span class='ocrx_word' id='word_1_51' title='bbox 1332 1149 1410 1211; x_wconf 90' lang='lat' dir='ltr'>de</span> <span class='ocrx_word' id='word_1_52' title='bbox 1448 1148 1622 1211; x_wconf 91' lang='lat' dir='ltr'>facili</span> <span class='ocrx_word' id='word_1_53' title='bbox 1662 1149 2028 1213; x_wconf 86' lang='lat' dir='ltr'>desererent</span> <span class='ocrx_word' id='word_1_54' title='bbox 2055 1149 2328 1211; x_wconf 88' lang='lat' dir='ltr'>inducti-</span> 
     </span>
     <span class='ocr_line' id='line_1_9' title="bbox 826 1247 2324 1329; baseline 0.001 -21"><span class='ocrx_word' id='word_1_55' title='bbox 826 1262 949 1308; x_wconf 89' lang='lat' dir='ltr'>one</span> <span class='ocrx_word' id='word_1_56' title='bbox 979 1253 1340 1327; x_wconf 89' lang='lat' dir='ltr'>parentum,</span> <span class='ocrx_word' id='word_1_57' title='bbox 1374 1247 1626 1329; x_wconf 86' lang='lat' dir='ltr'>cognito</span> <span class='ocrx_word' id='word_1_58' title='bbox 1659 1248 1826 1329; x_wconf 90' lang='lat' dir='ltr'>quod</span> <span class='ocrx_word' id='word_1_59' title='bbox 1866 1247 2077 1309; x_wconf 90' lang='lat' dir='ltr'>taliter</span> <span class='ocrx_word' id='word_1_60' title='bbox 2106 1248 2185 1309; x_wconf 91' lang='lat' dir='ltr'>ad</span> <span class='ocrx_word' id='word_1_61' title='bbox 2214 1247 2324 1309; x_wconf 91' lang='lat' dir='ltr'>Ba-</span> 
     </span>
     <span class='ocr_line' id='line_1_10' title="bbox 827 1342 2326 1427; baseline 0.001 -22"><span class='ocrx_word' id='word_1_62' title='bbox 827 1342 1137 1425; x_wconf 90' lang='lat' dir='ltr'>ptismum</span> <span class='ocrx_word' id='word_1_63' title='bbox 1168 1344 1509 1408; x_wconf 87' lang='lat' dir='ltr'>venissent.</span> <span class='ocrx_word' id='word_1_64' title='bbox 1538 1345 1848 1420; x_wconf 91' lang='lat' dir='ltr'>Secundo,</span> <span class='ocrx_word' id='word_1_65' title='bbox 1872 1345 2174 1427; x_wconf 87' lang='lat' dir='ltr'>quoniam</span> <span class='ocrx_word' id='word_1_66' title='bbox 2206 1345 2326 1407; x_wconf 92' lang='lat' dir='ltr'>hoc</span> 
     </span>
     <span class='ocr_line' id='line_1_11' title="bbox 827 1443 2325 1526; baseline 0.002 -23"><span class='ocrx_word' id='word_1_67' title='bbox 827 1450 1212 1523; x_wconf 80' lang='lat' dir='ltr'>repugnaret</span> <span class='ocrx_word' id='word_1_68' title='bbox 1269 1443 1538 1507; x_wconf 90' lang='lat' dir='ltr'>naturali</span> <span class='ocrx_word' id='word_1_69' title='bbox 1596 1443 1881 1525; x_wconf 82' lang='lat' dir='ltr'>justitiae,</span> <span class='ocrx_word' id='word_1_70' title='bbox 1932 1462 2058 1525; x_wconf 88' lang='lat' dir='ltr'>qua</span> <span class='ocrx_word' id='word_1_71' title='bbox 2114 1443 2325 1526; x_wconf 88' lang='lat' dir='ltr'>proles</span> 
     </span>
     <span class='ocr_line' id='line_1_12' title="bbox 826 1540 2323 1624; baseline 0.002 -22"><span class='ocrx_word' id='word_1_72' title='bbox 826 1540 1018 1603; x_wconf 88' lang='lat' dir='ltr'>debet</span> <span class='ocrx_word' id='word_1_73' title='bbox 1065 1559 1205 1604; x_wconf 92' lang='lat' dir='ltr'>esse</span> <span class='ocrx_word' id='word_1_74' title='bbox 1253 1541 1373 1605; x_wconf 91' lang='lat' dir='ltr'>sub</span> <span class='ocrx_word' id='word_1_75' title='bbox 1425 1560 1579 1604; x_wconf 89' lang='lat' dir='ltr'>eura</span> <span class='ocrx_word' id='word_1_76' title='bbox 1622 1550 1958 1624; x_wconf 89' lang='lat' dir='ltr'>parentum</span> <span class='ocrx_word' id='word_1_77' title='bbox 2000 1561 2204 1624; x_wconf 89' lang='lat' dir='ltr'>usque</span> <span class='ocrx_word' id='word_1_78' title='bbox 2245 1543 2323 1605; x_wconf 89' lang='lat' dir='ltr'>ad</span> 
     </span>
     <span class='ocr_line' id='line_1_13' title="bbox 828 1639 2324 1723; baseline 0.002 -23"><span class='ocrx_word' id='word_1_79' title='bbox 828 1658 1015 1701; x_wconf 92' lang='lat' dir='ltr'>usum</span> <span class='ocrx_word' id='word_1_80' title='bbox 1050 1639 1311 1703; x_wconf 89' lang='lat' dir='ltr'>rationis</span> <span class='ocrx_word' id='word_1_81' title='bbox 1346 1658 1360 1703; x_wconf 74' lang='grc' dir='ltr'>ε</span> <span class='ocrx_word' id='word_1_82' title='bbox 1394 1641 1563 1703; x_wconf 91' lang='lat' dir='ltr'>unde</span> <span class='ocrx_word' id='word_1_83' title='bbox 1590 1641 1696 1722; x_wconf 88' lang='lat' dir='ltr'>jus</span> <span class='ocrx_word' id='word_1_84' title='bbox 1737 1648 2015 1723; x_wconf 81' lang='lat' dir='ltr'>paternae</span> <span class='ocrx_word' id='word_1_85' title='bbox 2054 1648 2324 1722; x_wconf 89' lang='lat' dir='ltr'>potesta-</span> 
     </span>
    </p>
   </div>
   <div class='ocr_carea' id='block_1_5' title="bbox 2434 751 3948 1427">
    <p class='ocr_par' dir='ltr' id='par_1_5' title="bbox 2434 751 3948 1427">
     <span class='ocr_line' id='line_1_14' title="bbox 2434 751 3948 836; baseline -0.001 -21"><span class='ocrx_word' id='word_1_86' title='bbox 2434 754 2604 835; x_wconf 87' lang='lat' dir='ltr'>quod</span> <span class='ocrx_word' id='word_1_87' title='bbox 2630 754 2872 816; x_wconf 90' lang='lat' dir='ltr'>dictum</span> <span class='ocrx_word' id='word_1_88' title='bbox 2900 761 2994 817; x_wconf 85' lang='lat' dir='ltr'>e-st</span> <span class='ocrx_word' id='word_1_89' title='bbox 3025 755 3104 817; x_wconf 87' lang='lat' dir='ltr'>de</span> <span class='ocrx_word' id='word_1_90' title='bbox 3133 754 3350 836; x_wconf 89' lang='lat' dir='ltr'>pueris</span> <span class='ocrx_word' id='word_1_91' title='bbox 3378 754 3735 817; x_wconf 80' lang='lat' dir='ltr'>Judaeorum</span> <span class='ocrx_word' id='word_1_92' title='bbox 3762 751 3948 815; x_wconf 86' lang='lat' dir='ltr'>adul·</span> 
     </span>
     <span class='ocr_line' id='line_1_15' title="bbox 2435 852 3945 935; baseline 0 -22"><span class='ocrx_word' id='word_1_93' title='bbox 2435 860 2513 915; x_wconf 82' lang='lat' dir='ltr'>tae</span> <span class='ocrx_word' id='word_1_94' title='bbox 2543 853 2761 916; x_wconf 65' lang='lat' dir='ltr'>aetatis.</span> <span class='ocrx_word' id='word_1_95' title='bbox 2797 852 2885 915; x_wconf 91' lang='lat' dir='ltr'>De</span> <span class='ocrx_word' id='word_1_96' title='bbox 2926 854 3141 935; x_wconf 90' lang='lat' dir='ltr'>pueris</span> <span class='ocrx_word' id='word_1_97' title='bbox 3180 870 3332 916; x_wconf 88' lang='lat' dir='ltr'>vero</span> <span class='ocrx_word' id='word_1_98' title='bbox 3371 852 3653 915; x_wconf 89' lang='lat' dir='ltr'>nondum</span> <span class='ocrx_word' id='word_1_99' title='bbox 3689 852 3945 914; x_wconf 89' lang='lat' dir='ltr'>ratione</span> 
     </span>
     <span class='ocr_line' id='line_1_16' title="bbox 2435 948 3946 1031; baseline -0.002 -19"><span class='ocrx_word' id='word_1_100' title='bbox 2435 949 2789 1025; x_wconf 89' lang='lat' dir='ltr'>utentibus,</span> <span class='ocrx_word' id='word_1_101' title='bbox 2833 950 3030 1013; x_wconf 81' lang='lat' dir='ltr'>refert</span> <span class='ocrx_word' id='word_1_102' title='bbox 3064 958 3191 1013; x_wconf 88' lang='lat' dir='ltr'>tres</span> <span class='ocrx_word' id='word_1_103' title='bbox 3229 968 3370 1013; x_wconf 91' lang='lat' dir='ltr'>esse</span> <span class='ocrx_word' id='word_1_104' title='bbox 3407 948 3761 1031; x_wconf 80' lang='lat' dir='ltr'>opiniones,</span> <span class='ocrx_word' id='word_1_105' title='bbox 3803 948 3946 1010; x_wconf 88' lang='lat' dir='ltr'>Una</span> 
     </span>
     <span class='ocr_line' id='line_1_17' title="bbox 2437 1047 3946 1131; baseline -0.002 -20"><span class='ocrx_word' id='word_1_106' title='bbox 2437 1055 2554 1122; x_wconf 90' lang='lat' dir='ltr'>est,</span> <span class='ocrx_word' id='word_1_107' title='bbox 2587 1048 2758 1131; x_wconf 87' lang='lat' dir='ltr'>quod</span> <span class='ocrx_word' id='word_1_108' title='bbox 2804 1049 3128 1130; x_wconf 81' lang='lat' dir='ltr'>principes</span> <span class='ocrx_word' id='word_1_109' title='bbox 3170 1047 3498 1111; x_wconf 86' lang='lat' dir='ltr'>christiani</span> <span class='ocrx_word' id='word_1_110' title='bbox 3549 1054 3822 1130; x_wconf 90' lang='lat' dir='ltr'>possunt</span> <span class='ocrx_word' id='word_1_111' title='bbox 3870 1047 3946 1108; x_wconf 94' lang='lat' dir='ltr'>li-</span> 
     </span>
     <span class='ocr_line' id='line_1_18' title="bbox 2436 1145 3946 1228; baseline -0.001 -20"><span class='ocrx_word' id='word_1_112' title='bbox 2436 1145 2561 1209; x_wconf 90' lang='lat' dir='ltr'>cite</span> <span class='ocrx_word' id='word_1_113' title='bbox 2609 1166 2684 1209; x_wconf 90' lang='lat' dir='ltr'>ac</span> <span class='ocrx_word' id='word_1_114' title='bbox 2733 1146 3056 1210; x_wconf 90' lang='lat' dir='ltr'>meritorie</span> <span class='ocrx_word' id='word_1_115' title='bbox 3113 1147 3363 1210; x_wconf 86' lang='lat' dir='ltr'>auferre</span> <span class='ocrx_word' id='word_1_116' title='bbox 3419 1163 3650 1228; x_wconf 86' lang='lat' dir='ltr'>pueros</span> <span class='ocrx_word' id='word_1_117' title='bbox 3693 1145 3946 1208; x_wconf 84' lang='lat' dir='ltr'>Judaeo-</span> 
     </span>
     <span class='ocr_line' id='line_1_19' title="bbox 2437 1244 3942 1327; baseline -0.001 -21"><span class='ocrx_word' id='word_1_118' title='bbox 2437 1263 2578 1306; x_wconf 92' lang='lat' dir='ltr'>rum</span> <span class='ocrx_word' id='word_1_119' title='bbox 2612 1245 2724 1327; x_wconf 89' lang='lat' dir='ltr'>qui</span> <span class='ocrx_word' id='word_1_120' title='bbox 2761 1245 2825 1307; x_wconf 89' lang='lat' dir='ltr'>in</span> <span class='ocrx_word' id='word_1_121' title='bbox 2866 1245 2999 1308; x_wconf 90' lang='lat' dir='ltr'>suis</span> <span class='ocrx_word' id='word_1_122' title='bbox 3030 1245 3342 1308; x_wconf 85' lang='lat' dir='ltr'>exsistunt</span> <span class='ocrx_word' id='word_1_123' title='bbox 3372 1244 3697 1317; x_wconf 79' lang='lat' dir='ltr'>dominiiS,</span> <span class='ocrx_word' id='word_1_124' title='bbox 3729 1251 3796 1306; x_wconf 88' lang='lat' dir='ltr'>et</span> <span class='ocrx_word' id='word_1_125' title='bbox 3825 1260 3942 1305; x_wconf 88' lang='lat' dir='ltr'>eos</span> 
     </span>
     <span class='ocr_line' id='line_1_20' title="bbox 2435 1342 3938 1427; baseline -0.001 -22"><span class='ocrx_word' id='word_1_126' title='bbox 2435 1343 2760 1425; x_wconf 90' lang='lat' dir='ltr'>Baptismo</span> <span class='ocrx_word' id='word_1_127' title='bbox 2806 1344 3042 1407; x_wconf 86' lang='lat' dir='ltr'>offerre</span> <span class='ocrx_word' id='word_1_128' title='bbox 3091 1344 3308 1407; x_wconf 89' lang='lat' dir='ltr'>invitis</span> <span class='ocrx_word' id='word_1_129' title='bbox 3359 1343 3730 1427; x_wconf 89' lang='lat' dir='ltr'>parentibus</span> <span class='ocrx_word' id='word_1_130' title='bbox 3781 1360 3798 1405; x_wconf 91' lang='lat'><strong>:</strong></span> <span class='ocrx_word' id='word_1_131' title='bbox 3855 1342 3938 1403; x_wconf 87' lang='lat' dir='ltr'>ad</span> 
     </span>
    </p>
   </div>
   <div class='ocr_carea' id='block_1_6' title="bbox 2435 1441 4210 1523">
    <p class='ocr_par' dir='ltr' id='par_1_6' title="bbox 2435 1441 4210 1523">
     <span class='ocr_line' id='line_1_21' title="bbox 2435 1441 4210 1523; baseline -0.003 -19"><span class='ocrx_word' id='word_1_132' title='bbox 2435 1443 2604 1523; x_wconf 88' lang='lat' dir='ltr'>quod</span> <span class='ocrx_word' id='word_1_133' title='bbox 2654 1442 2967 1506; x_wconf 89' lang='lat' dir='ltr'>inducunt</span> <span class='ocrx_word' id='word_1_134' title='bbox 3014 1444 3288 1506; x_wconf 88' lang='lat' dir='ltr'>rationes</span> <span class='ocrx_word' id='word_1_135' title='bbox 3345 1443 3423 1505; x_wconf 89' lang='lat' dir='ltr'>ad</span> <span class='ocrx_word' id='word_1_136' title='bbox 3480 1442 3600 1504; x_wconf 91' lang='lat' dir='ltr'>hoc</span> <span class='ocrx_word' id='word_1_137' title='bbox 3648 1441 3940 1505; x_wconf 88' lang='lat' dir='ltr'>introdu—</span> <span class='ocrx_word' id='word_1_138' title='bbox 3970 1456 4210 1513; x_wconf 54' lang='lat' dir='ltr'>cfiansx.</span> 
     </span>
    </p>
   </div>
   <div class='ocr_carea' id='block_1_7' title="bbox 2434 1539 3938 1720">
    <p class='ocr_par' dir='ltr' id='par_1_7' title="bbox 2434 1539 3938 1720">
     <span class='ocr_line' id='line_1_22' title="bbox 2434 1539 3938 1624; baseline 0 -23"><span class='ocrx_word' id='word_1_139' title='bbox 2434 1548 2598 1621; x_wconf 90' lang='lat' dir='ltr'>etas;</span> <span class='ocrx_word' id='word_1_140' title='bbox 2631 1549 2694 1604; x_wconf 91' lang='lat' dir='ltr'>et</span> <span class='ocrx_word' id='word_1_141' title='bbox 2724 1542 2875 1604; x_wconf 91' lang='lat' dir='ltr'>item</span> <span class='ocrx_word' id='word_1_142' title='bbox 2907 1542 3210 1624; x_wconf 84' lang='lat' dir='ltr'>quoniam</span> <span class='ocrx_word' id='word_1_143' title='bbox 3241 1541 3566 1624; x_wconf 86' lang='lat' dir='ltr'>principes</span> <span class='ocrx_word' id='word_1_144' title='bbox 3595 1539 3938 1602; x_wconf 83' lang='lat' dir='ltr'>christiani</span> 
     </span>
     <span class='ocr_line' id='line_1_23' title="bbox 2435 1638 3938 1720; baseline -0.001 -19"><span class='ocrx_word' id='word_1_145' title='bbox 2435 1647 2703 1720; x_wconf 86' lang='lat' dir='ltr'>possunt</span> <span class='ocrx_word' id='word_1_146' title='bbox 2749 1640 2921 1702; x_wconf 91' lang='lat' dir='ltr'>filios</span> <span class='ocrx_word' id='word_1_147' title='bbox 2972 1640 3114 1703; x_wconf 90' lang='lat' dir='ltr'>illos</span> <span class='ocrx_word' id='word_1_148' title='bbox 3163 1640 3229 1702; x_wconf 90' lang='lat' dir='ltr'>in</span> <span class='ocrx_word' id='word_1_149' title='bbox 3275 1647 3592 1702; x_wconf 88' lang='lat' dir='ltr'>terrenam</span> <span class='ocrx_word' id='word_1_150' title='bbox 3641 1638 3938 1720; x_wconf 80' lang='lat' dir='ltr'>redigere</span> 
     </span>
    </p>
   </div>
   <div class='ocr_carea' id='block_1_8' title="bbox 823 1736 4215 2314">
    <p class='ocr_par' dir='ltr' id='par_1_8' title="bbox 824 1736 3938 1821">
     <span class='ocr_line' id='line_1_24' title="bbox 824 1736 3938 1821; baseline 0 -23"><span class='ocrx_word' id='word_1_151' title='bbox 824 1736 907 1799; x_wconf 92' lang='lat' dir='ltr'>tis</span> <span class='ocrx_word' id='word_1_152' title='bbox 967 1756 1093 1801; x_wconf 94' lang='lat' dir='ltr'>non</span> <span class='ocrx_word' id='word_1_153' title='bbox 1136 1745 1233 1801; x_wconf 91' lang='lat' dir='ltr'>est</span> <span class='ocrx_word' id='word_1_154' title='bbox 1270 1739 1641 1821; x_wconf 89' lang='lat' dir='ltr'>parentibus</span> <span class='ocrx_word' id='word_1_155' title='bbox 1688 1738 2131 1803; x_wconf 88' lang='lat' dir='ltr'>auferendum.</span> <span class='ocrx_word' id='word_1_156' title='bbox 2179 1739 2322 1802; x_wconf 82' lang='lat' dir='ltr'>Haec</span> <span class='ocrx_word' id='word_1_157' title='bbox 2432 1738 2830 1812; x_wconf 86' lang='lat' dir='ltr'>servitutem,</span> <span class='ocrx_word' id='word_1_158' title='bbox 2863 1757 3013 1820; x_wconf 86' lang='lat' dir='ltr'>ergo</span> <span class='ocrx_word' id='word_1_159' title='bbox 3051 1740 3254 1803; x_wconf 88' lang='lat' dir='ltr'>multo</span> <span class='ocrx_word' id='word_1_160' title='bbox 3285 1738 3430 1821; x_wconf 88' lang='lat' dir='ltr'>plus</span> <span class='ocrx_word' id='word_1_161' title='bbox 3460 1738 3524 1799; x_wconf 91' lang='lat' dir='ltr'>in</span> <span class='ocrx_word' id='word_1_162' title='bbox 3554 1736 3938 1800; x_wconf 84' lang='lat' dir='ltr'>servitutem</span> 
     </span>
    </p>

    <p class='ocr_par' dir='ltr' id='par_1_9' title="bbox 825 1832 3936 2019">
     <span class='ocr_line' id='line_1_25' title="bbox 825 1832 3936 1920; baseline 0 -23"><span class='ocrx_word' id='word_1_163' title='bbox 825 1835 966 1898; x_wconf 93' lang='lat' dir='ltr'>loco</span> <span class='ocrx_word' id='word_1_164' title='bbox 1008 1844 1325 1918; x_wconf 80' lang='lat' dir='ltr'>praetaetO.</span> <span class='ocrx_word' id='word_1_165' title='bbox 2357 1832 2404 1894; x_wconf 93' lang='lat' dir='ltr'>B</span> <span class='ocrx_word' id='word_1_166' title='bbox 2434 1836 2736 1899; x_wconf 90' lang='lat' dir='ltr'>divinam.</span> <span class='ocrx_word' id='word_1_167' title='bbox 2791 1838 2958 1900; x_wconf 88' lang='lat' dir='ltr'>Dicit</span> <span class='ocrx_word' id='word_1_168' title='bbox 3002 1856 3258 1920; x_wconf 87' lang='lat' dir='ltr'>quoque</span> <span class='ocrx_word' id='word_1_169' title='bbox 3305 1836 3526 1919; x_wconf 91' lang='lat' dir='ltr'>opinio</span> <span class='ocrx_word' id='word_1_170' title='bbox 3571 1836 3710 1911; x_wconf 87' lang='lat' dir='ltr'>ista,</span> <span class='ocrx_word' id='word_1_171' title='bbox 3753 1836 3936 1918; x_wconf 90' lang='lat' dir='ltr'>quod</span> 
     </span>
     <span class='ocr_line' id='line_1_26' title="bbox 904 1933 3932 2019; baseline -0 -23"><span class='ocrx_word' id='word_1_172' title='bbox 904 1933 1209 1997; x_wconf 79' lang='lat' dir='ltr'>Praeterea</span> <span class='ocrx_word' id='word_1_173' title='bbox 1239 1935 1304 1997; x_wconf 92' lang='lat' dir='ltr'>in</span> <span class='ocrx_word' id='word_1_174' title='bbox 1336 1936 1519 1999; x_wconf 89' lang='lat' dir='ltr'>tertia</span> <span class='ocrx_word' id='word_1_175' title='bbox 1550 1943 1749 2018; x_wconf 90' lang='lat' dir='ltr'>parte,</span> <span class='ocrx_word' id='word_1_176' title='bbox 1773 1935 2121 2018; x_wconf 79' lang='lat' dir='ltr'>quaestione</span> <span class='ocrx_word' id='word_1_177' title='bbox 2152 1954 2324 1999; x_wconf 87' lang='lat' dir='ltr'>sexa·</span> <span class='ocrx_word' id='word_1_178' title='bbox 2435 1936 2617 2018; x_wconf 92' lang='lat' dir='ltr'>pueri</span> <span class='ocrx_word' id='word_1_179' title='bbox 2649 1936 2805 1998; x_wconf 90' lang='lat' dir='ltr'>tales</span> <span class='ocrx_word' id='word_1_180' title='bbox 2845 1936 3206 2019; x_wconf 90' lang='lat' dir='ltr'>suscipiunt</span> <span class='ocrx_word' id='word_1_181' title='bbox 3244 1955 3466 1999; x_wconf 91' lang='lat' dir='ltr'>verum</span> <span class='ocrx_word' id='word_1_182' title='bbox 3505 1934 3932 2017; x_wconf 89' lang='lat' dir='ltr'>Baptismum.</span> 
     </span>
    </p>

    <p class='ocr_par' dir='ltr' id='par_1_10' title="bbox 823 2032 3938 2117">
     <span class='ocr_line' id='line_1_27' title="bbox 823 2032 3938 2117; baseline -0 -22"><span class='ocrx_word' id='word_1_183' title='bbox 823 2034 1069 2115; x_wconf 84' lang='lat' dir='ltr'>gesima</span> <span class='ocrx_word' id='word_1_184' title='bbox 1105 2042 1325 2097; x_wconf 87' lang='lat' dir='ltr'>octava</span> <span class='ocrx_word' id='word_1_185' title='bbox 1360 2051 1373 2097; x_wconf 73' lang='grc' dir='ltr'><strong>ε</strong></span> <span class='ocrx_word' id='word_1_186' title='bbox 1407 2035 1590 2097; x_wconf 93' lang='lat' dir='ltr'>Pueri</span> <span class='ocrx_word' id='word_1_187' title='bbox 1632 2035 1775 2116; x_wconf 87' lang='lat' dir='ltr'>(ait)</span> <span class='ocrx_word' id='word_1_188' title='bbox 1812 2034 2175 2097; x_wconf 78' lang='lat' dir='ltr'>infidelium</span> <span class='ocrx_word' id='word_1_189' title='bbox 2213 2040 2324 2095; x_wconf 93' lang='lat' dir='ltr'>aut</span> <span class='ocrx_word' id='word_1_190' title='bbox 2433 2035 2721 2098; x_wconf 91' lang='lat' dir='ltr'>Secunda</span> <span class='ocrx_word' id='word_1_191' title='bbox 2777 2034 2996 2117; x_wconf 91' lang='lat' dir='ltr'>opinio</span> <span class='ocrx_word' id='word_1_192' title='bbox 3051 2042 3169 2111; x_wconf 90' lang='lat' dir='ltr'>est,</span> <span class='ocrx_word' id='word_1_193' title='bbox 3219 2034 3388 2117; x_wconf 88' lang='lat' dir='ltr'>quod</span> <span class='ocrx_word' id='word_1_194' title='bbox 3437 2034 3607 2097; x_wconf 90' lang='lat' dir='ltr'>istud</span> <span class='ocrx_word' id='word_1_195' title='bbox 3665 2032 3938 2095; x_wconf 89' lang='lat' dir='ltr'>omnino</span> 
     </span>
    </p>

    <p class='ocr_par' dir='ltr' id='par_1_11' title="bbox 824 2131 4215 2216">
     <span class='ocr_line' id='line_1_28' title="bbox 824 2131 4215 2216; baseline -0.002 -22"><span class='ocrx_word' id='word_1_196' title='bbox 824 2132 1063 2195; x_wconf 89' lang='lat' dir='ltr'>habent</span> <span class='ocrx_word' id='word_1_197' title='bbox 1102 2152 1292 2195; x_wconf 89' lang='lat' dir='ltr'>usum</span> <span class='ocrx_word' id='word_1_198' title='bbox 1323 2132 1607 2207; x_wconf 81' lang='lat' dir='ltr'>rationiS‚</span> <span class='ocrx_word' id='word_1_199' title='bbox 1645 2142 1754 2196; x_wconf 92' lang='lat' dir='ltr'>aut</span> <span class='ocrx_word' id='word_1_200' title='bbox 1791 2152 1917 2196; x_wconf 89' lang='lat' dir='ltr'>non</span> <span class='ocrx_word' id='word_1_201' title='bbox 1954 2132 2208 2195; x_wconf 90' lang='lat' dir='ltr'>habent.</span> <span class='ocrx_word' id='word_1_202' title='bbox 2257 2132 2322 2195; x_wconf 91' lang='lat' dir='ltr'>Si</span> <span class='ocrx_word' id='word_1_203' title='bbox 2433 2132 2730 2196; x_wconf 87' lang='lat' dir='ltr'>illicitum</span> <span class='ocrx_word' id='word_1_204' title='bbox 2771 2134 2854 2196; x_wconf 88' lang='lat' dir='ltr'>sit</span> <span class='ocrx_word' id='word_1_205' title='bbox 2881 2140 3140 2216; x_wconf 91' lang='lat' dir='ltr'>propter</span> <span class='ocrx_word' id='word_1_206' title='bbox 3178 2134 3414 2196; x_wconf 89' lang='lat' dir='ltr'>motiva</span> <span class='ocrx_word' id='word_1_207' title='bbox 3452 2131 3818 2215; x_wconf 84' lang='lat' dir='ltr'>praehabita.</span> <span class='ocrx_word' id='word_1_208' title='bbox 3857 2132 3937 2193; x_wconf 89' lang='lat' dir='ltr'>Et</span> <span class='ocrx_word' id='word_1_209' title='bbox 3983 2141 4215 2199; x_wconf 70' lang='lat' dir='ltr'>Cs.p.¹35C‘</span> 
     </span>
    </p>

    <p class='ocr_par' dir='ltr' id='par_1_12' title="bbox 825 2216 4072 2314">
     <span class='ocr_line' id='line_1_29' title="bbox 825 2216 4072 2314; baseline -0 -22"><span class='ocrx_word' id='word_1_210' title='bbox 825 2229 1085 2305; x_wconf 88' lang='lat' dir='ltr'>habent,</span> <span class='ocrx_word' id='word_1_211' title='bbox 1119 2237 1272 2293; x_wconf 92' lang='lat' dir='ltr'>tunc</span> <span class='ocrx_word' id='word_1_212' title='bbox 1303 2238 1614 2313; x_wconf 87' lang='lat' dir='ltr'>quantum</span> <span class='ocrx_word' id='word_1_213' title='bbox 1646 2232 1724 2294; x_wconf 91' lang='lat' dir='ltr'>ad</span> <span class='ocrx_word' id='word_1_214' title='bbox 1764 2251 1839 2295; x_wconf 94' lang='lat' dir='ltr'>ea</span> <span class='ocrx_word' id='word_1_215' title='bbox 1876 2251 2017 2314; x_wconf 82' lang='lat' dir='ltr'>quae</span> <span class='ocrx_word' id='word_1_216' title='bbox 2048 2238 2198 2293; x_wconf 91' lang='lat' dir='ltr'>sunt</span> <span class='ocrx_word' id='word_1_217' title='bbox 2222 2231 2324 2312; x_wconf 87' lang='lat' dir='ltr'>ju·</span> <span class='ocrx_word' id='word_1_218' title='bbox 2433 2232 2727 2313; x_wconf 87' lang='lat' dir='ltr'>quamvis</span> <span class='ocrx_word' id='word_1_219' title='bbox 2768 2233 2951 2313; x_wconf 90' lang='lat' dir='ltr'>pueri</span> <span class='ocrx_word' id='word_1_220' title='bbox 2989 2232 3148 2294; x_wconf 85' lang='lat' dir='ltr'>tales</span> <span class='ocrx_word' id='word_1_221' title='bbox 3187 2232 3266 2295; x_wconf 90' lang='lat' dir='ltr'>de</span> <span class='ocrx_word' id='word_1_222' title='bbox 3295 2231 3462 2295; x_wconf 87' lang='lat' dir='ltr'>facto</span> <span class='ocrx_word' id='word_1_223' title='bbox 3489 2230 3698 2293; x_wconf 89' lang='lat' dir='ltr'>taliter</span> <span class='ocrx_word' id='word_1_224' title='bbox 3727 2229 3940 2312; x_wconf 87' lang='lat' dir='ltr'>bapti·</span> <span class='ocrx_word' id='word_1_225' title='bbox 3965 2216 4011 2253; x_wconf 71' lang='lat'>⁰¹</span> <span class='ocrx_word' id='word_1_226' title='bbox 4036 2223 4072 2251; x_wconf 84' lang='lat'>⁸·</span> 
     </span>
    </p>
   </div>
   <div class='ocr_carea' id='block_1_9' title="bbox 570 2048 739 2089">
    <p class='ocr_par' dir='ltr' id='par_1_13' title="bbox 570 2048 739 2089">
     <span class='ocr_line' id='line_1_30' title="bbox 570 2048 739 2089; baseline 0 -1"><span class='ocrx_word' id='word_1_227' title='bbox 570 2048 653 2089; x_wconf 75' lang='lat' dir='ltr'>art.</span> <span class='ocrx_word' id='word_1_228' title='bbox 674 2048 739 2089; x_wconf 83' lang='lat'>10.</span> 
     </span>
    </p>
   </div>
   <div class='ocr_carea' id='block_1_10' title="bbox 822 2328 2326 3004">
    <p class='ocr_par' dir='ltr' id='par_1_14' title="bbox 822 2328 2326 3004">
     <span class='ocr_line' id='line_1_31' title="bbox 824 2328 2323 2413; baseline 0.002 -22"><span class='ocrx_word' id='word_1_229' title='bbox 824 2328 913 2391; x_wconf 91' lang='lat' dir='ltr'>ris</span> <span class='ocrx_word' id='word_1_230' title='bbox 945 2328 1147 2391; x_wconf 89' lang='lat' dir='ltr'>divini</span> <span class='ocrx_word' id='word_1_231' title='bbox 1178 2330 1279 2393; x_wconf 91' lang='lat' dir='ltr'>vel</span> <span class='ocrx_word' id='word_1_232' title='bbox 1310 2331 1639 2405; x_wconf 80' lang='lat' dir='ltr'>naturalis,</span> <span class='ocrx_word' id='word_1_233' title='bbox 1674 2330 1994 2413; x_wconf 88' lang='lat' dir='ltr'>incipiunt</span> <span class='ocrx_word' id='word_1_234' title='bbox 2024 2348 2162 2393; x_wconf 91' lang='lat' dir='ltr'>esse</span> <span class='ocrx_word' id='word_1_235' title='bbox 2193 2349 2323 2394; x_wconf 84' lang='lat' dir='ltr'>suae</span> 
     </span>
     <span class='ocr_line' id='line_1_32' title="bbox 825 2427 2322 2510; baseline 0.001 -21"><span class='ocrx_word' id='word_1_236' title='bbox 825 2427 1154 2509; x_wconf 87' lang='lat' dir='ltr'>potestatis</span> <span class='ocrx_word' id='word_1_237' title='bbox 1192 2444 1207 2489; x_wconf 74' lang='lat' dir='ltr'>t</span> <span class='ocrx_word' id='word_1_238' title='bbox 1250 2428 1395 2491; x_wconf 91' lang='lat' dir='ltr'>ideo</span> <span class='ocrx_word' id='word_1_239' title='bbox 1433 2428 1690 2510; x_wconf 83' lang='lat' dir='ltr'>propria</span> <span class='ocrx_word' id='word_1_240' title='bbox 1724 2429 2070 2503; x_wconf 86' lang='lat' dir='ltr'>voluntate,</span> <span class='ocrx_word' id='word_1_241' title='bbox 2105 2428 2322 2490; x_wconf 89' lang='lat' dir='ltr'>invitis</span> 
     </span>
     <span class='ocr_line' id='line_1_33' title="bbox 823 2525 2320 2609; baseline 0.001 -21"><span class='ocrx_word' id='word_1_242' title='bbox 823 2525 1217 2607; x_wconf 89' lang='lat' dir='ltr'>parentibus,</span> <span class='ocrx_word' id='word_1_243' title='bbox 1250 2534 1520 2608; x_wconf 92' lang='lat' dir='ltr'>possunt</span> <span class='ocrx_word' id='word_1_244' title='bbox 1546 2526 1943 2609; x_wconf 89' lang='lat' dir='ltr'>Baptismum</span> <span class='ocrx_word' id='word_1_245' title='bbox 1973 2526 2320 2609; x_wconf 89' lang='lat' dir='ltr'>suscipere,</span> 
     </span>
     <span class='ocr_line' id='line_1_34' title="bbox 822 2623 2323 2689; baseline -0.001 -2"><span class='ocrx_word' id='word_1_246' title='bbox 822 2623 990 2687; x_wconf 90' lang='lat' dir='ltr'>sicut</span> <span class='ocrx_word' id='word_1_247' title='bbox 1032 2631 1095 2687; x_wconf 89' lang='lat' dir='ltr'>et</span> <span class='ocrx_word' id='word_1_248' title='bbox 1144 2625 1624 2688; x_wconf 88' lang='lat' dir='ltr'>matrimonium</span> <span class='ocrx_word' id='word_1_249' title='bbox 1668 2625 2063 2689; x_wconf 86' lang='lat' dir='ltr'>contrahere.</span> <span class='ocrx_word' id='word_1_250' title='bbox 2105 2625 2169 2688; x_wconf 91' lang='lat' dir='ltr'>Si</span> <span class='ocrx_word' id='word_1_251' title='bbox 2217 2645 2323 2687; x_wconf 91' lang='lat' dir='ltr'>au-</span> 
     </span>
     <span class='ocr_line' id='line_1_35' title="bbox 823 2724 2320 2798; baseline 0.001 -14"><span class='ocrx_word' id='word_1_252' title='bbox 823 2730 955 2785; x_wconf 91' lang='lat' dir='ltr'>tem</span> <span class='ocrx_word' id='word_1_253' title='bbox 1008 2742 1196 2785; x_wconf 89' lang='lat' dir='ltr'>usum</span> <span class='ocrx_word' id='word_1_254' title='bbox 1247 2724 1509 2787; x_wconf 90' lang='lat' dir='ltr'>rationis</span> <span class='ocrx_word' id='word_1_255' title='bbox 1559 2726 1842 2788; x_wconf 90' lang='lat' dir='ltr'>nondum</span> <span class='ocrx_word' id='word_1_256' title='bbox 1894 2724 2099 2787; x_wconf 89' lang='lat' dir='ltr'>sortiti</span> <span class='ocrx_word' id='word_1_257' title='bbox 2151 2732 2320 2798; x_wconf 90' lang='lat' dir='ltr'>sunt,</span> 
     </span>
     <span class='ocr_line' id='line_1_36' title="bbox 824 2822 2326 2905; baseline 0 -21"><span class='ocrx_word' id='word_1_258' title='bbox 824 2822 905 2885; x_wconf 88' lang='lat' dir='ltr'>de</span> <span class='ocrx_word' id='word_1_259' title='bbox 934 2823 1204 2885; x_wconf 89' lang='lat' dir='ltr'>naturali</span> <span class='ocrx_word' id='word_1_260' title='bbox 1233 2822 1378 2903; x_wconf 85' lang='lat' dir='ltr'>jure</span> <span class='ocrx_word' id='word_1_261' title='bbox 1408 2830 1559 2885; x_wconf 92' lang='lat' dir='ltr'>sunt</span> <span class='ocrx_word' id='word_1_262' title='bbox 1586 2824 1706 2885; x_wconf 88' lang='lat' dir='ltr'>sub</span> <span class='ocrx_word' id='word_1_263' title='bbox 1738 2830 2045 2905; x_wconf 86' lang='lat' dir='ltr'>potestate</span> <span class='ocrx_word' id='word_1_264' title='bbox 2076 2830 2141 2885; x_wconf 92' lang='lat' dir='ltr'>et</span> <span class='ocrx_word' id='word_1_265' title='bbox 2174 2841 2326 2885; x_wconf 89' lang='lat' dir='ltr'>cura</span> 
     </span>
     <span class='ocr_line' id='line_1_37' title="bbox 823 2921 2326 3004; baseline 0.001 -21"><span class='ocrx_word' id='word_1_266' title='bbox 823 2927 1185 3003; x_wconf 88' lang='lat' dir='ltr'>parentum,</span> <span class='ocrx_word' id='word_1_267' title='bbox 1219 2940 1339 2984; x_wconf 90' lang='lat' dir='ltr'>nec</span> <span class='ocrx_word' id='word_1_268' title='bbox 1370 2922 1527 3004; x_wconf 91' lang='lat' dir='ltr'>ipsis</span> <span class='ocrx_word' id='word_1_269' title='bbox 1565 2921 1781 2983; x_wconf 89' lang='lat' dir='ltr'>invitis</span> <span class='ocrx_word' id='word_1_270' title='bbox 1820 2929 1971 2983; x_wconf 91' lang='lat' dir='ltr'>sunt</span> <span class='ocrx_word' id='word_1_271' title='bbox 2006 2922 2326 3003; x_wconf 90' lang='lat' dir='ltr'>baptizan-</span> 
     </span>
    </p>
   </div>
   <div class='ocr_carea' id='block_1_11' title="bbox 2434 2327 3945 3001">
    <p class='ocr_par' dir='ltr' id='par_1_15' title="bbox 2434 2327 3945 3001">
     <span class='ocr_line' id='line_1_38' title="bbox 2434 2327 3940 2411; baseline 0 -22"><span class='ocrx_word' id='word_1_272' title='bbox 2434 2336 2677 2404; x_wconf 88' lang='lat' dir='ltr'>zentur,</span> <span class='ocrx_word' id='word_1_273' title='bbox 2728 2347 2856 2392; x_wconf 93' lang='lat' dir='ltr'>non</span> <span class='ocrx_word' id='word_1_274' title='bbox 2904 2337 3116 2392; x_wconf 89' lang='lat' dir='ltr'>tamen</span> <span class='ocrx_word' id='word_1_275' title='bbox 3173 2328 3498 2411; x_wconf 91' lang='lat' dir='ltr'>accipiunt</span> <span class='ocrx_word' id='word_1_276' title='bbox 3544 2346 3768 2390; x_wconf 89' lang='lat' dir='ltr'>verum</span> <span class='ocrx_word' id='word_1_277' title='bbox 3819 2327 3940 2389; x_wconf 88' lang='lat' dir='ltr'>Ba·—</span> 
     </span>
     <span class='ocr_line' id='line_1_39' title="bbox 2434 2426 3942 2509; baseline -0.001 -21"><span class='ocrx_word' id='word_1_278' title='bbox 2434 2428 2689 2508; x_wconf 89' lang='lat' dir='ltr'>ptisma,</span> <span class='ocrx_word' id='word_1_279' title='bbox 2732 2428 3034 2509; x_wconf 86' lang='lat' dir='ltr'>quoniam</span> <span class='ocrx_word' id='word_1_280' title='bbox 3076 2428 3155 2490; x_wconf 90' lang='lat' dir='ltr'>ad</span> <span class='ocrx_word' id='word_1_281' title='bbox 3199 2427 3678 2508; x_wconf 88' lang='lat' dir='ltr'>suscipiendum</span> <span class='ocrx_word' id='word_1_282' title='bbox 3723 2426 3942 2507; x_wconf 87' lang='lat' dir='ltr'>Bapti-</span> 
     </span>
     <span class='ocr_line' id='line_1_40' title="bbox 2435 2524 3942 2607; baseline -0.001 -20"><span class='ocrx_word' id='word_1_283' title='bbox 2435 2544 2644 2587; x_wconf 90' lang='lat' dir='ltr'>smum</span> <span class='ocrx_word' id='word_1_284' title='bbox 2674 2526 2751 2588; x_wconf 99' lang='lat' dir='ltr'>ad</span> <span class='ocrx_word' id='word_1_285' title='bbox 2786 2526 2996 2588; x_wconf 91' lang='lat' dir='ltr'>minus</span> <span class='ocrx_word' id='word_1_286' title='bbox 3026 2526 3368 2607; x_wconf 87' lang='lat' dir='ltr'>requiritur</span> <span class='ocrx_word' id='word_1_287' title='bbox 3396 2524 3662 2587; x_wconf 90' lang='lat' dir='ltr'>intentio</span> <span class='ocrx_word' id='word_1_288' title='bbox 3691 2524 3942 2586; x_wconf 87' lang='lat' dir='ltr'>directa</span> 
     </span>
     <span class='ocr_line' id='line_1_41' title="bbox 2436 2623 3939 2707; baseline -0.001 -21"><span class='ocrx_word' id='word_1_289' title='bbox 2436 2623 2536 2686; x_wconf 90' lang='lat' dir='ltr'>vel</span> <span class='ocrx_word' id='word_1_290' title='bbox 2607 2623 3105 2706; x_wconf 88' lang='lat' dir='ltr'>interpretativa.</span> <span class='ocrx_word' id='word_1_291' title='bbox 3171 2623 3654 2707; x_wconf 88' lang='lat' dir='ltr'>Interpretativa</span> <span class='ocrx_word' id='word_1_292' title='bbox 3715 2630 3939 2685; x_wconf 89' lang='lat' dir='ltr'>autem</span> 
     </span>
     <span class='ocr_line' id='line_1_42' title="bbox 2437 2721 3942 2804; baseline -0.001 -19"><span class='ocrx_word' id='word_1_293' title='bbox 2437 2722 2848 2804; x_wconf 90' lang='lat' dir='ltr'>parvulorum</span> <span class='ocrx_word' id='word_1_294' title='bbox 2891 2723 3147 2786; x_wconf 91' lang='lat' dir='ltr'>illorum</span> <span class='ocrx_word' id='word_1_295' title='bbox 3178 2724 3470 2787; x_wconf 85' lang='lat' dir='ltr'>voluntas</span> <span class='ocrx_word' id='word_1_296' title='bbox 3503 2721 3758 2785; x_wconf 89' lang='lat' dir='ltr'>videtur</span> <span class='ocrx_word' id='word_1_297' title='bbox 3793 2740 3942 2784; x_wconf 87' lang='lat' dir='ltr'>esse</span> 
     </span>
     <span class='ocr_line' id='line_1_43' title="bbox 2436 2820 3945 2903; baseline 0.001 -21"><span class='ocrx_word' id='word_1_298' title='bbox 2436 2821 2728 2884; x_wconf 87' lang='lat' dir='ltr'>voluntas</span> <span class='ocrx_word' id='word_1_299' title='bbox 2763 2829 3098 2903; x_wconf 87' lang='lat' dir='ltr'>parentum</span> <span class='ocrx_word' id='word_1_300' title='bbox 3135 2839 3149 2883; x_wconf 93' lang='lat'><strong>:</strong></span> <span class='ocrx_word' id='word_1_301' title='bbox 3184 2822 3356 2885; x_wconf 91' lang='lat' dir='ltr'>unde</span> <span class='ocrx_word' id='word_1_302' title='bbox 3393 2828 3457 2883; x_wconf 89' lang='lat' dir='ltr'>et</span> <span class='ocrx_word' id='word_1_303' title='bbox 3493 2820 3650 2884; x_wconf 89' lang='lat' dir='ltr'>olim</span> <span class='ocrx_word' id='word_1_304' title='bbox 3689 2820 3756 2883; x_wconf 89' lang='lat' dir='ltr'>in</span> <span class='ocrx_word' id='word_1_305' title='bbox 3795 2821 3945 2901; x_wconf 84' lang='lat' dir='ltr'>lege</span> 
     </span>
     <span class='ocr_line' id='line_1_44' title="bbox 2437 2919 3942 3001; baseline 0.001 -22"><span class='ocrx_word' id='word_1_306' title='bbox 2437 2926 2677 2983; x_wconf 82' lang='lat' dir='ltr'>naturae</span> <span class='ocrx_word' id='word_1_307' title='bbox 2709 2920 2772 2981; x_wconf 94' lang='lat' dir='ltr'>in</span> <span class='ocrx_word' id='word_1_308' title='bbox 2805 2919 2935 2982; x_wconf 90' lang='lat' dir='ltr'>fide</span> <span class='ocrx_word' id='word_1_309' title='bbox 2965 2919 3374 2983; x_wconf 86' lang='lat' dir='ltr'>salvabantur</span> <span class='ocrx_word' id='word_1_310' title='bbox 3402 2927 3759 3001; x_wconf 90' lang='lat' dir='ltr'>parentum.</span> <span class='ocrx_word' id='word_1_311' title='bbox 3791 2919 3942 2981; x_wconf 85' lang='lat' dir='ltr'>Ter-</span> 
     </span>
    </p>
   </div>
   <div class='ocr_carea' id='block_1_12' title="bbox 825 3016 3942 3101">
    <p class='ocr_par' dir='ltr' id='par_1_16' title="bbox 825 3016 3942 3101">
     <span class='ocr_line' id='line_1_45' title="bbox 825 3016 3942 3101; baseline -0.001 -20"><span class='ocrx_word' id='word_1_312' title='bbox 825 3019 910 3081; x_wconf 94' lang='lat' dir='ltr'>di.</span> <span class='ocrx_word' id='word_1_313' title='bbox 934 3018 1127 3081; x_wconf 91' lang='lat' dir='ltr'>—Ad</span> <span class='ocrx_word' id='word_1_314' title='bbox 1156 3018 1407 3100; x_wconf 85' lang='lat' dir='ltr'>objecta</span> <span class='ocrx_word' id='word_1_315' title='bbox 1436 3036 1587 3101; x_wconf 85' lang='lat' dir='ltr'>ergo</span> <span class='ocrx_word' id='word_1_316' title='bbox 1616 3020 1981 3093; x_wconf 88' lang='lat' dir='ltr'>dicendum,</span> <span class='ocrx_word' id='word_1_317' title='bbox 2005 3020 2175 3101; x_wconf 88' lang='lat' dir='ltr'>quod</span> <span class='ocrx_word' id='word_1_318' title='bbox 2205 3038 2324 3081; x_wconf 87' lang='lat' dir='ltr'>nec</span> <span class='ocrx_word' id='word_1_319' title='bbox 2357 3016 2400 3081; x_wconf 87' lang='lat' dir='ltr'><strong>G</strong></span> <span class='ocrx_word' id='word_1_320' title='bbox 2436 3016 2524 3079; x_wconf 93' lang='lat' dir='ltr'>tia</span> <span class='ocrx_word' id='word_1_321' title='bbox 2573 3017 2794 3099; x_wconf 91' lang='lat' dir='ltr'>opinio</span> <span class='ocrx_word' id='word_1_322' title='bbox 2841 3026 2958 3091; x_wconf 89' lang='lat' dir='ltr'>est,</span> <span class='ocrx_word' id='word_1_323' title='bbox 3005 3018 3176 3099; x_wconf 87' lang='lat' dir='ltr'>quod</span> <span class='ocrx_word' id='word_1_324' title='bbox 3224 3036 3350 3081; x_wconf 91' lang='lat' dir='ltr'>non</span> <span class='ocrx_word' id='word_1_325' title='bbox 3401 3017 3588 3080; x_wconf 90' lang='lat' dir='ltr'>liceat</span> <span class='ocrx_word' id='word_1_326' title='bbox 3635 3018 3942 3099; x_wconf 89' lang='lat' dir='ltr'>parvulos</span> 
     </span>
    </p>
   </div>
   <div class='ocr_carea' id='block_1_13' title="bbox 824 3117 2326 4184">
    <p class='ocr_par' dir='ltr' id='par_1_17' title="bbox 824 3117 2326 4184">
     <span class='ocr_line' id='line_1_46' title="bbox 824 3117 2324 3201; baseline 0.001 -20"><span class='ocrx_word' id='word_1_327' title='bbox 824 3138 863 3181; x_wconf 89' lang='lat' dir='ltr'>a</span> <span class='ocrx_word' id='word_1_328' title='bbox 922 3125 1125 3183; x_wconf 89' lang='lat' dir='ltr'>morte</span> <span class='ocrx_word' id='word_1_329' title='bbox 1182 3118 1494 3201; x_wconf 89' lang='lat' dir='ltr'>corporali</span> <span class='ocrx_word' id='word_1_330' title='bbox 1562 3127 1658 3182; x_wconf 91' lang='lat' dir='ltr'>est</span> <span class='ocrx_word' id='word_1_331' title='bbox 1713 3117 1947 3201; x_wconf 89' lang='lat' dir='ltr'>aliquis</span> <span class='ocrx_word' id='word_1_332' title='bbox 2005 3118 2324 3182; x_wconf 92' lang='lat' dir='ltr'>eruendus</span> 
     </span>
     <span class='ocr_line' id='line_1_47' title="bbox 827 3216 2324 3298; baseline 0.001 -20"><span class='ocrx_word' id='word_1_333' title='bbox 827 3223 1047 3279; x_wconf 86' lang='lat' dir='ltr'>eontra</span> <span class='ocrx_word' id='word_1_334' title='bbox 1093 3216 1382 3280; x_wconf 91' lang='lat' dir='ltr'>ordinem</span> <span class='ocrx_word' id='word_1_335' title='bbox 1425 3217 1590 3298; x_wconf 83' lang='lat' dir='ltr'>juris</span> <span class='ocrx_word' id='word_1_336' title='bbox 1640 3216 1868 3279; x_wconf 90' lang='lat' dir='ltr'>civilis.</span> <span class='ocrx_word' id='word_1_337' title='bbox 1914 3217 2060 3279; x_wconf 91' lang='lat' dir='ltr'>ldeo</span> <span class='ocrx_word' id='word_1_338' title='bbox 2108 3217 2175 3278; x_wconf 83' lang='lat' dir='ltr'>in</span> <span class='ocrx_word' id='word_1_339' title='bbox 2219 3218 2324 3280; x_wconf 90' lang='lat' dir='ltr'>de-</span> 
     </span>
     <span class='ocr_line' id='line_1_48' title="bbox 826 3314 2323 3397; baseline 0.001 -21"><span class='ocrx_word' id='word_1_340' title='bbox 826 3314 1216 3395; x_wconf 86' lang='lat' dir='ltr'>rogationem</span> <span class='ocrx_word' id='word_1_341' title='bbox 1254 3315 1419 3397; x_wconf 87' lang='lat' dir='ltr'>juris</span> <span class='ocrx_word' id='word_1_342' title='bbox 1459 3315 1764 3377; x_wconf 87' lang='lat' dir='ltr'>naturalis</span> <span class='ocrx_word' id='word_1_343' title='bbox 1813 3332 1941 3377; x_wconf 92' lang='lat' dir='ltr'>non</span> <span class='ocrx_word' id='word_1_344' title='bbox 1980 3323 2077 3378; x_wconf 92' lang='lat' dir='ltr'>est</span> <span class='ocrx_word' id='word_1_345' title='bbox 2112 3316 2323 3396; x_wconf 84' lang='lat' dir='ltr'>proles</span> 
     </span>
     <span class='ocr_line' id='line_1_49' title="bbox 827 3413 2325 3496; baseline 0.001 -21"><span class='ocrx_word' id='word_1_346' title='bbox 827 3413 1123 3496; x_wconf 89' lang='lat' dir='ltr'>potestati</span> <span class='ocrx_word' id='word_1_347' title='bbox 1168 3421 1232 3476; x_wconf 90' lang='lat' dir='ltr'>et</span> <span class='ocrx_word' id='word_1_348' title='bbox 1275 3433 1443 3478; x_wconf 83' lang='lat' dir='ltr'>curae</span> <span class='ocrx_word' id='word_1_349' title='bbox 1501 3421 1837 3496; x_wconf 90' lang='lat' dir='ltr'>parentum</span> <span class='ocrx_word' id='word_1_350' title='bbox 1896 3414 2325 3477; x_wconf 89' lang='lat' dir='ltr'>subtrahenda</span> 
     </span>
     <span class='ocr_line' id='line_1_50' title="bbox 826 3510 2277 3576; baseline -0.001 -3"><span class='ocrx_word' id='word_1_351' title='bbox 826 3519 973 3574; x_wconf 88' lang='lat' dir='ltr'>ante</span> <span class='ocrx_word' id='word_1_352' title='bbox 1016 3511 1203 3574; x_wconf 90' lang='lat' dir='ltr'>liberi</span> <span class='ocrx_word' id='word_1_353' title='bbox 1244 3510 1491 3574; x_wconf 89' lang='lat' dir='ltr'>arbitrii</span> <span class='ocrx_word' id='word_1_354' title='bbox 1529 3531 1737 3575; x_wconf 89' lang='lat' dir='ltr'>usum.</span> <span class='ocrx_word' id='word_1_355' title='bbox 1774 3512 1917 3576; x_wconf 83' lang='lat' dir='ltr'>Haec</span> <span class='ocrx_word' id='word_1_356' title='bbox 1956 3511 2122 3575; x_wconf 90' lang='lat' dir='ltr'>idem</span> <span class='ocrx_word' id='word_1_357' title='bbox 2167 3511 2277 3574; x_wconf 89' lang='lat' dir='ltr'>ibi.</span> 
     </span>
     <span class='ocr_line' id='line_1_51' title="bbox 908 3609 2324 3692; baseline -0.001 -19"><span class='ocrx_word' id='word_1_358' title='bbox 908 3609 1258 3673; x_wconf 85' lang='lat' dir='ltr'>Concordat</span> <span class='ocrx_word' id='word_1_359' title='bbox 1304 3609 1653 3673; x_wconf 87' lang='lat' dir='ltr'>Richardus</span> <span class='ocrx_word' id='word_1_360' title='bbox 1701 3609 1867 3673; x_wconf 86' lang='lat' dir='ltr'>infra</span> <span class='ocrx_word' id='word_1_361' title='bbox 1915 3610 1981 3672; x_wconf 91' lang='lat' dir='ltr'>in</span> <span class='ocrx_word' id='word_1_362' title='bbox 2030 3610 2324 3692; x_wconf 82' lang='lat' dir='ltr'>quaestio-</span> 
     </span>
     <span class='ocr_line' id='line_1_52' title="bbox 827 3708 2322 3782; baseline -0.001 -11"><span class='ocrx_word' id='word_1_363' title='bbox 827 3708 1021 3771; x_wconf 89' lang='lat' dir='ltr'>nibus</span> <span class='ocrx_word' id='word_1_364' title='bbox 1070 3716 1261 3772; x_wconf 84' lang='lat' dir='ltr'>sextae</span> <span class='ocrx_word' id='word_1_365' title='bbox 1307 3708 1758 3782; x_wconf 84' lang='lat' dir='ltr'>distinetioniS,</span> <span class='ocrx_word' id='word_1_366' title='bbox 1800 3716 1866 3771; x_wconf 91' lang='lat' dir='ltr'>et</span> <span class='ocrx_word' id='word_1_367' title='bbox 1909 3708 2084 3771; x_wconf 88' lang='lat' dir='ltr'>addit</span> <span class='ocrx_word' id='word_1_368' title='bbox 2124 3726 2140 3770; x_wconf 76' lang='grc' dir='ltr'>ε</span> <span class='ocrx_word' id='word_1_369' title='bbox 2186 3708 2322 3771; x_wconf 89' lang='lat' dir='ltr'>Non</span> 
     </span>
     <span class='ocr_line' id='line_1_53' title="bbox 827 3807 2323 3881; baseline -0.001 -11"><span class='ocrx_word' id='word_1_370' title='bbox 827 3814 925 3870; x_wconf 91' lang='lat' dir='ltr'>est</span> <span class='ocrx_word' id='word_1_371' title='bbox 971 3808 1362 3870; x_wconf 91' lang='lat' dir='ltr'>consuetudo</span> <span class='ocrx_word' id='word_1_372' title='bbox 1407 3807 1470 3869; x_wconf 95' lang='lat' dir='ltr'>in</span> <span class='ocrx_word' id='word_1_373' title='bbox 1512 3807 1797 3870; x_wconf 87' lang='lat' dir='ltr'>Ecclesia</span> <span class='ocrx_word' id='word_1_374' title='bbox 1843 3807 1977 3881; x_wconf 90' lang='lat' dir='ltr'>Dei,</span> <span class='ocrx_word' id='word_1_375' title='bbox 2020 3825 2139 3871; x_wconf 89' lang='lat' dir='ltr'>nee</span> <span class='ocrx_word' id='word_1_376' title='bbox 2185 3825 2323 3869; x_wconf 89' lang='lat' dir='ltr'>esse</span> 
     </span>
     <span class='ocr_line' id='line_1_54' title="bbox 826 3905 2323 3988; baseline -0.001 -20"><span class='ocrx_word' id='word_1_377' title='bbox 826 3905 1036 3981; x_wconf 91' lang='lat' dir='ltr'>debet,</span> <span class='ocrx_word' id='word_1_378' title='bbox 1070 3913 1141 3968; x_wconf 91' lang='lat' dir='ltr'>ut</span> <span class='ocrx_word' id='word_1_379' title='bbox 1170 3905 1419 3988; x_wconf 88' lang='lat' dir='ltr'>parvuli</span> <span class='ocrx_word' id='word_1_380' title='bbox 1447 3907 1806 3969; x_wconf 81' lang='lat' dir='ltr'>Iudaeorum</span> <span class='ocrx_word' id='word_1_381' title='bbox 1839 3915 1903 3968; x_wconf 92' lang='lat' dir='ltr'>et</span> <span class='ocrx_word' id='word_1_382' title='bbox 1931 3923 2323 3987; x_wconf 81' lang='lat' dir='ltr'>paganorum</span> 
     </span>
     <span class='ocr_line' id='line_1_55' title="bbox 828 4003 2323 4086; baseline -0.001 -19"><span class='ocrx_word' id='word_1_383' title='bbox 828 4003 1045 4067; x_wconf 89' lang='lat' dir='ltr'>invitis</span> <span class='ocrx_word' id='word_1_384' title='bbox 1106 4004 1477 4086; x_wconf 90' lang='lat' dir='ltr'>parentibus</span> <span class='ocrx_word' id='word_1_385' title='bbox 1536 4004 1959 4084; x_wconf 84' lang='lat' dir='ltr'>baptizentur,</span> <span class='ocrx_word' id='word_1_386' title='bbox 2019 4004 2323 4085; x_wconf 92' lang='lat' dir='ltr'>quoniam</span> 
     </span>
     <span class='ocr_line' id='line_1_56' title="bbox 828 4101 2326 4184; baseline -0.001 -19"><span class='ocrx_word' id='word_1_387' title='bbox 828 4102 1126 4184; x_wconf 88' lang='lat' dir='ltr'>baptizati</span> <span class='ocrx_word' id='word_1_388' title='bbox 1175 4110 1284 4165; x_wconf 90' lang='lat' dir='ltr'>aut</span> <span class='ocrx_word' id='word_1_389' title='bbox 1334 4102 1821 4166; x_wconf 89' lang='lat' dir='ltr'>restituerentur</span> <span class='ocrx_word' id='word_1_390' title='bbox 1868 4101 2000 4164; x_wconf 92' lang='lat' dir='ltr'>suis</span> <span class='ocrx_word' id='word_1_391' title='bbox 2050 4103 2326 4183; x_wconf 89' lang='lat' dir='ltr'>parenti-</span> 
     </span>
    </p>
   </div>
   <div class='ocr_carea' id='block_1_14' title="bbox 2433 3115 3944 4183">
    <p class='ocr_par' dir='ltr' id='par_1_18' title="bbox 2433 3115 3944 4183">
     <span class='ocr_line' id='line_1_57' title="bbox 2435 3115 3940 3199; baseline 0.001 -21"><span class='ocrx_word' id='word_1_392' title='bbox 2435 3115 2590 3179; x_wconf 88' lang='lat' dir='ltr'>tales</span> <span class='ocrx_word' id='word_1_393' title='bbox 2640 3116 2958 3198; x_wconf 90' lang='lat' dir='ltr'>baptizare</span> <span class='ocrx_word' id='word_1_394' title='bbox 3002 3116 3218 3180; x_wconf 90' lang='lat' dir='ltr'>invitis</span> <span class='ocrx_word' id='word_1_395' title='bbox 3262 3116 3672 3199; x_wconf 84' lang='lat' dir='ltr'>parentibus3</span> <span class='ocrx_word' id='word_1_396' title='bbox 3715 3122 3940 3179; x_wconf 88' lang='lat' dir='ltr'>tamen</span> 
     </span>
     <span class='ocr_line' id='line_1_58' title="bbox 2435 3214 3941 3298; baseline 0.001 -21"><span class='ocrx_word' id='word_1_397' title='bbox 2435 3214 2488 3277; x_wconf 92' lang='lat' dir='ltr'>si</span> <span class='ocrx_word' id='word_1_398' title='bbox 2548 3214 2683 3289; x_wconf 91' lang='lat' dir='ltr'>fiat,</span> <span class='ocrx_word' id='word_1_399' title='bbox 2739 3233 2887 3278; x_wconf 92' lang='lat' dir='ltr'>vere</span> <span class='ocrx_word' id='word_1_400' title='bbox 2943 3223 3092 3278; x_wconf 89' lang='lat' dir='ltr'>sunt</span> <span class='ocrx_word' id='word_1_401' title='bbox 3147 3215 3468 3298; x_wconf 88' lang='lat' dir='ltr'>baptizati,</span> <span class='ocrx_word' id='word_1_402' title='bbox 3519 3216 3941 3298; x_wconf 87' lang='lat' dir='ltr'>quemadmo-</span> 
     </span>
     <span class='ocr_line' id='line_1_59' title="bbox 2435 3313 3941 3396; baseline 0.001 -22"><span class='ocrx_word' id='word_1_403' title='bbox 2435 3313 2588 3375; x_wconf 92' lang='lat' dir='ltr'>dum</span> <span class='ocrx_word' id='word_1_404' title='bbox 2636 3313 2826 3376; x_wconf 90' lang='lat' dir='ltr'>etiam</span> <span class='ocrx_word' id='word_1_405' title='bbox 2887 3314 2939 3376; x_wconf 90' lang='lat' dir='ltr'>si</span> <span class='ocrx_word' id='word_1_406' title='bbox 2987 3313 3112 3376; x_wconf 89' lang='lat' dir='ltr'>filii</span> <span class='ocrx_word' id='word_1_407' title='bbox 3161 3313 3652 3377; x_wconf 88' lang='lat' dir='ltr'>christianorum</span> <span class='ocrx_word' id='word_1_408' title='bbox 3706 3333 3941 3396; x_wconf 86' lang='lat' dir='ltr'>paren—</span> 
     </span>
     <span class='ocr_line' id='line_1_60' title="bbox 2436 3411 3938 3494; baseline 0.001 -22"><span class='ocrx_word' id='word_1_409' title='bbox 2436 3417 2594 3484; x_wconf 93' lang='lat' dir='ltr'>tum,</span> <span class='ocrx_word' id='word_1_410' title='bbox 2639 3411 2856 3473; x_wconf 89' lang='lat' dir='ltr'>invitis</span> <span class='ocrx_word' id='word_1_411' title='bbox 2895 3411 3051 3493; x_wconf 90' lang='lat' dir='ltr'>ipsis</span> <span class='ocrx_word' id='word_1_412' title='bbox 3094 3412 3464 3493; x_wconf 88' lang='lat' dir='ltr'>parentibus</span> <span class='ocrx_word' id='word_1_413' title='bbox 3507 3412 3938 3494; x_wconf 85' lang='lat' dir='ltr'>baptizentur,</span> 
     </span>
     <span class='ocr_line' id='line_1_61' title="bbox 2436 3508 3942 3592; baseline 0.001 -22"><span class='ocrx_word' id='word_1_414' title='bbox 2436 3508 2736 3591; x_wconf 85' lang='lat' dir='ltr'>baptizati</span> <span class='ocrx_word' id='word_1_415' title='bbox 2765 3529 2914 3572; x_wconf 90' lang='lat' dir='ltr'>vere</span> <span class='ocrx_word' id='word_1_416' title='bbox 2947 3519 3111 3573; x_wconf 92' lang='lat' dir='ltr'>sunt.</span> <span class='ocrx_word' id='word_1_417' title='bbox 3145 3547 3227 3556; x_wconf 92' lang='lat'><strong>—</strong></span> <span class='ocrx_word' id='word_1_418' title='bbox 3255 3511 3398 3574; x_wconf 83' lang='lat' dir='ltr'>Haec</span> <span class='ocrx_word' id='word_1_419' title='bbox 3432 3511 3786 3585; x_wconf 79' lang='lat' dir='ltr'>DuranduS,</span> <span class='ocrx_word' id='word_1_420' title='bbox 3819 3511 3942 3592; x_wconf 87' lang='lat' dir='ltr'>qui</span> 
     </span>
     <span class='ocr_line' id='line_1_62' title="bbox 2437 3607 3944 3691; baseline 0.002 -23"><span class='ocrx_word' id='word_1_421' title='bbox 2437 3625 2504 3669; x_wconf 92' lang='lat' dir='ltr'>se</span> <span class='ocrx_word' id='word_1_422' title='bbox 2553 3607 2788 3671; x_wconf 89' lang='lat' dir='ltr'>fatetur</span> <span class='ocrx_word' id='word_1_423' title='bbox 2836 3609 3131 3673; x_wconf 82' lang='lat' dir='ltr'>secundae</span> <span class='ocrx_word' id='word_1_424' title='bbox 3178 3609 3463 3691; x_wconf 90' lang='lat' dir='ltr'>opinioni</span> <span class='ocrx_word' id='word_1_425' title='bbox 3525 3609 3737 3691; x_wconf 90' lang='lat' dir='ltr'>potius</span> <span class='ocrx_word' id='word_1_426' title='bbox 3785 3627 3944 3672; x_wconf 84' lang='lat' dir='ltr'>eon·</span> 
     </span>
     <span class='ocr_line' id='line_1_63' title="bbox 2435 3705 3944 3790; baseline 0.002 -22"><span class='ocrx_word' id='word_1_427' title='bbox 2435 3705 2692 3779; x_wconf 86' lang='lat' dir='ltr'>sentire,</span> <span class='ocrx_word' id='word_1_428' title='bbox 2734 3715 3043 3788; x_wconf 87' lang='lat' dir='ltr'>quantum</span> <span class='ocrx_word' id='word_1_429' title='bbox 3092 3709 3171 3770; x_wconf 94' lang='lat' dir='ltr'>ad</span> <span class='ocrx_word' id='word_1_430' title='bbox 3220 3707 3281 3770; x_wconf 87' lang='lat' dir='ltr'>id</span> <span class='ocrx_word' id='word_1_431' title='bbox 3333 3708 3500 3790; x_wconf 91' lang='lat' dir='ltr'>quod</span> <span class='ocrx_word' id='word_1_432' title='bbox 3549 3707 3706 3769; x_wconf 90' lang='lat' dir='ltr'>dicit</span> <span class='ocrx_word' id='word_1_433' title='bbox 3747 3707 3944 3770; x_wconf 85' lang='lat' dir='ltr'>illici·</span> 
     </span>
     <span class='ocr_line' id='line_1_64' title="bbox 2435 3805 3944 3888; baseline 0.003 -23"><span class='ocrx_word' id='word_1_434' title='bbox 2435 3811 2571 3866; x_wconf 89' lang='lat' dir='ltr'>tum</span> <span class='ocrx_word' id='word_1_435' title='bbox 2606 3822 2744 3866; x_wconf 91' lang='lat' dir='ltr'>esse</span> <span class='ocrx_word' id='word_1_436' title='bbox 2781 3822 3010 3887; x_wconf 91' lang='lat' dir='ltr'>pueros</span> <span class='ocrx_word' id='word_1_437' title='bbox 3053 3805 3195 3868; x_wconf 93' lang='lat' dir='ltr'>illos</span> <span class='ocrx_word' id='word_1_438' title='bbox 3237 3805 3538 3888; x_wconf 89' lang='lat' dir='ltr'>baptizari</span> <span class='ocrx_word' id='word_1_439' title='bbox 3579 3815 3797 3869; x_wconf 83' lang='lat' dir='ltr'>contra</span> <span class='ocrx_word' id='word_1_440' title='bbox 3827 3824 3944 3869; x_wconf 79' lang='lat' dir='ltr'>vo·</span> 
     </span>
     <span class='ocr_line' id='line_1_65' title="bbox 2435 3902 3942 3984; baseline 0.003 -22"><span class='ocrx_word' id='word_1_441' title='bbox 2435 3902 2744 3964; x_wconf 90' lang='lat' dir='ltr'>luntatem</span> <span class='ocrx_word' id='word_1_442' title='bbox 2787 3911 3164 3984; x_wconf 83' lang='lat' dir='ltr'>parentum3</span> <span class='ocrx_word' id='word_1_443' title='bbox 3203 3911 3481 3966; x_wconf 82' lang='lat' dir='ltr'>attamen</span> <span class='ocrx_word' id='word_1_444' title='bbox 3528 3904 3822 3966; x_wconf 89' lang='lat' dir='ltr'>dubitare</span> <span class='ocrx_word' id='word_1_445' title='bbox 3871 3925 3942 3968; x_wconf 92' lang='lat' dir='ltr'>se</span> 
     </span>
     <span class='ocr_line' id='line_1_66' title="bbox 2436 4000 3944 4083; baseline 0.003 -21"><span class='ocrx_word' id='word_1_446' title='bbox 2436 4000 2730 4082; x_wconf 87' lang='lat' dir='ltr'>perhibet</span> <span class='ocrx_word' id='word_1_447' title='bbox 2771 4002 2848 4064; x_wconf 93' lang='lat' dir='ltr'>de</span> <span class='ocrx_word' id='word_1_448' title='bbox 2887 4001 3028 4076; x_wconf 90' lang='lat' dir='ltr'>hoc,</span> <span class='ocrx_word' id='word_1_449' title='bbox 3061 4021 3142 4065; x_wconf 90' lang='lat' dir='ltr'>an</span> <span class='ocrx_word' id='word_1_450' title='bbox 3183 4003 3366 4083; x_wconf 91' lang='lat' dir='ltr'>pueri</span> <span class='ocrx_word' id='word_1_451' title='bbox 3410 4002 3503 4064; x_wconf 93' lang='lat' dir='ltr'>illi</span> <span class='ocrx_word' id='word_1_452' title='bbox 3543 4001 3608 4065; x_wconf 93' lang='lat' dir='ltr'>in</span> <span class='ocrx_word' id='word_1_453' title='bbox 3638 4022 3786 4066; x_wconf 87' lang='lat' dir='ltr'>casu</span> <span class='ocrx_word' id='word_1_454' title='bbox 3819 4003 3944 4067; x_wconf 88' lang='lat' dir='ltr'>illo</span> 
     </span>
     <span class='ocr_line' id='line_1_67' title="bbox 2433 4101 3938 4183; baseline 0.003 -21"><span class='ocrx_word' id='word_1_455' title='bbox 2433 4101 2745 4164; x_wconf 89' lang='lat' dir='ltr'>veraciter</span> <span class='ocrx_word' id='word_1_456' title='bbox 2784 4101 3201 4183; x_wconf 87' lang='lat' dir='ltr'>baptizentur.</span> <span class='ocrx_word' id='word_1_457' title='bbox 3235 4103 3540 4176; x_wconf 88' lang='lat' dir='ltr'>Quocirca</span> <span class='ocrx_word' id='word_1_458' title='bbox 3571 4103 3938 4176; x_wconf 90' lang='lat' dir='ltr'>sciendum,</span> 
     </span>
    </p>
   </div>
   <div class='ocr_carea' id='block_1_15' title="bbox 828 4199 3941 4284">
    <p class='ocr_par' dir='ltr' id='par_1_19' title="bbox 828 4199 3941 4284">
     <span class='ocr_line' id='line_1_68' title="bbox 828 4199 3941 4284; baseline 0 -21"><span class='ocrx_word' id='word_1_459' title='bbox 828 4201 970 4274; x_wconf 78' lang='lat' dir='ltr'>buS,</span> <span class='ocrx_word' id='word_1_460' title='bbox 1013 4208 1077 4263; x_wconf 91' lang='lat' dir='ltr'>et</span> <span class='ocrx_word' id='word_1_461' title='bbox 1124 4201 1215 4264; x_wconf 88' lang='lat' dir='ltr'>sic</span> <span class='ocrx_word' id='word_1_462' title='bbox 1264 4208 1551 4283; x_wconf 90' lang='lat' dir='ltr'>tempore</span> <span class='ocrx_word' id='word_1_463' title='bbox 1590 4218 1707 4263; x_wconf 89' lang='lat' dir='ltr'>suo</span> <span class='ocrx_word' id='word_1_464' title='bbox 1744 4207 2104 4263; x_wconf 86' lang='lat' dir='ltr'>averterent</span> <span class='ocrx_word' id='word_1_465' title='bbox 2141 4218 2248 4263; x_wconf 91' lang='lat' dir='ltr'>eos</span> <span class='ocrx_word' id='word_1_466' title='bbox 2288 4219 2324 4262; x_wconf 92' lang='lat' dir='ltr'>a</span> <span class='ocrx_word' id='word_1_467' title='bbox 2354 4203 2406 4267; x_wconf 89' lang='lat' dir='ltr'>D</span> <span class='ocrx_word' id='word_1_468' title='bbox 2435 4199 2605 4280; x_wconf 88' lang='lat' dir='ltr'>quod</span> <span class='ocrx_word' id='word_1_469' title='bbox 2635 4200 2914 4262; x_wconf 89' lang='lat' dir='ltr'>secunda</span> <span class='ocrx_word' id='word_1_470' title='bbox 2955 4200 3065 4262; x_wconf 90' lang='lat' dir='ltr'>illa</span> <span class='ocrx_word' id='word_1_471' title='bbox 3101 4200 3320 4282; x_wconf 89' lang='lat' dir='ltr'>opinio</span> <span class='ocrx_word' id='word_1_472' title='bbox 3357 4209 3455 4263; x_wconf 89' lang='lat' dir='ltr'>est</span> <span class='ocrx_word' id='word_1_473' title='bbox 3491 4219 3684 4283; x_wconf 88' lang='lat' dir='ltr'>quam</span> <span class='ocrx_word' id='word_1_474' title='bbox 3723 4203 3941 4284; x_wconf 88' lang='lat' dir='ltr'>sequi-</span> 
     </span>
    </p>
   </div>
   <div class='ocr_carea' id='block_1_16' title="bbox 823 4297 2326 5072">
    <p class='ocr_par' dir='ltr' id='par_1_20' title="bbox 823 4297 2326 5072">
     <span class='ocr_line' id='line_1_69' title="bbox 826 4297 2326 4378; baseline -0.001 -17"><span class='ocrx_word' id='word_1_475' title='bbox 826 4299 981 4372; x_wconf 89' lang='lat' dir='ltr'>fide,</span> <span class='ocrx_word' id='word_1_476' title='bbox 1028 4306 1138 4360; x_wconf 88' lang='lat' dir='ltr'>aut</span> <span class='ocrx_word' id='word_1_477' title='bbox 1187 4298 1351 4361; x_wconf 91' lang='lat' dir='ltr'>male</span> <span class='ocrx_word' id='word_1_478' title='bbox 1396 4305 1779 4378; x_wconf 88' lang='lat' dir='ltr'>tractarent;</span> <span class='ocrx_word' id='word_1_479' title='bbox 1825 4297 1927 4360; x_wconf 89' lang='lat' dir='ltr'>vel</span> <span class='ocrx_word' id='word_1_480' title='bbox 1976 4316 2103 4360; x_wconf 92' lang='lat' dir='ltr'>non</span> <span class='ocrx_word' id='word_1_481' title='bbox 2149 4298 2326 4361; x_wconf 90' lang='lat' dir='ltr'>resti-</span> 
     </span>
     <span class='ocr_line' id='line_1_70' title="bbox 824 4395 2326 4478; baseline 0.001 -20"><span class='ocrx_word' id='word_1_482' title='bbox 824 4404 1161 4459; x_wconf 90' lang='lat' dir='ltr'>tuerentur</span> <span class='ocrx_word' id='word_1_483' title='bbox 1198 4395 1592 4478; x_wconf 80' lang='lat' dir='ltr'>parentibuS,</span> <span class='ocrx_word' id='word_1_484' title='bbox 1634 4403 1698 4458; x_wconf 91' lang='lat' dir='ltr'>et</span> <span class='ocrx_word' id='word_1_485' title='bbox 1736 4395 1827 4458; x_wconf 91' lang='lat' dir='ltr'>sic</span> <span class='ocrx_word' id='word_1_486' title='bbox 1866 4404 2034 4459; x_wconf 89' lang='lat' dir='ltr'>esset</span> <span class='ocrx_word' id='word_1_487' title='bbox 2079 4396 2326 4478; x_wconf 89' lang='lat' dir='ltr'>pericu-</span> 
     </span>
     <span class='ocr_line' id='line_1_71' title="bbox 828 4494 2324 4578; baseline 0.001 -21"><span class='ocrx_word' id='word_1_488' title='bbox 828 4496 961 4558; x_wconf 91' lang='lat' dir='ltr'>lum</span> <span class='ocrx_word' id='word_1_489' title='bbox 1006 4495 1174 4578; x_wconf 91' lang='lat' dir='ltr'>quod</span> <span class='ocrx_word' id='word_1_490' title='bbox 1220 4494 1659 4558; x_wconf 88' lang='lat' dir='ltr'>interficerent</span> <span class='ocrx_word' id='word_1_491' title='bbox 1694 4495 1991 4577; x_wconf 87' lang='lat' dir='ltr'>parvulos</span> <span class='ocrx_word' id='word_1_492' title='bbox 2036 4513 2205 4571; x_wconf 81' lang='lat' dir='ltr'>suoS,</span> <span class='ocrx_word' id='word_1_493' title='bbox 2243 4514 2324 4558; x_wconf 92' lang='lat' dir='ltr'>ne</span> 
     </span>
     <span class='ocr_line' id='line_1_72' title="bbox 824 4593 2325 4657; baseline -0.001 0"><span class='ocrx_word' id='word_1_494' title='bbox 824 4594 1062 4657; x_wconf 86' lang='lat' dir='ltr'>fierent</span> <span class='ocrx_word' id='word_1_495' title='bbox 1107 4593 1456 4656; x_wconf 87' lang='lat' dir='ltr'>christiani.</span> <span class='ocrx_word' id='word_1_496' title='bbox 1508 4594 1959 4656; x_wconf 90' lang='lat' dir='ltr'>Verumtamen</span> <span class='ocrx_word' id='word_1_497' title='bbox 2018 4593 2127 4656; x_wconf 90' lang='lat' dir='ltr'>alii</span> <span class='ocrx_word' id='word_1_498' title='bbox 2176 4602 2325 4655; x_wconf 90' lang='lat' dir='ltr'>sunt</span> 
     </span>
     <span class='ocr_line' id='line_1_73' title="bbox 825 4692 2325 4776; baseline 0 -21"><span class='ocrx_word' id='word_1_499' title='bbox 825 4693 935 4776; x_wconf 88' lang='lat' dir='ltr'>qui</span> <span class='ocrx_word' id='word_1_500' title='bbox 976 4693 1219 4768; x_wconf 90' lang='lat' dir='ltr'>dicunt,</span> <span class='ocrx_word' id='word_1_501' title='bbox 1253 4692 1422 4775; x_wconf 92' lang='lat' dir='ltr'>quod</span> <span class='ocrx_word' id='word_1_502' title='bbox 1466 4692 1519 4754; x_wconf 90' lang='lat' dir='ltr'>si</span> <span class='ocrx_word' id='word_1_503' title='bbox 1566 4698 1733 4754; x_wconf 89' lang='lat' dir='ltr'>esset</span> <span class='ocrx_word' id='word_1_504' title='bbox 1776 4692 2170 4754; x_wconf 90' lang='lat' dir='ltr'>consuetudo</span> <span class='ocrx_word' id='word_1_505' title='bbox 2215 4693 2325 4755; x_wconf 90' lang='lat' dir='ltr'>Ec-</span> 
     </span>
     <span class='ocr_line' id='line_1_74' title="bbox 824 4788 2324 4873; baseline -0.001 -19"><span class='ocrx_word' id='word_1_506' title='bbox 824 4791 1051 4865; x_wconf 81' lang='lat' dir='ltr'>clesiae,</span> <span class='ocrx_word' id='word_1_507' title='bbox 1071 4791 1240 4873; x_wconf 88' lang='lat' dir='ltr'>quod</span> <span class='ocrx_word' id='word_1_508' title='bbox 1272 4790 1522 4872; x_wconf 89' lang='lat' dir='ltr'>parvuli</span> <span class='ocrx_word' id='word_1_509' title='bbox 1555 4789 1651 4851; x_wconf 90' lang='lat' dir='ltr'>illi</span> <span class='ocrx_word' id='word_1_510' title='bbox 1681 4788 1977 4871; x_wconf 88' lang='lat' dir='ltr'>baptizati</span> <span class='ocrx_word' id='word_1_511' title='bbox 2010 4789 2324 4853; x_wconf 89' lang='lat' dir='ltr'>nutriren-</span> 
     </span>
     <span class='ocr_line' id='line_1_75' title="bbox 823 4888 2320 4962; baseline 0 -9"><span class='ocrx_word' id='word_1_512' title='bbox 823 4899 929 4953; x_wconf 91' lang='lat' dir='ltr'>tur</span> <span class='ocrx_word' id='word_1_513' title='bbox 969 4891 1047 4953; x_wconf 92' lang='lat' dir='ltr'>de</span> <span class='ocrx_word' id='word_1_514' title='bbox 1087 4889 1495 4952; x_wconf 87' lang='lat' dir='ltr'>facultatibus</span> <span class='ocrx_word' id='word_1_515' title='bbox 1526 4888 1846 4962; x_wconf 82' lang='lat' dir='ltr'>Ecclesiae‚</span> <span class='ocrx_word' id='word_1_516' title='bbox 1880 4907 2000 4951; x_wconf 92' lang='lat' dir='ltr'>nec</span> <span class='ocrx_word' id='word_1_517' title='bbox 2030 4889 2320 4953; x_wconf 90' lang='lat' dir='ltr'>restitue-</span> 
     </span>
     <span class='ocr_line' id='line_1_76' title="bbox 824 4987 2318 5072; baseline 0.001 -20"><span class='ocrx_word' id='word_1_518' title='bbox 824 4997 1045 5052; x_wconf 89' lang='lat' dir='ltr'>rentur</span> <span class='ocrx_word' id='word_1_519' title='bbox 1088 4987 1478 5072; x_wconf 74' lang='lat' dir='ltr'>parentibuS,</span> <span class='ocrx_word' id='word_1_520' title='bbox 1522 4995 1674 5049; x_wconf 88' lang='lat' dir='ltr'>tunc</span> <span class='ocrx_word' id='word_1_521' title='bbox 1724 4987 1963 5051; x_wconf 88' lang='lat' dir='ltr'>bonum</span> <span class='ocrx_word' id='word_1_522' title='bbox 2002 4998 2170 5052; x_wconf 91' lang='lat' dir='ltr'>esset</span> <span class='ocrx_word' id='word_1_523' title='bbox 2210 5007 2318 5053; x_wconf 91' lang='lat' dir='ltr'>eos</span> 
     </span>
    </p>
   </div>
   <div class='ocr_carea' id='block_1_17' title="bbox 2429 4298 3941 5071">
    <p class='ocr_par' dir='ltr' id='par_1_21' title="bbox 2429 4298 3941 5071">
     <span class='ocr_line' id='line_1_77' title="bbox 2434 4298 3940 4381; baseline 0.005 -25"><span class='ocrx_word' id='word_1_524' title='bbox 2434 4303 2538 4357; x_wconf 90' lang='lat' dir='ltr'>tur</span> <span class='ocrx_word' id='word_1_525' title='bbox 2585 4298 2877 4372; x_wconf 77' lang='lat' dir='ltr'>ThomaS,</span> <span class='ocrx_word' id='word_1_526' title='bbox 2925 4306 3232 4380; x_wconf 90' lang='lat' dir='ltr'>quantum</span> <span class='ocrx_word' id='word_1_527' title='bbox 3281 4298 3360 4362; x_wconf 94' lang='lat' dir='ltr'>ad</span> <span class='ocrx_word' id='word_1_528' title='bbox 3408 4299 3529 4363; x_wconf 86' lang='lat' dir='ltr'>hoc</span> <span class='ocrx_word' id='word_1_529' title='bbox 3577 4299 3642 4361; x_wconf 91' lang='lat' dir='ltr'>in</span> <span class='ocrx_word' id='word_1_530' title='bbox 3693 4316 3820 4381; x_wconf 87' lang='lat' dir='ltr'>quo</span> <span class='ocrx_word' id='word_1_531' title='bbox 3872 4308 3940 4363; x_wconf 91' lang='lat' dir='ltr'>et</span> 
     </span>
     <span class='ocr_line' id='line_1_78' title="bbox 2436 4395 3941 4481; baseline 0.003 -24"><span class='ocrx_word' id='word_1_532' title='bbox 2436 4395 2768 4460; x_wconf 89' lang='lat' dir='ltr'>Durandus</span> <span class='ocrx_word' id='word_1_533' title='bbox 2809 4399 3166 4461; x_wconf 90' lang='lat' dir='ltr'>concordat.</span> <span class='ocrx_word' id='word_1_534' title='bbox 3202 4398 3322 4461; x_wconf 86' lang='lat' dir='ltr'>Sed</span> <span class='ocrx_word' id='word_1_535' title='bbox 3363 4415 3489 4461; x_wconf 90' lang='lat' dir='ltr'>non</span> <span class='ocrx_word' id='word_1_536' title='bbox 3531 4405 3685 4481; x_wconf 88' lang='lat' dir='ltr'>puto</span> <span class='ocrx_word' id='word_1_537' title='bbox 3730 4399 3791 4461; x_wconf 91' lang='lat' dir='ltr'>id</span> <span class='ocrx_word' id='word_1_538' title='bbox 3839 4399 3941 4462; x_wconf 87' lang='lat' dir='ltr'>fu-</span> 
     </span>
     <span class='ocr_line' id='line_1_79' title="bbox 2436 4494 3938 4580; baseline 0.005 -25"><span class='ocrx_word' id='word_1_539' title='bbox 2436 4494 2560 4557; x_wconf 90' lang='lat' dir='ltr'>isse</span> <span class='ocrx_word' id='word_1_540' title='bbox 2607 4495 2685 4558; x_wconf 92' lang='lat' dir='ltr'>de</span> <span class='ocrx_word' id='word_1_541' title='bbox 2735 4503 2950 4558; x_wconf 87' lang='lat' dir='ltr'>mente</span> <span class='ocrx_word' id='word_1_542' title='bbox 3007 4497 3072 4559; x_wconf 93' lang='lat' dir='ltr'>B.</span> <span class='ocrx_word' id='word_1_543' title='bbox 3125 4497 3400 4572; x_wconf 84' lang='lat' dir='ltr'>Thomae,</span> <span class='ocrx_word' id='word_1_544' title='bbox 3453 4498 3622 4579; x_wconf 89' lang='lat' dir='ltr'>quod</span> <span class='ocrx_word' id='word_1_545' title='bbox 3681 4499 3938 4580; x_wconf 79' lang='lat' dir='ltr'>parvuli</span> 
     </span>
     <span class='ocr_line' id='line_1_80' title="bbox 2433 4592 3933 4677; baseline 0.003 -23"><span class='ocrx_word' id='word_1_546' title='bbox 2433 4592 2590 4655; x_wconf 88' lang='lat' dir='ltr'>tales</span> <span class='ocrx_word' id='word_1_547' title='bbox 2623 4610 2747 4655; x_wconf 93' lang='lat' dir='ltr'>non</span> <span class='ocrx_word' id='word_1_548' title='bbox 2780 4593 3183 4675; x_wconf 89' lang='lat' dir='ltr'>baptizentur</span> <span class='ocrx_word' id='word_1_549' title='bbox 3222 4595 3287 4655; x_wconf 92' lang='lat' dir='ltr'>in</span> <span class='ocrx_word' id='word_1_550' title='bbox 3328 4613 3479 4657; x_wconf 90' lang='lat' dir='ltr'>casu</span> <span class='ocrx_word' id='word_1_551' title='bbox 3508 4595 3880 4677; x_wconf 87' lang='lat' dir='ltr'>hujusmodi</span> <span class='ocrx_word' id='word_1_552' title='bbox 3918 4615 3933 4659; x_wconf 91' lang='lat'>:</span> 
     </span>
     <span class='ocr_line' id='line_1_81' title="bbox 2437 4693 3934 4770; baseline 0.002 -16"><span class='ocrx_word' id='word_1_553' title='bbox 2437 4693 2566 4754; x_wconf 91' lang='lat' dir='ltr'>imo</span> <span class='ocrx_word' id='word_1_554' title='bbox 2595 4693 2846 4755; x_wconf 89' lang='lat' dir='ltr'>videtur</span> <span class='ocrx_word' id='word_1_555' title='bbox 2877 4694 3153 4757; x_wconf 90' lang='lat' dir='ltr'>sensisse</span> <span class='ocrx_word' id='word_1_556' title='bbox 3191 4693 3602 4769; x_wconf 87' lang='lat' dir='ltr'>contrarium,</span> <span class='ocrx_word' id='word_1_557' title='bbox 3636 4695 3934 4770; x_wconf 84' lang='lat' dir='ltr'>dicendo,</span> 
     </span>
     <span class='ocr_line' id='line_1_82' title="bbox 2432 4791 3935 4874; baseline 0.005 -24"><span class='ocrx_word' id='word_1_558' title='bbox 2432 4791 2600 4873; x_wconf 91' lang='lat' dir='ltr'>quod</span> <span class='ocrx_word' id='word_1_559' title='bbox 2651 4791 3084 4872; x_wconf 86' lang='lat' dir='ltr'>periculosum</span> <span class='ocrx_word' id='word_1_560' title='bbox 3139 4799 3306 4854; x_wconf 89' lang='lat' dir='ltr'>esset</span> <span class='ocrx_word' id='word_1_561' title='bbox 3356 4810 3586 4874; x_wconf 90' lang='lat' dir='ltr'>pueros</span> <span class='ocrx_word' id='word_1_562' title='bbox 3644 4792 3788 4856; x_wconf 90' lang='lat' dir='ltr'>illos</span> <span class='ocrx_word' id='word_1_563' title='bbox 3835 4794 3935 4856; x_wconf 88' lang='lat' dir='ltr'>sic</span> 
     </span>
     <span class='ocr_line' id='line_1_83' title="bbox 2431 4891 3932 4975; baseline 0.003 -22"><span class='ocrx_word' id='word_1_564' title='bbox 2431 4891 2772 4972; x_wconf 86' lang='lat' dir='ltr'>baptizare,</span> <span class='ocrx_word' id='word_1_565' title='bbox 2807 4897 3069 4972; x_wconf 87' lang='lat' dir='ltr'>propter</span> <span class='ocrx_word' id='word_1_566' title='bbox 3097 4891 3454 4973; x_wconf 91' lang='lat' dir='ltr'>periculum</span> <span class='ocrx_word' id='word_1_567' title='bbox 3495 4892 3673 4966; x_wconf 92' lang='lat' dir='ltr'>fidei,</span> <span class='ocrx_word' id='word_1_568' title='bbox 3707 4902 3932 4975; x_wconf 87' lang='lat' dir='ltr'>utpote</span> 
     </span>
     <span class='ocr_line' id='line_1_84' title="bbox 2429 4988 3929 5071; baseline 0.004 -21"><span class='ocrx_word' id='word_1_569' title='bbox 2429 4990 2729 5071; x_wconf 89' lang='lat' dir='ltr'>quoniam</span> <span class='ocrx_word' id='word_1_570' title='bbox 2781 4989 2963 5071; x_wconf 90' lang='lat' dir='ltr'>pueri</span> <span class='ocrx_word' id='word_1_571' title='bbox 3017 4988 3109 5051; x_wconf 92' lang='lat' dir='ltr'>sic</span> <span class='ocrx_word' id='word_1_572' title='bbox 3159 4988 3478 5071; x_wconf 86' lang='lat' dir='ltr'>baptizati,</span> <span class='ocrx_word' id='word_1_573' title='bbox 3525 4989 3699 5053; x_wconf 87' lang='lat' dir='ltr'>facili</span> <span class='ocrx_word' id='word_1_574' title='bbox 3747 5009 3929 5056; x_wconf 85' lang='lat' dir='ltr'>occa-</span> 
     </span>
    </p>
   </div>
   <div class='ocr_carea' id='block_1_18' title="bbox 822 5087 3927 5171">
    <p class='ocr_par' dir='ltr' id='par_1_22' title="bbox 822 5087 3927 5171">
     <span class='ocr_line' id='line_1_85' title="bbox 822 5087 3927 5171; baseline 0.001 -19"><span class='ocrx_word' id='word_1_575' title='bbox 822 5088 1042 5152; x_wconf 89' lang='lat' dir='ltr'>invitis</span> <span class='ocrx_word' id='word_1_576' title='bbox 1083 5087 1455 5170; x_wconf 87' lang='lat' dir='ltr'>parentibus</span> <span class='ocrx_word' id='word_1_577' title='bbox 1487 5087 1831 5170; x_wconf 90' lang='lat' dir='ltr'>baptizare,</span> <span class='ocrx_word' id='word_1_578' title='bbox 1862 5107 1935 5150; x_wconf 91' lang='lat' dir='ltr'>ac</span> <span class='ocrx_word' id='word_1_579' title='bbox 1966 5088 2316 5171; x_wconf 88' lang='lat' dir='ltr'>baptizatos</span> <span class='ocrx_word' id='word_1_580' title='bbox 2426 5089 2604 5152; x_wconf 90' lang='lat' dir='ltr'>sione</span> <span class='ocrx_word' id='word_1_581' title='bbox 2654 5089 2866 5151; x_wconf 87' lang='lat' dir='ltr'>forsan</span> <span class='ocrx_word' id='word_1_582' title='bbox 2915 5088 3300 5163; x_wconf 89' lang='lat' dir='ltr'>desererent,</span> <span class='ocrx_word' id='word_1_583' title='bbox 3354 5089 3721 5153; x_wconf 89' lang='lat' dir='ltr'>inductione</span> <span class='ocrx_word' id='word_1_584' title='bbox 3779 5111 3927 5155; x_wconf 89' lang='lat' dir='ltr'>suo-</span> 
     </span>
    </p>
   </div>
   <div class='ocr_carea' id='block_1_19' title="bbox 818 5186 2318 5351">
    <p class='ocr_par' dir='ltr' id='par_1_23' title="bbox 818 5186 2318 5351">
     <span class='ocr_line' id='line_1_86' title="bbox 820 5186 2318 5270; baseline -0.001 -19"><span class='ocrx_word' id='word_1_585' title='bbox 820 5205 1122 5270; x_wconf 90' lang='lat' dir='ltr'>supremo</span> <span class='ocrx_word' id='word_1_586' title='bbox 1147 5186 1415 5249; x_wconf 89' lang='lat' dir='ltr'>Domino</span> <span class='ocrx_word' id='word_1_587' title='bbox 1441 5205 1810 5250; x_wconf 87' lang='lat' dir='ltr'>consecrare</span> <span class='ocrx_word' id='word_1_588' title='bbox 1824 5205 1841 5268; x_wconf 92' lang='lat'>;</span> <span class='ocrx_word' id='word_1_589' title='bbox 1866 5188 1970 5249; x_wconf 87' lang='lat' dir='ltr'>sed</span> <span class='ocrx_word' id='word_1_590' title='bbox 1998 5194 2318 5252; x_wconf 88' lang='lat' dir='ltr'>consuetu-</span> 
     </span>
     <span class='ocr_line' id='line_1_87' title="bbox 818 5285 2308 5351; baseline -0.001 0"><span class='ocrx_word' id='word_1_591' title='bbox 818 5289 898 5351; x_wconf 91' lang='lat' dir='ltr'>do</span> <span class='ocrx_word' id='word_1_592' title='bbox 930 5285 1227 5351; x_wconf 84' lang='lat' dir='ltr'>Ecclesiae</span> <span class='ocrx_word' id='word_1_593' title='bbox 1258 5304 1385 5349; x_wconf 91' lang='lat' dir='ltr'>non</span> <span class='ocrx_word' id='word_1_594' title='bbox 1423 5294 1519 5349; x_wconf 88' lang='lat' dir='ltr'>est</span> <span class='ocrx_word' id='word_1_595' title='bbox 1557 5285 1720 5349; x_wconf 88' lang='lat' dir='ltr'>talis.</span> <span class='ocrx_word' id='word_1_596' title='bbox 1744 5287 1901 5350; x_wconf 82' lang='lat' dir='ltr'>Haec</span> <span class='ocrx_word' id='word_1_597' title='bbox 1940 5286 2308 5350; x_wconf 78' lang='lat' dir='ltr'>RicharduS.</span> 
     </span>
    </p>
   </div>
   <div class='ocr_carea' id='block_1_20' title="bbox 2423 5188 3928 5369">
    <p class='ocr_par' dir='ltr' id='par_1_24' title="bbox 2423 5188 3928 5369">
     <span class='ocr_line' id='line_1_88' title="bbox 2426 5188 3928 5271; baseline 0.003 -21"><span class='ocrx_word' id='word_1_598' title='bbox 2426 5208 2567 5250; x_wconf 91' lang='lat' dir='ltr'>rum</span> <span class='ocrx_word' id='word_1_599' title='bbox 2601 5188 3167 5271; x_wconf 88' lang='lat' dir='ltr'>parentum,fidem</span> <span class='ocrx_word' id='word_1_600' title='bbox 3196 5196 3574 5270; x_wconf 88' lang='lat' dir='ltr'>susceptam.</span> <span class='ocrx_word' id='word_1_601' title='bbox 3589 5188 3658 5251; x_wconf 87' lang='lat' dir='ltr'>In</span> <span class='ocrx_word' id='word_1_602' title='bbox 3689 5190 3928 5271; x_wconf 89' lang='lat' dir='ltr'>quibus</span> 
     </span>
     <span class='ocr_line' id='line_1_89' title="bbox 2423 5285 3926 5369; baseline 0.001 -20"><span class='ocrx_word' id='word_1_603' title='bbox 2423 5286 2636 5349; x_wconf 91' lang='lat' dir='ltr'>verbis</span> <span class='ocrx_word' id='word_1_604' title='bbox 2678 5285 2928 5348; x_wconf 88' lang='lat' dir='ltr'>videtur</span> <span class='ocrx_word' id='word_1_605' title='bbox 2975 5285 3230 5361; x_wconf 87' lang='lat' dir='ltr'>sentire,</span> <span class='ocrx_word' id='word_1_606' title='bbox 3272 5286 3440 5367; x_wconf 88' lang='lat' dir='ltr'>quod</span> <span class='ocrx_word' id='word_1_607' title='bbox 3491 5286 3544 5348; x_wconf 92' lang='lat' dir='ltr'>si</span> <span class='ocrx_word' id='word_1_608' title='bbox 3599 5286 3926 5369; x_wconf 89' lang='lat' dir='ltr'>baptizen-</span> 
     </span>
    </p>
   </div>
  </div>
 </body>
</html>
