4267 6250
3298 357 3313 388 Ι

559 500 713 547 msr.
756 501 823 547 xl
865 499 1116 566 sum3
1156 501 1382 558 cums-r.
1427 503 1446 548 1
1489 502 1504 547 :
1548 502 1750 549 uranu
1791 503 1971 550 ranis
2013 504 2449 556 comam-Arna
2488 507 3055 569 suasi-Aminnea,
3094 509 3221 557 mc.
3320 491 3441 556 277

335 674 618 740 intincta
661 693 798 740 non
845 675 1040 741 dehet
1082 676 1224 740 dari
1269 676 1518 760 populo
1561 695 1682 760 pro
1729 678 2188 761 supplemento
2238 684 2725 747 communionis
2766 703 2781 745 ε
2823 685 2980 766 quia
3027 701 3159 748 non
3204 684 3445 766 legitur

338 793 642 856 Christus
690 793 893 857 alicui
948 793 1429 875 discipulorum
1481 793 1842 876 praebuisse
1895 813 2135 878 panem
2192 799 2568 879 intinctum,
2618 801 2748 865 nisi
2796 802 3009 866 Judae.
3058 801 3230 865 Tum
3286 818 3440 865 vero
3469 822 3738 881 augmen-n-

3582 887 3691 932 Sent

335 926 468 973 non
518 910 769 991 accepit
812 909 1022 973 Judas
1067 927 1306 992 corpus
1352 909 1621 990 Christi,
1667 912 1784 974 sed
1829 912 2085 977 tantum
2138 932 2396 996 panem.
2440 916 2694 999 Corpus
2742 934 2895 982 vero
2940 918 3005 982 et
3052 917 3440 1000 sanguinem
3468 900 3739 1003 amab,

339 1025 586 1089 Christi
631 1027 780 1090 ante
828 1044 982 1090 cum
1032 1026 1182 1090 aliis
1226 1026 1573 1109 discipulis
1617 1030 2014 1130 perceperat.

922 1350 1264 1414 SUMMA

549 1515 1160 1572 DISTINCTIONIS
1209 1515 1646 1573 UNDECIMAE

463 1763 928 1827 RAECEDENTI
966 1763 1376 1826 distinctione
1413 1764 1691 1827 ostendit
1721 1765 1842 1828 Ma-

483 1862 706 1944 gister,
733 1862 799 1924 in
831 1862 1242 1926 Sacramento
1271 1862 1487 1926 altaris
1518 1881 1748 1946 corpus
1780 1872 1844 1926 et

342 1961 720 2043 sanguinem
766 1961 1108 2024 Salvatoris
1147 1980 1296 2024 vere
1340 1961 1592 2024 realiter
1631 1981 1706 2025 ac
1751 1963 1841 2025 in-

343 2059 1013 2142 comprehensibiliter
1061 2059 1394 2123 contineri.
1437 2060 1552 2122 Hic
1598 2061 1840 2136 edocet,

341 2158 550 2240 qualis
609 2158 693 2221 sit
743 2157 854 2220 illa
910 2159 1261 2221 conversio,
1323 2159 1564 2222 Deinde
1625 2159 1846 2241 pandit

341 2257 510 2319 circa
544 2257 668 2319 hoc
699 2258 1122 2338 quorumdam
1159 2257 1492 2338 opiniones
1526 2275 1838 2320 erroneas.

343 2356 474 2429 Quo
515 2355 709 2430 facto,
741 2355 933 2417 solvit
969 2363 1098 2418 tres
1138 2355 1518 2438 quaestiones
1559 2373 1846 2418 eommu-

1869 1275 1920 1339 A
1949 1285 2014 1340 et
2054 1279 2569 1360 augmentatione
2618 1281 2903 1363 corporis
2945 1281 3197 1344 Christi.
3228 1317 3310 1328 —
3338 1283 3445 1346 Se-

1949 1376 2182 1451 cundo,
2216 1377 2569 1442 substantia
2611 1379 2796 1462 panis
2840 1397 2967 1444 non
3008 1387 3106 1442 est
3144 1381 3279 1444 sola
3320 1400 3448 1443 ma-

1949 1475 2130 1547 teria,
2184 1494 2301 1538 nec
2358 1477 2491 1539 sola
2540 1477 2764 1553 forma,
2815 1478 2926 1540 sed
2980 1484 3322 1561 utrumque
3370 1478 3450 1541 si-

1953 1572 2087 1635 mul
2128 1574 2495 1638 immediate
2534 1575 2787 1639 unitum
2824 1577 2903 1639 ad
2934 1576 3447 1640 constituendum

1952 1690 2145 1735 unam
2176 1680 2467 1735 naturam
2503 1674 2897 1755 specificam,
2930 1675 3097 1738 sicut
3125 1675 3190 1737 in
3222 1675 3447 1738 ceteris

1953 1770 2347 1833 naturalibus
2377 1772 2832 1835 *materialibus
2879 1773 3089 1835 rebus·
3129 1774 3254 1836 Aut
3300 1791 3448 1854 ergo

1955 1868 2217 1931 materia
2246 1869 2429 1952 panis
2460 1871 2841 1933 convertitur
2867 1871 2931 1932 in
2966 1871 3289 1934 materiam
3319 1889 3451 1934 cor-

1954 1967 2126 2048 poris
2158 1967 2412 2040 Christi,
2444 1976 2511 2030 et
2546 1968 2980 2032 substantialis
3018 1969 3225 2032 forma
3268 1971 3451 2052 panis

1955 2065 2018 2126 in
2060 2065 2543 2128 substantialem
2574 2067 2843 2130 formam
2878 2067 3163 2150 corporis
3195 2068 3447 2143 Christi,

1955 2171 2108 2245 puta
2148 2163 2214 2226 in
2252 2164 2531 2226 animam
2562 2165 2703 2246 ejus
2743 2166 3153 2246 rationalem;
3185 2175 3296 2229 aut
3324 2173 3451 2230 tota

1955 2261 2064 2324 illa
2103 2261 2459 2325 substantia
2496 2263 2679 2345 panis
2715 2265 3107 2328 convertitur
3145 2265 3211 2327 in
3252 2265 3451 2328 solam

1957 2361 2287 2424 materiam
2348 2363 2631 2444 corporis
2690 2363 2942 2427 Christi.
3006 2364 3084 2426 Et
3137 2364 3451 2447 quidquid

345 2473 474 2516 nes.
512 2453 726 2516 Prima
764 2460 880 2528 est,
915 2472 1032 2516 cur
1060 2452 1346 2517 Christus
1387 2472 1513 2517 non
1554 2452 1673 2516 sub
1705 2473 1844 2536 spe·
1877 2459 1924 2522 B
1955 2459 2188 2522 horum
2216 2459 2483 2534 dicatur,
2518 2461 2719 2523 multa
2749 2461 3161 2542 objiciuntur.
3199 2462 3451 2524 Dictum
3505 2499 3547 2542 ρ.
3570 2485 3709 2530 2538.

345 2553 439 2614 cie
499 2551 713 2615 carnis
771 2560 837 2614 et
883 2552 1232 2632 sanguiniS‚
1284 2551 1394 2614 sed
1452 2550 1573 2614 sub
1621 2551 1846 2614 formis

347 2651 527 2733 panis
574 2659 644 2713 et
689 2651 824 2713 vini
884 2650 1164 2713 instituit
1215 2669 1474 2713 carnem
1532 2670 1714 2713 suam
1771 2668 1844 2713 ac

345 2750 722 2830 sanguinem
779 2768 919 2812 esse
977 2749 1306 2812 sumenda.
1369 2749 1678 2824 Secunda,
1731 2768 1846 2811 cur

345 2856 816 2910 sacramentum
858 2848 1028 2911 istud
1065 2847 1406 2911 exhibetur
1441 2848 1562 2910 sub
1601 2846 1843 2930 duplici

345 2947 580 3029 specie,
616 2965 818 3029 quum
849 2953 1066 3008 tamen
1106 2946 1226 3010 sub
1257 2954 1525 3030 utraque
1554 2953 1723 3010 totus
1763 2946 1846 3008 sit

347 3045 653 3108 Christus,
698 3045 928 3119 Tertia,
972 3064 1086 3107 cur
1130 3065 1294 3129 aqua
1343 3046 1648 3109 miscetur
1694 3045 1844 3109 vino

347 3144 410 3205 in
455 3144 678 3219 calice,
715 3152 780 3207 et
819 3152 1032 3206 utrum
1079 3144 1437 3208 necessario
1485 3146 1846 3226 requiratur

345 3243 654 3306 admixtio
695 3261 896 3324 aquae.

661 3566 1141 3643 QUAESTIO
1205 3567 1534 3631 PRIMA

493 3842 558 3903 lc
620 3839 926 3922 quaeritur
981 3838 1212 3920 prim0‚
1263 3838 1558 3905 ‘Utrum
1616 3841 1846 3920 panis

523 3937 1172 4005 substantialiter
1212 3951 1304 4003 ao
1345 3938 1846 4005 instantanee

349 4042 430 4105 et
445 4037 929 4105 miraculose
953 4038 1471 4102 convertatur
1494 4039 1577 4102 et
1601 4040 1846 4103 trans·

349 4136 938 4202 substantietur
965 4130 1051 4199 in
1085 4147 1372 4213 corpus
1402 4135 1728 4218 Christi,
1761 4138 1846 4202 et

349 4236 630 4301 vinum
660 4233 748 4299 in
779 4233 1285 4313 sanguinem
1317 4235 1436 4300 ita
1467 4235 1674 4315 quod
1702 4250 1848 4302 neo

351 4331 852 4400 annihiletur
882 4329 1328 4398 substantia
1365 4334 1595 4413 panis
1624 4336 1706 4399 et
1731 4335 1847 4400 vi-

351 4435 456 4512 ni,
513 4446 662 4498 nec
689 4429 867 4497 -sub
925 4443 1254 4510 corpore
1311 4445 1403 4497 ac
1458 4433 1846 4510 sang-uine

349 4532 688 4609 maneat,
720 4542 865 4594 nec
900 4526 988 4592 in
1023 4528 1246 4594 aliud
1284 4529 1766 4596 resolvatur.

427 4628 490 4689 ln
537 4628 660 4689 hac
699 4624 1050 4707 quaestione
1091 4624 1290 4686 multa
1327 4633 1672 4706 tanguntur
1705 4645 1848 4707 quae

351 4723 855 4807 condependent.
918 4722 994 4784 Et
1050 4723 1260 4804 primo
1315 4724 1624 4803 arguitur,
1674 4725 1844 4807 quod

1956 2564 2053 2620 est
2100 2557 2296 2633 enim,
2353 2559 2519 2640 quod
2579 2559 2642 2622 in
2704 2559 3111 2623 Sacramento
3169 2560 3452 2642 corporis

1957 2655 2189 2720 Christi
2238 2675 2317 2718 ex
2366 2657 2428 2721 vi
2477 2658 2854 2720 sacramenti
2912 2675 3039 2721 non
3091 2658 3452 2721 continetur
3568 2727 3583 2736 ,

1956 2753 2081 2816 nisi
2122 2772 2269 2817 caro
2307 2755 2531 2836 ipsiuS‚
2562 2756 2776 2818 anima
2804 2774 2956 2819 vero
2995 2774 3111 2837 per
3139 2756 3455 2820 concomi-

1957 2854 2221 2915 tantiam
2245 2872 2428 2936 :ergo
2458 2855 2664 2919 forma
2691 2855 2876 2938 panis
2908 2874 3035 2918 non
3065 2856 3456 2919 convertitur

1960 2952 2024 3014 in
2076 2952 2357 3015 animam
2407 2953 2657 3016 Christi.
2707 2991 2788 3000 —
2834 2954 3064 3029 Tertio,
3115 2953 3455 3017 subtractis

1955 3052 2257 3114 omnibus
2294 3052 2794 3116 accidentalibus
2825 3053 3049 3116 formis
3079 3073 3114 3116 a
3144 3052 3454 3116 materiali

1957 3150 2330 3225 substantia,
2363 3169 2489 3214 non
2534 3160 2865 3215 remanent
2900 3152 3023 3214 nisi
3065 3160 3275 3234 partes
3312 3150 3456 3234 ejus

1956 3248 2348 3322 essentiales,
2372 3267 2513 3330 quae
2543 3257 2692 3311 sunt
2720 3250 2889 3312 nuda
2922 3250 3185 3312 materia
3214 3258 3279 3313 et
3306 3249 3457 3313 sub-

1956 3346 2268 3409 stantialis
2327 3346 2531 3410 forma
2589 3348 2780 3409 illius,
2835 3348 3041 3421 Quum
3090 3366 3241 3431 ergo
3287 3348 3453 3411 facta

1957 3445 2433 3509 consecratione
2462 3453 2527 3508 et
2554 3447 2969 3510 conversione
3000 3449 3181 3529 panis
3221 3447 3285 3510 in
3317 3465 3451 3510 cor-

1957 3563 2076 3625 pus
2113 3543 2533 3618 dominicum,
2568 3551 2864 3606 maneant
2901 3563 3125 3608 omnes
3166 3546 3453 3608 acciden-

1883 3642 1926 3707 C
1955 3641 2112 3705 tales
2146 3641 2365 3705 formae
2396 3642 2599 3723 paniS,
2636 3642 2932 3705 videlicet
2961 3644 3279 3726 quantitas
3310 3644 3451 3724 ejus

1956 3748 2020 3802 et
2067 3740 2359 3822 qualitaS,
2401 3757 2527 3802 non
2576 3740 2829 3802 videtur
2874 3742 3117 3823 aliquid
3167 3743 3451 3805 converti

1957 3840 2021 3901 in
2064 3857 2295 3920 corpus
2337 3837 2585 3900 Domini
2627 3838 2750 3899 nisi
2791 3839 2961 3901 nuda
2998 3846 3062 3901 et
3099 3839 3307 3920 prima
3344 3858 3451 3921 pa-

1956 3938 2055 4000 nis
2115 3936 2397 4010 materia,
2448 3943 2512 3999 et
2562 3935 2765 3998 [orma
2820 3937 2961 4018 ejus
3018 3937 3452 4001 substantialis

1958 4035 2318 4099 intrinseca.
2353 4034 2611 4096 Materia
2647 4042 2861 4096 autem
2897 4034 3104 4117 prima
3136 4035 3328 4097 unius
3358 4036 3450 4099 rei

1957 4133 2263 4197 naturalis
2303 4152 2428 4195 non
2466 4139 2674 4215 potest
2702 4133 2986 4195 converti
3022 4133 3088 4195 in
3122 4134 3449 4197 materiam

1958 4233 2233 4316 primam
2278 4231 2569 4310 alterius;
2612 4250 2728 4294 nec
2772 4231 2975 4295 forma
3018 4232 3453 4296 substantialis

1958 4331 2211 4394 videtur
2250 4330 2315 4393 in
2362 4330 2563 4412 ipsam
2612 4331 2890 4394 materiae
2928 4332 3271 4394 essentiam
3308 4350 3454 4395 con-

1957 4428 2295 4504 vertibiliS‚
2321 4447 2519 4510 quum
2553 4429 2756 4492 forma
2786 4437 2849 4492 et
2881 4430 3143 4493 materia
3172 4430 3301 4494 sint
3330 4432 3454 4513 pri·

1962 4545 2065 4590 mo
2111 4528 2381 4589 diversa.
2423 4563 2504 4572 —
2540 4527 2793 4601 Quarto,
2836 4527 3175 4590 subtractis
3216 4548 3253 4589 a
3290 4548 3453 4611 pane

1960 4627 2101 4707 ejus
2141 4624 2537 4687 dimensione
2576 4643 2688 4685 seu
2728 4626 3079 4707 quantitate
3114 4645 3187 4688 ac
3226 4628 3454 4690 ceteris

1959 4722 2459 4787 accidentalibus
2516 4722 2763 4796 sormiS,
2815 4741 2942 4786 non
3003 4732 3216 4786 manet
3273 4724 3453 4806 quid-

353 4823 532 4905 panis
591 4839 722 4884 non
772 4821 1166 4884 convertitur
1213 4839 1330 4883 nec
1380 4820 1849 4883 transsubstan-
1879 4828 1930 4890 D
1960 4839 2151 4902 quam
2191 4820 2268 4881 de
2310 4836 2493 4901 pane,
2526 4818 2649 4880 nisi
2699 4817 3110 4882 indivisibilis
3147 4828 3212 4882 et
3250 4820 3452 4883 incor-

354 4922 541 4983 tiatur
571 4920 639 4983 in
671 4936 904 5001 corpus
935 4918 1188 4982 Christi.
1223 4914 1486 4981 Videtur
1513 4919 1686 4981 enim
1728 4919 1848 4983 hoc

353 5020 652 5101 derogare
712 5016 1238 5101 praestantissimo
1292 5018 1543 5098 corpori
1593 5017 1846 5089 Christi,

353 5119 518 5199 quod
579 5126 710 5179 tam
760 5115 909 5177 vilis
966 5124 1030 5177 et
1078 5114 1424 5177 inanimata
1481 5135 1602 5188 ref„
1658 5135 1850 5177 manu

353 5216 686 5279 hominum
727 5213 1018 5287 formata,
1051 5220 1456 5277 convertatur
1493 5213 1558 5274 in
1599 5212 1847 5295 ipsum3

358 5332 470 5377 nec
500 5314 757 5377 videtur
785 5311 906 5375 hoc
939 5309 1080 5374 fieri
1118 5329 1303 5394 posse
1333 5311 1471 5374 sine
1503 5311 1850 5375 mutatione

1956 4916 2194 5001 por-alis
2222 4916 2362 4998 ejus
2392 4915 2666 4978 essentia
2700 4931 2714 4977 ε
2748 4916 2968 4997 sicque
2999 4935 3229 4998 corpus
3271 4915 3453 4998 panis

1959 5034 2083 5079 non
2117 5021 2593 5079 converteretur
2624 5014 2686 5075 in
2720 5031 2951 5096 corpus
2982 5015 3339 5077 Salvatoris.
3373 5052 3453 5061 —

1957 5116 2219 5189 Rursus,
2272 5112 2692 5196 praehabitum
2752 5121 2850 5176 est
2906 5113 3075 5195 quod
3133 5112 3452 5196 quantitas
3510 5129 3719 5183 msam

1960 5212 2244 5294 corporis
2283 5211 2515 5275 Christi
2553 5218 2618 5273 et
2656 5210 2877 5273 formae
2922 5209 3123 5293 ipsius
3164 5210 3453 5273 acciden-

1959 5311 2114 5374 tales
2155 5318 2303 5373 sunt
2343 5310 2404 5372 in
2446 5316 2842 5373 sacramento
2881 5327 2995 5391 per
3032 5309 3456 5372 concomitan-
