4267 6250
1049 529 1250 578 uranu
1291 528 1472 576 ranis
1513 527 1947 575 conveni-Armi
1989 528 2558 588 suasum-umen,
2597 529 2725 578 arc.
3314 515 3433 580 287

65 715 294 766 cumi,
325 715 436 760 me
475 705 674 772 tenet,
709 699 776 761 in
819 700 1084 762 homine
1121 716 1245 763 non
1285 718 1427 762 esse
1469 698 1592 761 nisi
1635 716 1826 760 unam
1858 695 1910 759 A
1940 697 2311 780 quaestionis
2356 698 2743 763 decisionem
2807 702 3005 765 multa
3060 701 3166 764 hic
3212 702 3438 766 scribit

63 778 296 832 '³⁰⁵⁰‘m
323 796 600 860 formam
651 797 1160 871 substantialem,
1203 797 1506 860 videlicet
1550 798 1828 860 animam
1941 796 2044 858 hic
2073 797 2315 872 doctor,
2348 798 2583 880 quibus
2618 800 3079 864 contradictum
3116 809 3213 864 est
3241 821 3434 884 super

67 917 164 968 (μμ
175 913 298 956 ,538
325 896 732 973 rationalem,
773 917 969 980 quam
1012 897 1384 980 frequenter
1423 896 1580 959 dicit
1629 896 1692 958 in
1737 915 1831 958 sa-

65 985 144 1022 d!-

69 1206 240 1257 ῃέῑέΒεΙ

71 1897 294 1950 ‹3'52252132

325 1003 660 1058 eramento
689 997 812 1058 hoe
849 996 1186 1071 contineri,
1219 1013 1343 1060 non
1379 995 1442 1057 vi
1473 994 1830 1058 conversio-

325 1095 430 1156 nis
461 1095 644 1158 l'actae
681 1095 746 1156 in
791 1095 1018 1177 ipsam,
1051 1095 1161 1157 sed
1198 1095 1734 1171 concomitanter3
1767 1101 1830 1154 et

251 1219 290 1248 s.
321 1193 536 1254 nihilo
585 1193 824 1266 minuS,
869 1193 1036 1255 sieut
1081 1193 1422 1274 allegatum
1471 1200 1567 1254 est
1618 1191 1825 1264 modo,

323 1291 485 1352 dicit
515 1291 788 1353 formam
821 1291 1304 1354 substantialem
1340 1291 1521 1373 panis
1551 1288 1828 1352 converti

324 1391 394 1451 iu
445 1390 720 1453 formam
771 1392 1056 1473 corporis
1099 1391 1353 1465 Christi,
1395 1389 1496 1452 vel
1545 1389 1645 1469 (ut
1693 1407 1830 1450 ver-

323 1487 430 1549 bis
469 1496 614 1550 utar
648 1489 882 1570 ipsius)
910 1489 977 1551 in
1008 1488 1280 1552 formam
1309 1507 1452 1571 quae
1481 1495 1578 1550 est
1609 1502 1828 1568 corpo·

321 1589 416 1649 ris
455 1587 688 1650 Christi
725 1605 742 1650 t
775 1589 946 1671 quod
984 1589 1168 1670 juxta
1205 1588 1586 1652 documenta
1629 1585 1830 1668 ipsius

323 1687 392 1748 B.
425 1687 707 1761 Thomae‚
741 1688 965 1770 nequit
997 1687 1268 1769 intelligi
1307 1688 1386 1750 de
1424 1687 1640 1768 aliqua
1668 1683 1831 1746 acci-

323 1785 564 1846 dentali
617 1785 824 1848 forma
881 1786 1166 1868 corporis
1211 1785 1467 1858 Christi,
1517 1803 1714 1865 quum
1765 1790 1830 1844 et
1943 1798 2108 1853 rum,
2152 1779 2319 1842 sicut
2366 1781 2785 1862 praehabitum
2832 1791 2929 1846 est
2967 1803 3161 1867 super
3208 1805 3434 1848 secun·
3486 1811 3593 1857 dm,
3624 1825 3725 1862 nu,

322 1883 686 1946 accidentia
713 1884 998 1966 corporis
1029 1883 1282 1957 Christi,
1310 1882 1825 1965 quantitaS,qua-
1865 1878 1912 1941 B
1942 1878 2118 1952 dum,
2171 1878 2387 1941 omnia
2443 1880 2560 1942 ista
2618 1890 2765 1944 sunt
2824 1882 3000 1956 falsa,
3055 1883 3155 1946 vel
3206 1885 3431 1948 saltem
3460 1879 3563 1930 W·

323 1981 492 2054 litas,
543 1988 694 2055 etc„
751 1982 1253 2044 concomitanter
1310 1982 1374 2043 in
1431 1987 1826 2042 sacramento

319 2079 656 2154 exsistant,
698 2080 1053 2143 seeundum
1099 2079 1334 2162 ipsum,
1379 2097 1496 2142 nec
1539 2077 1828 2140 substan-

319 2179 478 2241 tiam
511 2179 576 2240 in
610 2178 908 2241 accidens
945 2179 1229 2242 converti
1261 2178 1514 2241 fatetur.
1538 2176 1698 2239 Hinc
1727 2179 1826 2258 (ut

319 2279 524 2359 tangit
555 2277 898 2358 Henricus)
915 2295 1031 2360 pro
1061 2277 1289 2340 horum
1321 2276 1659 2340 concordia
1689 2294 1828 2358 pos-

321 2385 418 2439 set
463 2375 738 2438 forsitan
787 2375 938 2448 diei,
979 2375 1150 2457 quod
1197 2374 1402 2437 forma
1450 2374 1634 2457 panis
1677 2392 1824 2436 con-

319 2475 594 2536 vertitur
641 2475 707 2535 in
753 2473 1026 2537 formam
1074 2473 1358 2556 corporis
1403 2473 1655 2545 Christi,
1699 2490 1824 2536 non

319 2572 680 2636 secundum
728 2573 900 2654 quod
947 2580 1044 2634 est
1087 2572 1535 2635 intellectualis
1583 2578 1692 2633 aut
1735 2589 1827 2632 ra—

318 2671 598 2744 tionalia,
633 2671 746 2733 sed
785 2677 856 2733 ut
893 2671 1158 2751 largitur
1195 2671 1476 2734 materiae
1513 2688 1652 2732 esse
1693 2686 1826 2731 cor-

319 2787 612 2851 poreum.
647 2768 820 2831 Hanc
851 2774 1066 2831 tamen
1101 2769 1484 2850 positionem
1514 2768 1824 2831 Henricus

321 2885 448 2930 non
479 2874 679 2942 tenet,
715 2867 867 2949 quia
902 2869 1257 2931 secundum
1297 2887 1436 2931 eam
1479 2869 1684 2932 forma
1723 2886 1826 2950 pa·

319 2965 424 3026 nis
467 2983 620 3028 vere
671 2971 1148 3028 converteretur
1196 2965 1261 3028 in
1302 2968 1644 3030 essentiam
1691 2967 1824 3030 ani-

327 3083 444 3128 mae
509 3063 858 3138 rationaliS,

325 3164 594 3245 gradum
638 3162 782 3244 ejus
825 3162 1242 3244 superiorem.

91 3273 300 3323 ‘tunnul-
407 3263 650 3344 ltaque,
683 3260 856 3323 circa
885 3262 1020 3323 haec
1051 3262 1276 3324 scribit
1311 3262 1670 3327 Henricus:
1703 3264 1830 3325 Fir-

75 3349 116 3379 .ι,
127 3340 202 3391 φεῖ
203 3368 216 3380 .

329 3362 618 3425 missime
647 3359 1062 3434 credendum,
1077 3378 1307 3441 panem
1342 3360 1406 3421 in
1437 3360 1666 3424 Christi
1699 3378 1831 3423 cor-

329 3482 446 3544 pus
477 3460 788 3524 converti.
823 3458 960 3522 Non
993 3468 1204 3521 tamen
1243 3460 1400 3521 adeo
1433 3467 1678 3522 certum
1709 3468 1826 3535 est,

327 3562 480 3644 quid
523 3562 592 3623 in
624 3559 840 3623 verbis
880 3560 980 3622 his
1019 3559 1280 3622 nomine
1321 3560 1604 3642 corporis
1641 3560 1832 3622 debet

329 3660 626 3741 intelligi,
669 3678 750 3720 an
805 3658 1052 3721 seilicet
1099 3658 1232 3721 sola
1281 3658 1562 3733 materia,
1609 3666 1680 3720 ut
1727 3657 1832 3720 ha-

328 3756 484 3819 bens
517 3764 768 3839 partem
799 3764 976 3818 extra
1007 3764 1250 3839 partem
1285 3755 1408 3819 sub
1437 3756 1826 3839 quantitate3

329 3864 434 3916 aut
473 3852 744 3917 materia
785 3853 931 3915 talis
975 3872 1122 3915 cum
1163 3873 1301 3917 esse
1344 3871 1668 3936 corporeo,
1702 3873 1826 3919 non

331 3953 720 4015 includendo
750 3953 816 4013 in
848 3952 1090 4015 ratione
1121 3952 1406 4033 corporis
1447 3952 1650 4033 ipsam
1682 3951 1830 4013 sub·

329 4052 628 4115 stantiam
659 4050 924 4129 animae3
946 4050 1047 4112 vel
1080 4051 1342 4112 materia
1371 4069 1518 4112 cum
1544 4050 1831 4113 substan-

329 4153 414 4213 tia
449 4150 708 4223 animae,
743 4156 816 4211 ut
847 4148 955 4209 dat
983 4167 1122 4211 esse
1151 4165 1550 4231 corporeum,
1586 4149 1832 4211 inclusa

1941 896 2317 971 secundum,
2368 905 2432 959 et
2478 898 2669 961 etiam
2719 918 2913 982 super
2958 900 3243 983 primum
3294 917 3309 962 t
3363 907 3434 962 ut

1942 993 2111 1074 quod
2144 995 2495 1057 seeundum
2525 996 2876 1059 doctrinam
2906 998 3281 1072 AristoteliS,
3304 998 3435 1061 ani·

1943 1109 2048 1152 ma
2087 1091 2476 1155 intellectiva
2514 1111 2639 1156 non
2680 1101 2775 1156 est
2806 1093 3009 1157 forma
3040 1096 3433 1158 constituens

1939 1188 2266 1250 hominem
2309 1190 2370 1251 in
2407 1209 2545 1252 esse
2576 1191 2903 1274 specificO,
2936 1192 3045 1254 sed
3080 1192 3435 1255 substantia

1939 1294 2247 1368 separata,
2280 1295 2468 1370 atque
2510 1289 2575 1351 in
2614 1291 2861 1352 eunctis
2906 1291 3274 1354 hominibus
3318 1311 3433 1353 nu-

1941 1402 2119 1447 mero
2166 1405 2293 1448 una
2333 1404 2348 1448 t
2396 1387 2485 1448 ita
2531 1389 2700 1469 quod
2748 1389 2963 1451 anima
3010 1409 3151 1472 quae
3198 1398 3293 1452 est
3341 1391 3434 1452 in-

1939 1483 2215 1546 trinseca
2244 1485 2522 1547 hominis
2552 1485 2777 1556 forma,
2812 1489 2894 1549 sit
2925 1488 3208 1551 mortalis
3238 1488 3436 1551 instar

1939 1583 2298 1645 animarum
2331 1583 2699 1660 brutalium,
2722 1594 2787 1648 et
2816 1588 2984 1669 quod
3012 1587 3247 1652 artistae
3276 1608 3436 1651 nun·

1940 1700 2131 1762 quam
2184 1690 2536 1763 posuerunt
2584 1685 2973 1748 eontrarium
3023 1686 3272 1749 horum.
3318 1689 3436 1750 Ve-

1944 1977 2208 2052 incerta,
2260 1985 2323 2040 et
2370 1979 2556 2041 multi
2612 1981 2846 2044 artistae
2904 1990 3033 2043 tam
3091 1982 3432 2046 Christiani

1938 2094 2133 2156 quam
2168 2076 2517 2152 Sarraceni,
2549 2085 2677 2140 tam
2710 2079 2907 2143 Graeci
2948 2099 3139 2162 quam
3170 2081 3429 2155 ArabeS,

1939 2174 2457 2257 conscripserunt
2502 2177 2672 2258 quod
2732 2179 3083 2241 secundum
3140 2180 3433 2242 intentio·

1939 2293 2084 2336 nem
2135 2274 2513 2348 AristoteliS‚
2559 2275 2771 2338 anima
2819 2278 3143 2341 rationalis
3194 2278 3438 2342 intelle-

1938 2373 2104 2434 ctiva
2133 2391 2283 2434 vere
2321 2381 2418 2435 est
2449 2373 2725 2436 hominis
2762 2374 2965 2438 forma
3002 2376 3436 2442 substantialis

1940 2471 2385 2544 intrinseca,et
2417 2491 2684 2536 numero
2715 2474 3053 2538 hominum
3081 2486 3430 2540 numerata.

1937 2569 2014 2631 Et
2054 2571 2175 2632 hoc
2220 2571 2512 2644 ThomaS,
2546 2571 2864 2647 Albertus,
2896 2573 3179 2654 AE-gidius
3222 2585 3285 2637 et
3326 2575 3434 2638 alii

1939 2668 2155 2749 plures
2197 2668 2263 2730 in
2305 2668 2486 2731 libris
2517 2670 2873 2734 Aristotelis
2909 2672 3093 2734 valde
3130 2673 3434 2737 exercita-

1937 2767 2006 2840 ti,
2043 2767 2107 2829 in
2150 2767 2369 2829 multis
2414 2767 2569 2831 locis
2612 2769 3126 2853 specialibusque
3164 2773 3438 2834 tractati-

1937 2866 2058 2928 bus
2096 2866 2584 2949 diligentissime
2626 2868 3084 2950 probaverunt3
3115 2870 3438 2934 Avicenna

1938 2985 2193 3048 quoque
2236 2974 2301 3029 et
2341 2967 2613 3048 Algazel,
2657 2967 2971 3050 multique
3012 2969 3121 3031 alii
3168 2970 3437 3050 gentiles

925 3065 1218 3147 quamvis
1283 3082 1410 3129 non
1473 3067 1825 3131 secundum
1864 3066 1908 3131 C
1939 3065 2330 3149 expositores
2360 3066 2570 3129 testati
2601 3073 2769 3141 sunt,
2804 3067 3098 3149 quamvis
3132 3067 3436 3151 impiissi-

1939 3184 2083 3226 mus
2130 3165 2439 3228 Averroes
2479 3164 2660 3246 juxta
2708 3185 2854 3228 suas
2903 3165 3207 3248 perfidias
3254 3167 3439 3230 aliter

1940 3263 2160 3335 sensit,
2213 3271 2277 3324 et
2324 3270 2530 3325 tantos
2588 3282 2832 3325 errores
2890 3264 3051 3326 dixit
3102 3265 3301 3329 fuisse
3358 3266 3436 3329 de

1944 3368 2155 3423 mente
2198 3361 2433 3423 summi
2488 3361 2660 3423 illius
2706 3362 3089 3446 Philosophi.

2038 3459 2353 3541 AmpliuS,
2414 3458 2635 3523 Scotus
2698 3460 2868 3523 circa
2930 3462 3063 3525 haec
3127 3462 3437 3545 prolixius

1941 3556 2187 3631 scribit,
2229 3557 2307 3619 de
2346 3557 2707 3639 pluralitate
2754 3559 3101 3624 formarum
3150 3561 3439 3625 substan-

1942 3656 2189 3718 tialium
2249 3656 2315 3718 in
2375 3656 2599 3718 eodem
2664 3656 2847 3738 plura
2904 3676 3433 3736 commemorans,

1941 3763 2004 3817 et
2045 3755 2302 3817 tandem
2344 3773 2492 3816 cum
2543 3754 2801 3837 praesata
2841 3756 3143 3838 opinione
3181 3759 3437 3823 Henrici

1943 3853 2354 3928 concordanS,
2395 3854 2565 3935 quod
2613 3853 2677 3915 in
2722 3853 2980 3916 homine
3031 3866 3257 3938 praeter
3303 3860 3435 3921 ani-

1943 3972 2110 4015 mam
2147 3952 2517 4015 rationalem
2552 3952 2845 4033 ponenda
2878 3952 2961 4014 sit
2987 3954 3110 4016 alia
3142 3955 3436 4019 substan-

1941 4052 2110 4113 tialis
2158 4051 2381 4124 forma,
2417 4051 2481 4113 in
2524 4070 2715 4133 quam
2760 4051 2916 4113 dicit
2954 4052 3436 4118 substantialem

1941 4148 2212 4211 formam
2264 4149 2447 4230 panis
2494 4149 2797 4213 converti.
2842 4150 2978 4214 Imo
3024 4158 3088 4212 et
3132 4152 3326 4227 addit,
3371 4155 3437 4217 in

331 4252 394 4313 in
431 4252 682 4315 ratione
724 4248 1044 4331 corporis3
1084 4248 1186 4310 vel
1227 4248 1490 4311 materia
1529 4267 1676 4311 cum
1719 4249 1830 4312 ali·
1863 4251 1912 4312 D
1941 4247 2082 4309 aliis
2122 4264 2378 4329 quoque
2417 4246 2713 4309 animatis
2755 4255 2983 4329 praeter
3019 4249 3298 4312 animam
3333 4271 3436 4315 eo-

329 4370 452 4431 qua
499 4350 710 4414 forma
753 4346 1155 4411 substantiali
1208 4364 1530 4429 corporea,
1581 4348 1704 4410 alia
1749 4348 1830 4411 ab

331 4450 560 4510 anima.
617 4448 694 4509 Et
741 4446 1057 4529 quidquid
1116 4445 1344 4509 horum
1396 4446 1665 4520 dicatur,
1717 4465 1828 4508 seu

331 4563 734 4628 quocumque
783 4546 1011 4608 horum
1062 4545 1398 4612 modorum
1447 4562 1678 4627 corpus
1728 4565 1830 4608 su-

333 4654 562 4719 matur,
625 4644 997 4725 plenissime
1055 4652 1151 4707 est
1209 4645 1598 4707 credendum
1661 4644 1830 4725 quod

333 4743 511 4825 panis
567 4742 638 4803 in
687 4760 912 4803 verum
961 4760 1193 4824 corpus
1241 4742 1470 4805 Christi
1521 4741 1832 4805 converti·

335 4850 454 4917 tur,
485 4850 554 4904 et
597 4840 810 4902 taliter
847 4840 1106 4902 credere
1148 4839 1414 4903 sufficit.
1451 4840 1575 4903 Nec
1622 4841 1686 4902 in
1730 4840 1831 4905 his

334 4960 470 5023 quae
501 4940 662 5003 fidei
703 4946 853 5000 sunt
881 4946 1091 5001 tutum
1123 4947 1219 5002 est
1247 4939 1540 5013 definire,
1575 4939 1684 5002 ubi
1727 4959 1833 5002 ne-

331 5059 455 5122 ‘que
487 5038 792 5102 Ecclesia>
821 5056 1028 5121 neque
1057 5039 1443 5120 sapientium
1472 5040 1826 5113 auctoritaS,

337 5158 542 5222 neque
593 5136 934 5220 perspicua
980 5136 1140 5198 ratio
1185 5136 1482 5198 definivit
1525 5154 1538 5199 ε
1580 5138 1728 5219 quia
1775 5139 1828 5201 si

337 5238 486 5318 quid
516 5236 756 5299 falsum
785 5234 1166 5297 definiretur
1193 5252 1264 5296 ac
1296 5235 1700 5315 pertinaciter
1729 5236 1833 5298 de-

283 5370 288 5374 ·
340 5336 728 5409 tenderetur,
768 5341 936 5397 esset
981 5333 1372 5397 baereticum.
1405 5368 1485 5377 —
1521 5333 1590 5395 ln
1637 5333 1830 5414 hujus

1943 4345 2237 4407 rumdem
2297 4345 2655 4427 ponendam
2712 4365 2851 4409 esse
2910 4346 3103 4409 aliam
3165 4348 3436 4413 sormam

1943 4444 2446 4507 substantialem.
2466 4444 2643 4507 Unde
2673 4445 2765 4507 sic
2796 4445 3053 4527 scribit:
3075 4446 3247 4523 Dice,
3267 4452 3437 4531 quod

1943 4560 2175 4625 corpus
2220 4542 2449 4605 Christi
2500 4562 2613 4625 per
2656 4563 2724 4606 se
2774 4544 3039 4607 includit
3083 4548 3434 4623 materiam,

1943 4650 2006 4703 et
2035 4642 2110 4704 ad
2146 4640 2359 4703 minus
2389 4641 2658 4705 formam
2692 4662 2883 4705 unam
2917 4643 3121 4718 mixti,
3154 4645 3435 4727 priorem

1941 4740 2147 4803 forma
2192 4757 2306 4801 seu
2354 4739 2565 4801 anima
2613 4740 3041 4821 intellectiva3
3081 4748 3271 4824 atque
3321 4763 3435 4825 per

1943 4858 2135 4902 unam
2172 4837 2334 4899 hanc
2366 4837 2633 4899 formam
2667 4845 2763 4899 est
2793 4838 2857 4900 in
2887 4846 3032 4901 actu
3064 4842 3338 4921 partiali,
3361 4834 3435 4905 ao

1943 4956 2059 5020 per
2091 4955 2229 4999 eam
2271 4942 2369 4998 est
2400 4935 2728 5017 proprium
2770 4938 3165 5019 receptivum
3204 4940 3435 5004 animae

1944 5035 2368 5108 intellectivae,
2402 5033 2693 5115 quamvis
2738 5052 2854 5115 per
2890 5052 3031 5097 eam
3072 5054 3200 5099 non
3245 5039 3328 5100 sit
3368 5039 3434 5101 in

1941 5156 2172 5218 genere
2211 5134 2515 5217 corporiS,
2550 5141 2619 5195 ut
2648 5151 2877 5217 corpus
2916 5144 3013 5197 est
3049 5155 3273 5217 genus,
3308 5140 3433 5202 nisi

1942 5253 2060 5318 per
2087 5234 2541 5296 reductionem.
2578 5232 2654 5294 Et
2685 5232 2749 5294 in
2783 5234 2949 5297 istud
2980 5238 3428 5318 compositum,

1941 5334 2112 5417 quod
2159 5350 2272 5414 per
2315 5349 2381 5393 se
2424 5338 2521 5393 est
2560 5349 2705 5413 pars
2748 5331 3049 5410 hominis,
3087 5333 3166 5397 fit
3205 5355 3321 5419 per
3362 5357 3431 5404 se
