4267 6250
1292 495 1468 545 mn
1508 497 1571 544 w
1608 495 2092 544 amnon.
2130 512 2214 525 -
2252 495 2406 542 mar.
2447 496 2602 545 xvm
3363 478 3492 545 ‘491

390 668 591 735 haeret
617 668 912 752 opinioni
943 668 1025 733 de
1053 676 1341 751 tempore
1370 666 1737 731 confitendi.
1756 666 1898 730 For·
1921 669 1976 733 Α
2001 665 2384 730 Pontificum
2436 666 2547 749 qui
2605 666 2867 730 fuerunt
2923 667 2990 729 in
3033 666 3235 742 brevi,
3275 666 3500 731 videli-

389 768 540 831 titer
596 785 859 851 quoque
911 773 1149 841 tuetur,
1202 766 1371 849 quod
1428 763 1703 829 confessi
1752 764 1895 827 reli·
2004 766 2104 827 cet
2146 764 2492 828 Clementis
2529 765 2710 848 Papae
2735 766 2838 841 111,
2868 764 3178 830 Bonifacii
3217 774 3282 829 et
3319 766 3499 831 Joan-

389 866 587 949 giosis
626 865 1075 948 privilegiatis,
1116 883 1245 928 non
1296 871 1594 927 tenentur
1640 870 1897 946 peccata
2002 863 2103 925 nis
2132 864 2316 938 XXII,
2353 882 2546 946 quem
2577 863 2770 927 refert
2801 864 3141 945 quemdam
3172 864 3496 928 doctorem

391 964 687 1029 confessa
738 965 971 1028 iterum
1029 963 1325 1027 confiteri
1381 963 1640 1046 proprio
1696 980 1897 1025 sacer·
2001 960 2196 1043 hujus
2253 960 2620 1045 oppositum
2675 968 3060 1025 asserentem
3117 962 3368 1037 citasse,
3411 962 3501 1025 in-

388 1063 547 1137 doti,
588 1063 875 1145 allegans
910 1062 990 1125 ad
1034 1063 1156 1124 hoc
1194 1079 1360 1125 nova
1392 1061 1539 1143 jura
1578 1078 1651 1123 ac
1694 1060 1897 1123 decla·
2002 1077 2318 1142 crepasse‚
2351 1067 2416 1121 et
2453 1060 2532 1123 ad
2566 1060 2992 1122 revocandum
3029 1060 3196 1143 quod
3228 1060 3493 1135 dixerat,

388 1162 669 1225 rationes
734 1170 803 1224 et
865 1160 1429 1223 determinationes
1495 1175 1891 1222 summorum
2002 1158 2409 1240 compulisse.

1239 1522 2152 1635 DISTINCTIO
2249 1522 2659 1633 XVIII

1344 1814 1426 1878 A.
1478 1818 1579 1878 De
1622 1817 2065 1879 remissione
2109 1814 2544 1878 sacerdotis.

708 2138 987 2217 tionem,
1019 2154 1101 2201 ex
1132 2153 1264 2218 quo
1293 2136 1619 2219 poenitens
1648 2135 1877 2199 votum
1906 2132 2139 2195 habuit
2167 2133 2543 2215 confitendi,
2583 2134 2744 2217 quid
2771 2138 3002 2218 postea
3036 2136 3410 2203 dimittatur
3438 2140 3498 2204 ei
3526 2106 3794 2215 εἶάῗῖῑξ,

3530 2237 3597 2277 ss.

390 2018 761 2321 HIC
797 2020 1006 2103 quaeri
1038 2020 1229 2100 solet,
1261 2020 1321 2084 si
1358 2020 1698 2100 peccatum
1738 2016 2007 2082 omnino
2044 2016 2398 2081 dimissum
2427 2019 2526 2081 est
2572 2034 2612 2081 a
2655 2018 2795 2083 Deo
2836 2037 2956 2101 per
3003 2022 3220 2087 cordis
3255 2024 3499 2088 contri-
3531 2044 3794 2101 augasm-

708 2270 751 2316 a
785 2252 1148 2318 sacerdote.
1184 2250 1393 2315 Video
1432 2251 1610 2315 enim
1651 2266 1784 2332 quo
1826 2247 2090 2312 vinculo
2128 2265 2284 2312 eum
2332 2248 2515 2331 ligat,
2551 2250 2803 2315 seilicet
2837 2253 3221 2334 temporalis
3263 2273 3496 2337 poenae,

384 2373 508 2437 sed
539 2388 671 2435 non
710 2387 751 2433 a
788 2386 920 2451 quo
952 2386 1105 2433 eum
1134 2368 1466 2449 absolvat3
1498 2369 1563 2432 ct
1589 2366 1736 2430 ideo
1766 2381 2013 2447 quaero.
2038 2362 2211 2427 Ante
2241 2366 2718 2447 poenitudinem
2746 2368 2990 2450 quippe
3019 2369 3258 2449 cordis,
3282 2371 3503 2434 anima

384 2488 483 2551 rei
516 2486 845 2551 maculam
875 2484 1073 2549 habet
1100 2487 1166 2549 et
1193 2485 1493 2549 foetorem
1530 2482 1801 2563 peccati,
1836 2483 2033 2563 atque
2072 2482 2334 2547 aeternae
2369 2481 2642 2546 ultionis
2679 2482 2942 2545 vinculo
2981 2482 3181 2564 ligata
3217 2486 3498 2548 exsistit.

382 2582 461 2668 Si
498 2619 651 2666 vero
678 2602 831 2665 ante
860 2599 1367 2679 confessionem,
1382 2617 1499 2681 per
1528 2598 1744 2663 cordis
1770 2597 2231 2662 contritionem
2262 2598 2444 2662 Deus
2469 2615 2588 2679 per
2615 2615 2686 2661 se
2713 2598 2936 2679 ipsum
2963 2598 3105 2663 sine
3134 2582 3502 2665 ministerio

385 2716 753 2781 sacerdotis
789 2718 854 2780 et
898 2715 1199 2780 debitum
1242 2714 1513 2779 omnino
1556 2713 1806 2778 relaxat
1855 2715 1923 2777 et
1971 2713 2261 2776 animam
2299 2712 2575 2777 interius
2630 2716 2866 2795 purgat
2912 2732 2950 2779 a
2996 2715 3384 2797 contagione
3439 2718 3504 2780 et

382 2833 623 2897 foetore
652 2832 940 2915 peccati3
978 2832 1141 2913 quid
1170 2848 1324 2913 ergo
1355 2829 1652 2909 mundat,
1675 2830 1837 2911 quid
1873 2828 2150 2893 dimittit
2186 2828 2538 2893 sacerdos?
2576 2827 2704 2893 Ubi
2731 2830 2888 2894 sunt
2915 2830 3132 2895 claves
3167 2830 3300 2895 illae
3337 2850 3504 2914 quas

384 2948 725 3013 Dominus
754 2946 1023 3011 tradidit
1059 2947 1257 3010 Petro
1296 2948 1362 3011 et
1397 2946 1888 3011 successoribus
1924 2946 2091 3026 ejuS,
2132 2946 2359 3010 dicens
2390 2966 2406 3008 ε
2438 2946 2588 3010 Tibi
2626 2948 2794 3012 dabo
2837 2949 3052 3013 claves
3089 2949 3272 3031 regni
3302 2949 3502 3014 coelo·
3530 2970 3798 3022 uaccam,

380 3082 565 3146 rum,
607 3066 675 3130 et
723 3080 1161 3148 quaecumque
1212 3062 1520 3145 ligaveris
1568 3079 1767 3146 super
1820 3064 2085 3143 terram,
2120 3064 2312 3127 erunt
2347 3062 2550 3147 ligata
2598 3066 2664 3130 ct
2709 3064 2778 3128 in
2825 3065 3033 3148 c-oe103
3068 3082 3502 3150 quaecumque
3535 3036 3599 3077 ω’

381 3182 671 3247 solveris
699 3199 900 3264 super
934 3181 1201 3260 terram,
1235 3181 1425 3246 erunt
1463 3180 1680 3244 soluta
1708 3182 1775 3245 et
1810 3179 1879 3242 in
1918 3178 2127 3244 coelo?
2164 3180 2253 3244 Ut
2289 3181 2512 3245 autem
2554 3181 2896 3263 praemissa
2933 3184 3212 3263 quaestio
3242 3184 3503 3266 plenius

380 3296 709 3380 explicari
749 3297 984 3377 valeat,
1028 3297 1219 3378 quasi
1255 3296 1465 3382 ‘altius
1505 3297 1702 3360 ducto
1744 3297 1903 3376 rete,
1944 3295 2025 3360 de
2063 3296 2170 3359 his
2205 3296 2501 3361 clavibus
2538 3297 2605 3360 et
2637 3314 2766 3361 usu
2805 3314 3030 3361 earum
3072 3299 3494 3366 disseramus.
3556 3313 3782 3363 Luc-m.

1626 3519 1705 3584 B.
1755 3523 1856 3584 De
1902 3521 2255 3584 clavibus,

520 3726 761 3790 Claves
798 3725 943 3790 istae
982 3743 1115 3789 non
1162 3727 1318 3790 sunt
1358 3713 1750 3806 corporaleS,
1790 3724 1904 3788 sed
1952 3725 2352 3808 spiritualeS‚
2393 3725 2643 3789 scilieet
2689 3725 3098 3791 discernendi
3137 3727 3410 3792 scientia
3437 3730 3503 3793 et
3529 3737 3795 3844 affugohop·

380 3843 687 3925 potentia
717 3841 1083 3922 judicandi,
1108 3843 1179 3905 id
1214 3843 1314 3905 est
1350 3841 1596 3923 ligandi
1636 3841 1701 3904 et
1736 3840 2057 3922 solvendi,
2090 3857 2224 3921 qua
2259 3841 2494 3922 dignos
2523 3842 2833 3924 recipere,
2866 3844 2932 3906 et
2968 3842 3274 3924 indignos
3310 3843 3503 3910 debet
3593 3832 3603 3844 ⁸
3647 3831 3658 3843 ’
3733 3830 3744 3842 ’

382 3957 741 4022 excludere
778 3973 817 4018 a
844 3973 1047 4037 regno
1094 3955 1575 4020 ecclesiasticus
1604 3955 1812 4036 judex
1845 3975 1859 4016 :
1903 3956 2018 4036 qui
2048 3955 2223 4020 sieut
2262 3955 2459 4020 habet
2487 3955 2600 4039 jus
2641 3956 2912 4039 ligandi,
2952 3957 3044 4020 ita
3081 3959 3146 4022 et
3174 3958 3494 4022 solvendi.

380 4073 579 4138 Unde
618 4073 1017 4137 Ambrosius
1045 4070 1413 4136 :Dominus
1448 4089 1567 4153 par
1587 4069 1702 4151 jus
1738 4074 1804 4134 et
1838 4070 2140 4138 solvendi
2172 4088 2316 4137 esse
2352 4072 2566 4136 voluit
2603 4074 2669 4137 et
2696 4069 2965 4154 ligandi,
3001 4074 3116 4155 qui
3144 4075 3500 4157 utrumque
3531 4083 3800 4190 9:333&

380 4190 529 4272 pari
568 4188 949 4252 conditione
985 4187 1305 4270 permisit.
1349 4189 1522 4268 Ergo
1574 4187 1690 4268 qui
1737 4187 2037 4252 solvendi
2076 4187 2192 4269 jus
2244 4206 2376 4252 non
2423 4187 2642 4268 habet,
2687 4207 2806 4254 nec
2857 4188 3104 4271 ligandi
3158 4189 3373 4254 habet.
3415 4191 3500 4254 Et
3529 4209 3630 4252 n.·1.
3751 4161 3796 4198 '¹'

382 4305 563 4370 infra
593 4304 905 4368 :Certum
945 4303 1250 4386 estquod
1294 4303 1603 4368 Ecclesiae
1642 4305 1996 4385 utrumque
2034 4304 2209 4384 licet,
2251 4305 2520 4370 haeresis
2554 4307 2910 4386 utrumque
2953 4323 3084 4370 non
3121 4305 3339 4371 habet.
3379 4307 3502 4370 Jus
3565 4314 3741 4359 lbidem-

387 4422 571 4487 enim
614 4421 742 4484 hoc
770 4420 933 4484 solis
966 4419 1367 4501 permissum
1398 4421 1499 4484 cst
1541 4419 1990 4484 sacerdotibus
2030 4439 2045 4481 ε
2088 4421 2262 4483 recte
2309 4438 2461 4502 ergo
2507 4421 2802 4485 Ecclesia
2838 4421 2966 4484 hoc
3015 4420 3142 4484 sibi
3187 4421 3499 4502 vindicat,

385 4555 537 4620 quae
595 4553 789 4601 veros
842 4536 1213 4600 sacerdotes
1257 4536 1492 4618 habet;
1536 4535 1807 4601 haeresis
1849 4535 2182 4600 vindicare
2231 4553 2364 4599 non
2420 4538 2659 4618 potest,
2701 4554 2848 4618 quae
2896 4554 3089 4601 veros
3135 4537 3504 4602 sacerdotes

386 4671 523 4719 non
570 4653 791 4718 habet.

1546 4849 1617 4913 C.
1670 4853 1769 4914 De
1815 4866 1956 4914 usu
1997 4853 2344 4915 clavium.

522 5058 703 5122 Usus
731 5073 888 5120 vero
917 5055 1154 5119 harum
1186 5053 1471 5118 clavium
1502 5054 1852 5136 multiplex
1879 5056 2001 5137 est,
2018 5055 2386 5120 discernere
2407 5054 2658 5118 scilicet
2691 5054 2992 5137 ligandos
3028 5056 3094 5120 et
3119 5055 3492 5137 solvendos,
3543 5073 3722 5130 ungor.
3749 5075 3796 5117 sa

3523 5135 3676 5191 Bvang.
3685 5137 3797 5181 horn.

384 5193 463 5240 ac
498 5173 739 5238 deinde
776 5173 979 5254 ligare
1017 5171 1120 5236 vel
1150 5170 1427 5236 solvere.
1469 5169 1599 5243 Qui
1637 5171 1813 5234 enim
1852 5171 2158 5253 indignos
2194 5171 2356 5252 ligat
2391 5170 2497 5235 vel
2525 5169 2745 5250 solvit,
2773 5170 3039 5252 propria
3067 5172 3388 5253 potestate
3424 5189 3496 5237 se
3525 5201 3701 5248 ηις».

386 5291 629 5374 privat,
670 5288 741 5352 id
786 5289 907 5368 est,
951 5288 1227 5371 dignum
1273 5286 1642 5372 privatione
1687 5302 1759 5352 se
1806 5285 1982 5352 facit.
