4267 6250
813 476 933 543 416

1461 497 1526 545 IN
1565 496 1790 545 mmm!
1829 496 1891 543 lv
1933 491 2419 542 summanum
2456 510 2539 523 -
2578 494 2733 541 msr.
2776 494 2899 559 1V3
2942 496 3167 553 QUAEST.
3208 496 3275 545 lv

814 665 1125 747 ergo.Aut
1151 666 1324 730 enim
1357 666 1675 750 recipiens
1703 665 2032 729 simulavit
2058 683 2313 748 se,qua·
2340 664 2393 729 A
2422 682 2550 728 non
2580 672 2833 728 tenetur
2863 666 2992 742 ille,
3026 666 3151 730 nisi
3182 666 3268 729 ita
3296 666 3401 740 sit,
3432 666 3600 748 quod
3632 663 3921 728 mortali·

811 770 998 827 tenus
1028 765 1184 828 dans
1212 766 1570 848 adspiceret
1597 766 1676 827 ad
1705 765 1826 828 hoc
1855 764 2024 847 quod
2056 762 2314 826 simula-

811 862 924 936 vit,
950 869 1015 925 et
1043 862 1125 926 ob
1154 863 1274 927 hoc
1305 862 1698 927 beneficium
1727 862 1852 925 sibi
1885 861 2224 936 conferret,
2248 868 2314 923 et

813 960 951 1042 ipse
981 961 1136 1024 dans
1169 961 1236 1023 in
1275 960 1663 1025 conferendo
1699 961 1779 1023 ad
1820 960 1978 1022 illud
2009 959 2306 1041 respexit.

810 1057 936 1120 Aut
983 1058 1104 1122 iste
1151 1068 1412 1142 propter
1457 1060 1632 1122 aliud
1680 1078 1748 1121 se
1795 1058 2145 1132 simulavit,
2191 1074 2310 1119 nec

811 1156 1146 1220 conferens
1183 1158 1357 1221 dedit
1394 1157 1807 1241 adspiciendo
1844 1156 1922 1220 ad
1963 1156 2311 1219 simulatio-

809 1272 981 1329 nem,
1015 1255 1126 1317 sed
1155 1255 1234 1317 ad
1265 1256 1386 1318 hoc
1417 1255 1587 1338 quod
1619 1254 1997 1336 simpliciter
2026 1252 2151 1315 luit
2180 1252 2311 1317 ido·

807 1370 986 1415 neuS.
1020 1353 1146 1416 Aut
1175 1354 1293 1416 iste
1325 1354 1652 1416 simulavit
1679 1360 1752 1415 ut
1789 1351 1896 1415 ille
1936 1352 2014 1415 ad
2053 1352 2310 1414 simula-

805 1449 1051 1514 tionem
1087 1452 1466 1535 adspiceret,
1501 1452 1609 1514 ille
1648 1458 1863 1514 tamen
1897 1450 1977 1513 ad
2006 1468 2147 1513 eam
2180 1467 2305 1512 non

805 1548 1126 1631 adspexit3
1158 1550 1261 1612 vel
1291 1567 1638 1614 econverso
1670 1550 1779 1611 ille
1807 1548 1886 1611 ad
1914 1566 2054 1611 eam
2085 1548 2309 1631 adspe-

804 1646 916 1722 xit,
951 1648 1062 1709 sed
1101 1647 1219 1710 iste
1259 1666 1386 1711 non
1427 1648 1756 1711 simulavit
1791 1648 1870 1709 ad
1907 1647 2046 1710 hoc.
2081 1645 2147 1709 Si
2177 1645 2305 1729 pri-

805 1760 912 1807 mo
953 1745 1163 1820 modo,
1197 1746 1375 1809 nullo
1417 1746 1606 1809 modo
1647 1752 1900 1809 tenetur
1937 1744 2016 1808 ad
2054 1744 2305 1807 restitu-

2419 772 2518 827 ter
2546 771 2768 847 peccet
2804 765 3013 829 omnis
3052 766 3163 849 qui
3202 765 3595 829 beneficium
3631 771 3809 827 tenet
3834 763 3917 825 ad

2422 863 2591 943 quod
2621 870 2718 925 est
2746 869 2809 925 et
2836 882 2977 927 esse
3006 880 3073 925 se
3102 864 3226 925 scit
3261 862 3633 926 inidoneum
3670 861 3751 925 ad
3784 880 3921 923 ser-

2420 960 2726 1023 viendum
2762 979 2777 1023 :
2810 960 3085 1044 quilibet
3120 980 3399 1044 namque
3430 964 3685 1025 tenetur
3712 978 3921 1023 remo-

2419 1076 2569 1121 vere
2611 1077 2648 1121 a
2692 1078 2761 1123 se
2797 1060 2967 1142 quod
3009 1067 3185 1123 tenet
3222 1078 3289 1123 se
3328 1060 3395 1122 in
3438 1066 3700 1142 peccato
3742 1075 3919 1121 mor·

2420 1156 2549 1219 tali.
2602 1157 2793 1221 Porro
2836 1158 2892 1220 si
2939 1157 3263 1221 simulatio
3318 1157 3443 1220 fuit
3487 1157 3567 1220 de
3623 1156 3728 1219 bis
3770 1175 3921 1238 quae

2421 1254 2743 1336 pertinent
2767 1256 2847 1318 ad
2880 1255 3161 1319 savorem
3190 1255 3667 1337 amicitiamque
3696 1273 3921 1317 carna·

2418 1352 2568 1426 lem,
2620 1372 2763 1435 quae
2817 1353 3140 1436 pertinent
3194 1354 3274 1415 ad
3334 1352 3501 1416 bona
3558 1353 3922 1435 personalia

2417 1458 2687 1526 tantum,
2718 1457 2785 1513 et
2820 1452 2963 1514 ideo
3002 1459 3150 1514 sunt
3186 1452 3370 1534 quasi
3410 1470 3676 1514 munera
3700 1450 3919 1514 oblata

2416 1568 2453 1610 a
2483 1548 2701 1631 lingua
2730 1549 2832 1612 vel
2860 1549 2941 1612 ab
2969 1549 3278 1632 obsequio
3298 1568 3312 1612 :
3330 1550 3481 1613 hinc
3510 1549 3723 1625 credo,
3741 1550 3917 1631 quod

2418 1648 2485 1709 in
2528 1648 2649 1711 isto
2692 1666 2841 1710 casu
2885 1656 3108 1730 peccat
3147 1648 3326 1722 dans,
3357 1655 3661 1731 tanquam
3700 1666 3921 1730 perso-

2417 1765 2645 1809 narum
2687 1754 3004 1829 acceptor,
3037 1754 3103 1810 et
3142 1755 3453 1829 quantum
3494 1748 3563 1809 in
3604 1748 3747 1829 ipso
3792 1755 3913 1824 est,

803 1842 1064 1919 tionem,
1097 1844 1400 1927 quoniam
1451 1844 1774 1908 simulatio
1821 1843 1946 1906 fuit
1997 1842 2302 1906 beneficii
2340 1850 2387 1913 Β
2418 1844 2807 1908 simoniacus
2874 1844 3001 1926 fit3
3060 1853 3125 1908 et
3185 1846 3503 1928 recipiens
3568 1845 3917 1909 simoniam

803 1941 1126 2005 collationi
1176 1942 1614 2025 impertinens.
1650 1943 1713 2005 Si
1759 1942 2040 2005 secundo
2089 1941 2301 2016 mod0,

800 2047 912 2101 aut
939 2058 1089 2122 ergo
1118 2040 1440 2104 simulatio
1469 2041 1594 2104 fuit
1623 2042 1700 2104 de
1731 2060 1807 2105 eo
1836 2041 2003 2124 quod
2035 2048 2132 2104 est
2160 2041 2307 2103 sim·

803 2138 1058 2219 pliciter
1094 2139 1360 2214 bonum,
1393 2158 1509 2222 per
1538 2139 1707 2222 quod
1747 2139 1995 2203 scilicet
2033 2155 2305 2222 persona

801 2243 947 2318 apta
989 2245 1087 2300 est
1131 2237 1452 2301 beneficio
1497 2255 1571 2301 ac
1620 2238 1733 2301 Dei
1781 2238 2064 2312 serviti0,
2098 2246 2171 2299 ut
2206 2244 2306 2301 est

800 2343 980 2398 actus
1026 2336 1317 2415 virtutis3
1364 2343 1475 2400 aut
1533 2336 1856 2400 simulatio
1914 2336 2038 2399 fuit
2097 2336 2176 2399 de
2227 2354 2303 2399 eo

803 2435 975 2517 quod
1002 2434 1380 2499 indifferens
1409 2442 1528 2510 est,
1551 2444 1742 2518 atque
1772 2434 2193 2517 impertinens
2224 2435 2302 2497 ad

801 2531 916 2595 Dei
954 2532 1360 2616 obsequium,
1394 2541 1467 2595 ut
1505 2542 1655 2596 sunt
1697 2533 1878 2597 favor
1919 2541 1984 2596 et
2019 2533 2304 2596 amicitia

801 2631 1096 2694 humana.
1134 2632 1198 2695 Si
1231 2633 1440 2715 primo
1472 2633 1681 2707 mode,
1704 2632 1822 2695 etsi
1855 2632 2193 2696 conferens
2222 2633 2301 2695 ad

803 2732 962 2795 illud
1010 2733 1312 2815 respiciat
1358 2734 1528 2815 quod
1585 2733 1944 2808 simulatur,
1995 2733 2300 2815 quoniam

800 2838 1015 2894 tamen
1059 2850 1248 2895 nemo
1295 2850 1465 2896 sanae
1514 2832 1748 2895 mentis
1799 2831 1863 2894 in
1914 2832 2301 2897 conferendo

800 2930 1148 3012 respiceret
1173 2930 1254 2993 ad
1284 2930 1444 2993 illud
1485 2932 1550 2993 in
1589 2938 1900 3013 quantum
1935 2931 2297 3007 simulatur,

2417 1944 2756 2027 quamdam
2788 1944 3078 2020 incurrit,
3102 1963 3175 2007 ac
3205 1945 3540 2008 restituere
3568 1944 3911 2027 obligatur.

2413 2043 2557 2107 Haec
2598 2042 2928 2106 Henricus.

2492 2141 2735 2214 Quibus
2782 2141 2980 2223 objici
3028 2149 3257 2225 potest,
3293 2142 3463 2224 quod
3511 2142 3731 2205 nullus
3781 2142 3917 2207 ido·

2414 2258 2572 2302 neus
2621 2247 2719 2303 est
2760 2238 3155 2303 beneficium
3196 2240 3701 2303 ecclesiasticum
3750 2240 3923 2303 obti-

2414 2356 2586 2414 nere,
2620 2338 2746 2403 nisi
2776 2340 2860 2401 sit
2889 2337 3251 2401 membrum
3280 2345 3345 2401 et
3372 2356 3595 2402 servus
3625 2338 3863 2402 Christi
3897 2357 3913 2402 ε

2414 2437 2545 2500 imo
2588 2444 2659 2499 ut
2702 2436 3081 2501 Guillelmus
3124 2436 3514 2513 ParisiensiS,
3556 2437 3913 2511 Udalricus‚

2410 2536 2681 2598 loannes
2728 2553 2983 2618 quoque
3027 2536 3093 2598 in
3136 2535 3399 2598 Summa
3446 2536 3915 2611 confessorum,

2412 2633 2725 2716 multique
2753 2633 2859 2696 alii
2891 2634 3125 2707 dicunt,
3139 2634 3249 2716 qui
3282 2632 3347 2695 in
3376 2634 3622 2697 mortali
3654 2642 3921 2716 peccato

2410 2732 2591 2795 novit
2639 2751 2753 2795 seu
2813 2732 3041 2795 merito
3098 2732 3293 2795 sciret
3348 2750 3417 2795 se
3474 2750 3636 2808 esse,
3687 2741 3916 2815 peccat

2411 2830 2763 2894 mortaliter
2809 2831 3105 2894 instando
3153 2848 3268 2913 pro
3316 2830 3659 2905 beneficio,
3706 2850 3913 2914 quum

2410 2930 2494 2993 sit
2537 2930 2649 2993 illo
2693 2929 3013 3011 indignus.
3048 2929 3166 3003 Qui
3208 2946 3357 3011 ergo
3402 2918 3518 3012 per
3558 2929 3912 2993 simulatio-

801 3028 912 3091 sed
957 3030 1165 3091 solum
1209 3030 1276 3092 in
1318 3038 1629 3112 quantum
1672 3031 2024 3093 aestimatur
2065 3031 2296 3105 inesse,
2336 3030 2381 3094 C
2410 3046 2560 3091 nem
2592 3028 2865 3090 intendit
2893 3027 3285 3090 beneficium
3316 3028 3740 3110 consequi,eo
3770 3028 3916 3110 ipso

801 3127 880 3189 ad
937 3128 1107 3210 quod
1165 3129 1610 3192 {estimandum
1671 3129 1779 3191 ille
1838 3147 1906 3191 se
1967 3129 2229 3192 simulat
2280 3147 2295 3193 :

803 3227 1096 3308 quamvis
1137 3245 1286 3309 ergo
1326 3227 1446 3290 iste
1487 3245 1787 3310 perversa
1826 3227 2178 3293 intentione
2216 3229 2299 3291 si-

803 3325 1008 3387 mulat
1047 3345 1159 3388 seu
1204 3325 1514 3407 confingit
1555 3325 1620 3389 in
1665 3343 1732 3388 se
1775 3344 1915 3388 esse
1953 3327 2122 3409 quod
2171 3344 2300 3390 non

803 3433 920 3499 est,
953 3431 1231 3488 attamen
1261 3425 1413 3507 quia
1451 3424 1786 3488 conferens
1819 3424 1884 3487 in
1915 3424 2301 3489 conferendo

801 3523 1064 3605 respicit
1091 3523 1170 3586 ad
1202 3523 1266 3586 id
1299 3523 1468 3606 quod
1498 3541 1646 3586 vere
1676 3522 1879 3586 credit
1909 3524 2138 3598 inesse,
2158 3541 2301 3587 con-

801 3621 927 3684 fert
969 3622 1132 3686 bene
1180 3630 1246 3685 et
1291 3629 1543 3702 sancte3
1576 3623 1685 3686 ille
1733 3640 1883 3686 vero
1929 3623 2042 3705 qui
2091 3623 2185 3686 sic
2232 3642 2301 3686 se

801 3721 1165 3785 simulando
1205 3721 1597 3784 beneficium
1637 3721 1904 3796 obtinet,
1939 3721 1991 3783 si
2032 3721 2189 3783 alias
2219 3721 2301 3784 sit

803 3819 1092 3895 idoneuS,
1128 3827 1348 3902 peccat
1382 3828 1599 3882 tamen
1639 3819 1705 3882 in
1749 3818 1859 3880 illa
1895 3819 2300 3881 simulatione

800 3937 874 3980 ac
907 3936 1100 4000 prava
1137 3919 1486 3983 intentione
1521 3937 1648 4000 qua
1678 3937 1792 4000 per
1822 3917 2299 3980 simulationem

800 4017 1077 4080 intendit
1124 4016 1516 4079 beneficium
1566 4016 1833 4098 adipisci
1889 4033 1904 4080 ε
1956 4017 2100 4080 ideo
2152 4015 2299 4079 inde

800 4115 1244 4198 poenitentiam
1296 4133 1481 4196 agere
1539 4113 1750 4190 debet,
1803 4115 1916 4177 sed
1971 4115 2297 4196 resignare

2410 3146 2538 3210 quo
2574 3134 2705 3189 tam
2736 3126 2977 3209 impius
3010 3126 3344 3190 simulator
3372 3127 3684 3203 consistit,
3718 3127 3913 3190 bene-

2409 3225 2563 3289 ficio
2604 3233 2702 3288 est
2743 3225 3063 3306 indignus.

2478 3325 2745 3407 Insuper
2773 3324 3001 3406 quaerit
3029 3323 3338 3386 Henricus
3368 3324 3742 3398 Quodlibeto
3770 3343 3909 3388 sex·

2410 3431 2496 3498 to,
2530 3431 2746 3486 utrum
2784 3422 3027 3486 habens
3067 3423 3237 3505 apud
3280 3441 3349 3485 se
3392 3441 3528 3486 rem
3566 3424 3905 3487 restituen-

2411 3523 2579 3597 dam,
2626 3527 2917 3584 teneatur
2961 3539 3103 3584 eam
3153 3521 3488 3585 restituere
3532 3521 3765 3585 statim.
3806 3524 3907 3587 Ad

2411 3621 2583 3704 quod
2622 3620 2963 3703 respondet
3000 3620 3154 3682 satis
3196 3621 3595 3684 concorditer
3636 3622 3713 3684 ad
3751 3640 3913 3704 prae·

2410 3720 2601 3794 dicta,
2632 3718 2933 3806 videlicet
2961 3719 3129 3800 quod
3162 3718 3249 3780 ita
3286 3718 3370 3781 sit
3405 3719 3779 3800 regulariter
3802 3737 3914 3801 ge-

2410 3817 2837 3898 neraliterque
2878 3816 3216 3898 loquendo,
3247 3816 3541 3898 quamvis
3586 3818 3913 3882 interdum

2409 3916 2496 3979 ita
2534 3934 2661 3979 non
2700 3914 2785 3977 sit
2823 3915 2887 3976 in
2928 3933 3102 3990 casu,
3134 3921 3205 3976 ut
3238 3915 3292 3976 si
3330 3915 3385 3978 is
3428 3915 3532 3978 cui
3573 3917 3914 3980 restituen-

2408 4014 2562 4077 dum
2592 4020 2781 4088 esset,
2804 4013 2887 4075 sit
2916 4012 3127 4095 impos
3156 4014 3408 4088 mentis,
3432 4021 3662 4088 etc.,ut
3690 4033 3909 4098 supra.

2486 4113 2721 4176 Iterum
2763 4110 3010 4193 quaerit,
3044 4118 3262 4174 utrum
3301 4112 3620 4194 recipiens
3662 4113 3913 4196 aliquid

799 4212 1193 4277 beneficium
1222 4230 1351 4276 non
1389 4219 1662 4277 tenetur.
1699 4212 1935 4295 Estque
1975 4213 2187 4276 simile
2220 4214 2298 4278 de
2327 4216 2378 4278 D
2408 4211 2487 4274 ab
2518 4228 2595 4275 eo
2628 4209 2816 4292 cujus
2846 4208 3010 4272 bona
3038 4216 3187 4272 sunt
3215 4210 3449 4292 partim
3475 4210 3649 4292 juste
3676 4213 3915 4294 partim

800 4313 912 4376 illo
943 4311 1054 4394 qui
1082 4311 1240 4374 alias
1280 4311 1545 4375 idoneus
1576 4318 1672 4373 est
1708 4309 2100 4374 beneficium
2136 4311 2298 4374 obti-

801 4429 975 4485 nere,
1007 4417 1072 4472 et
1106 4408 1302 4473 offert
1340 4429 1574 4472 munus
1615 4409 1875 4492 praelato
1914 4417 1985 4472 ut
2023 4409 2148 4472 sibi
2191 4409 2299 4473 be-

801 4509 1112 4573 neficium
1143 4509 1466 4576 conferat:
1492 4509 1660 4592 quod
1692 4509 1802 4571 ille
1835 4527 2142 4592 respuens
2172 4527 2301 4573 non

799 4617 1104 4692 acceptat,
1117 4605 1220 4671 vel
1248 4607 1304 4671 si
1331 4615 1632 4690 acceptat,
1647 4625 1777 4671 non
1806 4615 2013 4671 tamen
2045 4615 2303 4691 propter

801 4708 961 4773 illud
1005 4706 1400 4770 beneficium
1445 4707 1540 4769 illi
1584 4707 1868 4789 largitur,
1902 4707 2012 4770 sed
2061 4725 2178 4789 pro
2224 4724 2301 4770 eo

801 4808 971 4890 quod
1009 4807 1164 4872 alias
1207 4813 1306 4870 est
1346 4805 1632 4869 idoneus.
1669 4805 1845 4868 Unde
1887 4805 1942 4868 si
1985 4805 2072 4868 ita
2111 4823 2179 4868 se
2222 4804 2301 4868 si-

802 4907 1076 4981 mulanS,
1107 4905 1265 4968 alias
1308 4923 1436 4969 non
1479 4911 1646 4967 esset
1684 4903 1973 4978 idoneuS,
2006 4910 2302 4986 peccaret

801 5006 1145 5088 dupliciter
1185 5022 1200 5067 :
1243 5011 1462 5087 utpote
1511 5003 1895 5077 simulandO,
1944 5009 2010 5065 et
2055 5001 2300 5066 benesi-

801 5106 973 5169 cium
1005 5103 1131 5168 sibi
1173 5105 1612 5185 incompetens
1644 5101 2050 5185 acceptando.
2085 5101 2303 5164 Praela-

801 5207 906 5268 tus
952 5221 1210 5287 quoque
1258 5201 1532 5265 multum
1581 5208 1872 5283 peccaret
1911 5200 1967 5262 si
2016 5218 2166 5262 eum
2211 5199 2303 5261 in-

803 5304 1106 5369 idoneum
1163 5301 1372 5365 sciret.
1424 5299 1520 5364 Ad
1569 5299 2036 5363 restitutionem
2083 5305 2301 5361 tamen

2409 4309 2647 4390 injuste
2674 4307 3008 4390 acquisita,
3034 4307 3365 4371 restituere
3395 4315 3701 4373 teneatur.
3728 4311 3915 4376 Circa

2408 4407 2578 4491 quod
2610 4406 3053 4489 multipliciter
3091 4406 3427 4489 distinguit
3462 4415 3528 4470 et
3564 4409 3914 4474 subdistin-

2408 4506 2547 4589 guit
2580 4523 2594 4568 ε
2628 4505 2929 4588 quoniam
2976 4503 3143 4568 bona
3185 4505 3295 4568 illa
3340 4513 3452 4569 aut
3496 4506 3579 4569 ab
3626 4508 3911 4574 invicem

2410 4613 2559 4668 sunt
2614 4605 2933 4680 distincta,
2996 4603 3085 4667 ita
3138 4605 3312 4687 quod
3370 4605 3669 4670 dominus
3730 4610 3913 4673 novit

2409 4704 2565 4787 quid
2594 4701 2824 4766 habeat
2848 4703 3042 4785 juste,
3075 4703 3229 4786 quid
3260 4703 3534 4786 injuste3
3564 4714 3675 4768 aut
3704 4725 3909 4773 unum

2410 4821 2539 4867 non
2576 4810 2675 4866 est
2710 4810 3071 4886 separatum
3107 4821 3180 4866 ac
3218 4802 3593 4868 distinctum
3633 4805 3715 4868 ab
3754 4807 3907 4884 alio,

2412 4903 2499 4965 ita
2525 4903 2695 4985 quod
2724 4902 3019 4966 dominus
3049 4902 3254 4966 nescit
3280 4903 3433 4984 quid
3463 4903 3690 4968 habeat
3714 4906 3907 4986 juste,

2411 5000 2567 5084 quid
2598 5001 2853 5083 injuste.
2889 5001 2966 5062 Et
2994 5000 3292 5064 similiter
3321 5001 3399 5065 de
3434 5002 3782 5086 recipiente
3808 5014 3911 5068 est

2410 5099 2982 5181 distinguendum:
3015 5099 3167 5181 quia
3212 5107 3323 5162 aut
3368 5101 3547 5164 novit
3595 5102 3750 5184 quid
3796 5103 3909 5168 ille

2408 5197 2601 5279 juste,
2635 5197 2871 5280 quidve
2902 5196 3137 5278 injuste
3174 5197 3512 5280 possideat.
3548 5199 3625 5262 Et
3662 5201 3716 5264 si
3751 5203 3911 5283 quid

2414 5296 2644 5380 recipit
2672 5295 2843 5379 quod
2882 5296 3002 5359 scit
3038 5295 3221 5360 illum
3259 5296 3500 5380 injuste
3536 5297 3797 5377 habere,
3826 5302 3911 5366 ad
