4267 6250
472 480 687 537 QUAEST.
731 484 773 530 V
814 483 829 532 :
876 484 964 533 Au
1002 484 1337 533 hamanus
1377 485 1633 533 JoAnms
1674 485 1811 533 nm·
1850 484 2303 535 mmmmm!
2343 483 2691 533 somnumve
2731 483 2816 530 An
2859 482 3134 531 suurn

3275 462 3350 528 91

287 652 555 717 virtutem
582 655 975 737 ascendunt3
1006 673 1335 738 resurgere
1364 662 1579 719 autem
1610 662 1755 738 post
1780 656 1833 720 A
1862 654 2204 738 praedictiS,
2255 654 2558 737 quoniam
2614 653 2988 718 ordinantur
3033 652 3113 716 ad
3159 649 3356 715 vitam

288 750 530 833 lapsum,
559 753 793 815 accidit
838 754 991 817 huic
1038 754 1403 837 progressui
1446 772 1526 817 ex
1574 760 1752 836 parte

284 849 527 931 subiecti
582 852 755 933 quod
802 852 1047 928 deficit,
1096 871 1215 915 nec
1268 870 1611 916 commune
1656 860 1755 915 est

282 948 571 1011 omnibus.
618 950 884 1025 Rursus,
932 958 1242 1033 quantum
1290 951 1368 1014 ad
1416 950 1753 1033 perfectio-

282 1064 409 1109 nem
440 1046 501 1109 in
528 1047 716 1123 bono,
752 1048 1062 1131 perfectio
1101 1050 1168 1111 in
1206 1048 1413 1113 forma
1452 1049 1753 1131 praecedit

284 1143 337 1205 in
364 1144 459 1207 via
483 1147 906 1226 generationis
938 1147 1397 1230 perfectionem
1434 1147 1501 1209 in
1532 1166 1750 1211 conse-

280 1242 507 1305 cutione
544 1244 699 1307 finis
734 1262 749 1305 :
784 1244 929 1309 ideo
971 1246 1137 1309 inter
1172 1252 1565 1309 sacramenta
1610 1265 1751 1328 quae

280 1340 345 1401 ad
374 1358 765 1422 progressum
806 1344 981 1406 hunc
1020 1343 1362 1427 pertinent,
1396 1343 1606 1426 primo
1645 1361 1752 1427 po-

282 1438 434 1500 nitur
476 1438 909 1517 Gonfirmatio,
956 1460 1100 1525 quae
1146 1450 1244 1505 est
1289 1442 1370 1505 ad
1413 1440 1749 1524 perfectio-

284 1556 409 1599 nem
446 1538 718 1602 similem
762 1539 1141 1623 perfectioni
1180 1541 1439 1620 formae3
1468 1540 1751 1604 secundo

284 1635 665 1711 Eucharistia,
714 1658 859 1720 quae
904 1648 1003 1702 est
1045 1639 1123 1702 ad
1171 1638 1632 1722 perfectionem
1681 1639 1748 1701 in

286 1732 430 1813 fine;
458 1736 639 1799 tertio
666 1736 1068 1811 Poenitentia,
1096 1756 1238 1820 quae
1268 1744 1365 1801 est
1390 1737 1469 1800 ad
1500 1756 1747 1819 repara-

1862 753 2275 817 christianam
2322 772 2436 836 per
2481 753 2800 827 accidenS,
2842 758 2994 834 puta
3043 750 3109 813 in
3157 768 3360 815 reme-
3483 747 3494 757 “

1862 852 2043 913 dium
2088 851 2600 934 supervenientis
2643 850 2930 914 defectus
2965 867 2980 912 :
3013 848 3181 912 inter
3217 867 3360 930 quae

1862 949 2161 1012 Extrema
2206 949 2430 1012 Unctio
2479 957 2881 1032 comparatur
2923 948 3001 1009 ad
3048 947 3360 1010 Poenitcn·

1860 1046 2040 1123 tiam,
2060 1048 2229 1111 sicut
2258 1047 2674 1111 Confirmatio
2703 1048 2780 1109 ad
2809 1046 3242 1129 Baptismum3
3275 1045 3362 1106 ita

1862 1147 2031 1228 quod
2074 1147 2450 1210 Poenitentia
2491 1154 2588 1209 est
2631 1146 2892 1226 maioris
2939 1142 3358 1217 necessitatiS,

1862 1244 2159 1308 Extrema
2203 1246 2426 1309 Unctio
2469 1245 2730 1327 maj0ris
2779 1242 3125 1325 dignitatis.
3157 1240 3362 1305 Matri-

1862 1343 2152 1407 monium
2199 1351 2414 1407 autem
2463 1350 2562 1407 est
2607 1342 2958 1406 maximum
3004 1358 3360 1404 sacramen-

1858 1448 1999 1504 tum
2028 1441 2522 1523 significatione,
2557 1441 2708 1524 quia
2735 1440 3025 1523 designat
3054 1438 3358 1502 unionem

1862 1539 2093 1603 Christi
2124 1548 2190 1603 et
2227 1540 2547 1615 Ecclesiae,
2579 1546 2644 1603 et
2680 1541 2952 1602 duarum
2987 1546 3358 1601 naturarum

1860 1638 1927 1701 in
1974 1638 2242 1701 Christo.
2289 1638 2432 1703 Haec
2476 1638 2542 1701 in
2587 1638 2866 1702 Summa.

1940 1736 2059 1800 Ubi
2087 1744 2154 1799 et
2181 1737 2561 1812 sciscitatur,
2593 1755 2672 1799 an
2713 1735 2928 1799 omnia
2963 1739 3358 1799 sacramenta

61 3419 216 3468 ἰιι

180 4121 221 4148 ιιι.
276 4108 329 4152 rc
365 4110 491 4169 suo,
522 4102 597 4156 ut
630 4094 698 4156 B.
734 4095 1073 4178 Dionysius
1113 4096 1279 4160 libro
1315 4096 1394 4159 dc
1434 4097 1743 4161 Ecclesia-

285 1830 495 1895 tionem
532 1834 783 1897 virtutis
825 1835 1099 1899 amissae.
1138 1836 1309 1899 Inter
1354 1842 1751 1899 sacramenta
1784 1835 1833 1897 B
1860 1834 1989 1899 sint
2014 1836 2093 1899 de
2123 1836 2500 1901 necessitate
2527 1835 2768 1899 salutis.
2803 1834 3162 1917 Respondet
3193 1850 3208 1895 ε
3240 1832 3356 1896 Νθ-
3434 1851 3516 1893 ut.
3538 1852 3578 1893 ι.

284 1938 467 1993 autem
511 1951 647 2014 quae
688 1934 767 1995 ad
810 1933 1169 1997 remedium
1210 1934 1407 1997 totius
1450 1933 1749 1997 Ecclesiae
1860 1935 2210 1997 cessarium
2243 1942 2536 2017 respectu
2568 1933 2834 2008 finiS,de
2866 1950 2994 2016 quo
3023 1950 3196 2005 nunc
3225 1949 3354 1993 ser-

284 2027 654 2109 deputantur,
714 2030 1001 2113 primum
1058 2038 1157 2094 est
1206 2031 1391 2105 Ordo,
1443 2032 1745 2114 quoniam
1860 2050 1986 2108 mo,
2019 2032 2364 2115 dupliciter
2401 2033 2654 2097 dicitur.
2689 2032 2922 2106 Primo,
2955 2030 3019 2093 id
3057 2031 3197 2093 sine
3226 2047 3356 2112 quo

284 2124 719 2191 Matrimonium
770 2136 845 2191 ut
884 2136 983 2192 est
1022 2137 1492 2193 sacramentum
1536 2130 1749 2193 Eccle-
1856 2130 2011 2194 finis
2058 2150 2200 2195 esse
2247 2151 2360 2195 seu
2414 2130 2636 2195 haberi
2693 2148 2821 2193 non
2871 2129 3058 2201 valet,
3109 2136 3181 2191 ut
3227 2128 3357 2191 vita

285 2224 397 2298 siae,
426 2245 533 2307 per
576 2226 876 2291 Ordinem
924 2227 1334 2309 dispensatur
1378 2236 1443 2291 et
1487 2227 1746 2291 exhibe·
1855 2230 2138 2292 humana
2175 2230 2313 2293 sinc
2351 2229 2697 2293 refectione
2730 2246 2745 2291 :
2779 2236 2844 2291 et
2886 2228 3008 2291 hoc
3049 2225 3358 2309 simplici·

1856 2335 1953 2391 ter
1982 2328 2414 2391 necessarium
2455 2335 2568 2391 est.
2605 2327 2918 2403 Secundo,
2950 2326 3014 2389 id
3051 2327 3190 2389 sine
3230 2343 3356 2407 quo

1854 2426 2009 2489 finis
2039 2426 2492 2489 convenienter
2523 2445 2646 2489 non
2676 2425 2990 2489 obtinetur
3019 2442 3132 2487 seu
3159 2424 3353 2499 adest,

1855 2525 2396 2606 quemadmodum
2443 2544 2647 2608 equus
2689 2522 3086 2587 necessarius
3133 2528 3230 2585 est
3275 2521 3355 2584 ad

1855 2623 1977 2686 iter
2012 2624 2226 2704 agenti
2263 2630 2373 2686 aut
2414 2622 2780 2705 properanti
2815 2639 2828 2683 :
2863 2629 2929 2685 et
2965 2622 3086 2685 hoc
3125 2626 3222 2683 est
3249 2638 3355 2683 nc·

278 2715 473 2798 sicque
518 2718 783 2782 Sanctus
843 2718 955 2782 ille
1014 2720 1081 2781 in
1140 2721 1557 2783 sacramentis
1614 2740 1743 2783 ma·
1854 2720 2202 2783 cessarium
2261 2720 2616 2783 secundum
2673 2719 2846 2802 quid.
2899 2717 3109 2782 Primo
3167 2716 3356 2781 modo

276 2812 357 2893 gis
384 2814 797 2879 consideravit
825 2816 1295 2880 ordinationem
1326 2825 1639 2901 quantum
1664 2819 1742 2881 ad
1852 2819 1976 2881 tria
2014 2826 2409 2882 sacramenta
2449 2818 2806 2881 necessaria
2849 2826 3020 2893 sunt,
3051 2816 3179 2880 duo
3217 2815 3355 2899 qui-

274 2910 725 2993 dispositionem
756 2932 871 2977 seu
899 2914 1535 2991 administrationem,
1552 2935 1745 2998 quam
1856 2918 2003 2979 dem
2052 2916 2485 2999 singularibus
2533 2917 2822 2999 personis
2857 2933 2870 2978 :
2905 2915 3113 2997 primo
3155 2914 3358 2997 Bapti-

276 3018 554 3089 quantum
614 3012 697 3074 ad
754 3011 1084 3076 effectum.
1148 3013 1293 3077 Haec
1349 3014 1621 3077 Thomas
1679 3014 1743 3077 in
1780 3021 1824 3085 c
1856 3034 2033 3077 smus
2084 3014 2395 3088 absolute,
2449 3015 2504 3077 si
2557 3014 2722 3077 adsit
2777 3012 3080 3093 facultas3
3131 3030 3355 3076 secun-

278 3106 513 3192 Scripto.
1856 3113 1958 3188 do,
1999 3113 2378 3178 Poenitentia
2416 3120 2559 3196 post
2600 3111 3159 3192 recidivationem3
3191 3111 3356 3176 Ordo

342 3207 497 3272 Idem
539 3210 605 3272 in
646 3210 835 3274 tertia
873 3219 1073 3294 parte,
1105 3212 1455 3295 quaestione
1491 3231 1744 3296 sexage-
1856 3220 2070 3276 autem
2113 3211 2232 3275 toti
2276 3211 2594 3276 Ecclesiae.
2628 3211 2768 3275 Alia
2814 3219 3208 3274 sacramenta
3250 3229 3356 3273 ne-

278 3305 414 3369 sima
451 3308 697 3391 quinta,
730 3310 845 3372 ubi
893 3311 973 3373 de
1022 3311 1495 3393 comparatione
1540 3331 1749 3374 sacra-

280 3414 609 3470 mentorum
655 3409 737 3470 ad
784 3409 1065 3472 invicem
1115 3409 1293 3473 addit
1341 3426 1356 3471 ε
1400 3409 1746 3492 Loquendo

278 3501 645 3586 simpliciter,
664 3506 1065 3570 Eucharistia
1092 3514 1189 3570 est
1217 3507 1626 3589 potissimum
1654 3528 1748 3572 sa-

277 3611 735 3666 cramentorum.
772 3603 1004 3679 Primo,
1038 3605 1189 3686 quia
1236 3605 1303 3666 in
1341 3622 1418 3668 co
1460 3605 1745 3669 Christus

277 3697 747 3764 substantialiter
774 3701 1159 3778 continetur,
1189 3721 1228 3765 a
1257 3721 1385 3784 quo
1415 3711 1622 3766 cetera
1652 3724 1745 3767 sa-

275 3807 565 3864 cramenta
601 3820 788 3865 suam
828 3801 1188 3864 efficaciam
1235 3803 1606 3865 sortiuntur.
1643 3804 1747 3868 Se-

276 3897 477 3972 cundo,
534 3899 691 3981 quia
744 3899 826 3963 ad
883 3918 1023 3963 eam
1080 3907 1295 3964 cetera
1350 3909 1744 3965 sacramenta

273 3993 615 4059 ordinantur
640 4004 949 4080 tanquam
976 3998 1057 4060 ad
1091 4017 1418 4062 summum
1458 3999 1523 4062 in
1554 4019 1741 4082 gene-

286 2329 391 2383 tur.
436 2324 877 2389 Verumtamen
937 2326 997 2389 S.
1050 2325 1387 2409 Dionysius
1448 2326 1612 2391 libro
1666 2326 1746 2389 de

188 2452 219 2479 v.
284 2420 691 2486 Ecclesiastica
734 2424 1113 2499 hierarchia,
1160 2432 1304 2507 post
1348 2424 1744 2507 Baptismum

284 2519 615 2585 immediate
642 2522 896 2585 ordinat
923 2522 1410 2599 Eucharistiam,
1444 2525 1595 2607 quia
1624 2524 1744 2587 Eu-

279 2618 547 2682 charistia
600 2620 937 2703 baptizatis
993 2622 1229 2684 adultis
1286 2640 1433 2686 mox
1488 2624 1675 2686 datur
1726 2640 1740 2686 :

1857 3310 2131 3374 cessaria
2170 3309 2485 3373 exsistunt
2523 3310 2805 3374 secundo
2843 3311 3031 3373 modo
3065 3327 3080 3372 ε
3114 3307 3356 3374 Confir-

1856 3409 2051 3472 matio
2080 3426 2358 3490 namquc
2389 3407 2646 3490 perficit
2671 3407 3106 3491 Baptismum3
3138 3407 3354 3470 Extre-

1859 3526 1963 3570 ma
1990 3506 2705 3580 Unctio,Poenitentiam.
2719 3505 3179 3570 Matrimonium
3211 3522 3358 3568 vero

1857 3611 2190 3668 conservat
2218 3603 2516 3668 Ecclesiae
2553 3604 3028 3669 multitudinem
3069 3623 3183 3687 per
3211 3622 3354 3687 pro-

1856 3703 2277 3786 pagationem.
2313 3702 2457 3765 Haec
2487 3702 2676 3765 idem.
2708 3739 2791 3748 —
2817 3703 2886 3765 In
2926 3702 3027 3766 his
3065 3702 3352 3766 doctores

1856 3801 2286 3866 communiter
2326 3801 2478 3864 satis
2521 3800 2924 3864 concordant.

326 4189 337 4202 ·
2307 4117 2782 4194 QUAESTIO
2847 4117 2909 4179 V

274 4195 407 4251 stica
440 4191 797 4255 hierarchia
834 4199 1119 4256 testatur.
1155 4193 1387 4270 Tertio,
1419 4202 1591 4277 patet
1620 4197 1740 4260 hoc
1770 4197 1821 4260 D

272 4302 337 4347 ex
374 4288 493 4352 ritu
540 4291 1105 4354 sacramentorum.
1140 4291 1297 4355 Nam
1347 4292 1479 4355 fere
1526 4294 1741 4356 omnia

272 4395 634 4451 sacramenta
661 4388 727 4451 in
758 4387 1155 4452 Eucharistia
1184 4399 1737 4455 consummantur:

272 4499 395 4546 nam
428 4494 489 4548 et
528 4485 829 4569 baptizati
865 4487 1067 4549 adulti
1109 4494 1175 4550 et
1213 4487 1485 4551 ordinati
1524 4489 1737 4553 statim

273 4584 735 4648 communicant.
767 4585 960 4648 Porro
1000 4584 1273 4648 aliorum
1316 4596 1738 4652 sacramento·

274 4696 391 4742 rum
439 4683 825 4766 comparatio
874 4690 1097 4746 mutua
1145 4683 1589 4768 multipliciter
1635 4706 1737 4749 su·

276 4776 457 4842 mitur.
506 4782 667 4845 Nam
715 4783 1070 4845 secundum
1118 4782 1289 4846 viam
1341 4784 1737 4848 necessitatis

274 4872 599 4959 Baptismus
638 4888 738 4943 est
774 4888 1242 4944 sacramentum
1284 4881 1734 4964 potissimum3

274 4969 325 5034 in
363 4975 457 5040 via
490 4997 645 5043 vero
683 4979 1119 5062 perfectioniS‚
1151 4978 1333 5042 Ordo.
1368 4979 1736 5042 Sacramen-

1993 4393 2180 4456 Uinto
2211 4393 2536 4475 quaeritur,
2571 4393 2703 4460 An
2739 4392 3186 4474 baptismus
3213 4397 3346 4464 Jo-

1853 4390 1985 4591 Q
2021 4490 2253 4558 annis
2299 4489 2456 4558 fuit
2502 4493 3093 4559 sacramentum
3136 4493 3345 4562 suffl-

1847 4589 2067 4655 ciens
2106 4589 2211 4655 ad
2250 4589 2615 4656 salutem.

1926 4687 1993 4749 In
2028 4704 2156 4768 qua
2183 4686 2534 4768 quaestione
2575 4686 2776 4750 multa
2812 4687 3250 4764 includuntur,
3283 4697 3347 4752 et

1847 4786 2057 4867 primo
2095 4785 2160 4847 in
2207 4804 2282 4848 ea
2323 4785 2728 4867 supponitur,
2761 4787 2932 4869 quod
2973 4786 3099 4849 fuit
3139 4807 3343 4851 sacra-

1846 4871 2355 4946 mentum.‘Circa
2382 4884 2551 4964 quod
2579 4883 2668 4946 ait
2695 4883 2989 4964 Magister
3018 4885 3083 4946 in
3116 4884 3341 4960 littera,
3374 4900 3440 4955 cr.
3461 4915 3502 4956 p.
3523 4899 3631 4944 aon

1845 4981 2014 5064 quod
2059 4989 2322 5044 vocatur
2364 4988 2427 5044 ct
2470 4980 2593 5044 fuit
2646 4987 3114 5044 sacramentum
3160 4982 3343 5064 juxta

274 5075 385 5135 tum
422 5095 569 5142 vero
610 5077 1127 5142 confirmationis
1172 5097 1241 5141 se
1286 5077 1477 5142 habet
1521 5078 1735 5142 medio
1844 5080 2105 5142 modum
2149 5098 2276 5162 quo
2313 5079 2468 5142 olim
2509 5079 2573 5142 in
2615 5078 2752 5160 lege
2792 5078 3007 5161 aliqua
3044 5079 3341 5144 diceban—

275 5172 447 5235 modo.
480 5175 601 5238 Sed
641 5183 1037 5237 sacramenta
1076 5177 1467 5242 Poenitentiae
1510 5185 1574 5241 et
1616 5177 1733 5240 Ex·
1844 5184 1947 5239 tur
1996 5184 2408 5241 sacramenta.
2443 5177 2520 5240 Et
2566 5177 2736 5259 quod
2779 5194 2904 5240 non
2955 5175 3215 5240 suffecit
3261 5179 3340 5241 ad

272 5271 457 5335 tremae
492 5272 823 5336 Unctionis
865 5279 1017 5335 sunt
1056 5273 1377 5338 inferioris
1422 5277 1653 5357 gradus
1696 5295 1733 5340 a
1840 5276 2133 5352 salutem,
2169 5275 2543 5350 ostenditur,
2569 5275 2869 5357 quoniam
2901 5274 3200 5358 baptizati
3229 5275 3340 5340 illo
