4267 6250
847 474 969 542 392
1499 492 1566 539 m
1603 491 1828 539 unam!
1866 491 1929 537 ιν
1969 487 2451 537 samm-mum
2491 504 2574 517 —
2611 488 2769 535 msr.
2809 487 2933 551 xv;
2974 487 3198 545 ousssr.
3244 488 3315 535 ιιι

851 664 973 729 Sed
1005 664 1059 727 si
1099 664 1364 747 impleat
1401 682 1542 728 eam
1581 660 1938 726 voluntarie
1977 668 2155 723 extra
2191 658 2349 722 cari·
2377 657 2428 721 A
2458 676 2689 722 norum
2720 666 3082 722 nostrorum
3122 676 3249 722 non
3288 664 3490 740 egeat,
3520 675 3717 739 opera
3753 656 3957 719 homi-

848 770 1068 838 tatem,
1102 762 1292 826 solvit
1335 780 1614 846 poenam,
1646 779 1773 824 non
1813 766 2026 823 autem
2069 764 2351 821 meretur
2458 758 2559 821 nis
2588 776 2715 821 non
2746 765 3033 840 acceptat
3062 765 3357 842 tanquam
3384 755 3955 829 satisfactoria,nisi

849 860 1136 943 gratiam.
1158 861 1235 924 Et
1262 861 1330 923 in
1362 860 1572 943 primo
1599 866 1697 922 est
1723 856 2072 922 satisfactio
2101 855 2350 938 simpli·
2456 863 2747 939 acceptet
2790 864 3180 939 operantem.
3214 857 3473 939 Propter
3518 855 3688 938 quod
3732 855 3801 917 in
3844 854 3957 918 Ge·

850 958 1031 1034 citer,
1063 959 1214 1042 quia
1255 958 1674 1023 reconcilians
1718 965 1782 1020 et
1818 956 2110 1039 placans;
2143 955 2211 1017 in
2254 972 2349 1017 se·
2459 956 2597 1018 nesi
2626 956 2931 1018 asseritur
2964 973 2979 1017 ε
3010 955 3310 1039 Respexit
3343 954 3651 1018 Dominus
3686 954 3768 1016 ad
3798 952 3955 1016 Abel
3986 968 4233 1019 σει-,ινφ

550 3034 816 3091 Ερήω.ιι,2.

581 5301 662 5346 Pa.
676 5314 746 5356 xv,
760 5303 802 5346 2.

851 1057 1061 1120 cundo
1098 1064 1196 1120 est
1233 1056 1601 1131 satisfactio,
1635 1056 1785 1137 quia
1820 1053 2179 1117 voluntaria
2215 1052 2352 1114 red-

851 1156 1029 1229 ditio,
1063 1156 1172 1218 sed
1204 1173 1322 1218 nec
1352 1154 1796 1227 reconcilians,
1829 1170 2037 1234 neque
2067 1151 2345 1234 placans.

851 1252 930 1316 Et
983 1252 1038 1315 si
1097 1272 1344 1335 arguas,
1395 1252 1638 1315 Mortua
1693 1257 1810 1325 est,
1862 1268 2015 1331 ergo
2070 1268 2199 1313 non
2256 1256 2354 1311 est

851 1349 1236 1430 satisfacti03
1286 1367 1413 1413 non
1469 1348 1778 1432 sequitur,
1830 1348 1956 1410 nisi
2004 1348 2174 1430 quod
2222 1364 2351 1409 non

850 1456 948 1511 est
985 1447 1334 1511 satisfactio
1370 1447 1652 1531 placanS,
1686 1464 1894 1528 neque
1930 1445 2351 1509 reconcilians

852 1547 918 1609 in
962 1546 1331 1610 amicitiam.
1368 1546 1444 1608 Et
1479 1546 1537 1608 si
1580 1545 1848 1619 dicatur,
1881 1544 2045 1625 Ergo
2087 1561 2215 1606 non
2256 1549 2354 1606 est

849 1644 1202 1709 satisfactio
1213 1662 1232 1725 ;
1265 1662 1393 1708 non
1423 1644 1728 1726 sequitur,
1749 1643 2052 1725 quoniam
2085 1640 2351 1715 sufficit,

849 1744 979 1807 Deo
1009 1743 1364 1807 voluntarie
1395 1743 1641 1807 solvere
1672 1760 1928 1825 poenam
1960 1740 2244 1804 debitam
2271 1740 2351 1803 ad

851 1842 1253 1925 punitionem
1283 1842 1528 1924 peccati
1559 1840 1907 1905 commissi.
1930 1875 2011 1885 —
2030 1839 2175 1902 Haec
2205 1838 2351 1902 Sco·
2388 1835 2436 1898 B

849 1948 973 2003 tus.
1028 1940 1224 2022 Cujus
1272 1940 1492 2022 opinio
1549 1938 2096 2022 praeallegatorum
2142 1937 2355 1999 docto-

849 2058 993 2102 rum
1039 2038 1338 2102 concordi
1390 2037 1738 2101 assertione
1785 2044 1851 2099 et
1897 2035 2141 2099 ratione
2198 2034 2353 2097 satis

850 2135 1168 2200 confutari
1211 2136 1483 2200 videtur.

930 2235 1107 2299 Unde
1158 2241 1224 2297 et
1270 2232 1754 2315 Argentinensis
1804 2232 2084 2314 loquitur
2134 2238 2354 2294 contra

849 2351 991 2395 eam
1027 2332 1298 2395 :Nullus
1343 2331 1536 2394 homo
1579 2349 1801 2393 carens
1848 2330 2048 2411 gratia
2092 2336 2156 2391 et
2198 2329 2354 2391 cari-

849 2437 998 2505 tate,
1054 2437 1263 2513 potest
1318 2431 1448 2494 Deo
1505 2428 1870 2492 satisfacere
1927 2429 2007 2491 de
2063 2436 2348 2510 peccato,

847 2528 1152 2611 quoniam
1181 2546 1375 2611 opera
1402 2527 1683 2591 hominis
1711 2527 1857 2589 talis
1887 2544 2014 2591 non
2045 2534 2194 2589 sunt
2222 2526 2351 2589 Deo

844 2634 1042 2707 grata,
1075 2635 1337 2709 accepta
1375 2645 1490 2689 seu
1539 2645 1700 2689 cara.
1745 2624 1994 2688 Etenim
2045 2624 2350 2687 inimicus

847 2742 976 2787 non
1014 2724 1335 2807 gratificat
1373 2743 1492 2787 nec
1531 2732 1820 2807 acceptat
1860 2742 2021 2807 opus
2061 2723 2346 2802 inimici3

847 2824 959 2887 sed
1004 2823 1198 2887 homo
1236 2824 1376 2887 sine
1415 2822 1695 2898 caritate,
1732 2822 2032 2885 inimicus
2074 2829 2173 2885 est
2210 2822 2345 2897 Dei,

847 2928 913 2983 et
942 2922 1035 2983 ira
1063 2929 1158 2985 est
1188 2921 1524 2984 actualiter
1553 2929 1772 2983 contra
1809 2939 1959 2983 eum
1995 2937 2009 2982 ε
2042 2920 2347 3002 quoniam

845 3037 1069 3083 omnes
1117 3019 1444 3082 nascimur
1497 3025 1723 3081 natura
1769 3016 1891 3079 filii
1951 3017 2080 3092 irae,
2134 3024 2205 3079 ut
2261 3017 2349 3080 ait
2381 3017 2426 3083 C
2456 3028 2527 3081 ut
2580 3019 2671 3081 ait
2725 3019 3048 3102 apostolus
3105 3018 3399 3093 Jacobus,
3458 3018 3689 3081 caritas
3744 3020 3962 3102 operit
4020 3039 4165 3082 Jacob.
4190 3053 4227 3087 v,

846 3117 1209 3201 Apostolus.
1258 3117 1397 3181 Non
1453 3125 1666 3181 autem
1718 3135 2059 3200 possumus
2105 3115 2350 3180 satisfa-

847 3235 993 3280 cere
1041 3217 1191 3292 Deo,
1225 3216 1350 3278 nisi
1397 3216 1464 3278 in
1515 3222 1827 3298 quantum
1875 3215 2014 3298 ipse
2059 3223 2349 3298 acceptat

843 3323 1038 3398 atque
1062 3313 1383 3396 gratificat
1422 3313 1746 3377 modicum
1787 3313 1946 3376 illud
1986 3315 2155 3396 quod
2194 3312 2346 3376 faci-

845 3433 1008 3478 muS.
1040 3415 1365 3487 Praeterea,
1389 3412 1732 3476 deficiente
1761 3431 1913 3476 vera
1941 3413 2344 3488 contritione,

843 3529 971 3574 non
1013 3517 1222 3593 potest
1258 3509 1608 3573 satisfactio
1647 3509 1862 3572 debita
1899 3509 2066 3572 fieri.
2102 3509 2346 3572 Contri-

841 3609 935 3673 tio
969 3617 1184 3672 autem
1217 3608 1540 3671 caritatem
1583 3608 1855 3690 requirit
1885 3625 1900 3670 ε
1936 3607 2066 3671 imo
2103 3609 2349 3673 satisfa-

845 3707 974 3770 ctio
1003 3723 1130 3770 non
1171 3706 1386 3770 minus
1425 3705 1866 3788 praesupponit
1898 3707 2347 3770 contritionem

845 3824 1038 3889 quam
1069 3804 1403 3879 confessio,
1419 3823 1616 3886 quum
1643 3812 1772 3867 tres
1799 3805 1931 3867 sint
1958 3805 2349 3887 poenitentiae

848 3911 1082 3988 partes,
1133 3923 1276 3987 quae
1323 3911 1475 3966 sunt
1522 3903 1840 3977 contritio,
1881 3903 2221 3979 confessi0,
2254 3923 2349 3967 sa-

845 4001 1164 4082 tisfacti03
1198 4009 1262 4064 et
1290 4002 1552 4065 tertium
1581 4018 1711 4064 non
1741 4001 1956 4065 minus
1988 4021 2351 4085 praesuppo-

845 4102 942 4164 nit
1001 4101 1284 4184 primum
1341 4119 1532 4183 quam
1592 4100 1969 4163 secundum.
2023 4098 2351 4164 Confessio

2460 1060 2525 1118 et
2549 1055 2630 1117 ad
2663 1072 2927 1117 munera
2964 1053 3125 1135 ejus.
3159 1054 3327 1117 Deus
3362 1061 3577 1116 autem
3616 1070 3747 1115 non
3783 1070 3960 1115 acce-

2459 1158 2595 1235 ptat
2627 1151 2950 1215 hominem
2981 1152 3391 1215 exsistentem
3422 1152 3489 1214 in
3518 1158 3781 1234 peccato
3806 1168 3964 1213 morb

2460 1250 2591 1313 tali.
2626 1250 2769 1313 Haec
2812 1249 3181 1314 Richardus.
3213 1286 3295 1297 —
3325 1251 3401 1312 Et
3447 1249 3750 1324 breviter,
3776 1249 3963 1329 juxta

2461 1347 2830 1432 praehabita,
2864 1348 2985 1411 hoc
3028 1356 3125 1411 est
3164 1356 3385 1411 contra
3422 1346 3959 1429 significationem

2461 1455 2526 1510 et
2572 1446 2884 1510 rationem
2942 1445 3415 1522 satisfactionis,
3466 1446 3637 1528 quod
3694 1462 3825 1507 non
3880 1444 3963 1507 sit

2464 1545 2721 1628 placans
2762 1562 2881 1607 nec
2920 1544 3267 1609 amicitiam
3312 1564 3635 1627 reparans,

2883 1858 3353 1935 QUAESTIO
3418 1860 3543 1924 III

2604 2133 2871 2198 Uaeritur
2896 2151 3159 2216 quoque,
3172 2134 3303 2200 An
3332 2132 3962 2202 satisfactionem

2630 2234 2993 2315 oporteat
3020 2232 3198 2299 fieri
3236 2247 3378 2314 per
3415 2246 3655 2313 opera
3692 2246 3963 2313 poena-

2458 2332 2605 2413 11a;
2621 2333 2705 2398 et
2730 2332 3004 2397 utrum
3027 2332 3315 2398 cuncta
3343 2330 3689 2411 poenalia
3714 2332 3801 2397 et
3826 2332 3961 2398 ad-

2458 2445 2694 2498 versa
2734 2444 2909 2512 quae
2950 2430 3209 2497 servis
3253 2430 3400 2496 Dei
3446 2429 3961 2511 contingunt,

2457 2529 2624 2595 sint
2657 2527 3199 2595 satisfactoria
3225 2529 3365 2609 eis,
3394 2529 3466 2593 si
3494 2526 3959 2608 aequanimi-

2456 2629 2581 2693 ter
2608 2628 3087 2707 tolerentur3
3113 2641 3207 2693 ao
3233 2640 3409 2707 quae
3446 2627 3530 2693 et
3558 2627 3757 2707 quot
3792 2628 3965 2693 sint

2456 2724 2990 2793 satisiaotorta
3030 2738 3292 2807 opera.

2540 2824 2801 2887 Videtur
2840 2823 3011 2906 quod
3050 2841 3177 2886 non
3216 2828 3503 2905 oporteat
3542 2839 3739 2905 opera
3779 2822 3963 2885 satis-

2456 2920 2720 2985 factoria
2748 2940 2887 2984 esse
2919 2920 3253 2994 laboriosa,
3280 2920 3457 2995 dura,
3482 2920 3781 3003 poenalia‚
3804 2922 3961 3004 quia

2456 3117 2930 3182 multitudinem
2962 3125 3386 3201 peccatorum.
3404 3116 3641 3182 Caritas
3670 3137 3822 3201 ergo
3852 3138 3963 3202 po·
3988 3104 4055 3146 ²⁰·

2454 3217 2700 3280 tissime
2730 3215 3116 3280 satisfactiva
3146 3223 3263 3292 est,
3281 3236 3423 3299 quae
3452 3217 3645 3280 etiam
3676 3218 3961 3282 maxime

2456 3315 2663 3397 placat
2699 3312 3044 3377 offensum.
3078 3350 3160 3361 —
3186 3314 3500 3390 Secundo,
3532 3323 3771 3397 quanto
3808 3333 3962 3398 ope-

2458 3431 2525 3475 ra
2552 3412 2971 3476 satisfactoria
2998 3431 3076 3475 ex
3108 3412 3337 3493 majori
3366 3413 3635 3476 veniunt
3670 3413 3957 3490 caritate,

2455 3519 2631 3576 tanto
2678 3519 2828 3575 sunt
2872 3511 3369 3586 delectabiliora,
3406 3519 3470 3574 et
3514 3513 3709 3574 etiam
3752 3513 3959 3594 magis

2456 3608 2895 3684 satisfactoria,
2928 3609 3530 3692 reconciliativaque
3576 3611 3708 3673 Deo
3748 3627 3763 3673 ε
3804 3612 3962 3693 quia

2457 3716 2528 3770 ut
2575 3707 2819 3771 dictum
2866 3715 2984 3782 est,
3036 3708 3175 3770 sine
3222 3709 3482 3771 caritate
3538 3707 3961 3772 satisfactoria

2456 3825 2597 3870 esse
2639 3823 2767 3870 non
2810 3807 3043 3870 valent.

2538 3907 2805 3988 Insuper
2834 3905 3087 3968 videtur
3128 3905 3297 3987 quod
3333 3906 3598 3968 adversa
3634 3912 3698 3968 et
3732 3924 3965 3988 aspera

2460 4020 2587 4067 non
2622 4005 2753 4066 sint
2789 4002 3230 4078 satisfactoria,
3263 4002 3567 4085 quoniam
3606 4006 3963 4085 promereri

2460 4101 2751 4166 consistit
2798 4102 2862 4164 in
2909 4102 3179 4176 actione,
3212 4119 3343 4164 non
3390 4101 3457 4164 in
3506 4101 3842 4184 passione;
3876 4111 3967 4166 at-

846 4205 1062 4262 autem
1094 4199 1234 4260 sine
1265 4197 1646 4261 contritione
1675 4214 1805 4262 non
1834 4197 2020 4260 valet.
2033 4197 2345 4281 Amplius„
2376 4199 2427 4262 D
2461 4219 2585 4284 que
2617 4200 2683 4262 in
2721 4199 2822 4262 his
2862 4219 3004 4282 quae
3032 4199 3390 4263 voluntarie
3423 4200 3693 4282 agimus,
3727 4217 3857 4263 non
3896 4201 3961 4263 in

848 4295 930 4358 ab
968 4296 1190 4359 eadem
1233 4295 1445 4358 radice
1482 4296 1838 4378 procedunt
1874 4312 2066 4378 opera
2103 4296 2347 4359 satisfa-

849 4395 1049 4458 ctoria
1091 4403 1155 4457 et
1194 4393 1557 4474 meritoria3
1589 4394 1699 4456 sed
1738 4393 1877 4456 sine
1917 4394 2179 4457 caritate
2219 4414 2348 4458 me-

849 4492 974 4556 reri
1016 4509 1144 4555 non
1184 4509 1526 4574 possumus
1560 4509 1574 4554 ε
1607 4509 1758 4574 ergo
1801 4511 1919 4555 nec
1959 4492 2343 4556 satisfacere.

847 4627 930 4640 —
949 4591 1092 4656 Haec
1120 4589 1748 4673 Argentinensis,qui
1777 4588 2177 4656 defensorem
2210 4609 2350 4655 con-

849 4689 1060 4754 trariae
1119 4689 1452 4772 positionis
1504 4687 1786 4752 insinuat
1831 4707 1971 4752 esse
2019 4689 2086 4753 in
2130 4691 2348 4774 aliquo

853 4789 1238 4852 imitatorem
1285 4787 1599 4869 pelagiani
1651 4788 1885 4851 erroris
1941 4806 2014 4851 ac
2061 4789 2344 4865 haeresiS,

849 4887 1190 4952 asserentis
1232 4887 1559 4950 hominem
1603 4906 1681 4951 ex
1725 4886 1906 4970 puris
1953 4889 2347 4953 naturalibus

852 4985 1082 5050 mereri
1125 5005 1200 5050 ac
1241 4984 1606 5050 satisfacere
1647 5003 1852 5067 posse.
2190 5069 2197 5075 .

928 5085 1104 5149 Unde
1133 5093 1200 5148 et
1227 5084 1576 5148 Richardus
1610 5083 1913 5148 disseruit
1935 5103 1950 5146 ε
1972 5084 2109 5148 Non
2140 5093 2349 5167 potest

849 5185 994 5248 fieri
1043 5184 1391 5248 satisfactio
1441 5202 1557 5266 per
1601 5201 1796 5267 opera
1851 5203 1993 5267 quae
2051 5183 2221 5247 fiunt
2278 5185 2344 5248 in

849 5291 1112 5367 peccato
1153 5282 1422 5347 mortali.
1459 5282 1624 5346 Deus
1667 5300 1943 5364 namque
1987 5302 2189 5366 quum
2233 5283 2341 5347 bo-

2458 4299 2560 4362 his
2591 4317 2733 4381 quae
2762 4296 3119 4362 necessario
3148 4297 3563 4374 sustinemus,
3586 4307 3652 4361 et
3678 4318 3821 4382 quae
3852 4299 3963 4363 bo-

2459 4397 2559 4459 nis
2606 4416 2678 4460 ac
2728 4397 2913 4460 malis
2960 4395 3327 4459 communia
3374 4404 3544 4472 sunt,
3592 4397 3961 4479 cujusmodi

2458 4502 2608 4558 sunt
2648 4493 2904 4576 flagella
2944 4513 3087 4577 quae
3126 4494 3425 4558 accidunt
3466 4495 3669 4558 nobis.

2538 4593 2802 4657 Videtur
2830 4611 3085 4675 quoque
3116 4594 3286 4676 quod
3319 4611 3512 4676 opera
3538 4593 3963 4656 satisfactoria

2459 4709 2588 4755 non
2618 4691 2825 4754 solum
2856 4690 2986 4754 sint
3014 4689 3137 4753 tria
3165 4691 3321 4766 haec,
3354 4691 3576 4763 oratio,
3609 4691 3961 4776 eleemosy-

2458 4810 2561 4864 na,
2590 4789 2934 4872 Jejunium.
2968 4788 3125 4853 Nam
3170 4788 3733 4873 peregrinationes,
3765 4789 3961 4854 disci-

2458 4889 2673 4971 plinae,
2708 4887 2963 4969 vigiliae,
2998 4895 3147 4952 sunt
3184 4887 3647 4950 satisfactiones
3677 4906 3793 4969 pro
3818 4889 3959 4951 cul-

2458 4988 2581 5070 piS,
2625 4987 3164 5070 quemadmodum
3214 4986 3334 5048 tria
3380 4985 3537 5049 illa:
3572 4985 3702 5049 imo
3749 5006 3955 5068 quum

2456 5087 2657 5149 oratio
2686 5086 2770 5148 sit
2796 5092 2974 5148 actus
3004 5083 3353 5166 spiritualis
3381 5084 3589 5147 dulcis
3616 5103 3692 5147 ac
3718 5085 3953 5150 animae

2454 5184 2820 5259 refectivuS,
2867 5185 2933 5246 in
2980 5191 3230 5246 tantum
3278 5190 3349 5245 ut
3391 5183 3449 5246 S.
3494 5183 3765 5247 Jacobus
3810 5202 3955 5266 pro-

2451 5289 2739 5359 testetur,
2788 5283 3097 5345 Tristatur
3150 5282 3385 5364 aliquis
3439 5287 3767 5346 vestrum?
3812 5291 3953 5348 oret
4002 5297 4104 5342 tm.
4128 5297 4185 5337 η.
