4267 6250
444 2446 643 2503 capam
655 2445 711 2490 c·.

453 3827 522 3884 Cf.
533 3829 652 3883 938¹
666 3827 714 3872 C.

451 4717 645 4774 Cfip.232
659 4717 715 4763 B'.

735 463 857 530 326

1395 488 1460 536 m
1500 488 1722 536 Lummt
1762 489 1826 534 lv
1867 487 2353 536 smmmnmt.
2392 503 2474 518 -··
2514 488 2668 535 msr.
2707 486 2835 551 1113
2878 488 3104 544 QUAEST.
3142 487 3187 534 11

733 661 886 719 ante
911 657 1213 722 ultimum
1256 659 1498 724 instans
1536 658 1962 742 corruptionis
1999 657 2240 742 specie·
2269 660 2320 723 A
2350 666 2619 740 partem,
2654 658 2777 722 nisi
2810 677 3043 741 corpus
3073 658 3305 724 Christi
3343 664 3753 722 convertatur
3784 656 3867 718 in

739 775 907 832 rum,
941 775 1066 820 non
1098 766 1232 821 erat
1262 759 1328 821 in
1361 759 1470 822 illo
1510 758 1670 833 1000,
1706 758 1856 840 quia
1893 757 1987 820 sic
2024 756 2241 820 subin-

739 863 966 918 trasset
1000 856 1431 920 dimensiones
1473 857 1594 920 sub
1634 856 1870 939 quibus
1910 855 2033 918 fuit
2063 854 2239 918 Chri-

739 953 819 1016 sti
851 971 1114 1036 corpus;
1133 974 1251 1018 nec
1281 955 1657 1018 movebatur
1681 955 1761 1017 ad
1793 953 2006 1017 locum
2039 953 2237 1026 illum,

743 1051 873 1114 imo
918 1051 1182 1115 forsitan
1226 1052 1351 1114 ruit
1397 1053 1670 1135 quietus.
1711 1052 1884 1115 Unde
1927 1052 2237 1134 sequitur,

740 1150 911 1232 quod
942 1158 1110 1212 totus
1152 1160 1362 1214 motus
1403 1151 1621 1214 localis
1650 1150 1816 1213 aeris
1855 1156 1919 1212 et
1953 1149 2242 1212 alteratio

743 1249 906 1329 ejus,
940 1255 1004 1311 et
1058 1250 1380 1331 corruptio
1427 1268 1500 1312 ac
1547 1247 1872 1331 generatio
1921 1249 2237 1311 vermium

742 1355 854 1408 aut
902 1347 1157 1422 cineris,
1205 1347 1287 1410 sit
1337 1347 1402 1410 in
1449 1348 1672 1411 eodem
1723 1347 1985 1410 instanti
2021 1364 2035 1408 :
2069 1346 2240 1429 quod

741 1453 840 1507 est
869 1445 1286 1528 impossibile.
1320 1446 1582 1520 Rursus,
1617 1445 1785 1508 idem
1816 1444 2153 1518 accideret,
2187 1444 2241 1506 si

741 1560 972 1624 corpus
1023 1543 1253 1607 Christi
1298 1551 1782 1607 conservaretur
1831 1543 1996 1605 intra
2041 1543 2241 1605 solida

741 1659 1024 1724 corpora.
1060 1642 1234 1704 Idem
1284 1659 1539 1724 quoque
1588 1648 1801 1724 posset
1843 1640 2154 1714 accidere,
2188 1640 2241 1702 si

741 1757 972 1822 corpus
1015 1739 1246 1803 Christi
1293 1739 1358 1802 in
1405 1758 1634 1821 magna
1674 1739 2026 1822 quantitate
2075 1746 2243 1801 esset

2349 756 2768 820 substantiam
2815 758 2996 840 panis
3032 775 3045 820 ε
3080 759 3248 840 quod
3288 765 3382 820 est
3422 755 3860 838 impossibile.

2350 855 2413 918 Si
2460 863 2673 918 autem
2716 855 3067 918 substantia
3115 857 3298 938 panis
3344 855 3552 918 redire
3601 855 3870 916 dicatur

2352 971 2479 1016 non
2538 955 2759 1017 eadem
2818 972 3107 1028 numero,
3168 955 3278 1017 sed
3338 953 3574 1036 specie,
3634 953 3867 1015 dicere

2350 1051 2692 1134 oportebit,
2727 1052 2894 1134 quod
2940 1053 3049 1115 illa
3088 1052 3213 1114 alia
3256 1052 3519 1115 materia
3560 1052 3639 1114 de
3681 1069 3865 1114 novo

2351 1157 2621 1212 creetur.
2656 1150 2733 1211 Et
2761 1149 2923 1213 forte
2956 1150 3074 1214 hoc
3106 1151 3578 1224 intellexerunt,
3610 1149 3721 1232 qui
3754 1149 3861 1211 di-

2353 1255 2582 1310 xerunt
2628 1246 3048 1310 substantiam
3097 1248 3280 1330 panis
3336 1247 3564 1310 redire.
3614 1247 3861 1330 Sicque

2352 1346 2503 1408 satis
2544 1345 2961 1427 probabiliter
2997 1365 3113 1429 per
3148 1347 3320 1409 hunc
3360 1346 3621 1408 modum
3660 1346 3861 1409 susti—

2352 1444 2489 1505 neri
2524 1449 2731 1525 potest
2762 1444 3001 1526 opinio,
3037 1451 3107 1505 ut
3136 1444 3383 1506 dicatur
3418 1444 3588 1527 quod
3616 1443 3694 1506 ad
3726 1444 3861 1506 hoc

2354 1542 2517 1605 Deus
2552 1543 2881 1605 materiam
2913 1550 3104 1617 creat,
3130 1561 3209 1606 ne
3240 1549 3705 1605 sacramentum
3741 1543 3862 1605 de-

2353 1639 2802 1721 prehendatur,
2826 1641 3045 1722 sicque
3075 1640 3102 1702 s
3106 1641 3239 1703 ides
3270 1641 3571 1703 meritum
3604 1641 3855 1723 perdat.

2352 1739 2479 1802 Nec
2510 1746 2722 1801 tamen
2756 1739 3020 1802 materia
3050 1738 3395 1821 corporalis
3426 1739 3493 1801 in
3527 1739 3861 1822 principio

741 1845 1202 1900 consecratum.
1256 1837 1384 1902 Nec
1436 1846 1606 1900 tanta
1663 1837 2028 1920 inspissatio
2075 1837 2241 1899 aeris
2277 1833 2325 1896 B
2354 1845 2563 1899 creata
2590 1843 2857 1918 augetur
2890 1855 2905 1899 :
2938 1838 3241 1920 quoniam
3270 1845 3579 1920 quantum
3611 1839 3691 1900 de
3724 1859 3862 1900 ma—

742 1944 956 2020 posset
985 1937 1065 1999 de
1095 1936 1269 1999 facili
1313 1937 1572 2001 evenire
1600 1937 1740 1999 sine
1778 1935 2068 1999 sensibili
2099 1935 2241 2016 ejus

743 2035 1205 2098 immutatione.

821 2131 982 2196 Hinc
1020 2132 1128 2195 alii
1168 2133 1414 2208 dicunt,
1449 2133 1618 2215 quod
1665 2140 2059 2196 sacramento
2099 2152 2240 2214 per-

741 2238 884 2293 acto
915 2231 1080 2294 redit
1119 2229 1476 2294 substantia
1506 2230 1686 2313 panis
1726 2230 1846 2293 sub
1876 2230 2237 2312 speciebuS,

743 2328 964 2411 sicque
992 2347 1069 2392 ex
1100 2347 1175 2392 ea
1202 2329 1354 2392 talia
1379 2336 1783 2410 generantur.
1819 2328 1939 2391 Sed
1972 2347 2090 2391 nec
2119 2329 2240 2391 hoc

741 2435 950 2511 potest
987 2435 1175 2502 stare,
1210 2428 1361 2510 quia
1397 2427 1704 2510 quamdiu
1743 2434 1840 2489 est
1880 2427 1967 2489 ibi
2009 2445 2241 2509 corpus

739 2526 996 2601 Christi,
1029 2543 1156 2588 non
1207 2525 1371 2588 redit
1419 2525 1774 2588 substantia
1823 2525 2006 2608 panis
2041 2543 2055 2587 ε
2089 2526 2242 2608 quia

737 2623 830 2688 sic
861 2624 1058 2688 simul
1095 2631 1264 2688 esset
1304 2624 1391 2686 ibi
1425 2642 1658 2705 corpus
1689 2624 1921 2687 Christi
1961 2631 2027 2686 et
2056 2624 2240 2706 panis

735 2722 1109 2786 substantia.
1147 2723 1388 2806 Corpus
1427 2740 1580 2786 vero
1619 2721 1849 2785 Christi
1895 2729 2108 2784 manet
2150 2721 2238 2783 ibi

735 2822 982 2886 tamdiu
1026 2821 1194 2883 sicut
1233 2821 1482 2903 species
1524 2821 1728 2902 panis,
1760 2819 1996 2901 quibus
2040 2837 2243 2882 remo-

735 2920 839 2993 tis,
870 2919 1002 3000 jam
1048 2936 1176 2982 non
1218 2927 1315 2981 est
1359 2917 1446 2980 ibi
1491 2917 1846 2980 substantia
1891 2917 2096 2999 panis,
2129 2918 2240 2980 sed

2351 1935 2513 1998 teria
2542 1953 2922 1998 conversum
2954 1936 3148 1998 fuerit
3175 1936 3253 1998 de
3283 1935 3635 1998 substantia
3664 1937 3859 2018 panis

2352 2032 2416 2093 in
2449 2051 2679 2115 corpus
2711 2033 2965 2108 Christi,
2995 2041 3242 2096 tantum
3272 2035 3351 2096 de
3382 2034 3646 2097 materia
3674 2054 3857 2098 nunc

2353 2139 2603 2193 creatur
2644 2131 2724 2193 de
2767 2149 2950 2194 novo.

2430 2229 2638 2292 Potest
2684 2238 2897 2292 tamen
2938 2238 3000 2292 et
3041 2229 3225 2293 aliter
3266 2231 3418 2304 dici,
3460 2232 3629 2313 quod
3683 2231 3861 2294 sicut

2350 2328 2597 2409 species
2626 2327 2860 2402 illae,ex
2888 2328 3009 2391 hoc
3037 2329 3206 2410 quod
3236 2347 3353 2411 per
3380 2348 3449 2392 se
3479 2329 3853 2404 subsistunt,

2352 2424 2588 2488 habent
2617 2426 2786 2508 quod
2820 2433 3085 2508 possunt
3112 2445 3297 2508 agere
3329 2428 3642 2510 quidquid
3673 2436 3857 2510 pote·

2352 2531 2495 2586 rant
2530 2543 2717 2605 agere
2754 2524 3209 2588 exsistentibus
3247 2525 3620 2589 substantiis
3662 2527 3859 2609 panis

2350 2641 2423 2685 ac
2455 2623 2626 2702 vini;
2661 2624 2745 2684 ita
2775 2622 3013 2686 habent
3051 2625 3219 2706 quod
3260 2633 3529 2706 possunt
3565 2626 3857 2688 converti

2354 2721 2419 2783 in
2467 2721 2780 2804 quidquid
2826 2723 3109 2785 converti
3154 2731 3445 2805 poterant
3480 2723 3859 2788 substantiae

2353 2819 2883 2900 praeexsistenteS.
2936 2820 3112 2893 Quod
3160 2821 3253 2883 sic
3302 2820 3569 2903 intelligi
3620 2830 3853 2904 potest.

2350 2918 2507 2980 Nam
2558 2924 2628 2979 ut
2674 2917 3146 2982 Commentator
3183 2919 3393 3001 primo
3440 2919 3859 3002 physicorum

737 3017 976 3080 vermis
1004 3024 1115 3079 aut
1157 3016 1340 3079 cinis.
1375 3016 1713 3097 Nunquam
1755 3014 1927 3077 enim
1968 3023 2064 3078 est
2092 3015 2239 3078 sub-
2276 3014 2320 3079 C
2352 3023 2417 3078 et
2447 3015 2510 3077 in
2545 3015 2708 3079 libro
2737 3017 2815 3079 de
2856 3017 3219 3079 Substantia
3256 3017 3430 3081 orbis
3468 3019 3577 3092 ait,
3613 3019 3675 3080 in
3716 3039 3859 3082 ma—

737 3115 968 3180 stantia
997 3114 1181 3199 panis
1223 3114 1362 3178 sine
1401 3112 1738 3198 speciebus
1773 3113 1975 3196 ipsius
2009 3132 2023 3175 :
2059 3114 2244 3178 idcir-

737 3233 813 3279 co
843 3213 1198 3278 substantia
1227 3212 1414 3295 panis
1445 3231 1576 3276 non
1608 3220 1816 3295 potest
1853 3213 2082 3287 redire,
2117 3213 2241 3277 nisi

739 3314 990 3377 dicatur
1048 3312 1256 3375 redire
1312 3311 1520 3394 quoad
1581 3312 1911 3373 materiam
1967 3319 2239 3385 tantum,

745 3412 898 3495 quia
947 3411 1169 3473 eadem
1223 3410 1332 3472 illa
1380 3410 1644 3473 materia
1695 3429 1836 3492 quae
1883 3410 2060 3492 prius
2109 3418 2245 3472 erat

741 3509 862 3573 sub
906 3508 1111 3572 forma
1148 3508 1351 3591 panis,
1387 3509 1793 3591 postmodum
1833 3507 1907 3570 rit
1946 3508 2066 3571 sub
2109 3508 2236 3571 for-

743 3628 847 3671 ma
879 3608 1111 3671 cineris
1140 3607 1243 3671 vel
1272 3606 1545 3688 alicujus
1583 3607 1974 3688 hujusmodi.
2011 3606 2088 3669 Et
2122 3607 2243 3669 hoc

743 3715 910 3770 stare
967 3713 1182 3789 posset
1235 3704 1414 3787 juxta
1470 3706 1813 3768 secundam
1874 3704 2241 3787 opinionem

745 3805 1182 3888 praehabitam,
1216 3812 1528 3887 quantum
1565 3804 1643 3866 ad
1684 3804 1804 3866 hoc
1843 3804 2012 3885 quod
2051 3821 2243 3885 pone-

745 3904 853 3967 bat
881 3902 1302 3965 substantiam
1343 3900 1526 3983 panis
1567 3901 1632 3963 in
1675 3900 2123 3983 praejacentem
2157 3920 2247 3963 re-

743 4002 904 4067 solvi
935 4001 1267 4063 materiam
1301 4017 1315 4063 ε
1348 3999 1520 4082 quod
1551 3998 1982 4081 improbatum
2014 4007 2111 4062 est
2140 4019 2244 4063 su-

747 4120 878 4185 pra.
923 4100 1044 4164 Sed
1091 4105 1402 4181 quantum
1451 4098 1530 4159 ad
1578 4096 1768 4160 aliam
1818 4106 2084 4179 partem,
2118 4118 2245 4181 qua

2352 3114 2511 3178 teria
2538 3115 3003 3196 generabilium
3034 3123 3097 3179 et
3125 3116 3639 3200 corruptibilium
3668 3136 3863 3201 opor-

2354 3220 2445 3276 tet
2502 3213 2856 3294 intelligere
2912 3214 3345 3278 dimensiones
3412 3215 3859 3279 interminatas

2352 3320 2499 3374 ante
2526 3313 2871 3375 adventum
2902 3313 3123 3377 formae
3150 3313 3585 3377 substantialis
3619 3332 3634 3377 ε
3666 3316 3861 3379 aliter

2356 3428 2483 3473 non
2514 3417 2727 3493 posset
2765 3410 3036 3493 intelligi
3076 3412 3307 3475 divisio
3346 3413 3648 3488 materiae,
3682 3422 3751 3475 ut
3786 3414 3857 3477 in

2354 3510 2625 3571 diversis
2657 3509 2943 3591 partibus
2972 3510 3114 3591 ejus
3153 3510 3416 3575 diversae
3456 3511 3676 3575 formae
3703 3512 3861 3575 sub—

2354 3607 2679 3671 stantiales
2728 3608 3166 3671 consisterent.
3214 3608 3593 3690 Hujusmodi
3634 3619 3857 3675 autem

2354 3705 2783 3768 dimensiones
2832 3713 2976 3787 post
3028 3707 3372 3769 adventum
3433 3706 3653 3773 formae
3699 3710 3857 3772 sub-

2354 3804 2665 3867 stantialis
2695 3804 3022 3887 accipiunt
3050 3825 3189 3868 esse
3218 3807 3627 3870 terminatum
3658 3816 3857 3892 atque

2354 3903 2767 3985 completum.
2824 3903 3143 3986 Quidquid
3200 3914 3415 3967 autem
3474 3906 3861 3989 intelligitur

2356 4002 2421 4063 in
2452 4002 2716 4063 materia
2744 4008 2892 4064 ante
2928 4002 3273 4065 adventum
3303 4002 3525 4068 formas
3558 4005 3859 4070 substan—

2353 4099 2545 4174 tialis,
2579 4106 2793 4162 manet
2820 4099 2989 4163 idem
3030 4119 3300 4164 numero
3330 4102 3395 4165 in
3435 4112 3754 4184 generato,
3791 4114 3863 4168 et

745 4200 961 4283 posuit
986 4198 1155 4281 quod
1185 4195 1668 4271 annihilaretur,
1689 4204 1854 4259 stare
1884 4215 2011 4260 non
2042 4198 2239 4261 valet:
2272 4198 2325 4263 D
2354 4198 2420 4261 in
2464 4216 2539 4261 eo
2582 4217 2659 4260 ex
2705 4217 2831 4281 quo
2872 4207 3210 4282 generatur
3244 4219 3257 4264 ε
3292 4202 3594 4284 quoniam
3644 4210 3863 4285 poste·

745 4298 915 4381 quod
972 4297 1145 4359 enim
1197 4294 1620 4358 annihilatum
1680 4301 1797 4369 est,
1849 4312 1976 4357 non
2036 4303 2245 4377 potest

745 4414 968 4460 rursus
997 4395 1166 4458 idem
1207 4411 1476 4457 numero
1513 4393 1701 4456 sumi.
1736 4394 2052 4467 Quantum
2091 4414 2243 4459 vero

744 4495 823 4558 ad
865 4494 1138 4577 primam
1177 4493 1568 4575 opinionem,
1602 4512 1744 4574 quae
1782 4500 2036 4557 tenetur
2071 4512 2243 4557 com-

746 4594 1048 4667 muniter,
1072 4592 1334 4657 omnino
1363 4599 1528 4656 stare
1557 4610 1686 4655 non
1717 4592 1903 4668 valet,
1936 4594 2240 4676 quoniam

743 4694 915 4779 quod
973 4692 1040 4754 in
1097 4690 1270 4758 aliud
1326 4697 1423 4753 est
1479 4708 1881 4765 conversum,
1939 4711 2066 4755 non
2125 4712 2239 4776 po-

743 4802 866 4858 test
905 4791 1113 4855 redire
1153 4788 1276 4853 nisi
1319 4788 1479 4851 illud
1515 4789 1687 4853 aliud
1729 4798 2135 4853 convertatur
2175 4791 2240 4854 in

743 4894 978 4977 ipsum.
1021 4888 1384 4954 Substantia
1424 4896 1637 4951 autem
1679 4888 1862 4971 panis
1903 4890 1968 4952 in
2009 4889 2239 4953 Christi

742 5010 974 5075 corpus
1005 5005 1310 5052 conversa
1340 4994 1458 5061 est,
1490 4994 1554 5050 et
1584 4987 1719 5051 hoec
1748 4987 2103 5051 substantia
2133 5008 2242 5070 pa-

740 5091 842 5153 nis
889 5088 1056 5152 facta
1102 5094 1200 5150 est
1247 5084 1600 5149 substantia
1647 5086 1932 5169 corporis
1981 5086 2235 5149 Christi.

743 5189 916 5253 Unde
955 5205 1082 5250 non
1106 5192 1313 5268 potest
1349 5203 1490 5247 esse
1526 5185 1696 5267 quod
1737 5184 2090 5248 substantia
2130 5204 2238 5267 pa-

741 5288 840 5351 nis
871 5287 1104 5361 redeat,
1139 5302 1256 5347 nec
1286 5284 1493 5367 quoad
1525 5302 1592 5346 se
1623 5290 1843 5357 totam,
1880 5301 1995 5346 nec
2027 5284 2237 5365 quoad

2354 4296 2505 4360 riori
2547 4305 2812 4371 remoto,
2848 4308 3131 4361 remanet
3176 4300 3376 4382 priuS.
3411 4301 3863 4367 Dimensiones

2354 4404 2566 4459 autem
2618 4395 2743 4459 illae
2786 4396 3209 4461 interminatae
3232 4404 3319 4462 *se
3358 4400 3595 4464 habent
3629 4403 3708 4465 ad
3746 4420 3864 4483 ge-

2356 4514 2473 4557 nus
2503 4494 2869 4576 quantitatis
2900 4496 3067 4560 sicut
3096 4497 3357 4560 materia
3382 4499 3460 4560 ad
3488 4518 3686 4580 genus
3714 4501 3867 4563 sub—

2353 4591 2621 4656 stantiae.
2668 4592 2829 4656 Hinc
2874 4594 3039 4657 sicut
3084 4594 3149 4657 in
3198 4595 3486 4678 quolibet
3532 4597 3860 4680 completo

2355 4692 2419 4755 in
2450 4710 2683 4775 genere
2714 4692 3081 4757 substantiae
3109 4696 3473 4777 corporalis,
3486 4703 3579 4758 est
3604 4696 3861 4779 accipe-

2353 4810 2421 4853 re
2452 4791 2803 4864 materiam,
2838 4810 2979 4873 quae
3007 4798 3103 4854 est
3133 4810 3247 4854 ens
3290 4792 3749 4876 incompletum
3784 4796 3855 4859 in

2351 4907 2582 4969 genere
2614 4889 2759 4965 illo;
2793 4890 2879 4951 ita
2919 4890 2984 4952 in
3026 4890 3535 4955 dimensionibus
3570 4893 3861 4976 comple-

2352 4987 2432 5049 tis
2474 4988 2540 5049 in
2584 4996 3001 5061 sacramento,
3039 4996 3136 5051 est
3172 4989 3465 5072 accipere
3508 4992 3859 5057 dimensio-

2350 5103 2462 5148 nes
2494 5084 2942 5168 incompletas3
2975 5094 3039 5148 et
3066 5086 3169 5149 his
3200 5088 3629 5153 mediantibus
3660 5100 3855 5155 mate·

2350 5184 2441 5246 ria
2485 5184 2667 5265 panis
2708 5184 2975 5247 sormam
3022 5186 3336 5268 reciperet
3374 5188 3515 5267 ejus
3554 5190 3723 5270 quod
3768 5209 3854 5254 ex

2348 5300 2510 5365 pane
2558 5290 2988 5364 generaretur,
3036 5302 3199 5366 pane
3248 5303 3375 5348 non
3424 5304 3731 5351 converso
3782 5290 3853 5353 in
