4267 6250
538 2151 799 2208 cs.p.2·1⁵8.

1502 490 1568 538 m
1607 490 1831 538 mauu
1869 490 1932 536 iv
1973 487 2458 536 snm-nmmum.
2498 506 2580 517 —
2620 489 2775 535 msr.
2816 487 2920 551 113
2962 477 3189 545 oussr.
3230 490 3252 536 1

826 663 999 746 quod
1037 663 1278 727 moveri
1319 682 1433 726 seu
1471 661 1724 726 mutari.
1758 661 1824 725 Si
1863 661 2058 742 igitur
2089 678 2323 743 corpus
2352 658 2405 723 A
2435 659 2863 742 cognitionem
2908 660 3319 743 accipiamus,
3359 680 3561 744 quum
3608 659 3737 723 sint
3786 679 3939 724 sen·

827 760 1060 825 Christi
1099 770 1267 825 esset
1299 761 1418 824 sub
1458 768 1855 824 sacramento
1894 778 2066 823 nunc
2100 767 2168 822 et
2196 776 2325 821 non

825 860 1028 942 priuS,
1061 867 1380 942 oporteret
1419 858 1701 942 aliquem
1749 865 1994 922 motum
2036 865 2148 919 aut
2189 875 2325 919 mu·

825 958 1132 1021 tationem
1173 957 1614 1021 intervenisse.
1647 956 1836 1020 Nulla
1871 963 2083 1019 autem
2124 960 2327 1016 muta-

827 1055 918 1119 tio
945 1054 1113 1119 facta
1143 1062 1240 1119 est
1269 1055 1334 1118 in
1379 1074 1542 1138 pane
1583 1054 1936 1118 secundum
1977 1054 2165 1116 istam
2195 1052 2329 1135 opi·

829 1154 1108 1217 nionem.
1143 1153 1308 1235 Ergo
1351 1160 1600 1236 oportet
1637 1171 1870 1236 corpus
1914 1151 2145 1215 Christi
2187 1169 2327 1214 esse

830 1260 1148 1316 mutatum
1178 1253 1404 1316 saltem
1439 1251 1744 1327 localiter,
1781 1258 1851 1313 ut
1878 1250 2149 1325 dicatur,
2183 1250 2327 1314 Cor-

826 1371 950 1434 pus
981 1350 1211 1415 Christi
1252 1359 1348 1414 est
1376 1351 1504 1425 hic,
1538 1351 1689 1433 quia
1727 1369 1842 1434 per
1879 1357 2125 1412 motum
2165 1347 2329 1411 loca·-

831 1451 956 1514 lem
1015 1450 1144 1512 huc
1199 1450 1395 1522 venit,
1444 1451 1665 1532 sicque
1721 1457 2041 1530 oporteret
2097 1465 2329 1530 corpus

830 1548 1003 1612 idem
1042 1565 1310 1611 numero
1338 1548 1418 1610 ad
1452 1547 1706 1610 diversa
1744 1545 1882 1610 loca
1917 1546 2109 1609 simul
2142 1554 2207 1608 et
2234 1565 2329 1608 se-

831 1646 957 1710 mel
997 1646 1217 1710 venire
1250 1665 1266 1710 :
1298 1646 1468 1729 quod
1509 1652 1755 1710 constat
1791 1644 2194 1728 impossibile
2232 1663 2329 1707 es-

829 1764 915 1808 se.
951 1745 1061 1808 Est
1088 1763 1344 1828 quoque
1382 1743 1776 1818 haereticum,
1809 1743 1962 1826 quia
1997 1760 2124 1805 non
2160 1749 2329 1806 esset

2434 758 2669 832 sibilia,
2711 766 2775 822 et
2816 760 2894 822 ad
2945 759 3373 842 cognitionem
3422 759 3939 841 intelligibilium

2433 857 2557 920 via.
2614 859 2841 920 Forma
2894 867 3105 921 autem
3166 858 3599 922 substantialis
3654 877 3785 921 non
3836 865 3943 922 est·

2435 956 2589 1037 quid
2648 956 2976 1031 sensibile,
3028 957 3139 1020 sed
3186 958 3475 1021 ordinata
3528 957 3607 1020 ad
3654 956 3944 1020 influen-

2435 1053 2589 1116 dum
2628 1072 2767 1117 esse
2806 1052 3237 1118 substantiale.
3273 1055 3609 1137 Quumque
3643 1053 3943 1117 substan-

2434 1151 2525 1214 tia
2564 1151 2747 1234 panis
2790 1152 2881 1215 ibi
2919 1170 3047 1215 non
3092 1161 3362 1227 maneat,
3396 1152 3599 1216 forma
3638 1151 3939 1216 substan-

2437 1249 2607 1312 tialis
2636 1250 2869 1313 frustra
2900 1250 2991 1313 ibi
3024 1259 3327 1314 maneret.
3361 1252 3593 1325 Tertio,
3624 1251 3937 1333 quoniam

2435 1346 2789 1410 accidentia
2818 1365 2945 1411 non
2977 1348 3341 1412 immediate
3368 1348 3672 1411 ducerent
3704 1348 3769 1410 in
3802 1366 3943 1410 cor·

2438 1464 2558 1527 pus
2599 1445 2851 1520 Christi,
2884 1447 2995 1509 sed
3035 1447 3099 1508 in
3140 1446 3623 1510 substantialem
3654 1445 3937 1510 formam

2438 1544 2623 1626 panis
2654 1553 3015 1608 manentem
3050 1563 3065 1607 ε
3098 1545 3319 1629 sicque
3348 1544 3804 1626 significationi
3838 1565 3939 1608 sa-

2439 1643 2748 1705 cramenti
2789 1643 3033 1727 aliquid
3078 1645 3414 1726 deperiret.

2521 1742 2755 1805 Verum
2813 1743 2913 1804 his
2969 1741 3168 1824 objici
3228 1750 3434 1826 potest
3489 1743 3721 1826 primo,
3781 1743 3942 1824 quia

829 1863 1076 1919 verum,
1126 1843 1254 1906 Hoc
1300 1849 1398 1906 est
1444 1860 1674 1925 corpus
1723 1859 1976 1920 meum3
2027 1840 2161 1916 sed,
2210 1840 2326 1904 Hic
2358 1842 2405 1905 B
2441 1840 2611 1922 quod
2656 1859 2783 1904 non
2826 1842 3216 1905 convertitur
3262 1842 3325 1904 in
3366 1841 3609 1924 aliquid
3648 1842 3943 1924 corporis

829 1949 926 2006 est
966 1960 1199 2025 corpus
1241 1960 1476 2005 meum.

909 2043 988 2103 At
1019 2059 1170 2105 vero
1196 2039 1550 2102 accidentia
1585 2039 1768 2121 panis
1797 2040 2020 2102 eadem
2059 2055 2329 2100 numero

831 2145 1201 2201 remanent:
1228 2138 1414 2218 cujus
1447 2137 1608 2200 ratio
1636 2137 1994 2218 assignatur
2022 2135 2087 2198 in
2119 2135 2329 2212 littera

829 2255 908 2300 ex
958 2245 1134 2319 parte
1181 2255 1338 2299 usus
1383 2235 1785 2309 sacramenti,
1835 2243 1963 2298 tam
2014 2243 2325 2316 quantum

709 2355 738 2366 ··
827 2335 907 2397 ad
953 2333 1510 2398 manducationem
1569 2333 1990 2416 spiritualem,
2042 2351 2185 2414 quae
2230 2340 2328 2395 est

824 2453 942 2516 per
968 2432 1263 2506 fidem,ut
1287 2430 1532 2495 scilicet
1561 2431 1723 2494 fides
1752 2430 2008 2513 maioris
2037 2431 2122 2493 sit
2150 2430 2328 2494 meri·

825 2532 907 2612 ti;
933 2539 1063 2594 tam
1095 2538 1398 2614 quantum
1429 2531 1507 2594 ad
1542 2529 2092 2593 manducationem
2129 2548 2329 2593 sacra·

825 2629 1178 2703 mentalem,
1195 2629 1494 2712 quoniam
1526 2628 1772 2692 horrori
1803 2635 1985 2702 esset,
2001 2646 2234 2711 corpus
2263 2637 2328 2691 et

827 2729 1202 2811 sanguinem
1235 2727 1488 2792 Domini
1517 2727 1648 2799 ,sub
1684 2727 1940 2811 propria
1979 2728 2195 2810 specie
2229 2747 2329 2790 su-

829 2835 1224 2910 mere,atque
1253 2826 1629 2889 infidelibus
1661 2826 1956 2890 irrisioni.
1976 2827 2084 2889 Est
2113 2834 2179 2889 et
2204 2826 2330 2888 alia

827 2943 1020 2988 causa
1048 2944 1126 2987 ex
1156 2931 1333 3006 parte
1367 2923 1770 2997 sacramenti,
1803 2923 2108 3006 quoniam
2142 2923 2329 3006 spiri-

2440 1938 2692 2012 Christi,
2724 1947 2973 2021 oportet
3004 1938 3171 2002 facta
3208 1939 3679 2003 consecratione
3719 1959 3943 2004 mane-

2439 2054 2542 2116 re;
2576 2037 2686 2100 sed
2716 2037 2921 2100 forma
2950 2037 3385 2100 substantialis
3415 2039 3597 2121 panis
3626 2055 3753 2101 non
3786 2057 3940 2102 con-

2438 2135 2708 2199 vertitur
2748 2135 2813 2197 in
2861 2136 3103 2219 aliquid
3152 2137 3437 2219 corporis
3484 2136 3741 2212 Christi,
3777 2137 3940 2219 quia

2436 2234 2489 2296 si
2538 2234 2653 2309 sic,
2688 2235 2967 2297 maxime
3010 2243 3487 2298 converteretur
3534 2235 3598 2297 in
3646 2235 3933 2298 animam

2436 2332 2691 2408 Christi,
2742 2333 2806 2395 in
2857 2352 3071 2416 quam,
3118 2333 3299 2414 juxta
3344 2333 3713 2416 praehabita,
3763 2334 3934 2397 nihil
3968 2350 4229 2407 θηρᾶται).

2436 2431 2843 2494 convertitur.
2876 2466 2958 2477 —
2988 2432 3299 2506 Secundo,
3331 2433 3512 2515 panis
3556 2441 3653 2495 est
3688 2451 3790 2496 res
3834 2452 3935 2496 ar-

2436 2529 2720 2593 tificialis
2767 2550 2783 2596 z
2829 2549 2981 2612 ergo
3027 2530 3232 2594 forma
3276 2531 3421 2612 ejus
3468 2539 3565 2594 est
3608 2533 3933 2607 accidens,

2438 2629 2625 2710 igitur
2656 2637 2868 2691 manet
2897 2630 3430 2712 quemadmodum
3459 2629 3813 2693 accidentia
3840 2649 3941 2694 ce-

2436 2735 2589 2790 tera.
2612 2763 2693 2772 —
2718 2727 2949 2802 Terti0,
2972 2728 3325 2791 secundum
3358 2729 3943 2792 commentatorem

2439 2825 2604 2889 libro
2648 2825 2725 2888 de
2767 2825 3133 2889 Substantia
3172 2826 3370 2901 orbiS,
3413 2827 3749 2911 primoque
3784 2829 3947 2912 Phy-

2438 2924 2741 2998 sicorum,
2774 2931 3023 3008 oportet
3058 2926 3121 2987 in
3164 2926 3429 2988 materia
3468 2923 3822 3008 intelligere
3854 2927 3950 2989 di-

828 3023 1028 3086 tualia
1067 3023 1132 3085 in
1170 3021 1584 3085 sacramentis
1624 3039 1740 3104 per
1771 3020 2100 3085 sensibilia
2125 3029 2332 3085 osten·
2365 3025 2409 3088 C
2442 3022 2797 3085 mensiones
2827 3029 2969 3085 ante
2992 3021 3221 3086 formas
3252 3022 3698 3087 substantiales
3728 3025 3949 3107 aliquo

830 3122 1443 3204 duntur:quumque
1473 3139 1696 3183 verum
1727 3138 1959 3202 corpus
1988 3120 2217 3185 Christi
2251 3121 2333 3183 sit

830 3220 1015 3284 cibus
1053 3218 1426 3302 spirituali8‚
1471 3235 1599 3281 non
1640 3218 2009 3302 corporaliS,
2050 3220 2333 3302 oportuit

831 3326 906 3381 ut
943 3337 1058 3401 per
1095 3316 1552 3381 similitudines
1589 3316 1717 3379 cibi
1755 3317 2098 3399 corporalis
2138 3317 2331 3399 signi-

833 3417 1136 3480 ficaretur
1176 3423 1241 3478 et
1282 3415 1402 3479 sub
1451 3415 1545 3479 eis
1593 3414 2045 3479 contineretur.

913 3516 978 3580 Si
1008 3523 1222 3579 autem
1253 3522 1594 3597 quaeratur,
1625 3534 1706 3577 an
1741 3513 2177 3577 substantialis
2206 3514 2332 3578 for-

835 3634 938 3679 ma
987 3614 1191 3697 paniS,
1233 3612 1398 3677 facta
1445 3612 1920 3676 consecratione
1968 3621 2330 3692 remaneat3

833 3713 1346 3796 respondendum
1386 3711 1556 3793 quod
1599 3728 1749 3785 non,
1782 3711 2021 3793 triplici
2067 3711 2326 3774 ratione.

833 3812 1064 3887 Primo,
1125 3810 1275 3893 quia
1333 3811 1400 3872 in
1461 3809 1746 3893 qualibet
1805 3810 2332 3872 transmutatione

835 3929 948 3973 seu
979 3909 1416 3983 conversione,
1449 3908 1764 3971 terminus
1793 3928 1836 3967 a
1863 3928 1988 3987 quo
2026 3915 2124 3971 est
2162 3908 2331 3989 ejus-

833 4011 982 4074 dem
1040 4009 1292 4091 generis
1350 4027 1496 4070 cum
1545 4008 1821 4071 termino
1869 4010 1957 4068 ad
2003 4028 2213 4088 quem.
2265 4008 2331 4070 ld

835 4116 1048 4171 autem
1091 4107 1168 4170 ad
1203 4106 1372 4189 quod
1405 4106 1787 4169 terminatur
1815 4106 2169 4179 conversio,
2204 4124 2331 4169 non

2442 3121 2631 3186 modo
2660 3121 2727 3184 in
2759 3120 3235 3204 generabilibus
3264 3130 3329 3185 et
3357 3122 3887 3206 corruptibilibus
3926 3146 3941 3190 :

2440 3221 2597 3284 alias
2638 3239 2779 3284 esse
2821 3238 2948 3284 non
3001 3228 3260 3304 possent
3296 3221 3565 3285 diversae
3607 3221 3831 3286 formai
3874 3224 3941 3287 in

2444 3318 2731 3401 partibus
2780 3319 3051 3382 diversis
3104 3319 3406 3394 materiae,
3458 3339 3659 3402 quum
3706 3321 3947 3385 divisio

2443 3435 2571 3480 non
2616 3416 2731 3480 fiat
2768 3418 2893 3479 nisi
2939 3418 3291 3480 secundum
3331 3418 3789 3501 quantitatem3
3830 3422 3945 3483 sed

2443 3516 2873 3579 dimensiones
2912 3516 3097 3598 panis
3138 3524 3415 3591 manent,
3448 3534 3599 3598 ergo
3634 3525 3699 3579 et
3737 3516 3947 3581 forma

2442 3614 2583 3695 ejus
2642 3608 3096 3677 substantialis.
3150 3650 3231 3659 —
3280 3615 3349 3677 ln
3396 3615 3761 3697 oppositum
3820 3626 3941 3691 est,

2443 3713 2613 3796 quod
2662 3713 2866 3776 forma
2924 3712 3325 3776 substantiali
3371 3714 3941 3798 accidentibusque

2443 3812 2725 3887 remotiS,
2768 3829 2896 3873 non
2936 3818 3149 3873 manet
3198 3811 3319 3873 nisi
3358 3811 3723 3893 subJ'ectum
3766 3832 3940 3877 com·

2443 3928 2658 3984 mune,
2678 3909 2847 3991 quod
2878 3916 3125 3971 certum
3154 3916 3251 3971 est
3280 3925 3405 3971 non
3436 3926 3623 3991 posse
3653 3912 3941 3974 converti

2442 4008 2508 4069 in
2547 4007 2740 4069 aliud.

2524 4106 2601 4168 Et
2628 4105 3141 4188 respondendum
3172 4105 3251 4167 ad
3282 4104 3588 4188 primum,
3609 4108 3780 4189 quod
3808 4107 3945 4170 ani·

835 4213 933 4271 est
961 4207 1166 4270 forma
1201 4212 1473 4277 tantum,
1505 4222 1717 4286 neque
1757 4204 2020 4266 materia
2056 4212 2328 4281 tantum,
2360 4212 2411 4274 D
2444 4222 2549 4267 ma
2590 4221 2719 4268 non
2759 4212 2856 4266 est
2894 4202 3100 4267 forma
3145 4202 3552 4267 uniformiter
3594 4204 3942 4286 perficiens

836 4306 946 4368 scd
976 4302 1330 4367 substantia
1356 4310 1501 4365 actu
1533 4301 1846 4364 exsistens
1881 4322 1896 4366 τ
1927 4302 2099 4385 quod
2130 4304 2334 4366 decla·

835 4410 980 4465 rant
1023 4400 1239 4475 verba,
1291 4418 1432 4481 quae
1490 4400 1610 4463 hoc
1657 4398 1900 4462 faciunt
1951 4402 2120 4482 quod
2169 4402 2331 4466 desi-

833 4508 1048 4583 gnant.
1083 4500 1259 4563 Unde
1298 4518 1500 4581 quum
1545 4499 1609 4562 in
1649 4500 1744 4563 eis
1783 4500 2178 4583 exprimatur
2219 4521 2333 4585 per

837 4600 1007 4663 istud
1039 4614 1412 4681 pronomen,
1437 4598 1578 4671 hoc,
1603 4597 1958 4661 substantia
1985 4607 2130 4661 actu
2163 4617 2333 4662 com-

835 4698 1062 4783 posita,
1103 4702 1354 4780 oportet
1391 4697 1562 4780 quod
1613 4696 1674 4759 id
1718 4697 1888 4779 quod
1939 4697 2333 4761 convertitur

835 4800 904 4863 in
947 4815 1178 4881 corpus
1218 4794 1472 4871 Christi,
1506 4795 1589 4858 sit
1625 4795 1980 4860 substantia
2022 4799 2334 4880 composi-

831 4907 918 4974 ta,
951 4916 1077 4962 non
1113 4896 1377 4961 materia
1403 4902 1654 4959 tantum
1690 4896 1892 4978 panis,
1930 4897 2092 4979 Ergo
2125 4896 2331 4961 forma

831 4996 1267 5061 substantialis
1315 4994 1500 5078 panis
1549 5012 1676 5058 non
1727 5002 1960 5058 manet.
2012 4996 2326 5071 Secund0,

829 5096 1130 5180 quoniam
1159 5093 1396 5156 frustra
1423 5100 1724 5157 maneret.
1751 5092 2118 5156 Accidentia
2148 5094 2353 5176 quip-·

2441 4322 2631 4366 suum
2680 4320 2912 4385 corpus
2961 4303 3167 4384 quoad
3210 4310 3413 4365 totum
3456 4310 3519 4365 et
3559 4305 3767 4386 quoad
3810 4305 3941 4367 sin-

2440 4401 2619 4483 gulas
2658 4401 2800 4482 ejus
2839 4409 3050 4484 partes
3086 4419 3100 4465 :
3137 4401 3267 4464 imo
3296 4401 3563 4483 singulm
3598 4410 3807 4485 partes
3848 4422 3943 4467 re-

2442 4500 2690 4582 cipiunt
2716 4499 2797 4561 ab
2828 4500 3040 4561 anima
3069 4498 3527 4581 perfectionem
3556 4500 3652 4562 eis
3682 4519 3943 4584 propor-

2440 4598 2761 4661 tionalem.
2782 4598 2943 4660 Hinc
2971 4597 3269 4680 quamvis
3301 4596 3365 4659 in
3393 4597 3673 4660 animam
3705 4598 3940 4661 Christi

2440 4696 2601 4758 nihil
2652 4703 3057 4759 convertatur
3094 4696 3447 4759 secundum
3495 4696 3667 4778 quod
3716 4705 3815 4760 est
3852 4705 3941 4761 to-

2440 4796 2566 4859 tius
2620 4796 2903 4877 corporis
2964 4794 3292 4877 perfectio,
3343 4802 3473 4858 tota
3518 4802 3731 4858 tamen
3792 4797 3941 4859 sub-

2439 4894 2668 4957 stantia
2710 4893 2893 4977 panis
2942 4893 3579 4956 transsubstantiatur
3622 4903 3939 4977 quantum

2436 4991 2516 5055 ad
2547 4991 2817 5055 formam
2858 5010 3039 5053 suam
3078 4998 3269 5073 atque
3308 4991 3661 5065 materiam,
3697 4991 3763 5053 in
3803 5011 3937 5055 cor-

2438 5112 2557 5175 pus
2604 5091 2835 5156 Christi
2880 5097 3107 5163 totum,
3140 5090 3495 5153 secundum
3538 5090 3707 5172 quod
3753 5091 3938 5155 intel—

831 5213 915 5277 pe
951 5198 1208 5257 manent
1249 5199 1320 5255 ut
1354 5191 1485 5254 sint
1521 5192 1722 5274 signa,
1756 5191 1906 5274 quia
1952 5200 2212 5255 manent
2250 5194 2327 5255 ad
2437 5193 2654 5274 ligitur
2689 5191 3012 5273 accepisse
3047 5198 3467 5271 congruentes
3505 5190 3935 5271 perfectiones

831 5292 954 5355 hoc
996 5300 1068 5354 ut
1113 5308 1228 5373 per
1285 5307 1360 5353 ea
1415 5289 1494 5352 de
1550 5289 1902 5353 substantia
1956 5290 2328 5371 subjacente
2434 5292 2502 5354 in
2540 5290 2809 5372 singulis
2848 5289 3158 5372 partibus,
3191 5289 3343 5371 quia
3380 5288 3474 5351 sic
3511 5296 3715 5352 exstat
3752 5307 3935 5373 orga-
