4267 6250
719 510 808 559 m
847 509 1200 560 nus-murro
1240 508 1334 559 srr
1373 508 1528 557 uas
1571 507 2082 568 εΛτιεινΑσι-ιοιπε,
2123 508 2200 557 nr
2238 506 2615 557 nassum
2656 510 2743 557 An
2784 508 3060 558 suum
3322 490 3444 557 409

328 682 716 749 meritorum
765 683 1126 756 hominum,
1159 680 1430 745 diversis
1475 680 1842 744 nationibus
1868 679 1921 744 A
1953 697 2102 743 nem
2150 678 2309 743 citra
2350 687 2621 744 mortem
2652 698 2667 745 :
2702 688 2768 745 et
2798 681 2947 745 talis
2996 680 3169 746 laesio
3210 679 3313 744 vel
3352 687 3449 745 est

327 782 700 845 successive
729 780 962 844 tradita
989 786 1087 844 est
1115 787 1180 843 et
1206 779 1415 843 ablata
1451 778 1836 842 monarchia.
1951 777 2423 842 irremediabile
2478 780 2743 856 malum,
2806 788 2875 843 ut
2930 780 3289 860 mutilati03
3338 787 3449 842 aut

328 879 600 963 Propter
657 880 828 963 quod
891 879 958 941 in
1022 877 1468 942 Ecclesiastico
1527 877 1836 959 scriptum
1950 878 2385 953 remediabile,
2438 887 2509 941 ut
2554 879 2911 943 vulneratio
2968 880 3262 962 simplex.
3314 880 3445 941 Mu-

69 991 300 1047 ῑαιῑ.ι,ε.
323 985 439 1041 est
487 997 502 1041 ε
553 979 720 1042 Deus
772 978 1100 1042 transtulit
1149 994 1344 1059 regna
1399 975 1478 1039 de
1534 982 1724 1058 gente
1772 975 1837 1038 in
1950 976 2154 1039 tilatio
2202 994 2455 1059 quoque
2502 984 2598 1039 est
2636 977 2872 1060 duplex
2915 996 2929 1040 :
2974 996 3101 1040 una
3136 977 3441 1049 enormiS‚

325 1085 596 1159 gentem
634 1084 898 1160 propter
935 1077 1220 1139 diversos
1263 1075 1440 1138 dolos
1478 1082 1543 1137 et
1579 1074 1738 1137 iram
1777 1081 1842 1137 et
1948 1093 2090 1156 quae
2154 1074 2424 1156 impedit
2482 1075 2758 1139 totaliter
2814 1084 3027 1139 actum
3088 1076 3443 1139 humanum

331 1175 707 1257 injustitias.
762 1176 939 1250 Quod
985 1181 1200 1237 autem
1249 1172 1576 1255 principes
1623 1172 1840 1235 saeculi
1950 1179 2419 1254 competentem
2480 1172 2726 1236 homini
2784 1174 3139 1237 secundum
3196 1182 3442 1255 partem

329 1275 686 1337 divisiones
725 1274 1036 1357 quasdam
1072 1271 1366 1335 fecerunt
1393 1280 1729 1345 terrarum,
1762 1289 1840 1334 ex
1947 1269 2319 1345 abscissam,
2362 1278 2433 1333 ut
2470 1272 2821 1353 amputatio
2861 1291 3129 1353 manus3
3174 1272 3274 1335 vel
3314 1288 3443 1335 non

327 1372 556 1436 divina
585 1372 988 1456 providentia
1013 1378 1226 1434 ortum
1255 1369 1466 1443 habet,
1499 1368 1685 1450 cujus
1713 1367 1842 1431 dis-
1947 1368 2251 1443 enormiS,
2285 1388 2426 1451 quae
2472 1387 2597 1433 non
2641 1388 2721 1432 ex
2760 1377 2894 1434 toto
2940 1370 3211 1453 impedit
3252 1370 3441 1433 talem

327 1470 654 1553 positione
691 1478 804 1532 aut
840 1468 1262 1552 permissione
1299 1473 1528 1530 cuncta
1564 1472 1838 1547 aguntur
1945 1472 2183 1540 actum,
2216 1473 2288 1529 ut
2326 1468 2677 1549 amputatio
2717 1468 2917 1549 digiti.
2952 1469 3313 1532 Videndum
3351 1476 3448 1531 est

331 1569 402 1630 in
451 1569 662 1643 terriS,
707 1568 1062 1651 praesertim
1107 1566 1173 1629 in
1221 1565 1414 1629 rebus
1460 1563 1836 1646 actibusque
1947 1582 2118 1646 erge,
2152 1565 2305 1647 quid
2337 1565 2405 1627 in
2444 1566 2694 1629 damnis
2737 1566 2875 1630 istis
2914 1567 3116 1650 possit
3140 1568 3311 1648 juste
3350 1587 3446 1631 re-

326 1667 654 1731 humanis.
1947 1662 2150 1737 stitui,
2180 1670 2245 1727 et
2273 1663 2427 1746 quid
2470 1663 2618 1727 inde
2658 1671 2964 1727 statutum
2998 1665 3098 1728 sit.
3132 1701 3213 1711 —
3241 1666 3444 1739 Quan-

413 1768 724 1831 Praeterea
767 1766 992 1829 scotus
1033 1762 1478 1845 respondendo
1519 1761 1598 1823 ad
1641 1761 1833 1837 istud,
1945 1770 2084 1825 tum
2113 1764 2194 1826 ad
2225 1763 2506 1847 primum
2546 1764 2711 1851 dico,
2746 1766 2915 1847 quod
2954 1766 3009 1828 si
3050 1766 3152 1829 lex
3186 1766 3445 1829 talionis

329 1873 552 1928 utrum
589 1862 1018 1927 damnificans
1054 1862 1254 1924 alium
1293 1860 1358 1923 in
1399 1860 1584 1923 bonis
1623 1877 1837 1942 perso·
1869 1859 1918 1922 B
1949 1860 2014 1924 in
2044 1862 2145 1924 his
2174 1861 2473 1926 omnibus
2504 1868 2905 1938 statueretur,
2936 1864 3107 1945 justa
3145 1863 3445 1927 consiste-

331 1984 454 2038 nae,
487 1962 794 2026 videlicet
835 1961 1064 2025 animae
1106 1966 1172 2022 et
1207 1959 1515 2041 corporiS‚
1546 1965 1838 2022 teneatur
1947 1967 2063 2034 ret,
2097 1958 2247 2041 quia
2274 1959 2549 2022 difficile
2586 1968 2683 2023 est
2722 1960 2790 2023 in
2827 1961 2928 2023 his
2962 1962 3153 2024 aliam
3184 1962 3442 2043 dignam

327 2062 410 2124 ad
441 2060 937 2133 restitutionem,
970 2060 1138 2122 inter
1165 2065 1374 2121 cetera
1401 2056 1663 2120 scribit:
1685 2056 1835 2120 Nul-
1947 2058 2601 2139 recompensationem
2634 2059 2919 2141 rependi.
2952 2059 3081 2123 Nec
3116 2068 3330 2123 tamen
3360 2060 3443 2123 ob

327 2160 433 2223 lus
461 2166 674 2243 potest
697 2158 899 2221 alium
937 2155 1354 2221 damnificare
1383 2156 1450 2217 in
1489 2155 1675 2218 bonis
1703 2154 1835 2218 ani-
1945 2155 2066 2220 boc
2121 2155 2612 2238 judaizaremuS,
2663 2158 2815 2240 quia
2861 2158 3074 2241 aliqua
3130 2166 3447 2242 praecepta

327 2278 476 2333 mae,
540 2256 905 2320 inducendo
961 2255 1040 2318 ad
1105 2254 1360 2337 culpam
1420 2254 1660 2316 directe
1720 2272 1834 2315 seu
1944 2254 2279 2336 judicialia
2339 2256 2574 2319 veteris
2634 2257 3022 2319 Testamenti
3088 2265 3349 2340 possent
3410 2277 3447 2319 a

327 2353 800 2427 necessitandO,
834 2372 1036 2436 quum
1079 2358 1413 2435 peccatum
1455 2370 1534 2414 ex
1578 2350 1836 2433 propria
1947 2353 2241 2436 principe
2271 2353 2639 2428 christiano,
2674 2354 2973 2418 videlicet
3000 2356 3166 2438 Papa
3192 2361 3303 2418 aut
3332 2356 3446 2418 im-

328 2454 660 2517 voluntate
705 2450 1030 2534 peccantis
1079 2450 1468 2533 dependeat3
1513 2449 1623 2513 sed
1671 2449 1834 2511 indi·
1945 2458 2259 2533 peratore,
2294 2450 2564 2524 institui,
2606 2458 2797 2533 atque
2834 2472 2872 2515 a
2911 2452 3285 2516 Christianis
3319 2472 3446 2517 ser-

325 2560 525 2625 recte,
577 2550 965 2625 inclinando,
1019 2549 1478 2632 persuadendo,
1529 2547 1837 2611 scandali·
1944 2548 2102 2623 vari,
2123 2567 2250 2612 non
2284 2548 2347 2611 in
2378 2556 2690 2631 quantum
2723 2568 2839 2631 per
2864 2549 3117 2633 Moysen
3148 2551 3313 2625 data,
3333 2552 3442 2614 sed

326 2651 554 2725 zaudo,
588 2657 654 2713 et
689 2668 728 2712 a
767 2648 956 2712 bonis
988 2646 1238 2710 actibus
1279 2646 1656 2709 retrahendo
1698 2646 1834 2709 sive
1943 2647 2094 2730 quia
2123 2666 2161 2709 a
2190 2647 2536 2711 christiano
2568 2649 2857 2730 principe
2884 2649 3315 2713 auctoritatem
3343 2650 3445 2712 ba-

327 2748 763 2831 impediendo.
797 2746 974 2821 Quod
1007 2744 1118 2827 qui
1148 2743 1393 2818 fecerit,
1426 2750 1678 2806 tenetur
1704 2762 1835 2807 om·
1943 2747 2134 2811 bente
2164 2746 2627 2811 rationabiliter
2656 2748 2977 2811 instituta:
2996 2749 3160 2812 sicut
3188 2756 3253 2811 et
3281 2750 3447 2833 prin-

315 2848 398 2910 ‘ni
431 2847 622 2910 modo
652 2845 778 2908 sibi
809 2844 1102 2927 possibili
1133 2843 1212 2905 ad
1246 2842 1735 2916 restitutionem,
1769 2842 1833 2905 id
1943 2865 2094 2928 ceps
2131 2846 2321 2909 unius
2362 2846 2542 2927 regni
2582 2853 2796 2927 posset
2840 2847 3079 2929 populo
3116 2864 3233 2911 suo
3272 2866 3445 2910 man-

327 2954 431 3009 est
465 2945 546 3007 ad
585 2942 1080 3007 &edificationem
1119 2940 1315 3015 illius,
1349 2947 1420 3003 ut
1456 2959 1833 3022 recuperen·
1944 2945 2092 3007 dare
2130 2945 2379 3027 aliquas
2416 2944 2846 3011 ordinationes
2884 2953 2946 3007 et
2983 2946 3153 3027 leges
3182 2945 3443 3011 alterius

325 3052 438 3106 tur
485 3043 553 3105 in
601 3059 679 3105 eo
725 3040 896 3103 bona
941 3040 1270 3102 virtutum.
1323 3038 1630 3101 inducere
1685 3058 1834 3121 ergo
1863 3038 1907 3103 C
1943 3042 2110 3123 regis
2140 3060 2215 3105 ac
2246 3042 2448 3125 regni,
2481 3049 2545 3105 et
2584 3062 2711 3105 una
2749 3042 2973 3126 religio
3001 3044 3247 3127 aliquas
3283 3044 3445 3107 acci-

329 3162 482 3207 eum
513 3142 708 3206 debet
745 3139 1098 3205 efficaciter
1127 3139 1206 3202 ad
1237 3139 1677 3220 poenitentiam
1708 3139 1832 3201 vir·
1945 3141 2040 3222 pit
2082 3141 2515 3204 ordinationes
2564 3140 2644 3203 ab
2692 3141 2819 3204 alia
2866 3142 3191 3225 religione.
3236 3143 3339 3207 Sic
3388 3144 3442 3206 si

327 3251 680 3322 tuososque
727 3245 926 3302 actus.
970 3237 1048 3300 Et
1092 3237 1148 3300 si
1195 3236 1328 3299 sola
1375 3236 1659 3299 inductio
1705 3253 1832 3299 non
1946 3242 2136 3304 modo
2184 3248 2589 3315 statueretur,
2627 3242 2797 3323 quod
2848 3241 3205 3325 blasphemi
3253 3249 3443 3325 atque

327 3338 641 3411 sufficiat,
661 3336 815 3420 quia
841 3335 1094 3398 facilius
1124 3341 1223 3398 est
1251 3341 1614 3416 pervertere
1641 3354 1834 3417 quam
1942 3338 2215 3401 adulteri
2244 3338 2713 3412 occiderentur,
2748 3339 2951 3403 multo
2985 3341 3221 3420 justius
3251 3348 3439 3417 esset,

327 3444 726 3511 convertere,
758 3440 1014 3498 tenetur
1043 3452 1160 3516 per
1197 3451 1266 3495 se
1304 3432 1564 3507 orando,
1597 3440 1660 3496 et
1687 3433 1837 3496 alio-
1943 3455 2136 3519 quam
2167 3437 2334 3519 quod
2363 3437 2726 3500 ordinatum
2757 3445 2854 3501 est
2882 3445 2953 3500 ut
2982 3438 3153 3501 fures
3183 3458 3451 3521 suspen--

325 3556 472 3600 rum
520 3535 842 3599 orationes
899 3531 1321 3615 procurand0,
1370 3531 1639 3614 gratiam
1687 3549 1834 3596 con·
1945 3534 2196 3608 dantur,
2230 3534 2398 3597 sicut
2436 3534 2833 3617 blasphemia
2863 3543 2925 3599 et
2954 3535 3265 3599 adulteria
3293 3545 3441 3600 sunt

321 3634 644 3699 versionis
693 3631 789 3694 illi
833 3631 1188 3713 acquirere,
1221 3638 1286 3692 et
1327 3629 1478 3692 item
1527 3648 1639 3711 per
1677 3630 1834 3694 alios
1945 3632 2149 3695 multo
2187 3633 2477 3714 graviora
2514 3633 2800 3696 facinora
2835 3653 3026 3717 quam
3061 3634 3145 3696 sit
3172 3633 3435 3697 furtum.

325 3719 740 3818 persuasores
781 3729 1044 3793 idoneos
1077 3729 1156 3791 ad
1194 3728 1316 3791 hoc
1353 3729 1668 3810 agendum
1708 3737 1836 3792 stu·
1944 3731 2065 3795 Sed
2096 3731 2339 3794 clarum
2380 3739 2477 3794 est
2513 3731 2591 3793 ad
2631 3733 2787 3814 quid
2825 3732 3181 3814 adspiciant
3208 3733 3442 3816 princi-

325 3833 499 3906 dere,
521 3848 656 3894 non
687 3837 900 3891 tamen
933 3827 1270 3910 pandendo
1299 3827 1548 3890 occulta
1576 3834 1836 3909 peccata
1944 3849 2056 3912 pes
2103 3828 2436 3892 christiani
2470 3847 2484 3892 ε
2519 3830 2672 3912 quia
2712 3830 2790 3892 ad
2832 3831 3242 3894 commodum
3286 3839 3441 3894 tem-

321 3931 518 3994 illius.
537 3929 632 3991 Ex
662 3925 903 4009 quibus
932 3931 1120 4007 patet,
1137 3933 1448 4007 quantum
1479 3925 1833 4007 periculum
1942 3926 2160 4009 porale
2188 3927 2650 4009 propriumque
2678 3927 2983 3991 honorem
3016 3929 3217 4010 magis
3246 3949 3439 4012 quam

321 4031 410 4093 sit
435 4036 500 4091 et
538 4032 904 4110 peccatum,
935 4022 1095 4087 alios
1133 4021 1476 4086 sollicitare
1515 4030 1624 4084 aut
1654 4023 1834 4086 indu·
1941 4026 2018 4087 ad
2050 4025 2360 4088 honorem
2390 4033 2456 4089 et
2493 4025 2739 4088 cultum
2778 4026 3091 4090 divinum.
3126 4029 3273 4092 Ideo
3302 4047 3440 4111 gra-

319 4145 469 4190 cere
515 4125 600 4188 ad
648 4129 1007 4206 peccatum,
1045 4120 1197 4203 quia
1243 4121 1348 4183 vix
1399 4127 1608 4202 potest
1654 4121 1832 4183 resti·
1940 4123 2084 4186 vius
2123 4123 2403 4205 puniunt
2441 4132 2702 4207 peccata
2736 4125 2802 4188 in
2841 4126 3206 4208 proximum
3246 4148 3436 4211 quam

319 4235 502 4289 tuere
533 4223 666 4285 illis
697 4221 870 4304 quod
899 4219 1106 4283 debet.
1142 4219 1220 4281 Et
1245 4218 1398 4301 quia
1436 4217 1603 4282 bona
1631 4219 1829 4281 virtu-
1859 4219 1910 4282 D
1940 4230 2201 4304 peccata
2232 4222 2296 4284 in
2328 4222 2667 4286 Deum.‘—
2694 4225 3145 4289 Verumtamen
3182 4225 3247 4289 in
3280 4227 3440 4290 mul-

324 4332 462 4386 tum
495 4340 642 4405 quae
671 4319 937 4382 abstulit
965 4325 1116 4381 sunt
1143 4316 1604 4400 pretiosissima
1640 4316 1826 4392 bona,
1938 4321 2020 4383 tis
2051 4321 2237 4384 terris
2268 4340 2385 4403 pro
2414 4322 2653 4386 scelere
2684 4323 3015 4386 homicidii
3046 4344 3237 4407 poena
3262 4325 3441 4390 talio-

321 4428 394 4485 et
451 4419 624 4482 mala
681 4417 762 4480 ad
823 4435 966 4499 quae
1027 4415 1280 4478 induxit
1341 4423 1490 4478 sunt
1553 4414 1831 4498 pessima
1939 4419 2040 4482 nis
2072 4419 2412 4500 infligitur,
2434 4428 2499 4483 et
2524 4420 2717 4502 juste,
2742 4421 2894 4504 quia
2921 4423 3043 4487 hoc
3073 4443 3199 4488 non
3232 4424 3439 4489 solum

326 4518 516 4592 mala,
563 4523 632 4582 et
677 4516 910 4578 damna
956 4513 1372 4596 gravissima3
1422 4513 1682 4587 idcirco,
1735 4514 1830 4577 in·-
1939 4525 2247 4581 consonat
2290 4517 2413 4599 legi
2450 4518 2703 4601 MoysiS,
2736 4519 2866 4584 imo
2914 4529 2979 4583 et
3021 4522 3143 4604 legi
3193 4531 3439 4587 natura-

322 4613 848 4700 comparabiliter
876 4613 1022 4696 plus
1052 4611 1423 4675 damnificat
1451 4613 1826 4694 proximum,
1942 4615 2008 4690 li,
2052 4623 2116 4678 et
2154 4615 2575 4698 approbatum
2618 4636 2692 4679 ac
2737 4618 3187 4683 confirmatum
3232 4629 3330 4684 est
3369 4621 3436 4683 in

321 4717 437 4799 qui
495 4716 566 4778 in
624 4712 764 4776 istis
803 4710 1178 4774 damnificat
1231 4729 1404 4785 eum,
1464 4729 1656 4793 quam
1719 4713 1832 4794 qui
1941 4713 2309 4795 evangelica
2353 4713 2513 4795 lege,
2566 4714 2816 4778 Christo
2862 4715 3112 4781 dicente
3160 4735 3175 4781 :
3218 4718 3435 4781 Omnis
3514 4738 3693 4785 Μαειιι.

321 4815 538 4878 solum
586 4812 653 4874 in
698 4808 1137 4893 corporalibus
1176 4807 1386 4872 rebus.
1420 4808 1500 4871 Et
1539 4826 1691 4890 ergo
1736 4827 1831 4872 se·
1941 4811 2050 4895 qui
2099 4811 2419 4894 acceperit
2465 4812 2772 4893 gladium,
2814 4814 3025 4894 gladio
3072 4814 3325 4897 peribit.
3359 4816 3437 4878 Et
3463 4809 3665 4856 ¹¹¹'¹·⁵²·

322 4913 614 4978 cundum
641 4909 958 4991 justitiam
989 4913 1166 4970 tanto
1206 4907 1352 4989 plus
1389 4906 1708 4988 obligatur
1735 4927 1830 4972 re·
1940 4909 1994 4972 si
2024 4909 2261 4972 alicubi
2301 4927 2427 4972 non
2471 4908 2788 4991 infligitur
2814 4929 3003 4993 poena
3041 4912 3432 4994 hujusmodi,

321 5011 730 5074 stitutionem
775 5007 986 5070 facere
1028 5004 1340 5088 proximis
1385 5003 1451 5068 in
1497 5004 1598 5068 his
1636 5025 1829 5088 quam
1939 5007 2199 5090 expedit
2235 5007 2572 5071 homicidae
2610 5015 2681 5070 ut
2718 5008 2781 5070 in
2825 5026 3305 5092 recompensam
3334 5031 3439 5076 ex-

321 5109 394 5172 in
435 5107 599 5171 aliis.
1941 5113 2135 5189 ponat
2177 5124 2246 5169 se
2291 5105 2479 5168 morti
2529 5124 2647 5189 pro
2691 5105 2846 5170 fidei
2896 5107 3289 5186 defensione,
3322 5131 3434 5176 seu

409 5207 473 5270 Si
501 5202 948 5268 damnificavit
976 5209 1190 5264 autem
1230 5201 1594 5285 proximum
1626 5201 1690 5265 in
1721 5202 1830 5266 bo·
1942 5221 2058 5286 pro
2086 5203 2255 5266 bono
2294 5204 2642 5267 communi.
2676 5204 2851 5278 Quod
2890 5205 2945 5267 si
2984 5213 3224 5269 tantam
3256 5210 3435 5272 resti-

319 5305 429 5367 nis
459 5301 767 5386 corporiS,
800 5307 911 5365 aut
941 5300 1158 5363 intulit
1189 5309 1458 5364 mortem
1495 5307 1605 5364 aut
1635 5300 1832 5366 laesio-
1941 5302 2252 5365 tutionem
2304 5301 2583 5365 noluerit
2624 5301 2857 5378 facere,
2890 5321 3018 5367 non
3061 5311 3275 5370 tamen
3326 5326 3436 5390 po-
