4267 6250
858 479 981 544 272

1533 495 1596 542 m
1636 493 1859 540 Lunum
1899 493 1962 539 lv
2003 489 2487 538 SENTENTrARUu.
2530 504 2611 519 -
2648 489 2802 536 DIST.
2844 489 2926 553 13
2968 490 3192 546 QUAEST.
3232 492 3299 537 vl

860 687 1020 743 rem,
1055 685 1182 730 non
1221 666 1635 739 sacerdotem,
1669 670 1733 726 et
1762 662 1850 725 ita
1887 660 2124 724 nedum
2154 665 2361 722 totum
2387 659 2438 723 A
2470 679 2658 721 usum
2697 659 2808 743 qui
2852 679 3134 744 unquam
3176 667 3384 744 potest
3420 677 3775 724 occurrere.
3810 659 3978 722 Tan-

859 784 1092 848 panem
1133 765 1245 847 qui
1285 771 1382 828 est
1420 763 1486 827 in
1528 762 1691 837 foro,
1723 778 1850 824 non
1895 767 2104 843 potest
2142 775 2359 821 conse-

859 883 1058 938 crare,
1119 864 1231 926 sed
1295 881 1416 926 nec
1473 862 1618 944 plus
1678 879 1872 942 quam
1933 857 2240 921 condecet
2298 862 2362 918 et

857 969 1125 1045 oportet.
1179 962 1322 1025 Haec
1381 969 1597 1023 autem
1653 959 1872 1040 opinio
1928 963 2026 1020 est
2083 955 2359 1018 nimium

857 1067 1046 1122 arcta.
1081 1060 1241 1123 Nam
1280 1059 1441 1121 ritus
1478 1065 1543 1121 et
1583 1057 1809 1121 modus
1850 1053 2149 1118 Ecclesiae
2190 1051 2362 1115 insti-

860 1159 979 1221 tuti
1019 1157 1273 1220 suntad
1311 1155 1689 1220 sacramenti
1730 1152 2197 1224 solennitatem,
2231 1167 2359 1212 non

860 1257 1327 1320 necessitatem.
1361 1291 1440 1301 ——
1469 1255 1630 1318 Hinc
1669 1253 1777 1316 alii
1817 1251 2060 1325 dicunt,
2095 1249 2265 1333 quod
2306 1247 2359 1310 si

859 1355 1072 1417 adsint
1101 1354 1390 1428 intentio,
1425 1351 1691 1415 materia
1721 1358 1787 1414 et
1814 1349 2040 1423 forma,
2068 1346 2360 1410 sacerdos

862 1458 1072 1535 potest
1119 1451 1438 1515 conficere
1489 1451 1554 1512 in
1602 1456 2116 1532 quantacumque
2168 1453 2359 1507 mate-

863 1550 958 1612 ria
1011 1569 1024 1614 :
1079 1549 1166 1611 ita
1222 1549 1392 1632 quod
1443 1555 1646 1611 totum
1705 1564 1936 1628 panem
1987 1543 2099 1626 qui
2148 1549 2245 1605 est
2293 1542 2359 1604 in

862 1647 1022 1724 foro,
1056 1655 1120 1710 et
1149 1654 1354 1711 totum
1385 1647 1606 1710 vinum
1648 1644 1818 1729 quod
1850 1651 1946 1707 est
1976 1643 2042 1705 in
2077 1640 2357 1715 cellario,

861 1746 1069 1810 valeat
1117 1764 1508 1809 consecrare.
1561 1745 1708 1808 Haeo
1754 1743 1974 1825 opinio
2021 1740 2217 1805 nimis
2264 1745 2362 1802 est

2466 764 2603 820 tum
2639 775 2789 838 ergo
2819 758 2897 822 de
2929 777 3093 840 pane
3123 766 3187 822 et
3216 759 3366 823 vino
3400 765 3608 840 potest
3638 776 3978 821 consecra-

2469 874 2555 931 re,
2572 863 2877 939 quantum
2909 856 2989 919 ab
3015 857 3376 920 hominibus
3406 864 3610 920 exstat
3638 855 3982 938 sumptibi-

2470 952 2547 1015 le.
2567 953 2659 1016 Ad
2691 954 2863 1037 quod
2893 972 3020 1017 non
3049 961 3147 1018 est
3174 955 3495 1037 quantitas
3525 954 3978 1028 determinata,

2468 1052 2821 1132 praesertim
2850 1072 3049 1136 quum
3080 1071 3247 1115 unus
3276 1053 3464 1116 homo
3486 1061 3697 1134 posset
3720 1071 3985 1115 sumere

2469 1148 2536 1210 in
2577 1168 2806 1231 magna
2835 1158 2900 1214 et
2929 1169 3122 1233 parva
3160 1150 3515 1234 quantitate
3547 1171 3563 1214 :
3599 1150 3744 1214 ideo
3772 1170 3982 1232 quan-

2468 1249 2615 1309 titas
2665 1267 2892 1330 magna
2937 1257 3001 1312 et
3051 1267 3245 1331 parva
3293 1248 3454 1312 nihil
3501 1247 3656 1311 facit
3696 1249 3775 1311 ad
3826 1248 3977 1311 hoc.

2468 1345 2657 1408 Porro
2700 1354 3096 1409 sacramenta
3131 1347 3209 1408 ad
3248 1345 3493 1429 aliquid
3531 1346 3918 1409 ordinantur
3962 1364 3978 1408 :

2470 1443 2709 1507 idcirco
2742 1445 2807 1506 in
2839 1444 3254 1508 sacramentis
3282 1453 3378 1508 est
3408 1445 3643 1527 duplex
3677 1443 3977 1508 intentio.

2468 1543 2623 1618 Una,
2669 1561 2811 1624 quae
2859 1544 3189 1607 ordinatur
3235 1543 3313 1606 ad
3364 1541 3826 1625 perfectionem
3880 1563 3981 1606 sa·

2470 1641 2802 1716 eramenti,
2837 1649 2901 1704 et
2930 1641 3051 1704 ista
3087 1641 3445 1704 essentialis
3484 1649 3580 1704 est
3616 1661 3985 1705 sacramen-

2470 1748 2535 1802 to
2587 1759 2600 1804 :
2654 1739 2796 1803 ideo
2844 1759 2919 1803 ea
2965 1741 3222 1815 omissa,
3270 1758 3397 1803 non
3446 1747 3543 1802 est
3589 1741 3982 1803 sacramenti

862 1846 1026 1920 laxa,
1059 1857 1122 1908 et
1150 1845 1306 1908 dum
1345 1843 1538 1906 nimis
1576 1841 1825 1906 confert
1852 1840 2048 1904 verbo
2079 1847 2143 1902 et
2174 1837 2360 1900 mini·
2388 1836 2435 1899 B
2472 1837 2807 1901 confectio.
2858 1838 3019 1913 Alia,
3071 1858 3215 1921 quae
3259 1838 3587 1902 ordinatur
3641 1840 3719 1902 ad
3769 1839 3983 1902 finem

863 1953 1014 2020 stro,
1049 1944 1243 2007 infert
1285 1942 1741 2006 contumeliam
1783 1946 2199 2004 sacramento.
2232 1937 2363 2000 Nec

863 2053 968 2116 est,
988 2043 1403 2116 credendum,
1426 2041 1594 2124 quod
1627 2040 1914 2104 Christus
1945 2039 2065 2101 hoc
2095 2035 2361 2110 dederit,

865 2162 1064 2225 quum
1107 2159 1228 2204 nec
1262 2141 1516 2222 sapiens
1566 2140 1758 2202 homo
1798 2138 2069 2201 dictaret
2107 2135 2230 2198 hoc
2273 2153 2366 2196 es-

867 2258 936 2302 se
964 2239 1264 2302 dandum.
1297 2273 1378 2283 —
1407 2237 1567 2299 Hinc
1607 2237 1745 2299 sine
1785 2233 2160 2318 praejudicio
2196 2232 2362 2306 dico,

867 2338 1036 2421 quod
1079 2356 1207 2401 non
1255 2336 1332 2399 fit
1374 2337 1608 2399 virtute
1651 2334 1992 2398 verborum
2037 2330 2368 2396 conversio

869 2437 996 2499 nisi
1029 2443 1092 2499 et
1119 2436 1288 2498 adsit
1315 2434 1606 2508 intentio,
1641 2435 1772 2496 imo
1811 2431 2080 2495 intentio
2118 2429 2367 2493 confor-

870 2535 992 2597 mis
1031 2533 1414 2597 institutioni
1447 2532 1679 2596 Christi
1713 2539 1778 2594 et
1808 2529 2144 2593 intentioni
2188 2527 2367 2591 ritui-

866 2652 944 2698 ve
979 2633 1278 2697 Ecclesiae
1311 2652 1325 2696 :
1361 2632 1513 2715 quia
1539 2631 1641 2713 (ut
1677 2629 1903 2693 asserit
1939 2628 2149 2709 Hugo)
2176 2644 2366 2690 omne

867 2739 1336 2795 sacramentum
1375 2730 1627 2793 irritum
1668 2735 2020 2810 reputatur,
2053 2726 2108 2789 si
2150 2732 2368 2789 contra

870 2831 1334 2893 institutionem
1395 2827 1771 2892 celebretur.
1824 2825 2097 2889 Intentio
2152 2830 2367 2887 autem

869 2927 1101 2992 Christi
1153 2926 1565 3000 instituentiS,
1607 2933 1796 3007 atque
1847 2923 2145 2986 Ecclesiae
2191 2941 2369 2985 exse-

2472 1937 2953 2012 sacramenti,et
2980 1937 3115 2000 haec
3146 1937 3434 2019 sequitur
3463 1946 3981 2000 sacramentum:

2471 2035 2621 2098 hinc
2666 2055 2740 2098 ea
2788 2037 2994 2118 posita
3041 2035 3143 2098 vel
3192 2035 3463 2111 sublata,
3506 2035 3709 2098 nihilo
3758 2037 3984 2099 minus

2472 2133 2810 2216 perficitur
2850 2141 3357 2214 sacramentum;
3394 2142 3467 2196 ut
3506 2134 3561 2196 si
3604 2134 3843 2217 aliquis
3890 2134 3987 2197 in·

2472 2233 2688 2295 tendat
2720 2232 3038 2316 baptizare
3068 2240 3141 2295 ut
3169 2233 3515 2315 temporale
3545 2232 3796 2296 lucrum
3832 2251 3984 2297 con-

2473 2337 2793 2413 sequatur.
2856 2331 2933 2392 Εἰ
2991 2332 3079 2393 ita
3136 2330 3203 2392 in
3262 2330 3383 2393 isto
3441 2339 3865 2406 sacramento,
3927 2330 3985 2393 si

2474 2428 2765 2492 sacerdos
2814 2436 3142 2492 consecret
3192 2446 3319 2491 non
3370 2436 3439 2490 ut
3480 2429 3725 2493 homini
3772 2429 3987 2492 admi-

2474 2526 2722 2601 nistret,
2756 2527 2867 2589 sed
2908 2534 2976 2588 ut
3011 2526 3074 2588 in
3106 2526 3440 2590 veneficiis
3480 2534 3715 2601 utatur,
3747 2545 3986 2590 verum

2475 2635 2571 2689 est
2600 2644 2831 2708 corpus
2863 2625 3115 2690 Christi.
3150 2627 3325 2689 Unde
3359 2635 3424 2689 et
3452 2627 3507 2688 si
3546 2627 3845 2690 sacerdos
3889 2627 3988 2689 in-

2476 2724 2764 2788 tenderet
2801 2742 3173 2787 consecrare
3216 2742 3509 2806 magnam
3553 2724 3986 2806 quantitatem

2476 2822 2658 2904 panis
2702 2830 2764 2885 et
2803 2822 2961 2897 vini,
2994 2839 3121 2886 non
3162 2822 3240 2885 ad
3284 2841 3473 2884 usum
3512 2821 3833 2898 fidelium,
3870 2823 3989 2886 sed

2474 2921 2553 2982 ad
2594 2920 2981 2995 irrisionem,
3014 2927 3455 2983 consecratum
3494 2930 3678 2984 esset.
3712 2921 3857 2984 Non
3898 2929 3991 2984 ta-

870 3027 1147 3109 quentiS,
1189 3033 1286 3088 est
1327 3024 1646 3088 conficere
1687 3023 1764 3086 ad
1817 3041 2004 3084 usum
2046 3021 2362 3084 fidelium.
2405 3026 2447 3089 C
2479 3037 2625 3081 men
2674 3019 2841 3094 dice,
2883 3019 3052 3100 quod
3096 3018 3303 3082 valeat
3350 3036 3722 3082 consecrare
3768 3027 3988 3082 totum

869 3126 1204 3208 Quumque
1248 3123 1448 3187 virtus
1496 3121 1837 3185 verborum
1879 3121 2233 3184 secundum
2278 3119 2371 3183 in-

868 3224 1222 3287 tentionem
1262 3222 1606 3303 reguletur,
1639 3222 1717 3284 ad
1759 3228 1994 3283 tantam
2035 3219 2366 3282 materiam

869 3340 938 3384 se
986 3321 1292 3396 extendit,
1341 3320 1419 3382 ad
1468 3327 1771 3403 quantam
1818 3326 2028 3402 potest
2074 3318 2366 3381 sacerdos

867 3418 1187 3501 conjicere
1229 3418 1396 3502 quod
1446 3418 1674 3481 debeat
1721 3425 1787 3480 et
1843 3425 2148 3498 congruat
2197 3414 2366 3478 sumi

868 3520 935 3582 in
985 3537 1174 3580 usum
1232 3516 1544 3580 fidelium.
1599 3516 1840 3579 Idcirco
1887 3516 2108 3580 volens
2163 3521 2366 3577 totum

867 3617 979 3699 qui
1019 3617 1085 3678 in
1125 3614 1264 3679 foro
1298 3624 1395 3678 est
1441 3633 1674 3699 panem
1712 3633 2104 3689 consecrare,
2148 3613 2239 3675 nil
2280 3612 2368 3675 fa·

870 3714 958 3776 cit
1003 3714 1128 3776 nisi
1176 3721 1269 3778 tot
1317 3721 1531 3777 essent
1585 3712 2144 3787 communicaturi,
2196 3711 2367 3793 quod

868 3820 1116 3876 tantum
1167 3814 1244 3876 de
1287 3812 1510 3877 hostiis
1561 3812 1938 3894 indigerent.
1981 3811 2125 3874 Haec
2174 3811 2369 3873 Bona·

868 3918 1155 3975 ventura.
1188 3947 1270 3958 —
1298 3911 1532 3974 Eadem
1575 3911 1952 3976 Alexander.

948 4012 1028 4073 At
1074 4028 1226 4074 vero
1271 4012 1540 4075 Thomas
1589 4012 1668 4073 de
1714 4011 1835 4073 hoc
1881 4009 2068 4072 aliter
2113 4006 2370 4070 videtur

869 4110 1129 4183 sentire,
1162 4109 1433 4172 dicendo
1467 4128 1481 4172 ε
1515 4109 1731 4190 Aliqui
1761 4109 2004 4183 dicunt,
2039 4105 2210 4189 quod
2242 4107 2367 4169 vir-

2477 3136 2708 3199 panem
2751 3117 2864 3200 qui
2908 3116 2973 3179 in
3024 3135 3151 3180 una
3192 3125 3291 3180 est
3332 3115 3590 3181 civitate
3632 3125 3743 3180 aut
3784 3116 3933 3181 foro
3967 3136 3984 3180 ε

2476 3216 2777 3299 quoniam
2827 3215 3033 3279 forma
3080 3215 3422 3280 verborum
3480 3216 3989 3279 demonstrativo

2476 3314 2854 3396 pronomine
2898 3322 3107 3390 utenS,
3158 3313 3436 3377 ostendit
3482 3315 3652 3396 quod
3710 3316 3988 3377 materia

2476 3414 2903 3476 consecranda
2946 3412 3137 3475 debet
3184 3431 3323 3475 esse
3364 3430 3579 3475 coram
3627 3414 3982 3477 sacerdote.

2473 3510 2733 3593 Propter
2771 3512 2941 3594 quod
2984 3511 3275 3574 sacerdos
3318 3511 3631 3573 exsistens
3670 3512 3737 3573 in
3784 3511 3987 3575 domo

2475 3627 2609 3683 sua,
2644 3627 2769 3672 non
2810 3615 3025 3691 posset
3053 3626 3426 3671 consecrare
3465 3627 3698 3691 panem
3731 3608 3847 3690 qui
3886 3618 3989 3673 est

2475 3706 2542 3768 in
2589 3706 2770 3769 altari
2820 3726 2835 3771 :
2882 3707 3051 3788 quod
3101 3724 3220 3769 nec
3263 3713 3473 3788 potest
3514 3706 3593 3769 de
3634 3713 3769 3769 toto
3814 3726 3986 3790 pane

2473 3806 2584 3888 qui
2629 3813 2725 3869 est
2766 3804 2833 3868 in
2875 3804 3035 3880 foro,
3070 3823 3279 3888 neque
3321 3804 3401 3867 de
3444 3812 3574 3867 toto
3612 3805 3763 3868 vino
3807 3805 3987 3888 quod

2474 3910 2571 3967 est
2613 3903 2679 3966 in
2727 3903 3003 3967 cellario.
3049 3903 3283 3965 Verum
3333 3910 3857 3985 quantacumque
3900 3905 3988 3967 sit

2473 4002 2793 4084 quantitas
2832 4001 3015 4084 panis
3055 4008 3119 4063 et
3162 4001 3297 4063 vini
3342 4019 3485 4083 quae
3524 4018 3737 4063 coram
3778 4020 3989 4066 sacer-

2474 4100 2621 4164 dote
2650 4106 3108 4183 proponuntur,
3124 4100 3315 4162 credo
3338 4099 3507 4180 quod
3539 4106 3807 4181 possunt
3836 4118 3989 4164 con-

869 4214 973 4268 tus
1003 4223 1129 4269 non
1161 4212 1258 4268 est
1285 4206 1429 4267 data
1459 4205 1751 4268 ministro
1780 4214 1842 4267 ct
1871 4205 2084 4267 verbis
2112 4205 2193 4266 ad
2224 4222 2370 4267 con·
2397 4208 2445 4269 D
2478 4198 2709 4261 secrari
2748 4197 2830 4260 ab
2860 4215 2954 4260 eo.
2989 4197 3292 4271 Quamvis
3330 4198 3523 4261 etiam
3555 4198 3722 4260 Deus
3756 4206 3987 4262 contu·

872 4304 1249 4367 secrandum
1290 4322 1521 4386 panem
1552 4312 1616 4367 et
1643 4304 1869 4367 vinum
1907 4302 2026 4365 sub
2060 4320 2367 4384 quacum·

873 4421 998 4485 que
1027 4403 1396 4486 quantitate,
1409 4403 1520 4465 sed
1551 4402 1672 4465 sub
1702 4409 1870 4465 tanta
1898 4408 2135 4483 quanta
2163 4408 2372 4483 potest

873 4507 1236 4583 competere
1293 4501 1371 4564 ad
1427 4520 1616 4564 usum
1675 4500 1990 4563 fidelium.
2043 4499 2147 4563 Sic
2194 4499 2369 4562 enim

875 4599 1308 4663 conformatur
1357 4600 1625 4663 intentio
1673 4598 2104 4663 consecrantis
2166 4598 2371 4660 inten-

873 4699 1032 4761 tioni
1063 4698 1381 4761 Ecclesiae.
1418 4698 1539 4762 Sed
1578 4698 1699 4763 hoc
1743 4716 1869 4762 non
1910 4697 2184 4771 videtur,
2220 4713 2371 4780 quo-

875 4797 1048 4859 niam
1077 4797 1205 4859 dici
1245 4815 1370 4861 non
1411 4804 1641 4879 potest,
1675 4796 1845 4880 quod
1880 4795 2201 4880 quantitas
2242 4813 2370 4857 ma-

873 4896 1048 4959 teriae
1077 4896 1162 4958 sit
1189 4897 1607 4960 determinata
1644 4896 1998 4959 secundum
2038 4912 2227 4956 usum
2258 4893 2371 4975 qui

875 4996 940 5057 in
981 4996 1278 5077 praesenti
1308 4996 1587 5059 occurrit
1613 4996 1736 5076 (sic
1769 5010 2046 5075 namque
2078 4992 2371 5054 sacerdos

872 5095 940 5167 in
977 5093 1227 5157 deserto
1265 5093 1597 5169 exsistenS,
1631 5111 1758 5156 non
1796 5099 2011 5175 posset
2047 5108 2374 5154 consecra-

875 5210 943 5255 re
981 5199 1073 5256 tot
1110 5194 1349 5256 hostias
1388 5198 1546 5275 quot
1579 5190 1872 5256 sacerdos
1908 5208 2153 5272 magnae
2191 5206 2373 5272 paro·

876 5292 1037 5357 chiae
1082 5311 1097 5356 :
1146 5292 1321 5375 quod
1375 5290 1610 5354 falsum
1659 5292 1803 5372 est),
1855 5290 1966 5353 sed
2015 5287 2371 5351 secundum

2479 4297 2552 4359 lit
2583 4304 2955 4380 potestatem
2986 4296 3398 4360 consecrandi
3428 4296 3507 4358 ad
3531 4295 3641 4358 Dei
3671 4296 3986 4360 honorem

2478 4405 2543 4459 et
2569 4396 2907 4460 hominum
2936 4394 3595 4470 utilitatem‚ministri
3622 4402 3840 4458 tamen
3874 4416 3987 4460 sae-

2478 4495 2624 4577 pius
2666 4493 3017 4557 abutuntur
3062 4513 3075 4558 :
3122 4493 3665 4576 quemadmodum
3706 4502 3771 4557 et
3820 4514 3983 4577 prae-

2481 4593 2623 4655 latis
2672 4593 2816 4654 data
2862 4601 2961 4656 est
3001 4600 3278 4676 potestas
3328 4592 3407 4655 ad
3456 4591 3982 4668 aedificationem,
4014 4618 4049 4663 ιι
4066 4616 4235 4665 coms

2481 4709 2609 4754 non
2639 4691 2704 4754 in
2736 4691 3257 4767 destructionem,
3286 4699 3499 4754 tamen
3530 4697 3842 4773 potestate
3874 4691 3988 4755 illa

2481 4790 2849 4872 frequenter
2878 4790 2957 4852 ad
2986 4789 3488 4853 destructionem
3521 4796 3811 4853 utuntur.
3836 4790 3985 4855 Eaec

2480 4890 2752 4953 Thomas
2798 4889 2865 4951 in
2899 4890 3166 4971 Scripto.

2560 4988 2734 5051 Idem
2774 4988 2841 5051 in
2881 4987 3068 5050 tertia
3107 4994 3307 5070 parte,
3341 4988 3691 5071 quaestione
3726 4998 3983 5071 septua-

2478 5088 2723 5169 gesima
2750 5095 3011 5169 quarta:
3038 5088 3107 5149 In
3136 5085 3441 5149 omnibus
3464 5086 3827 5170 (inquiens)
3856 5106 3987 5151 ma·
4060 5106 4137 5147 ut.
4160 5102 4195 5143 ιι.

2480 5186 2707 5249 teriam
2756 5185 3163 5260 habentibuS‚
3218 5186 3381 5249 ratio
3425 5184 3985 5251 determinationis

2482 5286 2763 5351 materiae
2790 5286 3067 5348 sumitur
3094 5303 3173 5347 ex
3202 5284 3425 5348 ordine
3454 5285 3533 5347 ad
3562 5283 3791 5361 finem,
3816 5287 3986 5349 sicut
