4267 6250
11 19 38 138 ὴ·

869 524 990 589 498
1501 545 1565 591 m
1604 544 1827 590 manunt
1869 543 1929 588 ιν
1972 538 2455 588 ειςΝτεΝτιΑιιυι.
2496 556 2576 567 ——
2616 538 2770 585 msr.
2810 537 3003 602 xvm3
3046 538 3270 595 οωεετ.
3313 539 3336 584 ι

866 719 1026 775 tum.
1078 710 1319 777 Idcirco
1378 721 1653 797 potestas
1712 730 1837 795 qua
1896 711 2020 775 tale
2074 709 2367 774 obstacu-
2397 708 2448 771 Α
2477 708 2652 771 nitur
2703 725 2717 770 ε
2772 707 2978 772 Clavis
3027 715 3125 771 est
3170 707 3405 790 ligandi
3443 714 3638 789 atque
3677 703 3972 769 solvendi

870 810 1003 871 lum
1044 810 1221 892 regni
1263 819 1647 887 removetur,
1686 811 1921 873 dicitur
1959 809 2176 873 clavis,
2221 808 2368 882 Quae

866 915 1145 989 potestas
1176 917 1273 972 est
1302 910 1367 972 in
1399 911 1529 974 Deo
1555 909 1861 973 Trinitate
1891 927 2006 991 per
2034 906 2370 970 auctorita-

864 1012 997 1067 tem
1043 1022 1057 1067 :
1104 1007 1271 1070 unde
1320 1026 1357 1069 a
1405 1007 1789 1089 quibusdam
1837 1006 2075 1068 dicitur
2122 1005 2368 1067 clavem

867 1104 1260 1167 auctoritatis
1303 1105 1557 1168 habere.
1602 1105 1722 1168 Sed
1767 1105 1833 1169 in
1874 1104 2123 1168 Christo
2164 1101 2368 1165 homi-

868 1220 949 1263 ne
982 1201 1104 1263 ruit
1134 1201 1253 1265 ista
1282 1211 1557 1285 potestas
1596 1203 1674 1265 ad
1714 1201 2172 1266 removendum
2212 1218 2366 1282 prae-

867 1299 1109 1362 dictum
1156 1301 1581 1377 obstaculum,
1624 1320 1741 1385 per
1790 1302 2090 1364 meritum
2134 1298 2368 1381 passio-

868 1398 990 1472 nis,
1034 1417 1175 1481 quae
1220 1400 1416 1462 etiam
1468 1399 1702 1463 dicitur
1747 1400 2008 1480 J'anuam
2056 1397 2306 1480 aperire
2347 1413 2362 1459 :

866 1503 1131 1579 propter
1159 1498 1331 1579 quod
1362 1498 1597 1561 dicitur
1632 1518 1669 1561 a
1707 1497 2091 1580 quibusdam
2130 1495 2368 1559 habere

866 1594 1113 1657 clavem
1172 1595 1586 1660 excellentiae.
1639 1595 1976 1678 Quumque
2034 1614 2111 1657 ex
2171 1593 2368 1657 latere

866 1692 1100 1755 Christi
1160 1694 1537 1757 dormientis
1599 1694 1667 1756 in
1725 1712 1913 1756 cruce
1971 1699 2368 1756 sacramenta

864 1789 1209 1866 fluxerunt,
1232 1792 1466 1874 quihus
1495 1792 1845 1855 fabricatur
1872 1792 2190 1854 Ecclesia:
2215 1791 2366 1853 hinc

2475 814 2772 889 potestaS,
2795 826 2921 888 qua
2951 806 3418 869 ecclesiasticus
3445 805 3642 886 judex
3673 804 3974 885 indignos

2476 904 2814 967 excludere
2858 903 3047 967 dehet
3089 924 3126 967 a
3168 922 3384 985 regno,
3429 910 3493 967 et
3538 902 3762 985 dignos
3811 901 3976 965 reci-

2477 1021 2628 1085 pere
2663 1020 2677 1065 ε
2721 1009 2793 1064 ut
2831 1021 2908 1065 ex
2955 1003 3164 1066 littera
3203 1002 3495 1076 habetur,
3539 1008 3607 1063 et
3645 1020 3723 1063 ex
3764 1000 3983 1081 glossa

2477 1101 2868 1184 Hieronymi,
2901 1101 3175 1164 Matthaei
3207 1099 3656 1163 sextodecimo.
3691 1100 3768 1162 Ut
3797 1099 3979 1161 enim

2477 1199 2759 1261 secundo
2797 1200 2878 1261 de
2915 1199 3145 1261 Anima
3174 1199 3358 1261 docet
3387 1197 3831 1279 Philosophus,
3865 1214 3981 1279 po-

2476 1297 2692 1360 tentiae
2748 1296 3149 1360 definiuntur
3204 1316 3319 1380 per
3375 1305 3574 1359 actus.
3637 1296 3980 1377 Quumque

2476 1394 2674 1458 clavis
2717 1395 2802 1457 sit
2839 1395 3129 1478 quaedam
3170 1402 3470 1477 potestaS,
3511 1401 3761 1477 oportet
3801 1394 3978 1476 quod

2477 1512 2592 1575 per
2635 1500 2849 1556 actum
2889 1511 3002 1555 seu
3047 1512 3234 1556 usum
3279 1511 3468 1559 suum
3508 1491 3877 1567 deliniatur,
3913 1499 3982 1554 et

2476 1592 2646 1672 quod
2684 1591 2750 1653 in
2784 1599 2930 1654 actu
2963 1592 3357 1674 exprimatur
3394 1590 3744 1672 objectum,
3777 1609 3816 1654 a
3842 1608 3978 1673 quo

2477 1689 2761 1770 speciem
2803 1690 3035 1772 recipit
3074 1697 3275 1764 actus,
3323 1708 3400 1752 ac
3450 1689 3675 1752 modus
3715 1688 3974 1770 agendi,

2477 1806 2555 1849 ex
2604 1805 2731 1869 quo
2780 1795 3044 1871 apparet
3089 1789 3372 1870 potentia
3418 1788 3726 1850 ordinata.
3777 1785 3978 1849 Actus

867 1888 933 1950 in
983 1891 1399 1953 sacramentis
1455 1890 1754 1953 Ecclesiae
1812 1898 2026 1953 manet
2070 1889 2363 1953 efficacia
2401 1891 2449 1954 B
2477 1895 2690 1949 autem
2722 1887 3050 1969 potestatis
3085 1886 3436 1969 spiritualis
3471 1904 3598 1949 non
3627 1892 3725 1949 est
3753 1893 3824 1947 ut
3851 1904 3982 1949 θω-

864 1988 1179 2069 passionis
1219 1988 1471 2052 Christi.
1506 1990 1575 2051 ln
1616 1988 1926 2051 ministris
1963 2005 2220 2071 quoque
2249 1988 2364 2050 Ec-

866 2085 1097 2159 clesiae,
1139 2088 1251 2169 qui
1302 2088 1770 2170 dispensatores
1816 2094 1965 2150 sunt
2007 2106 2363 2150 sacramen-

864 2190 1098 2258 torum,
1134 2194 1348 2247 manet
1377 2193 1654 2268 potestas
1684 2186 1899 2268 aliqua
1925 2186 2002 2248 ad
2037 2202 2364 2249 removen-

864 2281 1019 2343 dum
1068 2281 1403 2365 praefatum
1462 2284 1887 2359 obstaculum,
1940 2301 2067 2346 non
2126 2284 2363 2346 virtute

864 2379 1143 2461 propria,
1185 2381 1296 2444 sed
1336 2382 1573 2456 divina,
1615 2382 2059 2464 passionisque
2102 2380 2355 2446 Christi.

864 2477 941 2540 Et
981 2478 1117 2541 haec
1163 2486 1438 2561 potestas
1479 2480 1911 2562 metaphorice
1952 2486 2362 2561 nuncupatur

862 2575 1060 2640 clavis
1107 2577 1427 2653 Ecclesiae,
1470 2598 1613 2660 quae
1661 2587 1725 2641 et
1772 2578 1969 2642 clavis
2018 2577 2359 2641 ministerii

862 2675 1246 2738 nominatur.
1282 2676 1581 2750 Quamvis
1612 2694 1762 2758 ergo
1788 2676 1983 2759 janua
2020 2678 2200 2759 regni
2234 2694 2358 2740 coe-

864 2772 1040 2836 lestis
1082 2774 1166 2836 sit
1198 2782 1437 2856 aperta,
1470 2782 1683 2838 tamen
1720 2775 2037 2837 clauditur
2066 2775 2359 2859 peccanti

862 2889 980 2953 per
1023 2872 1348 2954 propriam
1390 2872 1532 2953 ejus
1575 2872 1852 2955 culpam.

942 2968 1007 3031 Si
1046 2987 1197 3033 vero
1234 2969 1503 3050 objicias
1545 2987 1559 3032 ε
1606 2970 2003 3052 Cuicumque
2043 2971 2361 3034 clauditur

2479 1983 2612 2046 lum
2642 1986 2886 2067 aperiat
2913 1984 3216 2060 absolute,
3237 2004 3436 2067 quum
3467 1985 3550 2047 sit
3581 1985 3768 2047 modo
3797 2002 3984 2066 aper-

2475 2090 2636 2159 tum,
2687 2083 2799 2146 sed
2849 2090 2920 2145 ut
2965 2084 3117 2146 huic
3164 2084 3266 2148 vel
3315 2084 3409 2147 illi
3457 2084 3701 2171 aperiat
3741 2100 3756 2145 ε
3803 2084 3982 2164 quod

2473 2182 2761 2245 ordinate
2805 2182 2950 2245 fieri
2990 2182 3234 2264 nequit,
3278 2182 3402 2244 nisi
3445 2182 3788 2245 idoneitate
3829 2183 3982 2263 ejus

2477 2281 2580 2342 cui
2629 2280 2935 2362 aperitur,
2989 2288 3272 2363 pensata.
3333 2280 3494 2343 Hinc
3551 2280 3619 2342 in
3678 2288 3984 2364 praetacta

2474 2378 2851 2441 definitione
2880 2379 3141 2462 ponitur
3167 2398 3368 2460 genus
3400 2378 3619 2453 claviS,
3653 2398 3853 2462 quum
3886 2379 3985 2441 di-

2474 2478 2662 2552 citur,
2707 2478 3022 2558 Potestas3
3063 2485 3254 2560 atque
3293 2478 3656 2559 subjectum
3701 2486 3984 2561 potesta-

2473 2576 2577 2650 tis,
2619 2594 2819 2659 quum
2865 2575 3179 2651 subditur,
3215 2576 3696 2639 Ecclesiasticus
3729 2576 3978 2657 jude13

2471 2682 2652 2737 actus
2680 2691 2956 2757 quoque,
2988 2693 3190 2756 quum
3219 2674 3494 2749 additur,
3526 2674 3878 2737 Excludere
3911 2683 3982 2738 et

2473 2773 2779 2856 recipere,
2821 2773 3174 2836 secundum
3220 2773 3389 2855 quod
3434 2772 3561 2837 duo
3602 2780 3752 2835 sunt
3787 2780 3980 2837 actus

2471 2871 2668 2935 clavis
2711 2871 3099 2951 materialis3
3142 2872 3468 2953 objectum
3507 2873 3722 2947 etiam,
3766 2892 3980 2955 quum

2470 2969 2728 3045 dicitur,
2758 2970 2809 3031 A
2841 2987 3076 3051 regn03
3117 2978 3182 3033 et
3216 2971 3444 3035 modus
3483 2971 3732 3053 agendi,
3765 2990 3982 3054 quum

860 3066 1119 3144 coelum,
1164 3067 1448 3152 aperitur
1500 3068 1813 3144 infernus,
1860 3077 1925 3134 et
1970 3087 2355 3151 econvers03
2395 3068 2439 3134 C
2471 3068 2728 3144 dicitur,
2761 3068 2995 3151 Dignos
3036 3075 3102 3133 et
3142 3069 3454 3153 indignos

861 3184 1013 3248 ergo
1040 3187 1166 3249 qua
1198 3167 1439 3230 ratione
1468 3167 1751 3230 Ecclesia
1782 3167 1976 3231 habet
2012 3168 2224 3232 claves
2263 3187 2358 3231 re-

860 3266 970 3346 gni
1017 3265 1348 3341 coelorum,
1400 3266 1669 3329 dicenda
1716 3274 1811 3329 est
1865 3266 2098 3330 habere
2148 3266 2358 3329 claves

864 3363 1239 3439 inferorum,
1290 3366 1461 3446 quod
1508 3372 1724 3427 tamen
1774 3383 1900 3429 non
1953 3364 2207 3427 dicitur.
2260 3363 2360 3426 Di-

861 3461 1159 3536 cendum,
1192 3460 1363 3543 quod
1394 3461 1593 3525 clavis
1626 3462 1882 3537 inferni,
1917 3482 2043 3545 qua
2075 3462 2362 3544 aperitur

861 3568 926 3623 et
972 3559 1309 3634 clauditur,
1353 3567 1451 3623 θεῖ
1495 3567 1771 3642 potestas
1812 3560 2182 3624 conferendi
2225 3579 2360 3641 gra-

860 3658 1014 3721 tiam
1043 3677 1057 3720 :
1083 3678 1197 3741 per
1224 3678 1419 3741 quam
1447 3658 1696 3722 homini
1727 3660 2012 3741 aperitur
2042 3658 2356 3734 infernus,

860 3765 931 3820 ut
960 3757 1267 3820 educatur
1294 3758 1373 3821 de
1405 3765 1667 3840 peccato
1692 3757 1890 3840 (quod
1922 3764 2020 3820 est
2048 3765 2230 3840 porta
2269 3757 2360 3820 in-

860 3855 1076 3938 ferni),
1110 3865 1173 3918 θῖ
1211 3855 1551 3931 clauditur,
1584 3875 1664 3920 ne
1699 3856 1893 3919 homo
1923 3855 2089 3919 ultra
2118 3856 2187 3917 in
2217 3874 2360 3938 pec·

862 3961 1074 4017 catum
1134 3953 1399 4016 labatur.
1458 3954 1737 4018 Gratiam
1793 3963 2009 4017 autem
2067 3953 2359 4017 conferre

862 4053 1059 4116 solius
1107 4059 1205 4115 est
1241 4052 1352 4115 Dei
1398 4069 1411 4114 ε
1455 4052 1601 4116 ideo
1649 4053 1894 4115 clavem
1944 4051 2180 4115 inferni
2233 4051 2358 4114 sibi

860 4151 981 4215 soli
1012 4151 1291 4214 retinuit.
1312 4149 1522 4214 Clavis
1552 4169 1703 4213 vero
1732 4150 1934 4232 regni,
1954 4158 2053 4213 est
2080 4157 2359 4233 potestas

2553 3167 2617 3230 Si
2666 3175 2881 3231 autem
2940 3176 3280 3250 quaeratur,
3329 3189 3412 3232 an
3470 3169 3668 3232 clavis
3719 3169 3838 3233 ista
3891 3171 3983 3234 sit

2473 3265 2643 3328 idem
2685 3266 2854 3348 quod
2895 3266 3302 3330 sacerdotalis
3346 3268 3713 3346 character3
3753 3268 3984 3333 dieen-

2473 3364 2650 3439 dum,
2683 3364 2852 3445 quod
2883 3363 2962 3426 ad
2991 3364 3140 3438 duo,
3163 3382 3434 3447 quorum
3467 3384 3670 3429 unum
3701 3374 3797 3429 est
3824 3385 3986 3431 cau·

2473 3481 2542 3524 sa
2581 3462 2866 3538 alteriuS,
2911 3463 3242 3525 ordinatur
3287 3483 3413 3527 una
3456 3472 3757 3547 potestaS,
3801 3464 3984 3528 sicut

2474 3560 2537 3622 in
2600 3561 2744 3642 igne
2801 3561 2879 3622 ad
2937 3560 3441 3625 calefaciendum
3499 3571 3564 3625 θῖ
3617 3562 3985 3626 dissolven-

2471 3660 2647 3720 dum.
2681 3658 3018 3740 Quumque
3055 3661 3268 3722 omnis
3301 3662 3501 3742 gratia
3529 3669 3722 3744 atque
3748 3662 3988 3726 remis-

2473 3756 2570 3820 sio
2609 3755 2674 3819 in
2713 3775 2978 3839 corpore
3009 3759 3278 3841 mystico
3306 3759 3648 3822 descendat
3685 3779 3722 3823 a
3759 3762 3984 3843 capite

2472 3873 2590 3918 suo
2620 3855 2869 3919 Christo
2905 3873 2918 3917 :
2954 3855 3104 3918 hinc
3144 3857 3364 3920 eadem
3405 3866 3684 3941 potestas
3716 3877 3833 3941 per
3873 3879 3984 3923 es-

2472 3953 2744 4016 sentiam
2773 3971 2914 4016 esse
2943 3954 3206 4030 videtur,
3222 3975 3349 4038 qua
3376 3957 3670 4019 sacerdos
3699 3957 3988 4021 confice*

2473 4071 2541 4114 re
2573 4059 2780 4134 potest
2807 4060 2872 4114 et
2902 4072 3027 4134 qua
3054 4053 3299 4116 solvere
3329 4062 3538 4137 potest
3574 4063 3639 4118 et
3668 4055 3893 4137 ligare,
3921 4058 3984 4121 si

2468 4149 2831 4231 jurisdictio
2868 4151 3071 4231 adsit;
3113 4170 3231 4214 nec
3270 4152 3490 4215 differt
3531 4153 3653 4216 nisi
3699 4152 3982 4230 ratione,

860 4248 1222 4311 dimittendi
1263 4265 1469 4331 poenae
1512 4255 1779 4321 reatum,
1821 4267 1937 4330 per
1978 4266 2171 4330 quem
2216 4265 2358 4330 pro·
2390 4253 2439 4315 D
2471 4250 2824 4310 secundum
2871 4249 3042 4331 quod
3091 4249 3170 4312 ad
3228 4250 3513 4313 diversos
3561 4262 3988 4334 comparatur

860 4345 1119 4408 hibetur
1147 4365 1184 4408 a
1213 4363 1409 4427 regno
1433 4364 1446 4409 ε
1474 4347 1614 4408 ideo
1646 4345 1845 4426 magis
1876 4346 2085 4428 potuit
2114 4346 2361 4408 homini

862 4445 997 4508 dari
1028 4443 1226 4507 clavis
1256 4444 1436 4524 regni
1470 4462 1665 4526 quam
1704 4444 1899 4506 clavis
1940 4444 2196 4507 inl'erni.
2231 4445 2359 4509 Nec

861 4543 1035 4606 enim
1074 4550 1226 4606 sunt
1264 4540 1455 4604 idem.
1502 4543 1589 4604 De
1632 4540 1883 4605 inferno
1925 4543 2167 4626 quippe
2207 4544 2360 4607 edu-

861 4643 1029 4705 citur
1075 4640 1269 4703 homo
1316 4659 1432 4723 per
1479 4640 1922 4704 remissionem
1971 4641 2199 4724 culpae,
2245 4641 2358 4724 qui

861 4742 928 4804 in
976 4739 1237 4804 instanti
1294 4756 1422 4802 non
1480 4739 1904 4802 introducitur
1963 4741 2027 4802 in
2087 4759 2358 4822 regnum

859 4847 1121 4923 propter
1160 4846 1407 4902 reatum
1447 4856 1651 4920 poenae
1692 4839 2077 4920 temporalis.
2110 4839 2225 4901 Vel
2264 4840 2356 4902 di-

860 4937 1158 5012 cendum,
1194 4945 1263 4999 ut
1288 4936 1396 4999 alii
1429 4936 1671 5011 dicunt,
1706 4935 1876 5019 quod
1908 4937 2078 5000 idem
2108 4946 2207 5001 est
2237 4939 2359 5001 cla-

857 5039 957 5103 vis
988 5037 1133 5100 coeli
1164 5044 1229 5098 et
1258 5035 1455 5098 clavis
1488 5035 1744 5109 inl'erni,
1779 5036 2081 5117 quoniam
2120 5055 2198 5099 ex
2237 5038 2358 5102 hoc

859 5137 1001 5219 ipso
1029 5135 1200 5217 quod
1226 5133 1423 5198 alicui
1457 5135 1741 5215 aperitur
1780 5152 2005 5209 unum,
2040 5134 2359 5200 clauditur

859 5235 1174 5312 alterum3
1219 5231 1331 5294 sed
1373 5232 1824 5295 denominatur
1865 5252 1902 5294 a
1943 5233 2240 5315 digniori.

941 5334 1245 5396 Praeterea
1282 5329 1479 5393 clavis
1515 5330 1637 5392 ista
1676 5331 2028 5413 spiritualis
2067 5333 2160 5395 sic
2199 5333 2356 5397 deri-

2469 4345 2744 4410 effectus
2778 4365 2792 4408 :
2834 4347 3374 4429 quemadmodum
3407 4349 3572 4431 ignis
3612 4352 3984 4415 secundum

2469 4445 2660 4508 aliam
2703 4445 3016 4508 rationem
3064 4445 3299 4508 dicitur
3341 4447 3753 4511 calefactivus
3789 4457 3860 4511 θῖ
3905 4451 3984 4514 Ιί-

2469 4544 2888 4626 qucfactivus.
2943 4544 3277 4626 Quumque
3332 4545 3424 4607 nil
3472 4546 3646 4610 aliud
3695 4547 3778 4609 sit
3825 4550 3988 4612 cha-

2470 4650 2674 4705 racter
2710 4641 2953 4706 ordinis
2995 4642 3425 4720 sacerdotalis,
3457 4663 3650 4727 quam
3689 4653 3990 4728 potestas

2469 4741 2808 4804 exercendi
2841 4740 2905 4803 id
2934 4741 3011 4803 ad
3041 4741 3212 4825 quod
3241 4743 3397 4805 ordo
3426 4744 3760 4807 sacerdotii
3791 4748 3987 4827 prin-

2469 4838 2760 4921 cipaliter
2789 4839 3139 4912 ordinatur,
3171 4847 3422 4921 oportet
3450 4841 3766 4904 sustinere
3793 4848 3989 4925 quod

2469 4937 2552 4999 sit
2583 4936 2752 4999 idem
2782 4938 2952 5018 quod
2983 4937 3336 5019 spiritualis
3366 4946 3644 5020 potestas
3679 4956 3692 5000 :
3726 4939 3990 5007 idcirco

2469 5036 2816 5110 character,
2859 5044 2923 5097 et
2965 5043 3244 5117 potestas
3287 5037 3674 5100 conficiendi
3717 5058 3836 5102 seu
3881 5061 3990 5104 sa-

2468 5135 2734 5199 cerdotii
2764 5135 2937 5208 ordo,
2951 5141 3015 5198 et
3041 5143 3318 5218 potestas
3349 5135 3650 5212 clavium,
3668 5144 3766 5200 est
3792 5138 3988 5205 idem

2469 5235 2746 5308 realiter,
2796 5232 3038 5296 ratione
3089 5232 3420 5297 differens.
3463 5270 3545 5282 -
3589 5235 3654 5299 Si
3701 5237 3986 5303 demum

2468 5339 2808 5414 quaeratur‚
2842 5330 3097 5414 quando
3127 5330 3326 5394 clavis
3355 5332 3719 5415 confertur3
3749 5335 3985 5402 dicen·
