4267 6250
871 486 952 534 n:
989 485 1388 534 vlsmuum
1427 484 1715 534 CORPORIS
1757 483 1996 532 numm
2035 485 2099 534 m
2141 484 2543 534 §Ammo
2582 486 2840 534 amalus

325 677 477 720 rum.
507 658 846 742 Quumque
883 675 1115 744 corpus
1153 657 1386 724 Christi
1424 675 1554 722 non
1597 662 1813 738 tangat
1838 655 1891 721 A
1921 675 2041 741 pus
2071 655 2303 722 Christi
2333 657 2399 720 in
2427 657 2775 732 altari,non
2805 656 3051 721 visione
3082 654 3410 739 corporali,

324 775 524 821 aerem
575 757 1124 832 circumstantem,
1181 757 1420 822 idcirco
1467 773 1596 820 non
1643 755 1812 819 valet
1919 755 1986 818 in
2034 774 2162 839 qua
2208 775 2327 819 nec
2369 775 2518 820 cum
2558 756 2803 838 angelis
2850 756 3087 820 sanctis
3130 773 3415 819 commu-

325 856 386 917 in
425 855 562 938 ipso
603 856 835 920 coloris
877 857 980 919 sui
1022 855 1512 920 similitudinem
1553 873 1810 936 genera-

324 971 402 1015 re.
453 953 765 1029 Secundo,
813 954 1120 1037 quoniam
1179 952 1354 1017 color
1397 951 1810 1035 consequitur

322 1052 750 1134 quantitatem,
783 1072 984 1137 quum
1015 1052 1460 1116 immediatum
1489 1050 1629 1132 ejus
1658 1050 1805 1113 sub-

318 1151 548 1230 jectum
579 1150 664 1214 sit
699 1150 1096 1234 superficies,
1134 1150 1210 1212 Et
1239 1150 1542 1232 quoniam
1574 1167 1805 1231 corpus

322 1249 542 1312 Christi
572 1267 700 1312 non
731 1249 922 1313 habet
950 1249 1242 1313 ordinem
1270 1249 1352 1312 ad
1390 1247 1562 1311 hunc
1591 1247 1804 1312 locum

319 1348 551 1412 ratione
609 1349 880 1432 propriae
936 1347 1330 1431 quantitatis,
1391 1347 1632 1410 idcirco
1686 1364 1805 1409 nec

319 1447 550 1510 ratione
580 1447 681 1509 sui
711 1446 942 1509 coloris
977 1464 990 1508 ε
1025 1453 1285 1530 propter
1313 1445 1482 1528 quod
1514 1463 1632 1508 nec
1663 1461 1808 1508 con·

315 1545 588 1626 jungitur
614 1545 744 1607 aeri
775 1545 1208 1608 circumstanti
1238 1545 1589 1608 secundum
1617 1563 1809 1626 quan-

319 1645 573 1720 titatem,
619 1663 738 1708 nec
786 1643 1100 1708 assimilat
1158 1644 1342 1707 illum
1389 1642 1514 1706 sibi
1575 1644 1804 1726 produ-

320 1744 506 1806 cendo
543 1743 1038 1807 similitudinem
1077 1743 1178 1806 sui
1219 1744 1284 1806 iu
1326 1744 1484 1826 ipso.
1519 1743 1806 1825 Denique

1914 853 2149 916 nicant.

1993 951 2331 1034 Quumque
2391 952 2829 1035 investigatur,
2877 972 2958 1016 an
3008 952 3295 1016 Christus
3342 970 3412 1016 se

1915 1049 2128 1134 ipsum
2161 1051 2373 1114 videat
2411 1050 2537 1131 ibi;
2569 1051 2936 1126 dicendum,
2969 1052 3140 1134 quod
3178 1050 3233 1113 si
3260 1066 3411 1113 ocu-

1915 1147 2014 1212 lus
2046 1148 2279 1212 Christi
2310 1157 2477 1214 esset
2514 1156 2692 1213 extra
2728 1150 2975 1232 species
3005 1148 3408 1224 sacramenti,

1913 1264 2042 1310 non
2081 1247 2328 1311 videret
2368 1248 2788 1312 substantiam
2832 1267 3013 1312 suam
3057 1248 3221 1312 intra
3271 1267 3412 1330 spe-

1913 1345 2045 1408 cies
2085 1353 2471 1422 contentam,
2504 1366 2582 1410 ex
2612 1354 2838 1411 natura
2864 1346 3101 1430 gloriae,
3135 1347 3260 1410 nisi
3300 1347 3414 1408 mi-

1913 1444 2220 1508 raculose.
2266 1446 2499 1508 Verum
2542 1446 2621 1510 de
2662 1447 2784 1510 hoc
2829 1446 2993 1509 infra
3034 1446 3301 1509 dicetur.

1993 1543 2085 1605 Ad
2131 1543 2431 1606 ultimum
2475 1545 2917 1627 respondetur,
2950 1546 3119 1627 quod
3171 1544 3416 1607 intelle-

1915 1648 2055 1704 ctus
2099 1650 2315 1705 noster
2359 1641 2467 1704 illa
2508 1643 2837 1705 dumtaxat
2882 1643 3118 1705 dicitur
3157 1643 3415 1726 proprie

1915 1757 2296 1821 cognoscere
2354 1759 2465 1802 seu
2515 1741 2733 1804 videre
2790 1760 3065 1824 quorum
3122 1741 3414 1806 essentiae

321 1841 675 1923 magnitudo
705 1841 910 1923 maior
939 1843 1007 1904 in
1044 1841 1272 1924 aequali
1314 1841 1615 1904 distantia
1642 1841 1801 1917 visa,
1840 1839 1887 1902 B
1914 1837 2040 1901 sibi
2071 1846 2533 1920 praesentantur
2572 1839 2816 1902 lumine
2856 1840 3151 1914 naturali,
3185 1840 3286 1903 vel
3320 1840 3413 1902 lu-

319 1939 426 2001 sub
465 1939 691 2022 maJori
730 1940 964 2023 angulo
1001 1940 1276 2014 videtur,
1309 1947 1382 2002 ut
1420 1940 1803 2022 perspectivi

320 2038 758 2101 demonstrant.
793 2038 917 2102 Sed
956 2038 1163 2119 major
1191 2046 1289 2102 est
1324 2039 1642 2120 quantitas
1673 2056 1806 2101 cor-

319 2137 476 2218 poris
519 2137 752 2200 Christi
797 2155 992 2220 quam
1035 2136 1279 2211 hostiae,
1312 2136 1613 2200 distantia
1653 2153 1806 2201 vero

319 2235 386 2296 ad
414 2235 668 2299 oculum
703 2244 803 2299 est
829 2237 1050 2299 eadem
1086 2253 1101 2298 ε
1134 2253 1286 2318 ergo
1323 2235 1546 2298 oculus
1581 2235 1806 2299 videns

320 2350 534 2414 corpus
584 2332 820 2396 Christi
876 2352 950 2396 ac
1001 2333 1297 2407 hostiam,
1348 2332 1524 2396 videt
1575 2350 1806 2415 corpus

319 2429 428 2490 sub
467 2429 694 2510 majori
739 2429 992 2511 angulo.
1037 2430 1280 2512 Corpus
1321 2436 1533 2493 autem
1575 2429 1804 2494 Christi

321 2528 559 2591 videtur
603 2527 726 2590 sub
777 2528 992 2610 specie
1034 2527 1255 2592 hostiae
1290 2545 1304 2590 ε
1337 2545 1488 2609 ergo
1534 2529 1806 2611 angulus

321 2627 515 2689 minor
546 2627 834 2690 continet
863 2627 1211 2708 majorem3
1243 2627 1412 2709 quod
1444 2626 1805 2709 impossibi-

319 2723 372 2787 le
421 2733 534 2787 est.
587 2724 680 2787 Ex
735 2723 974 2806 quibus
1023 2733 1196 2808 patet
1242 2725 1321 2788 ad
1372 2725 1656 2808 primum
1713 2745 1809 2788 re-

319 2823 584 2905 sponsio.

389 2922 478 2984 Ad
519 2921 898 2995 secundum,
931 2920 1231 2985 videlicet
1277 2930 1493 2985 utrum
1543 2921 1804 3005 angelus

1915 1935 2088 1998 mine
2115 1936 2333 2017 gratiae
2369 1943 2480 1998 aut
2515 1937 2751 2019 gloriae.
2786 1937 2963 2000 Unde
3000 1944 3065 2000 et
3101 1957 3139 2000 a
3178 1937 3413 2019 princi-

1913 2034 2022 2116 pio
2060 2034 2297 2096 dicitur
2328 2034 2435 2097 illa
2462 2035 2679 2098 videre
2718 2054 2861 2117 quae
2900 2035 3113 2098 statim
3144 2034 3415 2117 cognitis

1914 2132 2230 2207 terminiS,
2263 2132 2447 2215 quasi
2475 2133 2631 2195 visis
2670 2133 2964 2197 essentiis
2992 2134 3415 2198 terminorum

1915 2237 2309 2311 noscuntur3
2339 2239 2530 2314 atque
2574 2250 2689 2313 per
2728 2250 3123 2315 consequens
3167 2240 3415 2296 tantum

1915 2328 2024 2393 illa
2065 2348 2210 2412 quae
2258 2329 2652 2393 reducuntur
2701 2330 2767 2393 in
2815 2331 3025 2413 prima
3072 2331 3412 2415 principia,

1915 2427 2084 2491 sicut
2131 2429 2578 2492 conclusiones
2626 2429 3059 2493 scientiarum.
3112 2431 3261 2505 Quae
3307 2450 3414 2494 au-

1913 2531 2044 2588 tem
2085 2525 2337 2588 nullum
2377 2526 2667 2590 ordinem
2707 2526 2944 2590 habent
2978 2527 3059 2590 ad
3099 2527 3417 2611 principia

1915 2643 2029 2706 per
2059 2643 2128 2687 se
2160 2631 2329 2698 nota,
2351 2643 2560 2707 neque
2590 2624 2667 2687 ad
2696 2625 3065 2689 sensitivam
3096 2625 3411 2702 notitiam,

1915 2740 2044 2785 non
2102 2730 2313 2806 potest
2360 2722 2617 2806 proprie
2664 2724 2731 2785 in
2790 2730 2955 2786 statu
3003 2723 3123 2788 viae
3170 2724 3410 2788 videre.

1915 2821 2062 2884 Tale
2105 2829 2319 2883 autem
2365 2827 2461 2884 est
2499 2837 2729 2904 corpus
2776 2822 3005 2887 Christi
3050 2821 3169 2886 sub
3214 2841 3415 2886 sacra-

1915 2927 2151 2983 mento.
2186 2920 2345 2983 Hinc
2386 2919 2747 2984 intellectus
2777 2921 3036 2984 viatoris
3066 2921 3245 2984 nullo
3284 2940 3415 2985 mo—

321 3021 518 3084 videat
547 3039 778 3102 corpus
809 3020 1043 3083 Christi
1073 3021 1141 3082 in
1171 3020 1401 3096 hostia,
1425 3021 1806 3103 responden·
1842 3020 1885 3084 C
1915 3020 1996 3082 do
2035 3019 2155 3082 hoc
2194 3026 2404 3102 potest
2442 3019 2677 3095 videre,
2712 3026 2774 3082 et
2815 3020 3017 3084 multo
3060 3019 3271 3083 minus
3305 3037 3413 3103 po-

320 3119 482 3195 dum,
507 3119 676 3202 quod
707 3119 970 3201 angelus
1000 3119 1162 3183 nihil
1194 3119 1369 3184 videt
1395 3119 1642 3184 visione
1671 3138 1806 3183 cor-

321 3218 530 3300 porali,
567 3218 695 3281 imo
725 3236 846 3282 nec
887 3236 1120 3301 corpus
1157 3226 1558 3302 assumptum
1587 3236 1806 3301 corpo—

319 3316 522 3381 raliter
566 3316 782 3396 videt;
833 3335 951 3380 nec
1001 3324 1101 3379 est
1147 3317 1213 3379 in
1268 3317 1410 3399 ipso
1455 3318 1582 3381 nisi
1628 3317 1804 3380 visus

319 3414 776 3487 intellectualis,
810 3415 922 3497 qui
958 3434 996 3477 a
1033 3415 1450 3479 sensibilibus
1485 3433 1614 3479 non
1648 3416 1804 3478 reci-

320 3514 424 3595 pit,
455 3512 564 3575 sed
605 3512 910 3594 intelligit
945 3514 1046 3576 vel
1090 3532 1204 3598 per
1245 3514 1490 3597 species
1533 3514 1802 3589 innatas,

318 3618 614 3693 quant-um
663 3612 743 3675 ad
801 3630 878 3675 ea
923 3631 1067 3694 quae
1115 3612 1388 3675 naturali
1446 3612 1805 3693 cognitione

320 3708 625 3791 intelligit,
658 3715 768 3771 aut
810 3728 926 3792 per
963 3709 1268 3785 Verbum,
1299 3709 1506 3793 quoad
1548 3728 1623 3771 ea
1663 3728 1806 3791 quae

321 3807 660 3871 naturalem
698 3807 844 3889 ejus
873 3808 1191 3870 excedunt
1227 3807 1537 3870 notitiam.
1571 3808 1804 3882 Quum-

323 3924 438 3987 que
465 3906 672 3989 angeli
699 3906 830 3968 sint
857 3905 1050 3980 beati,
1073 3914 1322 3988 oportet
1349 3907 1518 3989 quod
1550 3907 1806 3988 plenam

323 4004 599 4068 notitiam
631 4004 907 4067 habeant
945 4004 1233 4068 omnium
1271 4024 1413 4086 quae
1447 4012 1598 4067 sunt
1624 4004 1803 4079 fidei,

319 4111 616 4184 quantum
648 4104 726 4165 ad
757 4102 1072 4166 visionem
1102 4102 1622 4185 gloriosam,quae
1651 4101 1806 4167 fidei

1913 3127 2037 3182 test
2066 3118 2129 3181 id
2162 3118 2684 3202 comprehendere
2701 3137 2714 3182 :
2731 3119 2877 3202 quia
2904 3118 3102 3182 multa
3125 3118 3416 3183 videntur

1915 3236 2058 3299 quae
2107 3234 2234 3280 non
2294 3217 2940 3299 comprehenduntur.
2995 3218 3417 3300 Comprehen-

1914 3332 2086 3377 sores
2139 3331 2289 3377 vero
2331 3322 2432 3396 (ut
2478 3314 2722 3378 dictum
2778 3317 2903 3396 est)
2949 3334 3024 3379 ea
3068 3336 3211 3399 quae
3258 3316 3413 3379 fidei

1913 3422 2064 3476 sunt
2111 3412 2395 3495 perfecte
2444 3414 2869 3497 conspiciunt,
2922 3432 3049 3478 non
3098 3413 3250 3489 fide,
3303 3415 3413 3477 sed

1915 3512 2085 3575 clara
2122 3512 2389 3576 visione.
2422 3547 2503 3559 —
2533 3513 2677 3576 Haec
2717 3513 2988 3576 Thomas
3031 3513 3096 3576 in
3141 3513 3408 3596 Scripto.

1993 3611 2183 3674 Porro
2214 3610 2282 3674 in
2320 3611 2508 3673 tertia
2547 3618 2745 3693 parte,
2778 3612 3127 3694 quaestione
3167 3618 3414 3695 septua-

1913 3709 2156 3791 gesima
2184 3716 2380 3783 sexta,
2403 3710 2580 3772 addit
2612 3726 2625 3771 :
2660 3709 2902 3792 Corpus
2932 3710 3164 3773 Christi
3194 3710 3260 3774 in
3291 3711 3413 3773 hoc

1915 3814 2312 3869 sacramento
2372 3814 2468 3869 est
2525 3825 2640 3889 per
2694 3808 2958 3870 modum
3016 3808 3409 3883 substantiae,

1917 3923 2045 3969 non
2087 3904 2478 3988 quantitatis.
2515 3905 2881 3969 Substantia
2921 3924 3074 3969 vero
3115 3906 3179 3969 in
3218 3926 3414 3988 quan-

1915 4012 2054 4067 tum
2087 4004 2471 4085 hujusmodi,
2488 4022 2613 4067 non
2644 4011 2740 4066 est
2769 4004 3042 4067 visibilis
3070 4005 3259 4068 oculo
3285 4023 3416 4068 cor-

1918 4104 2118 4186 porali
2151 4122 2269 4167 nec
2310 4103 2601 4186 subjacet
2635 4104 2827 4166 alicui
2862 4104 3101 4179 sensui,
3136 4103 3267 4167 imo
3297 4124 3415 4168 nec

319 4200 592 4264 succedit
640 4218 654 4262 z
705 4200 850 4264 ideo
897 4202 1064 4263 sicut
1107 4200 1270 4264 fides
1326 4201 1530 4264 credit
1576 4220 1808 4283 corpus
1840 4204 1889 4265 D
1919 4202 2380 4283 imaginationi,
2442 4202 2554 4265 sed
2612 4201 2731 4265 soli
2790 4202 3165 4277 intellectui,
3229 4203 3415 4285 cujus

321 4296 541 4360 Christi
591 4317 732 4361 esse
781 4298 902 4361 sub
955 4306 1370 4381 sacramento,
1421 4299 1515 4362 sic
1561 4300 1808 4364 visione

319 4396 491 4460 beata
516 4398 726 4480 angeli
759 4398 983 4462 vident
1009 4398 1130 4460 hoc
1159 4398 1346 4461 clare.
1368 4398 1568 4462 Credo
1596 4405 1806 4462 autem

321 4497 481 4576 quod
507 4496 724 4559 omnia
752 4516 896 4580 quae
924 4504 1074 4559 sunt
1108 4495 1287 4571 fidei,
1319 4497 1451 4561 sint
1477 4516 1670 4580 super
1700 4517 1806 4561 na-

321 4594 579 4657 turalem
629 4594 1056 4676 cognitionem
1106 4594 1500 4676 angelorum,
1533 4594 1701 4657 sicut
1746 4602 1811 4657 et

323 4690 644 4755 hominum
671 4696 973 4774 :propter
999 4693 1170 4774 quod
1205 4693 1504 4777 mysteria
1533 4692 1688 4757 fidei
1719 4692 1810 4756 di-

227 4832 236 4841 .
287 4797 544 4853 ‚cuntur
584 4808 726 4853 esse
767 4789 1137 4854 abscondita
1176 4811 1214 4855 a
1252 4792 1502 4856 saeculis
1545 4792 1611 4855 in
1656 4793 1802 4856 Deo.

323 4885 474 4951 Hinc
501 4887 772 4951 naturali
803 4890 1166 4970 cognitione
1195 4908 1322 4954 non
1353 4891 1573 4955 vident
1598 4892 1807 4975 angeli

323 5002 542 5069 corpus
573 4986 831 5061 Christi,
863 4987 974 5050 sed
1004 4988 1214 5051 solum
1244 4988 1444 5052 beata.
1479 4992 1807 5055 Daemones

225 5112 268 5138 -ι
321 5102 464 5147 vero
491 5086 668 5149 nullo
707 5086 897 5150 modo
935 5087 1154 5150 vident
1191 5088 1500 5171 plenarie,
1533 5090 1644 5153 sed
1678 5108 1810 5153 cre·

319 5182 470 5246 dunt
498 5192 560 5247 et
596 5186 1118 5249 contremiscunt.
1153 5186 1577 5251 Conformiter
1613 5189 1806 5252 ceteri

319 5278 484 5344 Beati
513 5284 758 5347 visione
791 5284 1204 5352 intellectuali
1239 5286 1646 5368 conspiciunt
1675 5304 1808 5349 cor-

1917 4300 2244 4382 objectum
2274 4309 2371 4363 est
2399 4300 2569 4383 quod
2600 4301 2755 4382 quid
2786 4308 2903 4377 est,
2936 4309 3008 4364 ut
3035 4302 3272 4365 dicitur
3299 4310 3418 4367 ter-

1918 4399 2006 4461 tio
2049 4400 2128 4461 de
2167 4397 2414 4461 Anima.
2448 4398 2594 4461 Ideo
2638 4416 2869 4482 corpus
2914 4399 3147 4463 Christi
3196 4419 3418 4464 secun-

1916 4498 2072 4561 dum
2129 4497 2302 4579 quod
2360 4496 2427 4559 in
2484 4505 2881 4562 sacramento
2938 4500 3248 4576 consistit,
3297 4519 3417 4564 nec

1917 4616 2110 4659 sensu
2170 4613 2289 4658 nec
2347 4594 2797 4676 imaginatione
2856 4604 2953 4659 est
3006 4598 3417 4680 apprehensi-

1915 4691 2068 4767 bile,
2101 4693 2214 4757 sed
2260 4692 2605 4756 intellectu.
2639 4693 2993 4775 Per-cipitur
3030 4712 3287 4777 quoque
3325 4695 3417 4759 di·

1916 4782 2275 4856 versimode
2323 4811 2360 4856 a
2402 4792 2671 4855 diversis
2721 4791 3171 4854 intellectibus.
3206 4794 3413 4867 Quum

1915 4891 2088 4953 enim
2134 4893 2360 4955 modus
2401 4889 2652 4954 essendi
2700 4908 2830 4972 quo
2872 4889 3159 4953 Christus
3202 4898 3297 4953 est
3347 4893 3413 4954 in

1915 4998 2333 5064 sacramentO,
2367 4988 2450 5051 sit
2488 4987 3010 5070 supernaturalis,
3044 5006 3081 5049 a
3113 5008 3414 5070 superna·

1914 5087 2107 5151 turali
2160 5087 2506 5161 intellectu,
2561 5094 2713 5169 puta
2762 5086 3003 5161 divin0,
3056 5088 3407 5150 secundum

1917 5206 1984 5249 se
2028 5184 2303 5248 visibilis
2346 5193 2462 5259 est,
2495 5192 2558 5247 et
2600 5204 2714 5267 per
2758 5203 3155 5267 consequens
3193 5184 3276 5248 ab
3317 5186 3411 5248 in·

1917 5284 2177 5349 tellectu
2208 5282 2393 5347 beato
2433 5283 2721 5365 angelico
2750 5292 2813 5347 et
2841 5284 3143 5359 humano,
3176 5283 3287 5366 qui
3320 5304 3413 5348 se-

3493 3727 3575 3765 art.
3598 3726 3638 3765 7.
