4267 6250
791 520 878 568 AN
918 520 1284 570 Ancmmwm
1327 519 1576 566 Possm
1617 516 1818 565 Aemus
1859 517 1934 564 m·
1973 517 2114 564 PATI
2156 517 2291 574 011AE
2333 517 2495 564 ANTE
2535 517 3073 566 coNstanrlom

3359 496 3481 564 323

367 690 560 772 panis
609 697 676 754 et
723 690 882 764 vini,
933 691 1354 776 omniumque
1410 689 1874 774 generabilium
1904 689 1958 752 A
1987 689 2301 753 minorem
2340 691 2779 773 quantitatem,
2814 690 3118 776 quoniam
3150 696 3482 754 remanent

365 796 434 851 et
464 789 988 872 corruptibilium
1021 810 1256 865 rerum,
1291 798 1386 854 est
1415 790 1733 873 quantitas
1764 789 1876 850 du-

369 888 519 969 plex
561 895 626 950 et
663 888 903 971 duplex
945 908 1146 970 genus
1188 889 1682 952 dimensionum.
1717 888 1879 951 Sunt

365 986 545 1049 enim
594 987 686 1049 ibi
726 987 1158 1051 dimensiones
1200 987 1634 1051 determinatas
1677 994 1741 1049 et
1783 986 1876 1048 in-

367 1085 830 1148 determinata.
875 1085 1160 1148 Dicimus
1195 1104 1493 1168 namque,
1533 1085 1704 1166 quod
1743 1091 1878 1146 tan-

367 1193 510 1246 tum
541 1185 622 1246 de
655 1184 922 1246 materia
951 1192 1048 1246 est
1076 1183 1197 1246 sub
1235 1202 1364 1247 uno
1398 1181 1641 1265 pugillo
1670 1201 1872 1264 aquae,

367 1291 688 1365 quantum
738 1280 860 1344 sub
910 1282 1134 1344 decem
1192 1281 1454 1363 pugillis
1505 1281 1706 1358 aeris3
1757 1297 1876 1342 nee

363 1387 589 1442 tamen
630 1387 878 1442 tantum
919 1387 1190 1461 occupat
1229 1379 1440 1442 locum
1483 1379 1548 1440 in
1590 1397 1719 1441 uno
1756 1379 1876 1440 sie-

367 1486 442 1539 ut
473 1477 539 1540 in
575 1477 742 1542 alio:
767 1476 1073 1559 quoniam
1103 1477 1356 1539 nullum
1385 1477 1615 1539 horum
1648 1493 1876 1540 conve-

364 1576 465 1638 nit
511 1576 796 1639 materiai
839 1593 955 1657 per
997 1593 1087 1649 se,
1121 1576 1232 1638 sed
1277 1593 1392 1657 per
1434 1576 1870 1656 quantitatem.

363 1674 432 1737 Si
479 1692 636 1755 ergo
682 1673 951 1756 probare
995 1673 1370 1755 poterimus,
1402 1672 1571 1754 quod
1617 1690 1745 1735 non
1795 1672 1878 1735 sit

363 1773 594 1835 eadem
655 1772 978 1854 quantitas
1037 1789 1152 1854 per
1207 1789 1399 1853 quam
1461 1770 1722 1832 materia
1779 1777 1877 1832 est

1987 787 2077 850 ibi
2135 788 2565 852 dimensiones
2625 790 3149 864 indeterminans,
3211 789 3481 872 possibi-

1987 885 2078 948 les
2125 887 2363 968 subjiei
2404 886 2673 950 diversis
2720 888 3231 952 dimensionibus
3278 887 3481 950 deter-

1987 985 2262 1048 minatis

2066 1084 2145 1145 Et
2188 1091 2260 1146 ut
2307 1084 2441 1148 haee
2490 1085 2724 1147 elarius
2774 1084 3231 1166 intelligantur,
3272 1090 3480 1147 osten-

1986 1181 2268 1244 dendum
2298 1189 2396 1245 est
2427 1183 2657 1265 primo,
2680 1183 2850 1266 quod
2881 1182 3199 1265 quantitas
3230 1181 3341 1244 illa
3368 1199 3484 1264 per

1987 1296 2179 1359 quam
2242 1281 2505 1344 materia
2552 1289 2650 1344 est
2696 1288 2890 1356 tanta,
2942 1299 3069 1345 non
3118 1288 3215 1344 est
3260 1279 3482 1342 eadem

1987 1393 2134 1437 eum
2166 1379 2517 1457 quantitate
2546 1397 2662 1461 per
2690 1399 2883 1462 quam
2922 1379 3187 1442 materia
3217 1384 3487 1460 occupat

1989 1482 2235 1536 tantum
2271 1476 2518 1555 loeum;
2550 1485 2615 1540 et
2644 1478 2812 1560 quod
2845 1477 3276 1540 dimensiones
3312 1475 3485 1538 inde-

1986 1574 2340 1637 terminatae
2374 1592 2501 1637 non
2541 1583 2691 1638 sunt
2718 1576 2955 1639 eaedem
2998 1595 3112 1657 per
3141 1575 3484 1639 essentiam

1987 1689 2136 1733 eum
2176 1671 2685 1735 dimensionibus
2723 1674 3184 1750 determinatiS,
3219 1673 3482 1756 loquen-

1988 1769 2068 1832 do
2097 1770 2177 1832 de
2206 1770 2298 1832 eis
2339 1778 2528 1852 prout
2558 1791 2729 1834 nune
2765 1771 3108 1854 loquimur.
3144 1772 3319 1845 Quod
3359 1773 3485 1854 pri·

361 1879 566 1944 tanta,
609 1870 913 1933 videlicet
959 1869 1150 1932 unius
1201 1869 1425 1950 pugilli
1471 1869 1538 1930 in
1587 1887 1770 1951 aqua,
1813 1875 1874 1930 et
1911 1863 1958 1926 B
1991 1886 2094 1931 mo
2152 1869 2529 1944 ostenditur,
2590 1870 2741 1952 quia
2795 1871 3061 1933 materia
3122 1877 3331 1952 potest
3385 1889 3482 1933 re-

361 1977 644 2051 occupat
682 1975 930 2030 tantum
975 1967 1211 2042 locum,
1245 1974 1463 2050 utpote
1503 1967 1724 2029 decem
1766 1985 1876 2029 eu-

362 2069 652 2132 bitorum
700 2068 765 2130 in
809 2085 990 2146 aere;
1032 2086 1274 2139 rursuS,
1309 2067 1363 2128 si
1405 2065 1724 2128 declarare
1767 2084 1875 2148 po-

360 2167 664 2240 terimus,
684 2166 855 2248 quod
889 2167 1208 2248 quantitas
1239 2165 1348 2227 illa
1376 2183 1491 2246 per
1520 2184 1710 2247 quam
1745 2184 1874 2227 ma-

361 2267 526 2328 teria
557 2273 658 2328 est
687 2272 884 2337 tanta,
917 2265 1220 2346 praeeedit
1246 2263 1668 2345 quantitatem
1699 2263 1875 2326 illam

363 2383 484 2446 per
517 2382 714 2445 quam
755 2363 1022 2425 materia
1049 2368 1320 2443 occupat
1348 2369 1594 2423 tantum
1630 2361 1872 2440 locum3

361 2471 430 2525 et
460 2463 634 2544 quod
667 2462 734 2524 in
767 2461 976 2543 prima
1005 2461 1356 2542 quantitate
1386 2479 1502 2542 per
1530 2480 1722 2543 quam
1755 2480 1879 2523 ma-

363 2561 528 2622 teria
559 2568 660 2622 est
687 2567 882 2632 tanta,
916 2558 1222 2621 fundatur
1251 2557 1446 2620 veluti
1485 2559 1551 2620 in
1587 2558 1878 2639 subjecto

364 2659 492 2720 alia
531 2657 858 2740 quantitas
900 2675 1018 2738 per
1058 2675 1249 2738 quam
1299 2656 1562 2718 materia
1609 2663 1880 2739 occupat

367 2764 620 2818 tantum
664 2756 878 2818 locum
916 2771 931 2816 ε
966 2753 1152 2816 facile
1191 2755 1314 2817 erit
1352 2755 1689 2829 sustinere,
1724 2773 1878 2837 quo-

370 2855 561 2917 modo
619 2872 740 2936 per
789 2852 1350 2916 condensationem
1409 2859 1473 2915 et
1517 2852 1880 2917 rarefaetio-

367 2972 520 3016 nem
561 2953 942 3033 contingant
977 2958 1394 3032 augmentum
1434 2957 1499 3013 et
1534 2951 1880 3016 diminutio

1989 1985 2245 2030 manere
2305 1975 2474 2030 tanta
2527 1968 2769 2051 absque
2828 1968 2949 2031 hoe
3003 1969 3174 2051 quod
3232 1976 3483 2032 maneat

1985 2066 2322 2148 occupatio
2358 2066 2515 2128 tanti
2562 2067 2701 2130 loci.
2738 2067 2943 2141 Quum
2986 2068 3159 2131 enim
3199 2087 3275 2131 ex
3319 2087 3485 2150 aqua

1987 2164 2066 2227 rit
2125 2184 2254 2238 aer,
2322 2173 2536 2228 manet
2597 2166 2861 2229 materia
2920 2174 3115 2241 tanta,
3180 2167 3484 2249 quoniam

1987 2270 2300 2344 quantum
2362 2263 2640 2327 materiae
2686 2263 2814 2326 fuit
2858 2263 2979 2326 sub
3029 2264 3235 2328 forma
3280 2283 3481 2346 aquae,

1991 2369 2238 2423 tantum
2278 2361 2357 2423 rit
2399 2361 2520 2424 sub
2564 2361 2769 2425 forma
2816 2363 2979 2426 aeris
3016 2364 3349 2445 (quoniam
3394 2362 3487 2426 ni-

1989 2459 2080 2521 hil
2134 2460 2213 2522 de
2271 2460 2537 2522 materia
2595 2459 2684 2522 ibi
2743 2461 3135 2543 deperditur,
3186 2461 3338 2543 quia
3394 2462 3488 2523 ni·

1988 2557 2080 2620 hil
2130 2558 2219 2621 ibi
2268 2557 2679 2633 annihilatur,
2723 2577 2841 2621 nee
2888 2559 3239 2642 quidquam
3290 2568 3486 2622 mate-

1989 2656 2098 2720 riae
2133 2656 2213 2718 de
2252 2674 2417 2719 novo
2449 2657 2824 2739 producitur
2863 2663 2973 2720 aut
3014 2659 3324 2738 ereatur);
3357 2675 3485 2720 non

1989 2761 2203 2817 tamen
2244 2761 2456 2816 manet
2494 2755 2829 2837 occupatio
2872 2755 3029 2817 tanti
3076 2754 3218 2819 loci.
3254 2756 3489 2819 Secun-

1989 2853 2091 2924 do,
2132 2853 2435 2934 quoniam
2486 2853 2689 2915 virtus
2732 2853 3039 2916 naturalis
3088 2855 3330 2935 agentis
3374 2872 3487 2937 po·

1991 2957 2114 3014 test
2170 2951 2237 3012 in
2295 2950 2715 3033 quantitatem
2783 2952 3061 3016 materiae
3121 2971 3237 3034 per
3293 2972 3488 3035 quam

369 3051 438 3113 in
487 3052 926 3123 Sacrament0‚
969 3057 1033 3111 et
1073 3049 1408 3132 occupatio
1455 3049 1714 3131 majoris
1765 3050 1879 3112 mi·
1910 3047 1956 3112 G
1990 3049 2251 3112 materia
2298 3057 2569 3131 occupat
2612 3057 2860 3112 tantum
2920 3049 3155 3126 locum,
3212 3059 3281 3113 ut
3328 3052 3485 3115 dum

365 3150 680 3232 norisque
738 3149 882 3212 loci.
933 3148 1089 3211 Nam
1149 3148 1466 3230 quantitas
1526 3166 1640 3230 per
1687 3168 1881 3231 quam

367 3248 642 3311 materia
685 3255 784 3310 est
825 3254 1016 3320 tanta,
1060 3253 1328 3327 possunt
1369 3245 1497 3308 diei
1539 3247 1880 3310 dimensio-

365 3366 483 3410 nes
525 3344 1076 3423 indeterminatae3
1119 3344 1550 3407 dimensiones
1589 3363 1742 3408 vero
1779 3345 1882 3407 de-

363 3445 730 3507 terminatae
754 3442 883 3505 diei
912 3449 1178 3524 possunt
1201 3442 1518 3524 quantitas
1551 3461 1665 3523 per
1694 3463 1880 3526 quam

367 3542 640 3604 materia
678 3546 951 3622 oeeupat
989 3546 1238 3601 tantum
1285 3538 1516 3601 locum.
1548 3540 1730 3603 Nune
1772 3541 1882 3603 ita-

365 3657 497 3721 que
529 3638 1010 3711 declarandum,
1036 3636 1204 3719 quod
1234 3637 1385 3719 quia
1413 3638 1732 3718 quantitas
1771 3638 1882 3701 illa

363 3757 487 3822 per
516 3756 714 3820 quam
747 3735 1010 3799 materia
1038 3735 1275 3798 dieitur
1303 3744 1722 3818 quanta,quae
1750 3736 1878 3798 dici

365 3843 586 3920 potest
629 3834 1062 3897 dimensiones
1109 3833 1636 3907 indeterminatae,
1670 3833 1881 3915 subje-

363 3942 472 3997 cta
499 3941 600 3996 est
630 3931 968 4015 quantitati
1004 3949 1118 4014 per
1146 3949 1340 4012 quam
1371 3937 1640 4013 occupat
1671 3931 1880 3994 locum

363 4040 646 4105 tantum,
690 4049 833 4113 quae
876 4029 1004 4091 dici
1055 4035 1263 4111 potest
1304 4028 1734 4092 dimensiones
1778 4030 1881 4092 de-

361 4130 731 4195 terminatae
775 4146 788 4190 :
831 4135 1083 4210 oportet
1129 4127 1560 4190 dimensiones
1608 4127 1880 4191 indeter-

1991 3148 2362 3211 naturaliter
2399 3168 2477 3210 ex
2517 3168 2682 3231 aqua
2720 3147 2796 3211 fit
2834 3167 2977 3228 aer;
3010 3151 3119 3213 sed
3160 3150 3336 3213 nulla
3363 3151 3489 3214 vir·

1988 3255 2086 3309 tus
2116 3247 2418 3310 naturalis
2448 3247 2690 3327 agentis
2721 3254 2924 3329 potest
2949 3248 3277 3312 immutare
3302 3269 3493 3332 quan·

1989 3346 2235 3407 titatem
2295 3364 2410 3427 per
2458 3364 2647 3426 quam
2704 3344 2969 3407 materia
3016 3352 3113 3407 est
3160 3352 3335 3409 tanta
3382 3354 3490 3409 aut

1986 3450 2179 3505 tanta.
2233 3444 2368 3506 Non
2420 3443 2590 3505 enim
2642 3442 3017 3505 naturaliter
3063 3441 3209 3505 fieri
3257 3451 3486 3526 potest,

1989 3540 2159 3623 quod
2220 3558 2489 3622 parvum
2538 3540 2618 3602 de
2664 3540 2929 3602 materia
2977 3538 3094 3602 siat
3140 3541 3416 3604 multum
3469 3561 3485 3606 :

1988 3638 2141 3720 quia
2170 3646 2324 3699 tune
2354 3639 2433 3700 de
2461 3655 2657 3719 grano
2690 3637 2855 3699 milii
2885 3638 3029 3701 fieri
3061 3645 3276 3720 posset
3306 3657 3489 3701 mons

1987 3735 2618 3798 unuS.Dimensiones
2648 3753 2798 3816 ergo
2828 3735 3330 3800 indeterminata
3358 3754 3487 3801 non

1989 3840 2139 3896 sunt
2178 3833 2415 3913 eaedem
2456 3852 2606 3896 cum
2644 3833 3155 3898 dimensionibus
3189 3835 3487 3898 determi-

1989 3932 2174 3994 natiS.
2238 3930 2662 3994 Conformiter
2718 3938 2926 4014 potest
2984 3932 3261 4014 probari,
3314 3935 3488 4017 quod

1988 4030 2420 4093 dimensiones
2478 4030 2983 4094 indeterminatae
3038 4030 3281 4113 priores
3340 4040 3490 4095 sunt

1990 4127 2494 4191 dimensionibus
2537 4127 2996 4203 determinatis,
3029 4135 3093 4190 et
3136 4128 3231 4193 eis
3272 4128 3487 4210 subje-

367 4230 652 4293 minatas
693 4226 930 4307 subjici
959 4225 1469 4290 dimensionibus
1499 4227 1878 4291 determina-
1907 4229 1958 4293 D
1991 4236 2106 4291 etae
2143 4234 2293 4289 sunt
2326 4245 2340 4291 :
2373 4226 2529 4289 alias
2569 4226 2833 4289 materia
2870 4234 3088 4309 posset
3124 4227 3367 4291 absolvi
3407 4227 3487 4291 ab

367 4330 476 4393 tis,
521 4328 602 4391 Et
645 4326 799 4409 quia
840 4325 1236 4387 tantumdem
1281 4326 1360 4387 de
1405 4326 1689 4400 materia,
1725 4326 1879 4389 dum

369 4437 471 4492 est
500 4426 627 4489 sub
658 4423 864 4487 forma
895 4442 1096 4505 aquae,
1130 4430 1400 4504 occupat
1430 4423 1642 4485 locum
1679 4424 1877 4487 mino-

371 4544 556 4605 rem3
585 4531 651 4587 et
681 4524 834 4586 dum
865 4531 963 4585 est
993 4520 1112 4585 sub
1146 4520 1352 4584 forma
1388 4522 1575 4597 aeriS‚
1609 4532 1882 4605 occupat

373 4628 592 4690 locum
637 4622 948 4704 majorem
995 4639 1009 4683 :
1050 4628 1296 4703 oportet
1341 4622 1595 4684 easdem
1639 4623 1882 4686 dimen-

371 4726 590 4789 siones
657 4720 1179 4785 indeterminatas
1239 4720 1583 4802 aliquando
1644 4721 1879 4802 subjici

375 4822 736 4905 majoribus
776 4818 1290 4883 dimensionibus
1325 4819 1786 4896 determinatiS,
1817 4828 1881 4884 et

373 4923 702 4986 interdum
755 4920 1134 4985 minoribus,
1191 4919 1480 5001 Utraeque
1525 4928 1740 4982 autem
1787 4921 1880 4983 di-

374 5022 748 5086 mensiones
809 5019 994 5102 panis
1051 5025 1116 5081 et
1174 5017 1308 5080 vini
1373 5026 1654 5093 manent,
1715 5019 1882 5081 faeta

374 5118 1090 5183 transsubstantiatione
1133 5116 1391 5179 illorum
1429 5134 1442 5178 ε
1481 5115 1721 5179 ideireo
1763 5118 1884 5179 sal-

375 5226 565 5281 vatur
609 5235 726 5301 per
771 5216 892 5280 hoe
937 5214 1026 5277 ibi
1071 5214 1407 5296 occupatio
1457 5213 1717 5295 majoris
1765 5215 1883 5278 mi-

380 5316 684 5398 norisque
715 5314 862 5389 loci,
895 5321 963 5376 et
991 5321 1200 5377 motus
1237 5314 1316 5376 ad
1353 5312 1658 5393 majorem
1693 5322 1884 5396 atque

1989 4345 2117 4388 una
2158 4325 2324 4389 sieut
2368 4324 2448 4387 ab
2495 4325 2650 4405 alia3
2692 4325 2863 4407 quod
2910 4343 3039 4388 non
3088 4332 3185 4389 est
3231 4344 3480 4390 verum.

1989 4425 2401 4506 Quacumque
2444 4424 2617 4486 enim
2659 4423 3188 4486 transmutatione
3237 4432 3488 4487 natura-

1993 4525 2136 4587 liter
2182 4522 2368 4597 faeta,
2419 4540 2674 4604 semper
2733 4527 2947 4584 manet
3005 4522 3273 4584 materia
3318 4529 3491 4586 tanta

1992 4628 2229 4705 quanta
2256 4621 2380 4684 fuit
2408 4620 2607 4704 prius,
2640 4620 2750 4683 sed
2780 4637 2909 4683 non
2940 4638 3195 4702 semper
3222 4628 3493 4703 occupat

1991 4727 2242 4784 tantum
2292 4718 2523 4781 locum.

2069 4820 2396 4891 Praeterea,
2428 4816 2719 4899 quamvis
2758 4817 3287 4881 transmutatione
3320 4834 3490 4881 com·
3543 4834 3768 4883 theon-‚ta

1991 4919 2184 5001 pleta,
2226 4916 2403 4979 nulla
2450 4915 2543 4978 ibi
2586 4921 2839 4977 maneat
2887 4915 3172 4991 materia,
3209 4923 3482 4979 attamen

1990 5016 2315 5099 generatio
2364 5022 2429 5077 et
2475 5014 2799 5096 corruptio
2853 5020 3123 5097 possunt
3169 5032 3311 5077 esse
3368 5014 3490 5077 ibi-

1993 5116 2138 5179 dem
2182 5113 2426 5195 absque
2469 5112 2777 5175 miraculo
2818 5112 2945 5175 alio
2978 5130 2993 5174 ε
3026 5112 3323 5195 quamvis
3368 5112 3487 5176 dif-

1993 5212 2362 5276 ticillimum
2414 5211 2709 5274 videatur
2753 5210 3027 5293 qualiter
3074 5211 3248 5274 istud
3289 5211 3490 5293 possit

1994 5311 2246 5386 salvari,
2264 5311 2563 5374 videlieet
2592 5310 2760 5392 quod
2790 5328 2871 5372 ex
2900 5308 3107 5372 hostia
3136 5309 3489 5392 putrefacta
