4267 6250
882 504 1030 561 QUID
1069 505 1162 551 sn*
1201 504 1672 564 samur-mun,
1713 506 1788 552 m·
1828 505 1910 552 DE
1949 506 2157 554 vanus
2198 507 2685 556 nummounms
2726 507 2867 556 mus

3350 492 3431 556 45

309 671 712 737 adversarios
755 675 926 756 regis
974 675 1075 738 sui
1122 675 1476 740 efficaciter
1521 676 1817 760 praeliari.
1852 678 1904 741 Α
1931 675 2125 757 igitur
2167 683 2239 740 ut
2288 676 2583 742 militaris
2632 679 2927 761 dignitas,
2961 678 3091 742 imo
3139 679 3427 743 sacerdo-

312 770 656 854 Quumque
697 773 780 835 ad
825 774 946 837 ista
993 774 1418 838 sanctificatio
1465 775 1824 839 necessaria

311 869 418 942 sit,
449 889 648 934 nemo
689 879 902 953 potest
947 874 1040 936 sic
1089 873 1267 936 effici
1311 874 1472 936 civis
1523 874 1822 937 Ecclesiae

308 967 437 1030 nisi
485 969 932 1052 sanctificatus
975 989 990 1032 ε
1039 972 1170 1034 imo
1213 971 1354 1053 ipsa
1401 971 1824 1035 sanctificatio

311 1065 630 1146 ingressio
659 1076 776 1130 est.
809 1069 983 1132 Nihil
1013 1069 1186 1132 enim
1215 1070 1389 1132 aliud
1421 1077 1516 1132 est
1545 1069 1824 1132 sanctifi—

309 1163 500 1237 catio,
533 1184 734 1247 quam
767 1167 1400 1242 contaminationum,
1435 1167 1497 1230 id
1530 1173 1626 1230 est
1654 1186 1820 1230 erro-

311 1281 454 1322 rum
508 1269 576 1324 et
619 1263 950 1339 vitiorum,
997 1265 1298 1346 abjectio,
1343 1273 1406 1328 et
1456 1266 1820 1328 divinorum

307 1359 628 1423 donorum
691 1363 1033 1445 susceptio.
1086 1364 1162 1426 Et
1221 1382 1464 1439 rursuS,
1516 1365 1819 1445 quoniam

307 1457 664 1522 aedificatio
701 1461 822 1523 ista
859 1470 956 1524 est
995 1463 1355 1544 aggregatio
1384 1471 1448 1525 et
1483 1463 1821 1527 associatio

305 1555 654 1620 hominum
711 1560 790 1621 ad
847 1560 962 1622 Dei
1018 1559 1424 1642 obsequium,
1483 1561 1820 1625 associatio

303 1661 526 1718 autem
555 1663 624 1718 et
653 1657 1014 1738 aggregatio
1048 1657 1194 1720 fieri
1233 1659 1456 1740 nequit
1495 1659 1620 1722 nisi
1651 1677 1820 1722 com-

305 1754 622 1816 munione
685 1754 1048 1817 visibilium
1109 1755 1518 1837 aliquorum3
1573 1764 1819 1820 constat

1927 774 2072 836 talis
2102 774 2307 839 honor
2333 783 2502 840 esset
2538 777 2769 859 regiuS,
2803 777 2981 858 regni
3020 777 3266 840 scilicet
3303 777 3429 860 spi-

1928 872 2177 935 ritualis
2227 880 2291 936 et
2338 875 2582 950 aeterni,
2614 875 2684 939 in
2733 875 2871 958 ipsa
2918 875 3427 939 sanctificatione

1930 969 2281 1050 tribuitur3
2332 975 2719 1038 conveniens
2772 973 2897 1036 fuit
2941 980 3005 1036 et
3053 959 3427 1038 hominibus

1930 1069 2225 1148 perutile,
2264 1069 2383 1132 sub
2430 1070 2630 1151 signis
2678 1071 3045 1134 visibilibus
3096 1078 3166 1133 ut
3211 1071 3429 1135 omnia

1930 1164 2064 1228 haec
2112 1186 2255 1248 quae
2303 1168 2799 1244 nominavimuS,
2839 1170 2961 1233 hoc
3008 1178 3105 1234 est
3152 1170 3426 1251 dignitas

1929 1265 2359 1340 sacerdotaliS,
2393 1267 2585 1328 etiam
2623 1267 2860 1330 nobilis
2890 1268 3184 1343 civilitaS,
3217 1277 3281 1332 et
3311 1269 3426 1332 mi-

1931 1361 2114 1424 litare
2142 1362 2458 1438 officium,
2482 1371 2545 1426 et
2574 1365 2849 1428 coelestis
2880 1366 3058 1447 regni
3086 1366 3423 1442 hereditaS,

1931 1460 2391 1524 conferrentur.

2009 1558 2087 1620 Et
2143 1559 2285 1634 hoc,
2338 1560 2619 1642 primum
2681 1569 2941 1644 propter
2996 1563 3423 1626 eruditionem

1927 1657 2441 1738 suscipientium,
2465 1658 2763 1722 videlicet
2792 1666 2861 1722 ut
2890 1667 2953 1722 et
2980 1660 3177 1742 signis
3206 1661 3425 1725 visibi-

1929 1754 2100 1830 libus
2147 1754 2263 1818 ista
2306 1757 2662 1838 spiritualia
2704 1766 2833 1821 tarn
2870 1760 3227 1822 necessaria
3267 1768 3424 1824 tam—

304 1851 478 1932 quod
522 1851 871 1916 aedificatio
916 1853 1034 1916 ista
1081 1852 1226 1916 fieri
1273 1873 1401 1918 non
1441 1855 1648 1918 valeat
1690 1856 1815 1919 nisi
1855 1853 1902 1917 B
1930 1872 2056 1935 que
2080 1852 2361 1916 salubria
2399 1865 2951 1936 cognoscerentur,
2984 1865 3047 1920 et
3086 1878 3227 1940 quae
3264 1860 3421 1923 alias

305 1948 826 2013 sanctificatione
863 1951 1130 2026 visibili,
1163 1971 1276 2015 seu
1317 1952 1500 2034 signo
1538 1953 1818 2016 sanctifi-

303 2047 576 2110 cationis
620 2049 937 2112 sensibili.

381 2146 722 2222 Praeterea,
757 2166 874 2210 nec
925 2141 1284 2230 aggregatio
1329 2169 1442 2212 seu
1483 2140 1818 2213 associatio

301 2253 411 2307 aut
441 2246 820 2310 communio
849 2247 972 2309 ista
998 2247 1348 2330 spiritualis
1379 2249 1658 2324 interior,
1670 2249 1815 2311 fieri

303 2352 515 2426 potest
559 2345 704 2408 sine
749 2347 1204 2409 communione
1241 2346 1500 2410 visibili.
1537 2346 1815 2421 Qualiter

303 2442 478 2504 enim
531 2442 612 2504 ad
665 2443 944 2507 invicem
993 2445 1196 2508 socios
1245 2464 1312 2508 se
1361 2444 1712 2520 habebunt,
1759 2445 1812 2508 si

301 2558 430 2604 non
472 2541 778 2604 noverint
813 2561 882 2605 se
921 2543 1126 2606 socios
1169 2546 1354 2606 esse?
1387 2542 1666 2617 Qualiter
1703 2562 1812 2606 au-

305 2647 434 2702 tem
475 2639 604 2702 hoc
644 2649 1052 2720 cognoscent,
1085 2643 1209 2704 nisi
1249 2642 1492 2705 visibili
1533 2660 1815 2706 commu-

303 2738 498 2800 nione
542 2737 626 2800 ab
667 2738 886 2820 aliquo
925 2740 1127 2821 signo,
1161 2741 1332 2822 quod
1380 2748 1629 2823 oportet
1673 2760 1812 2805 esse

304 2837 658 2900 sensibile?
685 2837 956 2901 Necesse
995 2845 1091 2902 est
1120 2857 1272 2919 ergo
1305 2839 1812 2904 sanctificatione

305 2935 554 2999 visibili
593 2936 1090 3000 aedificationem
1118 2936 1284 3000 hanc
1321 2937 1486 3000 fieri.
1521 2939 1808 3020 Insuper,

1926 1951 2227 2033 cognosci
2260 1970 2385 2014 non
2417 1961 2707 2035 poterant
2737 1957 3183 2032 communiter,
3216 1957 3296 2020 ab
3332 1957 3423 2020 in-

1927 2051 2195 2114 eruditis
2251 2061 2797 2132 cognoscerentur,
2850 2061 2913 2116 et
2958 2056 3209 2136 cognita
3255 2075 3423 2120 ama-

1927 2155 2171 2223 rentur,
2228 2157 2437 2212 amata
2494 2159 2950 2231 quaererentur,
3012 2154 3279 2234 quaesita
3338 2155 3419 2218 ab

1925 2247 2217 2309 omniurn
2261 2247 2573 2311 bonorum
2619 2250 2915 2332 largitore
2958 2250 3420 2332 benignissimo

1923 2344 2387 2421 obtinerentur,
2418 2347 2695 2410 obtentis
2727 2349 2853 2411 Deo
2882 2349 2961 2411 ad
2998 2349 3264 2430 gloriam
3294 2369 3421 2412 ser-

1922 2442 2187 2518 viretur,
2238 2450 2301 2506 et
2357 2445 2617 2508 servitio
2674 2454 2923 2510 aeternae
2980 2447 3419 2512 retributionis

1923 2558 2169 2604 merces
2216 2542 2672 2623 acquireretur.
2708 2544 2997 2608 Secundo
3038 2546 3118 2608 ad
3156 2547 3418 2627 gratitu—

1923 2639 2141 2702 dinem
2171 2659 2283 2702 seu
2315 2641 2737 2704 devotionem.
2772 2643 2921 2716 Quis
2958 2643 3134 2707 enim
3168 2645 3248 2706 ad
3286 2653 3417 2708 tam

1921 2738 2241 2813 sublimia,
2260 2746 2325 2802 et
2353 2759 2390 2801 a
2420 2723 2663 2802 meritis
2692 2741 2825 2804 suis
2852 2749 2982 2805 tam
3014 2751 3271 2818 remota,
3285 2751 3419 2807 tan-

1920 2843 1985 2899 ta
2015 2837 2312 2902 indebitae
2339 2837 2557 2919 gratiae
2587 2839 2872 2919 largitate
2901 2842 3111 2904 vocari
3142 2849 3207 2904 et
3242 2861 3416 2906 assu-

1921 2936 2011 2997 mi
2054 2954 2124 2998 se
2166 2936 2397 3010 videat,
2436 2943 2499 2998 et
2546 2954 2674 2999 non
2723 2937 2790 3000 in
2838 2938 3069 3003 divinae
3115 2939 3416 3004 bonitatis

305 3051 456 3098 oves
497 3034 794 3116 ejusdem
837 3035 1046 3116 gregis
1089 3035 1332 3098 visibili
1377 3036 1558 3118 signo
1596 3037 1812 3120 aliquo
1845 3040 1888 3104 C
1919 3033 2405 3096 admirationem
2444 3041 2508 3096 et
2546 3034 2801 3098 laudem
2839 3041 3175 3119 erumpat?
3206 3038 3414 3102 Subli·
3478 3023 3485 3028 ’

305 3133 794 3215 dignoscuntur,
825 3142 1018 3217 atque
1043 3133 1124 3197 ab
1153 3136 1298 3198 aliis
1337 3136 1806 3199 discernuntur.

305 3232 618 3321 Similiter
665 3232 1086 3296 contubernia
1142 3233 1426 3297 militum
1473 3235 1696 3316 signia,
1747 3242 1812 3299 et

309 3350 499 3394 sacrae
528 3332 721 3405 zedeS,
755 3332 818 3394 id
858 3340 956 3394 est
990 3332 1250 3414 templa,
1282 3352 1321 3395 a
1359 3333 1811 3397 communibus

307 3448 379 3492 ac
425 3428 716 3513 profanis
764 3429 1010 3493 aedibus
1057 3439 1496 3493 secernuntur.
1537 3432 1700 3513 Ergo
1747 3441 1811 3495 et

307 3528 424 3591 hoc
471 3528 790 3611 templum
838 3528 1058 3592 vivum
1108 3537 1171 3592 et
1211 3549 1462 3605 verum,
1495 3530 1664 3613 quod
1714 3540 1812 3595 est

309 3626 590 3691 Ecclesia
619 3646 694 3689 ac
724 3627 950 3692 civitas
979 3628 1114 3700 Dei,
1146 3628 1228 3691 ab
1255 3627 1398 3691 aliis
1427 3630 1810 3711 aggregatio-

309 3725 493 3788 nibus
538 3726 881 3788 hominum
925 3727 1116 3789 certis
1164 3725 1534 3807 hujusmodi
1582 3727 1802 3809 signiS,

293 3832 368 3887 -et
394 3824 760 3887 sacerdotes
789 3823 1038 3905 ejus-ab
1066 3823 1210 3887 aliis
1239 3824 1601 3889 hominibus
1631 3844 1808 3907 opor-

307 3929 390 3983 tet
417 3922 756 4004 distingui.
791 3922 1098 4006 Denique,
1130 3923 1340 3985 omnis
1382 3922 1657 3985 civilitas
1695 3941 1806 3987 no-

309 4019 452 4083 bilis
481 4020 734 4084 visibili
763 4020 978 4102 aliquo
1003 4021 1185 4102 signo
1215 4022 1350 4083 dari
1382 4023 1715 4085 consuevit
1743 4029 1808 4085 et

297 4119 618 4201 dignosci,
651 4118 820 4181 sicut
870 4119 1144 4182 civilitas
1187 4120 1468 4184 Romana
1509 4120 1802 4203 paenula3

1921 3131 2108 3195 mitas
2138 3141 2351 3195 autem
2379 3133 2748 3214 hujusmodi
2790 3135 3100 3199 donorum
3130 3156 3204 3200 ac
3235 3138 3415 3201 nobi—

1924 3230 2088 3305 litas,
2141 3231 2339 3312 signis
2386 3230 2750 3294 visibilibus
2804 3234 3247 3298 communitati
3302 3236 3414 3300 ho—

1924 3328 2173 3391 minum
2210 3330 2278 3391 in
2316 3346 2657 3393 commune
2696 3330 3053 3394 innotescit.
3090 3332 3298 3397 Tertio
3334 3336 3413 3398 ad

1920 3427 2448 3491 humiliationem.
2484 3428 2634 3502 Quis
2663 3429 2837 3491 enim
2876 3429 3278 3495 altitudinem
3309 3434 3415 3496 do-

1919 3544 2150 3588 norum
2199 3525 2463 3589 istorum
2513 3527 2815 3602 attendat,
2866 3535 2931 3591 et
2980 3547 3173 3610 quam
3229 3530 3413 3612 longe

1919 3631 2068 3686 sunt
2093 3644 2131 3686 a
2172 3624 2415 3687 meritis
2454 3625 2587 3687 suis
2626 3627 3003 3703 consideret,
3037 3635 3101 3690 et
3137 3646 3265 3691 non
3296 3636 3414 3692 sta—

1917 3721 2033 3784 tim
2081 3722 2250 3784 infra
2288 3722 2523 3785 limites
2572 3742 2702 3785 suae
2750 3726 3079 3806 parvitatis
3120 3727 3409 3793 resiliens

1917 3839 1985 3883 se
2015 3821 2289 3902 colligat,
2322 3820 2555 3885 divinae
2582 3820 2886 3902 largitatis
2915 3823 3410 3889 beneficentiam

1916 3918 2237 3981 admirans
2273 3938 2422 4001 erga
2465 3937 2554 3994 se,
2606 3937 2734 3982 non
2782 3920 3209 4004 obstupescat,
3253 3924 3407 3987 dum

1917 4017 2144 4079 merita
2172 4037 2285 4081 sua
2313 4018 2489 4081 nulla
2516 4026 2627 4081 aut
2662 4015 2825 4082 forte
2864 4021 3177 4084 contraria
3204 4022 3407 4086 intue-

1914 4122 2040 4190 tur,
2074 4115 2391 4179 beneficia
2418 4134 2569 4179 vero
2608 4136 2675 4179 se
2714 4136 2833 4179 nec
2872 4136 3057 4200 posse
3095 4120 3409 4184 aestimare

309 4220 512 4281 omnis
553 4218 806 4293 militia,
842 4218 905 4281 id
935 4225 1033 4281 est
1059 4219 1332 4300 dignitas
1373 4220 1689 4295 militaris,
1722 4221 1802 4283 si·
1834 4222 1885 4285 D
1915 4232 2034 4277 nec
2063 4221 2128 4275 et
2164 4214 2482 4295 cogitare?
2512 4214 2589 4277 Et
2625 4214 2761 4278 haec
2799 4224 2898 4279 est
2924 4234 3075 4279 vera
3112 4217 3408 4281 humilia-

311 4318 542 4380 militer
589 4317 808 4399 aliquo
855 4316 1038 4399 signo
1085 4318 1349 4392 visibili,
1383 4319 1548 4381 sicut
1595 4320 1802 4382 accin-

311 4416 514 4478 ctione
541 4415 774 4496 gladii3
809 4415 964 4477 item
1003 4416 1210 4478 omnis
1239 4416 1711 4485 administratio
1740 4425 1805 4481 et

313 4530 492 4577 omne
535 4512 859 4590 officium,
891 4513 1060 4576 sicut
1107 4514 1549 4578 thesaurorum
1597 4524 1804 4581 custo-

311 4612 408 4675 dia
452 4611 795 4675 traditione
845 4611 1169 4692 clavium3
1218 4613 1372 4675 item
1431 4615 1640 4677 omnis
1688 4617 1800 4680 ho-

311 4732 441 4792 nor,
465 4715 673 4779 omm's
704 4713 1002 4797 dignitaS,
1025 4714 1191 4776 sicut
1218 4713 1424 4778 honor
1451 4716 1664 4797 regius
1691 4726 1802 4780 aut

313 4811 714 4895 impositione
772 4830 1021 4876 coronae
1076 4812 1374 4889 visibilis,
1437 4822 1548 4876 aut
1603 4815 1800 4880 collo·

313 4912 550 4975 catione
579 4912 646 4976 in
676 4912 905 4975 throno
935 4910 1219 4995 visibili3
1251 4910 1408 4981 item
1447 4914 1656 4977 omnis
1696 4914 1802 4977 he-

315 5010 558 5085 reditas,
589 5029 780 5075 omne
820 5011 1056 5073 donum
1096 5010 1450 5086 immobile,
1482 5030 1610 5075 non
1654 5031 1801 5078 con-

293 5109 514 5177 ,suevit
539 5107 818 5172 conferri
847 5108 973 5170 nisi
1003 5108 1118 5171 sub
1148 5110 1332 5191 signo
1359 5110 1620 5186 visibili,
1637 5111 1804 5174 sicut

317 5207 640 5270 traditione
667 5207 892 5270 annuli
921 5214 1031 5269 aut
1057 5207 1320 5271 alterius
1349 5208 1442 5272 rei
1473 5208 1748 5273 visibilis
1782 5227 1798 5273 z

287 5304 462 5381 ,licet
495 5306 624 5371 haec
663 5306 882 5369 omnia
918 5304 1064 5369 fieri
1101 5315 1371 5389 possunt
1404 5308 1608 5371 aliter.
1643 5307 1803 5383 Quia

1893 4313 2024 4387 tio,
2059 4313 2433 4376 meritorum
2462 4314 2811 4389 evacuatio,
2846 4322 2909 4377 et
2944 4315 3313 4393 attenuatio,
3346 4325 3409 4381 et

1912 4412 2307 4493 indignitatis
2359 4413 2725 4495 recognitio.
2778 4414 2967 4477 Utilia
3012 4415 3207 4478 etiam
3258 4424 3409 4479 sunt

1911 4512 1990 4574 ad
2019 4510 2489 4574 roborationem
2526 4531 2640 4575 seu
2678 4512 3234 4579 confirmationem
3272 4535 3408 4578 sus-

1910 4609 2308 4693 cipientium.
2365 4610 2515 4684 Quis
2561 4610 2736 4673 enim
2784 4619 3101 4676 sacratum
3150 4633 3239 4691 se,
3290 4634 3403 4679 seu

1909 4709 2383 4773 sanctificatum
2408 4708 2625 4773 animo
2652 4716 2885 4787 teneat,
2919 4718 2983 4774 et
3011 4729 3138 4775 non
3172 4731 3250 4775 ex
3278 4714 3401 4777 hoc

1910 4815 2126 4871 contra
2157 4808 2653 4885 immunditiam,
2684 4808 2841 4871 alias
2877 4810 3399 4888 exsecrationem,

1909 4907 2363 4970 excandescat?
2394 4906 2545 4981 Quis
2584 4907 2924 4970 inunctum
2966 4908 3033 4971 in
3078 4926 3293 4990 regem
3332 4930 3401 4974 se

1908 5006 2165 5083 recolat,
2184 5014 2247 5069 et
2274 5024 2402 5069 non
2431 5013 2651 5069 contra
2680 5006 3059 5070 vilissimam
3090 5008 3402 5091 nequissi-

1908 5124 2209 5187 mamque
2239 5104 2541 5168 vitiorum
2572 5106 2945 5169 servitutem
2974 5106 3122 5170 totis
3152 5106 3400 5172 viribus

1909 5223 1977 5267 se
2024 5204 2352 5284 accingat?
2397 5204 2549 5278 Quis
2586 5205 2862 5277 ⁴militari
2910 5206 3133 5270 officio
3176 5208 3401 5290 praedi-

1905 5311 2045 5367 tum
2085 5322 2153 5367 se
2191 5304 2371 5379 sciat,
2401 5314 2467 5367 et
2500 5323 2676 5368 arma
2718 5305 3008 5389 ignorare
3046 5307 3401 5391 imbellem-
