4267 6250
858 479 980 544 256

1543 497 1607 544 m
1647 497 1870 544 Limum
1913 497 1973 544 Ν
2014 495 2499 543 ΒΕΝἸἛΝΤΙΔΒῸΙ.
2540 512 2621 524 -
2660 495 2814 542 msT.
2854 496 2938 560 13
2981 497 3207 554 QUAEST.
3250 499 3294 544 11

860 667 926 731 di
958 666 1408 751 principium):
1433 667 1526 731 sic
1550 675 1616 732 et
1638 667 1958 751 quantitas
1984 673 2174 749 prout
2196 683 2363 730 com·
2388 665 2441 730 Α
2548 665 2729 730 Circa
2775 666 2910 730 haec
2959 665 3025 729 in
3075 626 3372 749 praetacto
3420 674 3691 730 tractatu
3738 665 3977 729 scribit

860 772 1120 848 paratur
1141 766 1220 829 ad
1245 766 1621 848 subjectum,
1636 766 1940 849 competit
1961 766 2020 828 ei
2046 766 2197 828 dare
2220 782 2360 827 esse

861 869 1172 946 quantum
1204 863 1515 945 subjecte,
1549 865 1720 947 quod
1760 863 1952 927 habet
1988 881 2128 926 esse
2166 881 2363 944 quan·

859 969 999 1024 tum
1028 981 1067 1024 a
1095 962 1478 1044 quantitate3
1502 971 1690 1045 prout
1717 971 1932 1025 autem
1957 967 2363 1043 comparatur

861 1059 1179 1141 quantitas
1208 1061 1286 1122 ad
1318 1060 1650 1135 exteriora,
1684 1068 1782 1123 est
1821 1059 1980 1122 ratio
2017 1076 2215 1142 quare
2251 1057 2362 1120 ali-

861 1157 1016 1242 quid
1047 1159 1130 1220 sit
1158 1157 1222 1220 in
1256 1158 1412 1222 loco.
1435 1159 1611 1222 Sicut
1639 1176 1789 1240 ergo
1819 1157 1991 1221 calor
2018 1164 2229 1240 potest
2257 1156 2361 1218 da-

863 1274 930 1318 re
967 1272 1107 1318 esse
1146 1255 1426 1319 calidum
1469 1273 1586 1320 suo
1635 1255 1925 1337 subjecto
1962 1253 2206 1336 absque
2239 1254 2360 1318 hoc

861 1353 1030 1435 quod
1071 1354 1313 1437 aliquid
1344 1363 1520 1418 extra
1548 1373 1616 1418 se
1647 1353 2006 1434 calefaciat3
2038 1353 2132 1416 sic
2164 1371 2361 1436 quan-

860 1452 1009 1515 titas
1073 1460 1280 1535 potest
1347 1471 1463 1516 suo
1527 1451 1815 1534 subjecto
1874 1452 2165 1515 conferre
2222 1469 2362 1514 esse

861 1557 1170 1631 quantum
1217 1551 1356 1614 sine
1399 1551 1520 1614 hoc
1563 1551 1738 1634 quod
1779 1570 1896 1633 per
1941 1550 2363 1634 quantitatem

863 1657 1267 1732 comparetur
1293 1650 1373 1713 ad
1405 1651 1762 1726 locum,aut
1791 1650 2075 1714 localiter
2103 1650 2365 1713 exsistat

863 1749 928 1810 in
959 1748 1194 1831 aliquo.
1229 1749 1389 1812 Hinc
1417 1769 1644 1812 verum
1671 1757 1770 1812 est
1796 1749 1967 1832 quod
2006 1749 2363 1812 communi-

2466 765 2749 846 AEgidius
2800 782 2816 828 ε
2868 765 3111 848 Corpus
3158 765 3391 829 Christi
3443 765 3509 828 in
3558 765 3975 828 Sacramenta
4034 781 4231 825 theom.

2468 862 2683 926 altaris
2734 863 3285 947 circumscriptive
3328 881 3455 927 non
3504 871 3619 928 est.
3652 865 3815 927 Sunt
3856 883 3977 926 au-

2468 969 2600 1024 tem
2628 963 2921 1025 nonnulli
2952 962 3061 1044 qui
3096 961 3617 1043 imaginationem
3646 969 3979 1025 transcen-

2469 1061 2618 1122 dere
2666 1078 2793 1123 non
2841 1060 3147 1134 valentes,
3179 1079 3381 1142 quum
3428 1060 3700 1123 audiunt
3740 1079 3977 1123 verum

2470 1176 2701 1240 corpus
2744 1159 2975 1222 Christi
3017 1177 3157 1222 esse
3202 1157 3323 1222 sub
3369 1159 3709 1241 speciebus
3755 1160 3975 1242 paniS,

2470 1257 2740 1319 eredunt
2767 1273 2999 1338 corpus
3041 1256 3200 1319 illud
3238 1256 3749 1319 dimensionibus
3780 1256 3978 1339 panis

2471 1355 2995 1430 commensurari,
3030 1363 3101 1416 ut
3129 1355 3195 1417 in
3226 1355 3541 1438 superiori
3576 1354 3799 1418 hostiae
3828 1373 3981 1436 par-

2472 1461 2533 1515 te
2578 1452 2664 1516 sit
2711 1461 2923 1536 caput,
2956 1461 3021 1516 et
3070 1453 3134 1519 in
3186 1453 3472 1522 inferiori
3521 1455 3765 1537 pedes:
3799 1453 3983 1536 quod

2473 1551 2741 1614 stultum
2785 1559 2883 1614 est
2924 1551 3256 1615 aestimare.
3291 1552 3468 1626 Quod
3506 1552 3680 1615 enim
3727 1551 3987 1634 aliquid

2471 1649 2709 1713 alicubi
2758 1650 3310 1734 circumscriptive
3356 1651 3639 1726 exsistat,
3678 1658 3776 1713 est
3821 1668 3989 1732 quo-

2473 1749 2647 1811 niam
2678 1749 2999 1832 quantitas
3029 1748 3219 1813 locati
3260 1749 3532 1813 univoce
3568 1756 3989 1831 comparatur

862 1854 960 1910 ter
988 1846 1242 1922 dicitur,
1259 1848 1580 1911 Christum
1611 1847 1731 1912 sub
1762 1848 1969 1912 hostia
1996 1865 2136 1911 esse
2168 1867 2363 1929 quan-
2399 1851 2446 1914 B
2475 1847 2553 1908 ad
2583 1847 3003 1929 quantitatem
3033 1847 3176 1911 loci.
3201 1848 3349 1911 Ideo
3376 1865 3642 1930 corpora
3668 1847 3989 1910 exsisten-

863 1953 1020 2020 tum,
1036 1965 1162 2009 non
1187 1947 1622 2029 quantitative.
1643 1947 1750 2010 Est
1774 1946 1948 2009 enim
1973 1947 2038 2009 in
2063 1964 2141 2010 ec
2169 1964 2364 2029 quan-

867 2045 1010 2108 titas
1060 2045 1315 2128 propria
1361 2046 1743 2128 subjective,
1795 2063 1924 2109 non
1976 2053 2191 2109 tamen
2251 2063 2365 2127 per

865 2163 1006 2206 eam
1047 2152 1452 2226 comparatur
1492 2145 1570 2207 ad
1610 2146 1841 2208 locum.
1875 2144 2020 2208 Haec
2054 2143 2359 2225 AEgidiuS.

1305 2461 1780 2537 QUAESTIO
1846 2462 1925 2526 II

1009 2739 1202 2802 Ursus
1226 2738 1331 2800 hic
1352 2737 1679 2821 quaeritur,
1693 2739 1822 2804 An
1841 2751 2129 2820 corpus
2148 2737 2367 2805 chri-

1034 2839 1142 2904 sti
1186 2835 1300 2904 sit
1345 2837 1434 2904 in
1478 2838 1979 2905 sacramento
2027 2839 2366 2903 circnm-

864 2937 1250 3018 scriptive
1288 2936 1431 3002 aut
1469 2935 1922 3016 definitive3
1954 2937 2039 3004 et
2070 2937 2143 3002 si
2181 2951 2366 3018 non,

865 3034 1212 3116 qualiter
1251 3035 1366 3101 sit
1407 3033 1733 3102 ibidem.

945 3132 1209 3195 Videtur
1245 3133 1416 3216 quod
1459 3131 2009 3214 circumscriptive
2042 3139 2155 3195 aut
2196 3150 2367 3197 com-

869 3230 1299 3294 mensurative
1328 3230 1411 3293 sit
1439 3229 1548 3303 ibi,
1565 3249 1765 3311 quum
1793 3229 1879 3294 sit
1908 3230 2057 3312 quid
2081 3232 2369 3295 materia·

868 3328 928 3391 le
959 3328 1242 3404 finitum,
1268 3327 1639 3410 figuratum,
1663 3329 2057 3411 organicum,
2085 3337 2150 3393 et
2177 3348 2368 3393 omne

866 3427 992 3491 tale
1021 3434 1118 3490 est
1147 3426 1694 3510 circumscriptum
1724 3435 1788 3489 et
1814 3426 1951 3491 loco
1976 3446 2372 3493 commensu-

867 3532 1096 3588 ratum.
1131 3560 1212 3571 —
1241 3525 1553 3599 Secundo,
1586 3524 1890 3608 quoniam
1929 3533 2029 3589 est
2066 3526 2133 3588 in
2164 3526 2371 3590 hostia

864 3622 1103 3699 altaris,
1154 3630 1221 3686 et
1267 3640 1396 3687 non
1434 3622 1800 3687 extenditur
1847 3623 2013 3687 ultra
2061 3624 2369 3688 terminos

865 3720 1008 3803 ejus
1050 3738 1064 3783 :
1105 3721 1328 3804 sicque
1363 3722 1674 3785 limitatur
1707 3729 1772 3785 et
1818 3722 2372 3785 circumscribitur

867 3820 980 3894 ibi,
1015 3826 1080 3882 et
1108 3819 1553 3883 circumscribi
1583 3821 1837 3883 videtur
1865 3829 1994 3884 tam
2025 3820 2372 3904 superficie

868 3918 1146 4001 propria,
1188 3937 1382 4000 quam
1432 3918 1780 4001 superficie
1834 3920 2240 3983 continentis,

949 4016 1253 4098 Arguitur
1281 4035 1560 4101 quoque,
1580 4018 1750 4100 quod
1781 4018 1863 4081 sit
1893 4017 1983 4081 ibi
2014 4018 2363 4083 definitive.

869 4114 1028 4179 Nam
1057 4133 1247 4179 omne
1285 4124 1568 4179 creatum
1603 4122 1702 4178 est
1739 4115 1998 4179 finitum
2027 4135 2102 4179 ac
2141 4116 2370 4179 defini-

2473 1945 2561 2006 tia
2602 1943 2669 2006 in
2702 1944 2841 2009 loco
2879 1964 2995 2028 per
3023 1945 3347 2028 propriam
3380 1944 3824 2027 quantitatem,
3856 1943 3987 2005 cir-

2474 2043 2929 2126 cumscriptive
2973 2044 3039 2106 in
3083 2044 3221 2107 loco
3256 2051 3409 2108 sunt
3441 2061 3455 2106 ε
3482 2061 3560 2107 ec
3599 2043 3770 2126 quod
3810 2042 3987 2104 ratio

2472 2141 2692 2224 quanti
2722 2141 2991 2205 univoce
3019 2143 3254 2206 dicitur
3281 2143 3360 2206 de
3390 2159 3647 2225 corpore
3677 2142 3885 2205 locato
3916 2148 3989 2204 et

2474 2240 2741 2304 locante.
2780 2241 2841 2304 Si
2894 2249 3109 2304 autem
3158 2241 3513 2306 substantia
3559 2247 3870 2324 separata,
3908 2248 3987 2302 ut

2472 2339 2757 2420 angeluS‚
2790 2347 3160 2422 operaretur
3205 2339 3377 2404 circa
3414 2340 3673 2423 aliquod
3714 2356 3984 2421 corpus,

2474 2437 2539 2500 in
2572 2438 2683 2501 illo
2702 2439 3067 2504 ‘secundum
3096 2459 3278 2503 suam
3308 2439 3609 2502 virtutem
3638 2438 3985 2511 exsistenS‚

2474 2553 2603 2599 non
2663 2535 3300 2600 circumscriberetur
3356 2536 3619 2612 ibidem,
3668 2554 3745 2599 eo
3802 2536 3989 2619 quod

2473 2634 2633 2698 ratio
2663 2634 2886 2717 quanti
2924 2653 3052 2698 non
3088 2636 3322 2698 dicitur
3352 2635 3621 2699 univoce
3658 2634 3739 2697 de
3774 2653 3991 2717 quan·

2474 2732 2653 2796 titate
2690 2733 2947 2796 virtutis
2982 2742 3048 2797 et
3085 2734 3435 2818 quantitate
3477 2733 3662 2797 molis
3695 2750 3710 2796 ε
3744 2733 3991 2797 multo-

2474 2851 2601 2915 que
2650 2833 2864 2895 minus
2912 2850 3145 2916 corpus
3193 2832 3425 2896 Christi
3470 2839 3677 2915 potest
3718 2850 3861 2895 esse
3914 2832 3989 2895 in

2475 2928 2682 2992 hostia
2726 2929 3300 3012 circumscriptive‚
3346 2949 3549 3013 quum
3596 2929 3841 2993 dictum
3894 2931 3991 2992 sit
4022 2953 4241 3014 cfiasszl

2402 3040 2445 3104 C
2476 3026 2899 3090 substantiam
2944 3029 3228 3110 corporis
3268 3028 3501 3091 Christi
3545 3046 3672 3092 non
3716 3047 3859 3092 esse
3912 3029 3988 3092 in
4018 3025 4117 3065 “⁸-

2476 3135 2871 3191 sacramento
2902 3128 3221 3191 mediante
3251 3128 3749 3211 quantitate‚sed
3778 3147 3991 3211 quan·

2476 3226 2721 3289 titatem
2767 3226 3085 3291 mediante
3127 3225 3500 3290 substantia.
3535 3226 3823 3310 Denique
3870 3246 3989 3290 ex-

2476 3324 2795 3387 tendendo
2824 3342 3053 3387 nomen
3085 3324 3534 3407 magnitudinis
3560 3324 3639 3387 ad
3670 3326 3991 3389 rationem

2478 3422 2868 3498 substantiae,
2920 3424 3008 3486 ita
3056 3423 3226 3507 quod
3282 3424 3449 3487 sicut
3498 3424 3563 3485 in
3620 3423 3993 3487 substantia

2477 3522 2831 3585 secundum
2878 3542 2949 3585 se
2994 3530 3250 3606 sumpta
3307 3522 3606 3605 ponimus
3660 3522 3989 3587 rationem

2477 3619 2749 3684 finitatis
2776 3629 2841 3684 et
2870 3620 3211 3684 infinitatis
3244 3638 3259 3683 ε
3292 3621 3385 3684 sic
3414 3628 3480 3684 et
3508 3620 3560 3683 si
3594 3621 3991 3703 magnitudi—

2478 3738 2628 3783 nem
2661 3719 2752 3782 ibi
2782 3737 3118 3802 ponamuS,
3153 3719 3555 3783 inveniemus
3595 3719 3991 3800 magnitudi-

2479 3836 2625 3880 nem
2661 3818 2862 3899 magis
2898 3818 3223 3901 aequivoce
3252 3818 3381 3881 dici
3419 3817 3499 3880 de
3540 3817 3992 3899 magnitudine

2480 3916 2669 3979 molis
2731 3922 3025 3998 respectu
3084 3916 3539 3999 magnitudinis
3595 3915 3992 3980 substantia·

2480 4015 2581 4089 lis,
2614 4034 2807 4097 quam
2844 4022 3137 4096 respectu
3178 4014 3635 4096 magnitudinis
3659 4014 3987 4079 virtualis.

2478 4113 2687 4187 Quum
2716 4113 2889 4176 enim
2922 4113 3426 4195 magnitudinem
3455 4112 3865 4177 attribuimus
3896 4134 3995 4179 re-

870 4221 1033 4289 tum,
1053 4222 1271 4296 utpote
1301 4213 1733 4276 terminatum.
1751 4214 1872 4277 Sed
1903 4215 2128 4277 modus
2154 4233 2371 4279 essen·
2400 4222 2450 4285 D
2480 4212 2601 4275 bus
2642 4213 2884 4276 ratione
2921 4211 3192 4275 finitatis
3233 4218 3344 4275 aut
3380 4211 3741 4287 infinitatis»,
3774 4231 3991 4296 quum

871 4313 938 4376 di
978 4314 1268 4394 sequitur
1305 4312 1520 4394 ipsum
1557 4330 1716 4375 esse.
1751 4312 1930 4375 Sicut
1967 4331 2116 4394 ergo
2158 4314 2369 4396 ipsum

873 4430 1014 4474 esse
1043 4410 1135 4473 rei
1175 4410 1436 4473 finitum
1474 4417 1591 4485 est,
1627 4409 1713 4473 ita
1751 4416 1815 4473 et
1855 4412 2080 4475 modus
2117 4412 2371 4475 essendi

875 4511 942 4572 in
991 4509 1151 4584 loco,
1198 4516 1264 4571 et
1306 4509 1400 4571 sic
1449 4508 1781 4573 definitive
1829 4519 1927 4573 est
1972 4511 2038 4573 in
2087 4510 2246 4574 loco.
2290 4547 2373 4557 —

875 4610 1135 4683 lterum,
1165 4607 1428 4691 angelus
1456 4607 1568 4692 qui
1598 4615 1696 4671 est
1723 4608 1998 4693 simplex
2027 4609 2254 4681 forma,
2277 4618 2375 4673 est

879 4707 945 4770 in
977 4707 1116 4771 loco
1143 4705 1478 4769 definitive
1507 4724 1521 4769 τ
1553 4724 1704 4787 ergo
1733 4707 1938 4771 multo
1967 4708 2111 4790 plus
2142 4726 2373 4792 corpus

879 4806 1134 4881 Christi,
1167 4824 1368 4888 quum
1397 4805 1661 4887 angelus
1692 4805 1834 4888 plus
1864 4806 2056 4869 distet
2084 4826 2122 4869 a
2150 4815 2377 4870 natura

880 4904 1002 4967 loci
1043 4922 1237 4987 quam
1280 4921 1510 4986 corpus
1552 4904 2021 4987 quodcumque.

957 5004 1028 5065 ln
1058 5002 1425 5086 oppositum
1455 5008 1567 5077 est,
1581 5003 1751 5084 quod
1780 5020 2012 5086 corpus
2043 5003 2275 5067 Christi
2308 5004 2374 5067 in

808 5155 821 5169 .
880 5100 1086 5165 hostia
1142 5101 1280 5165 loco
1335 5118 1464 5164 non
1521 5110 2094 5178 commensuratur,
2148 5112 2219 5165 ut
2268 5122 2376 5186 pa-

881 5200 1024 5276 tuit,
1056 5206 1120 5264 ct
1146 5199 1340 5264 simul
1373 5199 1438 5262 in
1469 5199 1764 5283 pluribus
1795 5200 2132 5285 speciebus
2162 5222 2235 5266 ac
2265 5203 2377 5266 ho·-

881 5300 1021 5365 stiis
1062 5305 1177 5364 est.

2480 4312 2697 4375 finitas
2736 4319 2801 4374 et
2840 4310 3126 4374 infinitas
3166 4311 3369 4392 magis
3405 4312 3729 4394 aequivoce
3763 4312 3993 4377 dican-

2479 4419 2586 4473 tur
2632 4412 2711 4473 de
2758 4409 3197 4492 magnitudine
3244 4409 3431 4473 molis
3490 4418 3782 4493 respectu
3830 4412 3991 4476 sub·

2482 4509 2749 4585 stantiae,
2782 4528 2975 4591 quam
3006 4515 3299 4592 respectu
3336 4509 3707 4591 quantitatis
3746 4510 3993 4575 virtua-

2483 4608 2578 4684 lis,
2594 4608 2963 4690 magnitudo
2990 4625 3245 4691 quoque
3272 4608 3351 4671 de
3380 4608 3474 4671 eis
3501 4608 3749 4672 dicetur
3776 4612 3991 4693 magis

2482 4708 2825 4791 aequivoce.
2859 4708 3105 4771 Dicitur
3133 4726 3409 4791 namque
3449 4709 3819 4791 magnitudo
3850 4730 3991 4774 rno-

2485 4808 2563 4870 lis
2606 4807 2813 4883 finita,
2846 4806 2998 4890 quia
3040 4807 3537 4871 determinatum
3578 4818 3852 4893 occupat
3898 4810 3993 4874 lo-

2483 4926 2654 4981 cum,
2688 4906 2789 4970 vel
2820 4907 3123 4989 quoniam
3163 4906 3331 4970 inter
3367 4907 3786 4972 determinata
3814 4908 3993 4973 clau-

2483 5006 2658 5069 ditur
2712 5013 2970 5088 puncta,
3030 5005 3563 5070 determinatosve
3620 5008 3935 5073 terminos
3966 5026 3987 5089 ;

2485 5104 2741 5168 infinita
2768 5123 2942 5180 vero,
2964 5124 3109 5188 quae
3137 5105 3529 5169 clausionem
3558 5108 3991 5172 terminorum

2486 5221 2613 5268 non
2650 5203 2859 5267 habet.
2896 5204 2998 5268 Sic
3029 5212 3093 5268 et
3128 5205 3448 5288 quantitas
3478 5205 3771 5271 virtualis
3801 5226 3989 5272 voca·

2486 5313 2591 5369 tur
2636 5303 2845 5381 finita,
2884 5304 3187 5389 quoniam
3235 5312 3447 5389 potest
3492 5306 3557 5369 in
3603 5307 3991 5373 determina·
