4267 6250
847 489 933 535 AN
973 487 1276 534 numu
1317 488 1536 535 nomm
1577 485 1972 542 macutum
2011 485 2361 534 cummim
2400 489 2477 534 m·
2514 489 2947 536 conuchmt

3322 470 3445 534 339

331 654 514 735 piam
557 673 688 719 non
726 658 1014 740 quotidie
1053 657 1514 721 Eucharistiam
1559 677 1697 720 esse
1739 677 1844 720 su·
1871 656 1923 720 A
1953 657 2006 720 si
2055 635 2267 721 adsi-nt
2312 660 2753 742 opportunitas
2800 667 2865 722 et
2913 659 3179 722 facultas
3226 677 3241 720 :
3289 657 3445 722 alias

331 753 662 828 mendam,
693 755 859 818 alius
898 755 1184 819 affirmet
1210 755 1496 838 quotidie
1525 755 1842 838 accipien-

328 851 510 925 dam,
551 851 747 915 faciat
787 854 1230 937 unusquisque
1273 854 1442 935 quod
1486 853 1838 917 secundum

330 966 520 1010 suam
567 948 768 1012 fidem
813 950 921 1034 pie
965 951 1169 1013 credit
1209 969 1350 1013 esse
1390 951 1727 1032 agendum.
1765 951 1841 1011 Et

331 1045 567 1126 probat
598 1046 722 1110 hoc
763 1066 878 1131 per
907 1048 1275 1130 exemplum
1315 1045 1556 1111 Zachaei
1595 1055 1659 1109 et
1695 1066 1841 1110 ecn-

330 1144 636 1218 turionis„
670 1164 946 1228 quorum
990 1146 1238 1229 primus
1280 1164 1358 1208 ex
1399 1145 1678 1208 caritatis
1724 1144 1844 1208 fer-

93 1263 304 1312 num.
332 1258 490 1305 vore
534 1244 785 1326 accepit
827 1245 1150 1308 Christum
1196 1245 1262 1306 in
1306 1245 1496 1307 domo
1533 1245 1838 1326 gaudenS,

91 1361 306 1436 raram,
332 1339 502 1402 alter
555 1360 638 1404 ex
701 1342 1058 1406 reverentia
1120 1342 1302 1416 dixit,
1361 1342 1652 1417 Domine,
1711 1360 1840 1406 non

95 1439 122 1467 5.

332 1459 482 1501 sum
531 1439 789 1522 dignuS,
829 1449 992 1520 etc.;
1043 1449 1108 1502 et
1152 1439 1343 1504 ambo
1389 1440 1662 1504 Domino
1709 1441 1837 1523 pla·

331 1546 631 1600 cuerunt.

408 1637 728 1700 Praeterea
763 1637 820 1698 si
861 1645 1199 1721 quaeratur,
1232 1657 1313 1700 an
1353 1635 1638 1700 sufficiat
1668 1654 1838 1700 com-

335 1734 672 1798 municare
703 1736 902 1798 semel
931 1738 996 1798 in
1031 1754 1234 1816 anno;
1267 1736 1634 1810 dicendum,
1667 1737 1836 1818 quod

1951 756 2201 819 sufficit
2261 757 2680 838 spiritualiter
2746 759 3241 821 communicare.
3303 758 3447 840 Ipse

1952 872 2209 937 quoque
2256 855 2367 937 qui
2418 856 2716 930 celebrat,
2758 856 3233 919 communicare
3275 863 3449 919 tene-

1952 959 2077 1027 tur,
2111 953 2235 1015 nisi
2268 953 2621 1016 inevitabili
2654 953 3117 1036 impedimento
3146 953 3451 1034 impedia-

1951 1058 2056 1111 tur
2089 1067 2104 1110 ε
2138 1051 2291 1132 quia
2332 1050 2399 1112 in
2448 1051 2813 1133 sumptione
2856 1059 2920 1113 et
2963 1048 3449 1113 manducatione

1951 1147 2112 1209 ratio
2160 1148 2353 1228 hujus
2398 1149 2777 1212 sacramenti
2827 1149 3205 1230 completur,
3245 1167 3448 1230 quum

1949 1245 2034 1306 sit
2075 1244 2381 1309 alimonia
2428 1246 2799 1329 spiritualis.
2844 1246 3251 1310 Laudabilius
3300 1263 3453 1328 quo-

1951 1361 2099 1424 que,
2150 1344 2497 1407 virtuosius
2543 1351 2607 1407 et
2656 1345 2857 1425 magis
2904 1344 3302 1408 meritorium
3352 1352 3453 1408 est

1951 1441 2273 1515 accedere,
2305 1461 2496 1525 quam
2538 1462 2577 1506 a
2613 1450 2789 1505 tanto
2828 1450 3223 1506 sacramento
3258 1443 3451 1506 absti-

1949 1559 2124 1615 nere,
2158 1542 2386 1604 ceteris
2428 1542 2713 1624 paribus,
2748 1550 2965 1625 utpote
3006 1542 3060 1604 si
3101 1561 3249 1604 cum
3293 1561 3449 1625 prae-

1949 1639 2275 1722 paratione
2303 1638 2517 1702 debita
2544 1640 3149 1703 accedatur.—Haec
3179 1641 3446 1703 Thomas

1953 1738 2018 1800 in
2056 1738 2324 1821 Scripto.
2358 1739 2593 1800 Eadem
2640 1739 2708 1801 in
2744 1739 2930 1801 tertia
2969 1745 3170 1821 parte,
3200 1746 3447 1819 octoge-

333 1833 696 1896 secundum
743 1834 1029 1898 diversos
1085 1842 1286 1898 status
1343 1834 1499 1896 fidei
1547 1835 1837 1897 diversus
1876 1839 1922 1902 B
1953 1837 2114 1900 sima
2151 1837 2520 1918 quaestione.

332 1932 410 1994 de
443 1932 570 1994 hoc
602 1950 742 1994 mos
775 1932 1056 1996 inolevit.
1091 1934 1161 1996 In
1196 1933 1524 2015 primitiva
1561 1951 1838 2014 namque

335 2030 647 2105 Ecclesia,
679 2032 934 2112 quando
961 2030 1218 2112 vigebat
1247 2031 1452 2113 major
1479 2031 1733 2094 devotio
1761 2049 1840 2093 ex

333 2130 818 2211 propinquitate
845 2131 926 2192 ad
957 2136 1209 2213 tempus
1239 2130 1578 2194 dominicae
1608 2129 1844 2212 passio-

335 2228 456 2302 niS,
489 2235 758 2310 eratque
791 2228 994 2310 maJor
1023 2227 1318 2291 fidelium
1356 2228 1436 2291 ab
1465 2227 1839 2292 infidelibus

335 2325 742 2406 impugnatio
784 2345 800 2390 ε
841 2327 994 2408 quia
1037 2327 1168 2390 haec
1213 2345 1434 2389 mensa
1473 2335 1692 2390 contra
1733 2327 1840 2388 tri-

335 2423 702 2486 bulationes
749 2423 1048 2487 Ecclesiae
1095 2433 1506 2507 praeparatur‚
1557 2425 1840 2508 quotidie

337 2522 712 2585 communio
735 2521 1037 2585 fidelibus
1061 2523 1470 2586 indicebatur.
1485 2524 1660 2586 Unde
1681 2523 1842 2587 Ana-

337 2621 538 2682 cletus
579 2621 748 2703 Papa
785 2620 948 2683 dixit
989 2641 1003 2684 :
1047 2621 1304 2685 Peracta
1339 2623 1836 2697 consecratione,

336 2736 559 2782 omnes
602 2719 1081 2782 communicent
1124 2720 1232 2802 qui
1273 2721 1502 2783 nolunt
1543 2720 1839 2784 ecclesia-

339 2817 512 2880 sticis
575 2835 792 2880 carere
853 2817 1184 2881 liminibus
1237 2837 1251 2881 :
1303 2819 1398 2880 sic
1453 2818 1622 2882 enim
1677 2820 1840 2902 Apo-

337 2917 478 2979 stoli
529 2923 910 2979 statuerunt.
953 2917 1170 2980 Postea
1219 2917 1342 2979 fuit
1388 2917 1724 2992 indictum,
1767 2927 1838 2980 ut

2033 1935 2382 1998 Concordat
2427 1935 2747 2010 AlbertuS,
2787 1937 3031 2010 dicem,
3062 1937 3231 2017 quod
3281 1936 3448 1998 inter

1951 2033 2269 2098 fervorem
2304 2035 2581 2097 caritatis
2611 2035 2967 2098 trahentem
3008 2035 3086 2097 ad
3122 2034 3445 2097 celebran-

1951 2133 2105 2195 dum
2147 2141 2257 2194 aut
2300 2133 2927 2208 communicandum,
2958 2141 3023 2196 et
3062 2134 3227 2196 inter
3267 2135 3448 2197 timo-

1951 2251 2088 2294 rem
2118 2232 2487 2296 reverentiae
2518 2233 2967 2307 retrahentem,
3002 2233 3284 2295 medium
3320 2251 3448 2294 ser-

1952 2337 2057 2390 vet
2099 2331 2511 2411 temperatrix
2554 2331 2872 2394 discretio.
2906 2367 2987 2376 —
3024 2331 3140 2405 Qui
3186 2331 3448 2413 insuper

1951 2427 2201 2510 quaerit,
2220 2446 2421 2509 quum
2450 2429 2661 2491 Patres
2690 2429 2973 2511 primum
3003 2429 3359 2502 statuerint,
3379 2437 3448 2491 ut

1950 2524 2241 2608 quolibet
2277 2526 2380 2588 die
2419 2525 2762 2601 dominico,
2795 2535 2859 2590 et
2896 2526 3199 2608 deinceps
3240 2526 3446 2589 tribus

1951 2623 2201 2686 vicibus
2241 2641 2358 2705 per
2395 2642 2635 2686 annum
2673 2624 3109 2686 communicet
3143 2625 3443 2705 populuS,

1951 2741 2067 2784 cur
2113 2728 2420 2783 statutum
2472 2721 2577 2795 sit,
2630 2729 2701 2782 ut
2746 2721 2943 2784 semel
2994 2721 3059 2783 in
3109 2737 3277 2784 anno
3324 2721 3446 2784 hoc

1951 2819 2100 2899 fiat;
2152 2828 2217 2881 et
2267 2826 2479 2881 utrum
2536 2827 2839 2883 matronae
2894 2819 3219 2895 maritata),
3269 2827 3334 2882 et
3380 2838 3448 2884 se

1949 2938 1987 2981 a
2022 2918 2194 2981 coitu
2238 2918 2629 2980 retrahentes
2670 2937 2784 3000 per
2822 2937 3014 2980 unam
3052 2927 3305 2982 noctem
3347 2918 3449 2981 vel

337 3015 564 3077 saltem
607 3024 704 3077 ter
745 3015 812 3077 in
855 3032 1023 3077 anno
1061 3016 1627 3078 communicarent.
1664 3016 1837 3078 Unde
1869 3016 1913 3079 C
1952 3016 2130 3090 duas,
2184 3015 2469 3098 aliasque
2526 3017 2789 3090 devotas,
2854 3017 3263 3098 prohibendoe
3322 3017 3452 3080 sint

341 3113 656 3177 Fabianus
699 3113 864 3196 Papa
905 3113 1254 3177 disseruit:
1289 3114 1354 3177 Si
1397 3134 1524 3178 non
1574 3114 1836 3197 plurieS,

338 3214 564 3276 saltem
613 3220 712 3274 ter
753 3212 819 3274 in
862 3230 1030 3276 anno
1075 3212 1552 3276 communicent
1591 3230 1836 3285 omne8‚

339 3311 642 3373 videlicet
690 3311 756 3373 in
804 3310 1061 3385 Pascha,
1113 3310 1480 3374 Pentecoste
1528 3319 1592 3373 et
1637 3309 1840 3374 Natali

339 3409 617 3483 Domini,
666 3416 927 3492 propter
973 3409 1418 3472 solennitatem
1469 3410 1717 3472 dierum
1766 3410 1840 3472 il-

339 3506 569 3569 lorum.
604 3507 848 3569 Deinde
891 3514 1199 3570 statutum
1243 3514 1361 3581 est,
1397 3515 1468 3569 ut
1503 3508 1580 3569 ad
1625 3507 1838 3569 minus

337 3603 538 3666 semel
571 3604 638 3665 in
667 3622 836 3666 anno
865 3604 1360 3666 communicent.
1384 3604 1596 3667 Nihilo
1627 3604 1839 3665 minus

341 3702 491 3765 licet
531 3702 776 3785 pluries
819 3702 1295 3765 communicare
1337 3720 1352 3764 ε
1396 3702 1564 3764 unde
1612 3702 1677 3764 B.
1714 3704 1840 3764 Au-

301 3801 628 3881 .gustinus
668 3799 974 3874 hortatur,
1017 3801 1265 3863 cunctis
1303 3799 1530 3863 diebus
1567 3800 1839 3864 domini-

341 3898 434 3961 cis
484 3897 1113 3961 communicandum.
1155 3934 1238 3945 —·
1281 3898 1410 3961 Nec
1457 3898 1648 3961 debet
1693 3897 1839 3981 quis

342 4016 470 4061 uno
496 3998 602 4060 die
633 3997 778 4079 plus
811 4015 1006 4079 quam
1035 3998 1233 4059 semel
1264 3998 1756 4071 communicare,
1771 4004 1841 4059 ut

339 4114 454 4178 per
495 4096 618 4159 hoc
661 4096 1031 4177 designetur
1073 4096 1282 4158 unitas
1321 4095 1658 4159 dominicae
1699 4114 1839 4178 pas-

1951 3134 2032 3177 ne
2077 3115 2556 3179 communicent
2597 3115 2849 3198 saepius.
2894 3116 3048 3179 ltem
3096 3115 3295 3198 quaeri
3344 3134 3451 3198 po-

1950 3220 2074 3275 test
2130 3214 2209 3276 de
2260 3212 2470 3276 viduis
2528 3220 2594 3303 et
2640 3214 2781 3277 aliis
2840 3222 3011 3277 caste
3058 3214 3445 3277 viventibus.

1949 3312 2310 3392 Respondet
2352 3326 2367 3372 :
2410 3311 2622 3374 Sancti
2675 3312 2769 3373 illi
2820 3312 3029 3375 Patres
3077 3312 3342 3375 fuerunt
3381 3312 3447 3375 in

1949 3409 2076 3471 alio
2105 3409 2339 3473 saeculo
2370 3416 2666 3490 respectu
2699 3410 3005 3491 temporis
3038 3411 3261 3485 nostri,
3295 3427 3451 3492 quo·

1951 3508 2124 3569 niam
2179 3514 2332 3568 tunc
2388 3507 2631 3569 novitio
2679 3506 2933 3569 fervore
2986 3508 3195 3571 adbuc
3243 3508 3447 3571 ferve-

1950 3604 2059 3667 bat
2089 3604 2381 3666 Ecclesia.
2397 3604 2801 3667 Postmodum
2829 3613 3140 3667 venerunt
3169 3613 3452 3687 tempora

1955 3702 2334 3784 periculosa,
2396 3702 2461 3763 in
2520 3701 2755 3784 quibus
2814 3702 3107 3783 refriguit
3164 3704 3446 3784 caritas;

1952 3808 2235 3882 tuncque
2266 3806 2526 3882 propter
2556 3799 2995 3880 indignitatem
3028 3802 3249 3882 populi
3277 3801 3446 3863 chri-

1953 3898 2143 3961 stiani
2174 3906 2480 3960 statutum
2510 3904 2626 3971 est,
2648 3904 2715 3959 ut
2744 3905 2841 3959 ter
2872 3898 2937 3959 in
2968 3916 3135 3961 anno
3164 3916 3447 3963 commu-

1953 3997 2143 4060 nicet.
2196 3996 2435 4059 Deinde
2495 4002 2755 4078 propter
2808 3996 3164 4076 graviorem
3222 3998 3444 4080 populi

1952 4095 2443 4158 declinationem
2496 4102 2560 4156 et
2608 4093 2987 4176 pronitatem
3044 4096 3123 4157 ad
3171 4096 3326 4159 vitia
3384 4105 3448 4160 et

338 4195 558 4268 sioniS,
593 4202 658 4256 et
689 4193 894 4275 major
932 4194 1308 4257 exhibeatur
1347 4194 1703 4257 reverentia
1743 4213 1838 4257 sa·
1872 4199 1921 4262 D
1951 4193 2478 4258 deformationem
2512 4200 2819 4255 statutum
2848 4200 2965 4269 est,
3001 4202 3069 4257 ut
3099 4193 3323 4259 saltem
3355 4215 3447 4260 se-

340 4300 684 4357 cramento.
729 4293 964 4355 Verum
1006 4293 1299 4354 sacerdos
1337 4310 1540 4374 quum
1582 4292 1841 4375 publica

339 4392 425 4453 sit
452 4410 745 4473 persona,
777 4388 1020 4452 habens
1054 4407 1180 4452 non
1216 4389 1422 4453 solum
1458 4408 1576 4473 pro
1603 4410 1693 4466 se,
1729 4393 1840 4455 sed

341 4498 406 4552 et
451 4508 566 4573 pro
613 4490 762 4552 aliis
817 4488 1180 4551 sacrificare
1228 4496 1291 4551 et
1338 4490 1432 4552 eis
1484 4510 1839 4553 sacramen-

342 4598 405 4650 ta
433 4589 899 4662 administrare,
931 4595 1140 4670 potest
1169 4588 1543 4651 necessitate
1579 4598 1840 4671 cogente

344 4688 581 4770 pluries
625 4687 952 4751 celebrare
995 4687 1062 4749 in
1105 4687 1227 4749 die.

424 4788 511 4849 Ex
556 4787 658 4850 his
698 4793 870 4869 patet
909 4786 1260 4868 responsio,
1293 4786 1346 4849 si
1388 4794 1726 4869 quaeratur,
1758 4807 1841 4849 an

345 4886 526 4949 liceat
571 4885 837 4949 omnino
873 4904 911 4947 a
947 4885 1397 4948 communione
1442 4904 1708 4948 cessare.
1743 4887 1842 4948 Di-

345 4985 616 5047 cendum
652 4990 751 5046 est
778 4984 954 5047 enim
993 4984 1163 5066 quod
1203 5000 1353 5059 non,
1387 4992 1647 5066 propter
1687 5003 1842 5065 prae-

345 5092 600 5165 ceptum
645 5082 947 5146 Ecclesiae
987 5082 1066 5144 de
1106 5082 1558 5145 communione
1599 5082 1678 5145 ad
1723 5082 1841 5144 mi-

347 5201 465 5245 nus
511 5181 712 5246 semel
760 5182 828 5245 in
875 5196 1043 5244 anno
1091 5182 1420 5256 sumenda,
1471 5189 1536 5244 et
1583 5188 1842 5264 propter

346 5281 785 5346 rationabilem
816 5299 1070 5343 causam
1103 5280 1319 5343 statuti
1351 5280 1566 5361 illius;
1599 5288 1663 5344 et
1692 5280 1835 5356 hoc,

1953 4293 2080 4356 mel
2129 4293 2195 4355 in
2242 4310 2443 4368 anno;
2493 4300 2555 4355 et
2595 4292 2840 4355 utinam
2888 4292 3009 4356 boc
3054 4293 3279 4357 devote
3328 4296 3446 4358 im·

1951 4390 2190 4475 pleret!
2224 4391 2487 4454 Videtur
2520 4409 2776 4473 quoque
2816 4392 2986 4474 quod
3025 4391 3282 4457 feminae
3319 4394 3445 4459 illae

1952 4497 2263 4573 praetactae
2306 4508 2434 4552 non
2482 4489 2611 4552 sint
2658 4490 3029 4553 cohibendae
3075 4509 3114 4553 a
3153 4490 3447 4574 frequen-

1953 4590 2095 4653 tiori
2138 4588 2611 4663 communione,
2646 4588 2964 4671 praecipue
3004 4590 3083 4652 de
3120 4608 3339 4654 mense
3381 4594 3446 4655 in

1952 4706 2240 4751 mensem
2274 4704 2289 4749 :
2322 4687 2475 4769 quia
2514 4686 2748 4767 injuste
2786 4694 3155 4749 arcerentur
3182 4708 3323 4771 quae
3352 4690 3447 4751 di-

1950 4807 2090 4869 gnae
2127 4793 2297 4859 sunt,
2341 4793 2405 4849 et
2448 4786 2646 4867 impie
2691 4804 2836 4848 cum
2887 4786 2980 4848 eis
3024 4787 3253 4867 agitur,
3294 4788 3445 4850 dum

1949 4886 2043 4949 eis
2087 4883 2271 4947 cibus
2321 4884 2715 4947 subtrahitur
2760 4884 3075 4958 salutariS,
3109 4885 3219 4967 qui
3267 4886 3449 4949 datus

1949 4991 2139 5065 auget
2180 4983 2272 5045 eis
2310 4982 2577 5064 gratiam
2614 4982 3039 5064 concupitam.

2030 5082 2342 5157 Quaeritur
2386 5081 2540 5144 item
2578 5082 2657 5143 de
2695 5098 2883 5163 poena
2927 5100 3053 5145 non
3096 5082 3448 5145 communi·

1951 5181 2235 5245 cantium
2293 5180 2517 5243 saltem
2576 5180 2773 5243 semel
2832 5180 2900 5241 in
2948 5198 3137 5254 anno,
3189 5199 3270 5242 an
3320 5181 3448 5244 sint

1950 5279 2505 5343 excommunicati.
2532 5278 2905 5354 Dicendum,
2926 5279 3097 5361 quod
3128 5279 3285 5342 tales
3314 5277 3449 5343 abs-
