4267 6250
604 1012 679 1070 Cf.
702 1012 843 1070 lingo,

574 1077 630 1120 de
648 1075 838 1120 8ιοηιιι.

574 1138 688 1182 libau
660 1151 785 1193 u,.xp

575 1213 617 1245 e.
638 1204 678 1244 8.

866 476 993 544 492
1770 492 1947 543 mm
1984 494 2048 543 tv
2088 494 2573 545 emm-unm.
2613 514 2696 528 —
2733 498 2890 545 msr.
2929 498 3082 545 xvm

1314 744 1397 809 D.
1446 746 1531 808 Si
1572 749 1927 809 sacerdos
1962 746 2200 821 possit
2243 746 2619 810 dimittere
2665 751 2784 811 vel
2823 749 3153 813 retinere
3191 749 3528 825 peccata.

1004 986 1133 1053 Sed
1170 987 1510 1069 quaeritur,
1550 988 1774 1051 utrum
1812 1004 1851 1051 a
1885 987 2153 1069 peccato
2191 986 2446 1051 solvere
2482 986 2697 1051 valeat
2732 988 3057 1069 sacerdOS,
3099 988 3168 1052 id
3205 991 3304 1053 est
3331 1007 3371 1053 a
3405 990 3620 1072 culpa,
3655 991 3732 1055 ut
3765 990 3982 1075 culpae

802 1104 1201 1191 „maculam
1261 1102 1611 1184 abstergat,
1652 1102 1757 1167 vel
1808 1103 2106 1167 debitum
2163 1104 2424 1168 aeternae
2469 1105 2706 1169 mortis
2759 1104 3014 1169 solvere
3065 1106 3299 1171 valeat.
3339 1106 3624 1181 Quidam
3681 1108 3984 1173 arbitrati

872 1222 1050 1300 sunt,
1084 1237 1293 1302 quum
1342 1221 1647 1301 peccator
1680 1219 2031 1301 dupliciter
2069 1219 2314 1301 ligatus
2361 1220 2680 1300 teneatur,
2723 1223 2800 1285 ut
2835 1222 3226 1303 praedictum
3269 1224 3393 1303 est,
3435 1223 3688 1289 scilicet
3733 1226 3984 1290 mentis

874 1337 1261 1418 contagione
1297 1353 1372 1399 ac
1414 1336 1728 1416 caecitate,
1771 1337 1837 1399 et
1871 1334 2091 1399 debito
2131 1335 2372 1401 futurae
2409 1354 2658 1420 poenae3
2691 1338 2972 1402 alterum
3011 1339 3224 1403 curari
3266 1356 3385 1420 per
3421 1339 3664 1421 Deum,
3695 1340 3981 1405 alterum

873 1452 1042 1518 solvi
1085 1470 1204 1534 per
1251 1452 1678 1516 sacerdotem.
1710 1450 1971 1515 Patitur
2024 1451 2202 1515 enim
2261 1470 2380 1535 per
2421 1455 2766 1535 peccatum
2817 1454 3137 1536 quasdam
3181 1455 3482 1519 tenebras
3527 1457 3872 1521 interiores
3915 1460 3984 1522 et

574 1590 844 1642 umam.
873 1568 1189 1649 maculas,
1232 1586 1272 1632 a
1325 1567 1567 1650 quibus
1613 1568 1744 1631 nisi
1789 1566 2124 1648 liberetur,
2169 1568 2556 1650 projicietur
2599 1568 2670 1632 in
2711 1569 3013 1634 tenebras
3049 1572 3449 1653 exteriores3
3489 1589 3698 1653 quum
3753 1574 3984 1638 autem

578 1654 776 1772 ίῗρὴσε.

578 1780 597 1821 1
606 1781 646 1822 4.

576 2866 843 2917 Ιὸίά.ιι,23.

800 1729 844 1767 v,
872 1685 1186 1749 liberatur
1221 1683 1303 1747 ab
1340 1684 1469 1763 his,
1501 1684 1857 1749 suscitatur
1891 1700 1931 1746 a
1966 1686 2180 1748 morte
2215 1685 2487 1766 peccati.
2521 1686 2710 1749 Unde
2747 1686 3108 1769 Apostolus
3141 1706 3159 1750 z
3199 1688 3430 1769 Surge,
3463 1688 3581 1769 qui
3606 1688 3883 1767 dormi3‚
3917 1692 3988 1755 et

872 1800 1276 1866 illuminabit
1320 1802 1385 1864 te
1433 1800 1755 1864 Christus.
1798 1800 1995 1865 Solus
2031 1801 2210 1865 enim
2248 1801 2572 1883 Christus,
2616 1819 2751 1867 non
2787 1803 3114 1884 sacerdoS,
3163 1804 3454 1867 animam
3502 1805 3872 1885 resuscitat,
3905 1824 3987 1871 ac

871 1918 1084 2001 pulsis
1112 1917 1398 1981 tenebris
1438 1916 1861 1981 interioribus
1897 1918 1965 1981 et
1998 1917 2301 1997 maculiS‚
2343 1934 2488 1982 eam
2527 1919 2863 1983 illuminat
2889 1920 2954 1983 et
2997 1919 3294 2000 mundat,
3317 1920 3434 2001 qui
3471 1919 3710 1985 animae
3741 1920 3986 1986 faciem

873 2035 1072 2098 lavat.
1106 2032 1417 2097 Debitum
1457 2050 1613 2096 vero
1646 2035 1905 2097 aeternae
1935 2050 2146 2115 poenae
2183 2032 2438 2098 solvere
2483 2034 2804 2098 concessit
2843 2033 3312 2099 sacerdotibus.
3353 2034 3547 2109 Quod
3575 2036 3644 2099 in
3682 2053 3986 2101 resurre-

692 2174 844 2213 nvn-¹1.
872 2149 1089 2213 ctione
1138 2148 1368 2212 Lazari
1421 2148 1753 2230 signatum
1810 2149 2132 2229 asserunt,
2168 2165 2367 2229 quem
2412 2148 2714 2213 Christus
2762 2149 2949 2231 prius
2999 2166 3115 2231 per
3149 2166 3221 2213 se
3278 2149 3553 2214 interius
3589 2146 3982 2233 vivificavit,

871 2266 1107 2331 deinde
1144 2266 1321 2330 foras
1350 2265 1528 2329 exire
1550 2264 1776 2346 jussit,
1809 2282 2093 2347 eumque
2121 2265 2337 2330 adhuc
2364 2264 2641 2348 ligatum
2670 2264 2925 2330 solvere
2953 2265 3293 2348 Apostolis
3319 2267 3634 2349 praeccpit
3663 2286 3678 2329 ε
3711 2268 3869 2349 quia
3905 2271 3992 2333 ut

874 2382 1081 2462 aiunt,
1127 2382 1269 2463 ipse
1316 2380 1592 2445 interius
1647 2380 1936 2443 animam
1993 2397 2032 2442 a
2088 2380 2365 2461 caligine
2418 2380 2808 2461 maculaque
2855 2381 3106 2461 peccati
3161 2380 3498 2461 emundat,
3530 2382 3990 2447 sacerdotibus

872 2515 1028 2563 vero
1071 2498 1254 2562 dedit
1279 2496 1619 2560 vinculum
1657 2497 1917 2561 aeternae
1946 2496 2183 2559 mortis
2218 2495 2494 2561 solvere.
2535 2530 2625 2543 -
2651 2495 2786 2559 Alii
2827 2512 2982 2560 vero
3018 2494 3268 2576 dicunt,
3309 2496 3528 2561 solum
3563 2498 3806 2577 Deum,
3843 2516 3990 2563 non

872 2616 1302 2695 sacerdotem,
1350 2613 1647 2677 debitum
1704 2614 1965 2678 aeternae
2020 2613 2257 2676 mortis
2309 2612 2664 2693 dimittere,
2715 2611 2888 2677 sicut
2943 2614 3008 2675 et
3053 2612 3345 2676 animam
3395 2611 3674 2677 interius
3731 2631 3850 2696 per
3907 2634 3990 2680 se

873 2732 1201 2813 vivificat3
1238 2748 1360 2795 nec
1386 2730 1607 2794 tamen
1640 2729 2019 2809 diffitentur,
2054 2729 2504 2794 sacerdotibus
2538 2729 2848 2793 traditam
2887 2730 3280 2812 potestatem
3309 2731 3576 2811 peccata
3601 2729 3992 2796 dimittendi

874 2850 941 2914 et
978 2848 1323 2927 retinendi,
1364 2846 1606 2928 quihus
1642 2846 1895 2909 dictum
1924 2846 2025 2910 est
2057 2866 2073 2907 ε
2107 2846 2407 2919 Quorum
2448 2844 2836 2909 remiseritis
2870 2846 3158 2927 peccata,
3191 2846 3314 2909 etc.
3347 2846 3534 2910 Sicut
3568 2846 3748 2910 enim
3783 2846 3990 2912 Chri-

770 2968 775 2975 ’
871 2966 1017 3030 stus
1066 2963 1339 3029 retinuit
1390 2962 1518 3026 sibi
1574 2963 1967 3044 potestatem
2016 2961 2366 3043 Baptismi,
2406 2960 2502 3024 ita
2551 2962 2616 3024 et
2665 2961 3120 3043 Poenitentiae3
3167 2962 3235 3025 et
3279 2961 3450 3041 ide0‚
3481 2962 3655 3026 sicut
3699 2963 3992 3029 interius

873 3081 1083 3163 gratia
1118 3097 1239 3144 sua
1266 3079 1555 3143 animam
1593 3077 1947 3157 illuminat,
1980 3077 2072 3142 ita
2102 3077 2169 3142 et
2203 3076 2406 3142 simul
2440 3076 2737 3142 debitum
2766 3078 3027 3143 aeternae
3053 3076 3288 3143 mortis
3315 3076 3587 3142 relaxat.
3621 3078 3770 3162 Ipse
3799 3080 3992 3146 enim

873 3217 991 3281 per
1036 3215 1107 3261 se
1163 3197 1383 3278 ipsum
1438 3196 1704 3278 peccata
1751 3195 2214 3277 poenitentium
2269 3194 2476 3277 tegit3
2522 3195 2586 3257 et
2633 3197 2789 3258 tunc
2841 3194 3029 3276 tegit,
3078 3194 3340 3276 quando
3388 3194 3471 3258 ad
3525 3213 3788 3278 poenam
3843 3215 3994 3262 non

874 3316 1164 3380 reservat
1204 3335 1221 3376 ε
1261 3314 1420 3378 tunc
1468 3330 1620 3394 ergo
1666 3313 1852 3394 tegit,
1897 3312 2158 3394 quando
2210 3312 2508 3376 debitum
2556 3329 2768 3393 poenae
2817 3311 3038 3376 solvit.
3079 3311 3275 3386 Quod
3310 3313 3532 3376 autem
3583 3313 3725 3395 ipse
3775 3315 3990 3398 tegat,

833 3485 845 3496 .
876 3433 1097 3515 aperte
1139 3430 1301 3494 dicit
1342 3429 1777 3512 AugustinuS,
1819 3445 2155 3510 exponens
2193 3428 2384 3492 illum
2421 3428 2642 3492 locum
2687 3427 2937 3492 Psalmi
2984 3448 2999 3490 ε
3039 3428 3227 3492 Beati
3274 3445 3558 3509 quorum
3603 3431 3775 3494 tecta
3822 3435 3994 3496 sunt

834 3548 845 3622 ζ
877 3547 1163 3630 peccata,
1204 3544 1273 3608 id
1302 3546 1401 3609 est
1437 3545 1745 3626 cooperta
1782 3545 1845 3607 et
1882 3542 2149 3607 abolita.
2189 3543 2261 3608 Si
2292 3543 2471 3607 enim
2507 3543 2674 3607 texit
2709 3543 2892 3608 Deus
2932 3545 3219 3626 peccata,
3252 3542 3468 3607 noluit
3502 3543 3882 3628 advertere3
3926 3547 3992 3612 si

874 3663 1091 3727 noluit
1126 3662 1483 3740 advertere,
1514 3659 1732 3723 noluit
1766 3659 2308 3740 animadvertere,
2347 3658 2417 3721 id
2444 3660 2547 3723 est
2571 3660 2831 3741 punire,
2870 3659 2987 3724 sed
3024 3659 3384 3742 ignoscere.
3423 3659 3527 3722 Ita
3561 3676 3716 3742 ergo
3743 3660 3912 3726 dicit
3951 3683 3994 3728 a

874 3781 1015 3844 Deo
1054 3779 1247 3858 tecta,
1281 3779 1357 3840 ut
1382 3778 1564 3841 Deus
1590 3792 1724 3839 non
1753 3775 1994 3855 videat,
2026 3775 2095 3838 id
2132 3776 2254 3856 est,
2296 3776 2689 3840 aeternaliter
2725 3776 2957 3858 puniat
2996 3795 3011 3837 ε
3045 3775 3267 3839 videre
3309 3775 3486 3839 enim
3526 3776 3650 3840 Dei
3687 3781 3988 3860 peccata,

875 3897 977 3960 est
1010 3895 1093 3958 ad
1124 3910 1387 3976 poenam
1434 3893 1801 3975 imputare3
1840 3893 2132 3955 avertere
2184 3891 2406 3954 autem
2456 3890 2691 3956 faciem
2733 3908 2773 3954 a
2807 3892 3116 3973 peccatiS,
3155 3891 3282 3955 hoc
3319 3892 3420 3955 est
3463 3908 3541 3955 ea
3586 3891 3669 3955 ad
3713 3911 3990 3973 poenam

804 4029 1006 4079 ..non
1043 4028 1393 4076 reservare.
1428 4010 1595 4073 Item
1618 4009 2069 4090 Hieronymus
2110 4028 2124 4069 ε
2169 4007 2426 4081 Quibus
2455 4007 2638 4072 Deus
2681 4007 2959 4070 dimittit
2991 4008 3280 4089 peccata,
3312 4007 3498 4089 tegit,
3521 4025 3605 4072 ne
3632 4007 3702 4070 in
3723 4008 3988 4088 jndicio

806 4112 844 4142 ⁸·
872 4128 1264 4194 revelentur.
1298 4127 1467 4191 Item
1508 4125 1994 4189 Cassiodorus:
2035 4124 2166 4198 Qui
2203 4123 2429 4206 gravia
2469 4121 2713 4188 habent
2750 4125 3038 4206 peccata,
3083 4123 3233 4188 aliis
3267 4124 3451 4188 Deus
3487 4124 3794 4207 imputat,
3825 4125 3988 4190 aliis

871 4262 988 4327 per
1032 4242 1554 4308 misericordiam
1591 4258 1725 4304 non
1760 4241 2066 4322 imputat.

1006 4361 1107 4423 Ex
1144 4360 1251 4423 his
1286 4361 1506 4440 aperte
1536 4355 1925 4436 ostenditur,
1957 4355 2136 4437 quod
2179 4355 2362 4420 Deus
2407 4354 2550 4437 ipse
2593 4356 3021 4437 poenitentem
3066 4303 3266 4420 solvit
3299 4372 3339 4418 a
3373 4355 3595 4420 debito
3633 4375 3872 4439 poenae,
3919 4361 3991 4424 et

871 4478 1029 4541 tunc
1064 4474 1288 4554 solvit,
1319 4473 1581 4555 quando
1612 4472 1791 4535 intus
1833 4470 2166 4535 illuminat
2207 4472 2588 4554 inspirando
2627 4489 2851 4536 veram
2889 4472 3105 4536 cordis
3143 4473 3626 4536 contritionem.
3669 4471 3792 4536 Cui
3829 4492 3988 4539 sen—

870 4593 1095 4658 tentiae
1134 4590 1300 4654 ratio
1338 4589 1763 4672 suffragatur,
1807 4590 1873 4653 et
1908 4590 2329 4654 auctoritates
2375 4590 2787 4654 attestantur.
2829 4589 3041 4654 Nemo
3093 4589 3271 4653 enim
3311 4607 3463 4654 vere
3509 4591 3992 4672 compungitur

870 4711 951 4775 de
988 4709 1277 4791 peccat0‚
1319 4705 1567 4771 habens
1613 4723 1727 4770 cor
1766 4705 2121 4771 contritum
2161 4708 2225 4771 et
2271 4705 2721 4786 humiliatum,
2762 4705 2892 4770 nisi
2931 4706 3004 4769 in
3050 4705 3336 4770 caritate.
3372 4704 3505 4779 Qui
3541 4707 3762 4770 autem
3801 4709 3988 4771 cari-

870 4827 1072 4890 tatem
1116 4823 1336 4901 habet,
1376 4823 1618 4904 dignus
1656 4823 1757 4886 est
1792 4822 1929 4885 vita
1964 4823 2229 4886 aeterna.
2261 4823 2473 4888 Nemo
2522 4823 2746 4886 autem
2782 4821 2983 4886 simul
3023 4821 3160 4885 vita
3195 4823 3262 4885 et
3297 4823 3508 4886 morte
3546 4821 3786 4904 dignus
3826 4827 3984 4888 est:

869 4960 1003 5007 non
1042 4943 1143 5006 est
1178 4957 1331 5023 ergo
1362 4941 1519 5002 tunc
1546 4939 1789 5020 ligatus
1831 4937 2051 5002 debito
2090 4940 2352 5003 aeternae
2394 4939 2649 5002 mortis.
2683 4937 2895 5002 Filius
2923 4938 3102 5002 enim
3140 4937 3256 5002 irae
3293 4955 3436 5002 esse
3473 4937 3692 5018 desiit,
3723 4957 3808 5004 ex
3843 4957 3988 5022 quo

869 5058 1141 5139 diligere
1179 5058 1246 5120 et
1280 5055 1597 5138 poenitere
1635 5053 1853 5137 coepit.
1900 5055 2003 5117 Ex
2038 5055 2196 5118 tunc
2235 5072 2387 5136 ergo
2425 5054 2684 5119 solutus
2725 5055 2825 5118 est
2863 5054 2946 5118 ab
2985 5055 3106 5135 ira,
3145 5071 3296 5136 quae
3333 5071 3467 5118 non
3511 5055 3735 5118 manet
3777 5073 3992 5138 super

871 5175 1062 5239 illum
1091 5173 1207 5255 qui
1237 5173 1443 5239 credit
1478 5173 1546 5235 in
1583 5171 1943 5252 Christum,
1987 5172 2105 5236 sed
2141 5188 2339 5253 super
2376 5170 2569 5235 illum
2601 5172 2718 5254 qui
2753 5187 2887 5234 non
2916 5171 3142 5236 credit.
3171 5169 3322 5236 Non
3358 5187 3513 5252 ergo
3548 5171 3986 5253 postmodum

874 5309 992 5375 per
1032 5289 1437 5356 sacerdotem
1475 5287 1581 5353 cui
1626 5281 1993 5368 confitetur,
2034 5285 2117 5352 ab
2158 5286 2256 5350 ira
2293 5287 2535 5352 aeterna
2580 5285 2917 5368 liberatur,
2949 5303 2988 5350 a
3023 5301 3155 5367 qua
3181 5285 3323 5368 jam
3360 5284 3678 5352 liberatus
3711 5287 3814 5356 est
3859 5305 3986 5371 per
