4267 6250
1223 520 1306 567 DB
1344 518 1856 567 Pnormmwrmus
1895 518 2399 568 Jusrlrlcanoms
2441 520 2595 569 unul

3337 496 3459 563 455

353 688 506 751 dum
539 706 696 753 vero
733 689 1099 773 expellitur,
1130 706 1260 753 non
1299 696 1414 753 est.
1449 689 1528 752 Et
1553 689 1856 771 quoniam
1887 689 1940 753 A
1966 708 2159 772 quam
2204 689 2411 753 forma
2458 710 2599 774 quae
2648 690 2995 764 inducitur,
3034 688 3283 753 scilicet
3319 707 3457 770 gra-

353 786 559 850 forma
589 788 831 852 dicitur
865 788 1182 851 introduci
1212 788 1470 870 quando
1499 787 1707 870 primo
1737 795 1852 861 est,

349 894 414 947 et
441 886 682 967 expelli
713 886 972 970 quando
1005 886 1216 969 primo
1252 903 1380 949 non
1409 893 1541 965 est3
1585 904 1711 947 non
1750 903 1857 967 po-

349 990 474 1044 test
517 984 784 1047 materia
825 1003 968 1047 esse
1005 984 1146 1046 sine
1177 983 1384 1046 forma
1418 984 1538 1045 bac
1575 990 1686 1045 aut
1723 982 1850 1044 illa.

347 1081 510 1143 Hinc
539 1082 738 1145 simul
771 1082 862 1145 ibi
903 1091 1054 1145 sunt
1083 1082 1378 1165 expulsio
1404 1081 1626 1145 formae
1665 1081 1855 1145 unius

347 1187 410 1241 θῖ
447 1180 842 1244 introductio
875 1180 1161 1244 alterius».
1195 1181 1404 1254 Quum
1445 1198 1596 1261 ergo
1635 1180 1856 1243 simili—

349 1287 446 1340 ter
485 1278 704 1341 anima
747 1299 888 1343 esse
929 1298 1060 1343 non
1098 1279 1306 1342 valeat
1343 1280 1482 1342 sine
1525 1277 1714 1361 culpa
1752 1278 1853 1340 vel

346 1377 574 1457 gratia,
627 1376 826 1440 simul
883 1378 950 1440 in
1007 1397 1083 1441 ea
1138 1384 1290 1439 sunt
1343 1376 1559 1458 gratiae
1617 1375 1856 1439 infusio

347 1484 542 1557 atque
587 1476 884 1558 expulsio
925 1476 1152 1559 culpae.

429 1574 523 1635 Ex
574 1572 678 1636 his
727 1580 924 1655 patet,
975 1575 1145 1655 quod
1201 1572 1584 1654 justificatio
1631 1573 1715 1635 sit
1762 1572 1856 1634 in-

347 1680 698 1735 stantanea.
735 1672 994 1753 Triplex
1035 1672 1278 1754 quippe
1320 1680 1417 1735 est
1462 1671 1688 1733 modus
1731 1670 1856 1733 for-

347 1788 622 1832 marum.
657 1769 818 1832 Nam
857 1770 1150 1851 quaedam
1195 1768 1518 1851 recipiunt
1557 1768 1756 1850 magis
1793 1775 1857 1830 et

1962 787 2070 861 tia,
2122 788 2398 870 simplex
2438 797 2552 851 est.
2596 790 2836 872 ltaque,
2880 788 2945 851 in
2998 786 3461 851 mutationibus

1963 905 2106 967 quae
2134 895 2607 968 componuntur
2638 905 2715 949 ex
2750 886 3101 949 mutatione
3132 886 3367 967 praevia
3396 893 3460 947 et

1963 984 2241 1047 termino
2269 988 2358 1046 ad
2386 1006 2599 1065 quem,
2632 1003 2758 1048 non
2799 992 3008 1067 potest
3036 983 3277 1065 aliquid
3312 982 3459 1045 fieri

1963 1082 2159 1144 simul
2206 1089 2271 1144 et
2310 1100 2491 1162 esse3
2532 1084 2643 1145 sed
2694 1083 2757 1145 in
2806 1081 3267 1145 mutationibus
3308 1081 3461 1143 sim-

1963 1180 2243 1263 plicibus
2272 1201 2413 1264 quae
2442 1182 2799 1245 consistunt
2826 1184 2891 1244 in
2922 1182 3197 1245 termino
3226 1187 3458 1255 motuS,

1965 1287 2191 1360 potest.
2225 1315 2304 1326 -
2336 1280 2413 1341 Et
2454 1280 2507 1341 si
2546 1280 2909 1361 objiciatur,
2953 1281 3124 1362 quod
3167 1279 3357 1360 culpa
3396 1285 3462 1341 et

1961 1378 2166 1458 gratia
2204 1396 2329 1441 non
2368 1386 2637 1460 possunt
2668 1380 2732 1441 in
2762 1380 2987 1442 eodem
3029 1377 3289 1440 instanti
3318 1396 3457 1440 esse
3484 1390 3568 1497 g
3580 1389 3754 1497 »ἐκεῖ

1965 1476 2030 1538 in
2075 1476 2331 1555 anima;
2378 1496 2529 1558 ergo
2570 1477 2745 1540 aliud
2792 1485 2889 1541 est
2929 1478 3171 1541 instans
3222 1476 3288 1538 in
3330 1494 3460 1558 quo

1964 1574 2193 1637 ultimo
2230 1573 2355 1636 fuit
2384 1574 2471 1637 ibi
2512 1576 2723 1657 culpa,
2756 1583 2820 1638 et
2848 1575 3020 1637 aliud
3062 1576 3124 1637 in
3166 1592 3295 1656 quo
3332 1574 3460 1656 pri·

1967 1692 2072 1736 mo
2121 1674 2288 1735 inest
2334 1674 2537 1753 gratia
2586 1692 2601 1735 ε
2652 1673 3193 1755 respondendum,
3247 1672 3312 1733 in
3360 1672 3461 1734 his

1966 1790 2108 1853 quae
2154 1771 2426 1833 tendunt
2472 1772 2551 1833 ad
2608 1790 2735 1835 non
2784 1790 2945 1845 esse,
2996 1787 3123 1833 non
3172 1777 3270 1832 est
3316 1770 3464 1831 dare

349 1868 566 1930 minus
607 1868 966 1930 secundum
1005 1866 1472 1948 elongationem
1502 1886 1540 1929 a
1567 1885 1684 1930 suo
1712 1884 1858 1929 con·
1893 1866 1940 1928 B
1973 1870 2267 1932 ultimum
2327 1877 2581 1952 tempus
2641 1870 2707 1933 in
2765 1888 2891 1951 quo
2947 1869 3177 1931 ultimo
3226 1867 3465 1930 habent

347 1966 544 2028 trario
581 1973 649 2028 et
676 1966 1032 2028 secundum
1063 1983 1392 2027 accessum
1423 1965 1501 2026 ad
1535 1964 1856 2047 propriam

351 2082 636 2138 causam,
662 2063 831 2125 sicut
859 2064 1107 2126 albedo.
1133 2064 1280 2127 Ideo
1310 2062 1452 2125 talis
1485 2061 1688 2125 forma
1717 2081 1858 2124 suc-

351 2161 602 2224 cessive
633 2160 702 2223 in
733 2160 1028 2241 subjecto
1057 2161 1388 2244 recipitur,
1421 2168 1676 2243 recepta
1705 2178 1858 2242 quo-

352 2277 478 2341 que
514 2257 794 2340 suscipit
833 2259 1034 2340 magis
1071 2267 1138 2321 et
1179 2259 1412 2321 minus.
1443 2258 1600 2323 Aliae
1637 2258 1858 2321 formae

351 2374 480 2421 non
529 2357 858 2439 recipiunt
900 2357 1101 2439 magis
1145 2365 1211 2419 et
1251 2357 1490 2429 minuS,
1525 2363 1596 2419 ut
1637 2356 1858 2420 formae

349 2455 829 2529 substantiales,
879 2474 1150 2537 quarum
1201 2456 1488 2518 inductio
1535 2474 1648 2518 seu
1699 2456 1858 2518 ratio

347 2564 446 2617 est
497 2554 570 2617 in
621 2553 1024 2618 indivisibili.
1069 2554 1306 2617 Ceterae
1353 2553 1575 2619 formae
1621 2553 1859 2617 habent

349 2673 418 2715 se
459 2652 680 2715 medio
723 2653 916 2715 modo
956 2670 970 2713 :
1014 2653 1318 2734 quoniam
1359 2670 1487 2715 non
1537 2652 1860 2733 recipiunt

349 2750 556 2833 magis
607 2758 674 2812 et
721 2748 936 2812 minus
983 2750 1338 2812 secundum
1388 2750 1856 2830 elongationem

345 2868 386 2910 a
419 2848 766 2921 contrario,
797 2847 952 2929 quia
989 2848 1308 2910 contrario
1345 2866 1461 2910 suo
1501 2848 1858 2911 commisci-

349 2946 516 3010 biles
549 2964 678 3009 non
709 2953 892 3025 sunt3
925 2946 1288 3028 suscipiunt
1318 2954 1528 3009 tamen
1567 2946 1764 3027 magis
1795 2954 1858 3008 et

1968 1986 2129 2040 esse,
2150 1968 2258 2029 sed
2292 1967 2570 2049 primum
2604 1968 2847 2031 instans
2880 1967 2945 2028 in
2975 1984 3103 2048 quo
3132 1983 3259 2028 non
3290 1972 3458 2027 sunt.

1970 2066 2145 2128 Unde
2193 2082 2319 2128 non
2368 2074 2465 2128 est
2514 2073 2767 2147 tempus
2816 2065 2881 2127 in
2931 2082 3060 2147 quo
3108 2063 3334 2126 ultimo
3384 2061 3469 2124 sit

1969 2163 2181 2244 culpa,
2212 2164 2322 2225 sed
2366 2164 2646 2245 primum
2690 2164 2933 2226 instans
2979 2162 3045 2225 in
3086 2180 3214 2244 quo
3258 2160 3467 2243 primo

1969 2279 2094 2324 non
2126 2270 2243 2337 est,
2267 2270 2331 2325 et
2361 2262 2427 2325 in
2458 2262 2688 2325 eodem
2720 2262 2929 2344 primo
2956 2269 3054 2324 est
3075 2261 3293 2343 gratia.
3322 2260 3466 2322 Haec

1967 2360 2205 2423 Petrus,
2239 2361 2309 2422 In
2354 2360 2581 2423 ceteris
2624 2359 2792 2422 sicut
2832 2361 3125 2423 Thomas,

2047 2459 2116 2521 In
2156 2457 2392 2540 quibus
2432 2457 2683 2521 videtur
2718 2458 3065 2521 obscurum
3104 2457 3275 2539 quod
3304 2456 3463 2519 Tho-

1966 2576 2097 2619 mas
2121 2557 2347 2639 etipse
2371 2575 2445 2618 ac
2468 2556 2576 2618 alii
2600 2556 2859 2637 quidam
2883 2556 3224 2629 affirmant,
3234 2553 3466 2636 justifi-

1967 2655 2281 2718 cationem
2314 2654 2498 2735 impii
2522 2671 2647 2717 non
2678 2673 2817 2717 esse
2848 2654 3102 2736 proprie
3132 2652 3466 2716 miraculo·

1967 2770 2122 2814 sam.
2141 2752 2383 2833 Nempe
2412 2752 2633 2814 eadem
2665 2750 2907 2814 ratione
2936 2769 3055 2813 nec
3083 2749 3465 2831 glorificatio

1967 2849 2311 2929 electorum
2344 2849 2405 2911 in
2437 2849 2639 2932 patria
2667 2856 2832 2911 esset
2864 2847 3257 2921 miraculosa,
3274 2867 3465 2930 quum

1967 2955 2031 3011 et
2055 2946 2513 3009 intellectuales
2542 2954 2845 3009 creaturae
2873 2945 3331 3008 beatitudinem
3362 2964 3467 3008 na-

352 3046 570 3108 minus
611 3044 967 3108 secundum
1005 3062 1336 3107 accessum
1371 3045 1449 3106 ad
1489 3063 1672 3107 suam
1711 3064 1854 3107 cau·
1893 3046 1936 3110 C
1968 3045 2259 3107 turaliter
2313 3052 2617 3128 appetant
2668 3062 2682 3106 ε
2739 3052 2804 3106 et
2858 3044 3025 3107 sicut
3078 3052 3206 3106 tam
3264 3044 3467 3127 gratia

351 3164 516 3218 sam,
540 3151 612 3206 ut
641 3143 770 3206 lux.
796 3144 958 3206 Hinc
989 3143 1147 3206 tales
1175 3143 1398 3208 formae
1428 3161 1554 3207 non
1587 3143 1855 3225 suscipi—

353 3251 554 3305 untur
581 3241 947 3306 successive
978 3242 1044 3305 in
1075 3242 1560 3323 subjecto,sicut
1591 3261 1708 3305 nec
1738 3242 1858 3305 for·

355 3361 476 3405 mae
505 3340 1004 3420 substantiales;
1037 3349 1306 3422 receptae
1344 3348 1554 3403 tamen
1593 3347 1856 3422 possunt

355 3439 602 3503 intendi
655 3458 730 3502 ac
775 3439 1040 3512 remitti,
1073 3439 1238 3501 sicut
1281 3437 1501 3501 formae
1549 3437 1855 3500 habentes

351 3536 771 3602 contrarium.
809 3537 886 3599 Et
915 3537 1060 3599 talis
1090 3536 1297 3600 forma
1324 3543 1422 3598 est
1446 3536 1684 3617 gratia:
1713 3536 1854 3598 nul-

353 3637 480 3700 lam
509 3635 688 3699 enim
719 3634 1246 3698 commixtionem
1287 3634 1524 3716 patitur
1553 3652 1701 3696 cum
1740 3651 1856 3696 suo

351 3735 672 3818 opposite,
722 3752 924 3815 quum
985 3733 1144 3795 illud
1203 3733 1286 3795 sit
1336 3731 1536 3813 magis
1582 3731 1856 3813 privatio

351 3853 547 3915 quam
579 3833 827 3916 aliquid
859 3831 1232 3914 positivum,
1267 3839 1338 3893 ut
1369 3829 1630 3893 tenebra
1663 3848 1677 3892 ε
1711 3831 1857 3892 ideo

353 3933 418 3995 in
451 3930 716 3994 instanti
749 3929 1112 3992 infunditur
1145 3931 1212 3992 in
1241 3947 1369 4012 quo
1398 3937 1464 3991 et
1491 3929 1854 4010 oppositum

353 4031 496 4112 ejus
527 4029 894 4110 expellitur.
913 4028 1042 4092 Nec
1067 4027 1446 4109 justificatio
1472 4027 1704 4090 dicitur
1735 4045 1857 4090 mo-

353 4137 480 4202 tus,
543 4127 671 4190 nisi
731 4133 908 4190 motu
967 4126 1393 4190 communiter
1450 4133 1726 4207 sumpto.
1777 4161 1858 4171 —-

355 4227 500 4290 Ilaec
544 4225 820 4288 Thomas
863 4225 930 4287 in
973 4224 1241 4306 Scripto.

439 4325 798 4388 Concordat
837 4324 1080 4397 Petrus,
1113 4324 1384 4387 dicendo
1425 4341 1438 4385 :
1479 4323 1858 4386 Justificatio

359 4424 708 4506 dupliciter
763 4421 970 4504 accipi
1023 4429 1251 4504 potest,
1301 4423 1469 4484 sicut
1513 4421 1854 4502 generatio.

359 4522 592 4594 Prim0,
628 4538 743 4604 pro
785 4529 960 4583 motu
999 4521 1078 4582 ad
1115 4520 1428 4600 justitiam
1465 4538 1612 4581 cum
1647 4521 1859 4582 termi-

357 4638 444 4684 no
493 4619 674 4701 ejus3
718 4626 783 4682 et
833 4618 918 4680 ita
963 4618 1306 4700 aliquando
1353 4617 1430 4679 fit
1476 4617 1856 4692 successive,

359 4726 431 4781 ut
459 4717 717 4800 quando
745 4715 1048 4798 praecedit
1076 4714 1452 4796 praeparatio
1479 4716 1858 4777 successiva.

360 4816 676 4888 Secundo,
698 4830 816 4896 pro
846 4813 981 4876 solo
1009 4812 1305 4886 termino,
1324 4811 1385 4874 id
1415 4820 1513 4874 est
1544 4811 1863 4875 infusione

357 4913 646 4996 justitiae,
679 4931 798 4976 seu
845 4931 958 4994 pro
998 4911 1110 4974 illa
1154 4910 1504 4973 mutatione
1549 4910 1687 4973 sine
1735 4929 1862 4974 mo-

365 5021 464 5092 tu;
497 5021 562 5076 et
591 5013 678 5074 ita
709 5010 791 5073 fit
820 5009 887 5072 in
917 5009 1200 5084 instanti,
1222 5029 1422 5092 quum
1453 5009 1536 5072 sit
1564 5029 1602 5070 a
1628 5009 1864 5072 virtute

1968 3163 2161 3226 quam
2200 3143 2402 3225 gloria
2439 3151 2535 3206 est
2564 3143 2806 3226 aliquid
2846 3143 3349 3225 supernaturale,
3382 3143 3469 3207 ita

1966 3241 2303 3322 utriusque
2366 3240 2603 3304 infusio
2664 3241 2801 3303 sive
2864 3240 3135 3304 collatio.
3200 3242 3462 3316 RursuS,

1965 3339 2261 3422 quamvis
2308 3338 2537 3401 animae
2587 3339 2739 3400 insit
2784 3339 3091 3401 naturalis
3140 3339 3294 3402 ordo
3334 3346 3464 3401 tam

1965 3438 2042 3500 ad
2103 3434 2552 3499 rectitudinem
2610 3455 2803 3518 quam
2863 3436 2942 3497 ad
2992 3435 3260 3517 gloriam
3303 3435 3467 3498 obti-

1967 3535 2265 3607 nendam,
2319 3550 2447 3595 non
2504 3541 2719 3596 tamen
2776 3535 2856 3596 ad
2914 3534 3463 3616 supernaturalem

1967 3632 2417 3696 rectitudinem
2462 3640 2525 3694 et
2562 3632 2851 3713 gloriam,
2885 3651 3093 3714 neque
3130 3633 3208 3694 ad
3248 3652 3467 3714 super-

1967 3732 2321 3796 naturalem
2352 3731 2723 3796 felicitatem
2753 3741 2818 3795 et
2845 3731 3135 3813 gratiam,
3167 3738 3463 3813 respectu

1967 3848 2239 3914 quarum
2288 3837 2385 3892 est
2433 3829 2497 3891 in
2546 3831 2828 3912 potentia
2870 3829 3302 3903 obedientiali,
3336 3847 3463 3892 non

1967 3929 2261 3992 naturali.

2048 4026 2291 4091 Solutio
2328 4026 2520 4090 etiam
2560 4046 2685 4109 qua
2726 4027 2983 4091 solvunt
3022 4028 3462 4090 auctoritatem

1965 4127 2030 4190 B.
2066 4125 2425 4207 Augustini,
2460 4125 2729 4188 dicendo
2759 4125 2927 4207 quod
2959 4125 3101 4188 ideo
3129 4125 3338 4206 majus
3366 4134 3465 4188 est

1888 4228 1936 4290 D
1963 4224 2323 4307 justificare
2353 4224 2625 4305 impium
2657 4242 2850 4305 quam
2886 4243 3099 4286 creare
3134 4224 3369 4288 coelum
3398 4232 3463 4287 et

1967 4332 2225 4396 terram,
2265 4322 2569 4404 quoniam
2612 4340 2753 4384 θεεθ
2800 4321 3017 4402 gratiae
3064 4321 3319 4403 dignius
3367 4330 3464 4385 est

1969 4440 2161 4503 quam
2210 4439 2351 4483 esse
2400 4428 2660 4494 naturae,
2701 4437 2827 4482 non
2876 4420 3129 4482 videtur
3178 4421 3405 4484 idonea
3445 4440 3460 4484 :

1970 4519 2272 4602 quoniam
2319 4521 2540 4582 eadem
2586 4519 2829 4582 ratione
2868 4527 3263 4601 sequeretur,
3296 4520 3465 4602 quod

1969 4617 2181 4682 omnis
2212 4618 2497 4699 operatio
2526 4636 2651 4698 qua
2681 4617 2847 4678 Deus
2889 4617 3153 4698 largitur
3182 4618 3467 4680 cuicum-

1971 4735 2095 4798 que
2146 4734 2285 4778 esse
2335 4714 2839 4797 supernaturale,
2884 4723 3052 4777 esset
3100 4716 3305 4797 majus
3354 4735 3467 4778 seu

1973 4813 2179 4894 major
2220 4811 2491 4876 effectus
2534 4831 2726 4894 quam
2771 4812 3007 4874 creatio
3054 4815 3295 4875 mundi.
3336 4813 3467 4876 Sic-

1973 4930 2098 4993 que
2157 4928 2283 4974 non
2341 4918 2589 4973 tantum
2650 4908 3028 4988 justificatio
3090 4911 3294 4992 impii,
3354 4911 3467 4973 sed

1973 5010 2167 5073 etiam
2227 5008 2477 5090 parvuli
2528 5007 2591 5069 in
2641 5007 2987 5089 Baptismo,
3038 5016 3205 5070 esset
3263 5008 3469 5089 majus

364 5111 644 5186 infinita,
677 5109 867 5189 eujus
906 5116 1004 5172 est
1032 5126 1218 5188 agere
1259 5107 1322 5169 in
1365 5107 1647 5181 instanti,
1681 5115 1744 5170 et
1772 5116 1869 5170 est
1976 5126 2169 5191 quam
2200 5105 2437 5168 creatio
2477 5104 2779 5168 universi.
2813 5104 2991 5178 Quod
3030 5106 3322 5188 quamvis
3360 5107 3471 5169 ali-

365 5210 434 5272 in
464 5209 760 5290 subjecto
789 5205 1094 5288 simplici,
1115 5213 1268 5287 puta
1297 5206 1361 5267 in
1396 5212 1628 5278 mente,
1646 5212 1710 5267 et
1738 5213 1867 5268 tam

369 5306 576 5370 forma
622 5324 768 5388 quae
815 5303 1180 5386 expellitur,
1227 5311 1296 5364 ut
1345 5303 1594 5366 macula
1641 5303 1866 5386 culpae,

1977 5223 2103 5288 quo
2152 5203 2341 5267 modo
2388 5204 2586 5284 possit
2622 5203 2908 5276 concedi,
2949 5221 3077 5266 non
3126 5211 3337 5266 tamen
3380 5205 3475 5266 vi-

1979 5304 2163 5366 detur
2212 5301 2591 5384 simpliciter
2634 5302 3132 5365 concedendum.
3179 5301 3305 5364 Nec
3353 5302 3473 5365 Au-
