4267 6250
749 512 838 561 An
876 512 1228 563 mmo
1269 514 1364 561 Sl'l'
1403 513 1559 561 PARS
1601 510 2112 571 sansrAfflomS,
2152 512 2227 561 n·
2264 513 2645 564 massana
2683 514 2771 563 An
2807 514 3084 564 suum

3342 497 3465 563 405

439 685 556 761 Qui
589 685 856 771 insuper
883 686 1267 763 sciscitatur,
1299 692 1516 749 utrum
1546 684 1740 749 homo
1767 689 1858 747 te-
1887 683 1940 748 A
1969 685 2373 768 consumptio
2422 705 2631 769 neque
2688 686 3056 766 distractio;
3106 693 3171 749 et
3214 685 3270 749 si
3318 686 3463 770 quis

351 793 584 849 neatur
620 786 958 849 restituere
995 806 1072 850 ea
1104 805 1248 869 quae
1289 785 1572 867 legitima
1619 802 1856 847 merca-

352 882 530 946 tione
575 883 858 947 lucratus
903 891 1000 946 est
1041 883 1122 946 de
1161 882 1350 945 bonis
1389 900 1534 964 quae
1571 882 1710 964 ipse
1751 880 1856 943 vel

351 988 534 1063 pater
561 980 708 1062 ejus
735 981 1176 1064 acquisierunt
1211 999 1327 1063 per
1357 998 1637 1042 usuram.
1671 978 1854 1041 Vide·

351 1087 461 1142 tur
500 1080 674 1162 quod
719 1079 837 1154 sic,
868 1079 1172 1162 quoniam
1216 1086 1444 1141 tenens
1487 1096 1624 1139 rem
1667 1076 1854 1159 impi-

347 1185 706 1259 gnoratam,
728 1185 984 1241 tenetur
1011 1196 1152 1241 eam
1183 1176 1522 1239 restituere
1549 1195 1696 1239 cum
1727 1176 1856 1238 fru-

349 1274 562 1339 ctibus
601 1276 948 1358 perceptiS,
987 1276 1046 1337 si
1091 1274 1216 1337 sibi
1266 1274 1538 1337 solvitur
1583 1273 1854 1355 capitale

349 1392 468 1457 pro
494 1392 626 1457 quo
655 1392 760 1437 res
789 1374 916 1437 fuit
942 1374 1386 1456 impignorata.
1423 1372 1486 1435 Si
1527 1379 1740 1435 autem
1773 1372 1852 1434 de

351 1472 676 1535 fructibus
717 1480 956 1536 sortem
999 1471 1334 1554 receperit,
1377 1478 1632 1535 tenetur
1673 1469 1852 1532 resti-

350 1578 530 1633 tuere
581 1571 818 1653 pignus
863 1572 1004 1633 sine
1046 1570 1362 1635 solutione
1400 1569 1546 1643 alia,
1588 1570 1708 1631 hoc
1749 1586 1854 1630 ex·

353 1676 540 1751 cepto
583 1670 756 1752 quod
801 1668 926 1731 sibi
968 1669 1238 1732 debetur
1275 1686 1392 1752 pro
1431 1666 1752 1731 laboribus
1789 1674 1854 1729 et

351 1768 654 1851 expensis
687 1784 702 1830 ε
735 1777 930 1829 eoetra
959 1767 1038 1831 de
1067 1768 1308 1841 Usuris,
1331 1765 1614 1849 capitulo
1643 1765 1852 1848 primo

1967 783 2155 845 talem
2190 802 2325 847 rem
2360 786 2697 849 extorserit
2734 804 2849 867 per
2882 804 3165 860 usuram,
3198 803 3327 849 non
3364 805 3461 849 so-

1965 880 2098 943 lum
2129 880 2447 963 obligatur
2471 883 2549 945 ad
2582 883 3037 947 restituendum
3065 902 3199 947 rem
3230 884 3459 966 ipsam,

1965 979 2073 1041 sed
2123 988 2190 1042 et
2234 980 2481 1043 fructus
2536 990 2891 1064 perceptoS,
2942 983 3232 1046 deductis
3281 983 3461 1066 prius

1967 1076 2293 1140 laboribus
2322 1086 2386 1141 et
2415 1079 2713 1162 expensis
2746 1097 2761 1141 τ
2795 1081 3099 1163 quoniam
3131 1081 3289 1145 tales
3328 1080 3460 1143 fru-

1965 1182 2105 1237 ctus
2135 1184 2287 1238 sunt
2316 1176 2563 1240 fructus
2590 1196 2805 1241 rerum
2842 1198 3117 1261 quarum
3152 1179 3317 1242 alius
3355 1180 3463 1243 do-

1965 1273 2183 1335 minus
2211 1282 2326 1336 est.
2361 1276 2657 1349 Quaedam
2698 1295 2953 1359 quoque
2992 1283 3143 1339 sunt
3178 1296 3279 1340 res
3316 1297 3461 1360 quae

1965 1389 2094 1434 non
2124 1371 2364 1435 habent
2392 1374 2827 1456 principaliter
2854 1374 3341 1449 usumfructum,
3355 1394 3463 1438 cu-

1959 1470 2243 1551 jusmodi
2274 1478 2373 1533 est
2400 1473 2689 1553 pecunia.
2726 1472 3003 1535 Lucrum
3042 1473 3219 1537 enim
3248 1474 3327 1537 de
3356 1493 3461 1557 pe-

1963 1568 2155 1631 cunia
2184 1571 2725 1651 provenien8,non
2755 1579 2853 1634 est
2880 1571 3129 1635 fructus
3158 1574 3458 1654 pecunia),

1963 1667 2075 1730 sed
2112 1668 2409 1731 humanae
2449 1668 2777 1733 industriae
2818 1688 2893 1733 ac
2934 1669 3187 1733 laboris.
3222 1672 3460 1744 Quum·

1964 1784 2090 1847 que
2115 1765 2306 1829 homo
2330 1766 2627 1829 dominus
2651 1768 2735 1829 sit
2762 1786 2893 1831 suae
2918 1768 3245 1832 industriae
3268 1776 3459 1851 atque

351 1874 416 1928 et
455 1866 779 1949 sequenti.
815 1865 980 1947 Ergo
1019 1885 1058 1928 a
1101 1865 1323 1939 simili,
1355 1865 1410 1927 si
1449 1865 1530 1927 de
1567 1881 1642 1927 eo
1683 1863 1850 1946 quod
1888 1863 1937 1926 B
1966 1862 2223 1937 laboris,
2268 1863 2411 1926 ideo
2450 1864 2700 1926 lucrum
2746 1866 2915 1947 quod
2953 1865 3126 1946 justa
3170 1866 3461 1929 mercati·

353 1965 514 2027 mihi
563 1965 900 2027 restituere
941 1962 1244 2037 debuisti,
1291 1963 1572 2025 lucratus
1614 1980 1704 2036 eS,
1747 1962 1853 2024 de-

351 2063 564 2127 ductis
605 2062 906 2145 expensis
947 2062 1100 2137 tuis,
1141 2069 1206 2124 et
1243 2068 1488 2124 retento
1525 2060 1695 2144 quod
1733 2060 1851 2123 tibi

352 2182 468 2247 pro
517 2162 738 2225 labore
781 2160 1072 2235 debetur,
1117 2159 1446 2223 residuum
1494 2160 1656 2222 lucri
1703 2178 1852 2221 cum

355 2262 474 2325 hoc
503 2262 680 2343 quod
710 2267 858 2323 ante
887 2258 1188 2333 debebas,
1221 2258 1554 2321 restituere
1591 2258 1848 2321 teneris,

353 2396 432 2408 —
479 2361 576 2423 Ad
637 2360 826 2422 istam
884 2357 1302 2441 quaestionem
1361 2357 1560 2440 aliqui
1607 2357 1851 2431 dicunt,

355 2460 526 2542 quod
569 2458 716 2521 talis
759 2474 887 2521 non
931 2464 1186 2520 tenetur
1225 2456 1558 2520 restituere
1603 2456 1854 2518 lucrum

357 2558 762 2641 praedictum,
815 2555 1066 2618 lucrum
1115 2562 1328 2617 tamen
1377 2554 1458 2616 de
1505 2573 1574 2617 re
1621 2553 1858 2616 furtiva

357 2656 460 2720 vel
503 2662 687 2738 rapta
729 2654 994 2717 reddere
1036 2652 1356 2734 obligatur
1394 2670 1411 2715 ε
1451 2652 1604 2735 quia
1641 2671 1858 2715 usura-

359 2755 494 2817 rius
541 2763 641 2817 est
695 2752 996 2816 dominus
1049 2750 1142 2815 rei
1193 2770 1388 2834 quam
1435 2750 1716 2813 lucratus
1761 2758 1860 2813 est

361 2872 478 2936 per
505 2870 794 2925 usuram,
825 2850 1072 2925 furator
1107 2856 1322 2912 autem
1363 2864 1488 2911 non
1529 2855 1627 2911 est
1661 2848 1860 2911 domi-

359 2970 480 3013 nns
527 2951 622 3014 rei
681 2949 930 3023 furatae,
979 2966 1098 3010 nec
1155 2955 1370 3029 raptor
1424 2947 1682 3028 rapinae.
1735 2946 1856 3009 Sed

1963 1980 2086 2025 one
2129 1963 2397 2045 adeptus
2448 1970 2545 2026 est
2592 1963 2671 2025 de
2718 1964 2991 2045 pecunia
3038 1984 3153 2047 per
3198 1985 3459 2029 usuram

1963 2068 2229 2135 extorta,
2268 2061 2601 2125 restituere
2644 2080 2771 2125 non
2816 2070 3085 2125 tenetur.
3132 2064 3461 2128 Verumta-

1965 2177 2136 2233 men,
2174 2160 2327 2241 quia
2370 2159 2711 2241 pecuniam
2751 2160 3014 2223 alterius
3050 2170 3279 2243 praeter
3318 2162 3461 2243 ejus

1963 2257 2321 2320 absolutam
2352 2257 2743 2321 voluntatem
2782 2258 3078 2334 detinuit,
3110 2260 3165 2323 si
3206 2260 3317 2325 ille
3354 2261 3461 2323 cui

1965 2356 2257 2419 facienda
2311 2365 2447 2420 erat
2502 2358 2843 2432 restitutio,
2894 2376 2974 2420 ex
3030 2358 3151 2421 hoc
3200 2359 3461 2442 aliquod

1963 2455 2271 2518 damnum
2304 2455 2595 2529 incurrit,
2626 2456 2793 2519 alius
2823 2456 2951 2520 sibi
2978 2464 3233 2520 tenetur
3260 2458 3337 2520 ad
3368 2477 3463 2521 re-

1965 2554 2360 2617 stitutionem
2410 2554 2628 2617 damni
2684 2573 2813 2616 una
2862 2573 3010 2618 cum
3062 2556 3461 2621 restitutione

1965 2671 2194 2715 usurae.

2044 2752 2284 2814 Rursus
2331 2749 2659 2832 quaeritur,
2700 2756 2917 2812 utrum
2970 2750 3163 2814 homo
3210 2758 3465 2814 tenetur

1965 2850 2301 2912 restituere
2343 2866 2419 2910 ea
2462 2866 2605 2929 quae
2642 2847 2882 2929 reperit
2922 2848 3197 2911 fortuna.
3238 2848 3463 2913 Dicen-

1967 2947 2144 3021 dum,
2177 2946 2348 3028 quod
2390 2964 2607 3008 rerum
2653 2945 2943 3028 quaedam
2988 2954 3139 3009 sunt
3179 2964 3464 3011 commu·
3498 3026 3503 3029 Ι

359 3057 600 3126 contra,
661 3047 1058 3132 quicumque
1113 3045 1388 3127 alicujus
1446 3044 1536 3107 rei
1596 3053 1695 3108 est
1748 3046 1854 3107 do-
1888 3046 1932 3111 C
1966 3064 2080 3108 nes
2111 3045 2399 3107 omnium
2428 3044 2573 3127 jure
2602 3045 2896 3120 naturali,
2916 3053 2985 3107 ut
3014 3046 3305 3110 volucres
3336 3065 3463 3110 non

359 3151 596 3224 minuS,
632 3148 776 3229 ejus
813 3154 915 3210 est
949 3146 1248 3209 dominus
1287 3145 1504 3227 aliquo
1528 3144 1694 3225 Jure,
1727 3162 1856 3208 non

359 3249 640 3330 injuria3
697 3247 810 3310 sed
867 3244 961 3307 rei
1017 3245 1346 3327 acquisita>
1401 3262 1518 3326 per
1575 3261 1852 3317 usuram,

357 3347 689 3410 usurarius
719 3363 849 3408 non
881 3351 980 3407 est
1005 3343 1305 3406 dominus
1337 3341 1555 3425 aliquo
1579 3341 1744 3422 jure.
1775 3377 1857 3388 —

355 3446 516 3509 Hinc
557 3444 670 3508 alii
715 3442 962 3515 dicunt,
1006 3441 1176 3524 quod
1221 3441 1550 3502 usurarius
1591 3456 1718 3503 non
1765 3458 1860 3503 so-

359 3544 489 3607 lum
521 3549 780 3607 tenetur
807 3540 888 3603 ad
923 3538 1386 3602 restituendum
1429 3556 1711 3611 usuram,
1745 3538 1855 3600 sed

355 3643 548 3707 etiam
587 3640 906 3724 quidquid
954 3639 1234 3701 lucratus
1276 3645 1374 3701 est
1412 3636 1581 3717 justa
1620 3655 1858 3700 merca-

355 3741 526 3805 tione
575 3741 660 3803 de
707 3757 778 3801 re
826 3755 942 3820 per
989 3753 1247 3798 usuram
1296 3734 1628 3817 acquisita,
1675 3735 1854 3817 prius

353 3849 560 3903 tamen
592 3836 890 3901 deductis
919 3833 1245 3897 laboribus
1279 3841 1344 3896 et
1370 3833 1710 3914 expensis3
1751 3833 1856 3895 fur

353 3947 566 4002 autem
611 3954 728 3999 seu
773 3939 990 4015 raptor
1030 3932 1110 3995 de
1149 3931 1328 3994 lucro
1359 3930 1532 4011 justa
1563 3931 1854 3993 mercati-

351 4055 472 4101 one
499 4033 820 4117 acquisito
847 4049 974 4093 non
1004 4028 1196 4092 debet
1226 4029 1374 4091 inde
1401 4029 1712 4092 deducere
1735 4046 1855 4091 nec

355 4137 604 4200 labores
644 4149 856 4213 neque
894 4146 1206 4211 expensas
1239 4145 1255 4188 ε
1287 4127 1590 4209 quoniam
1633 4126 1854 4190 mitius

1966 3144 2330 3207 domesticae
2372 3151 2437 3206 et
2475 3144 2683 3226 pisces
2723 3146 2953 3224 maris3
2983 3145 3273 3227 quaedam
3314 3165 3467 3210 vero

1963 3250 2116 3304 sunt
2152 3241 2609 3316 universitatiS,
2642 3241 2810 3304 sicut
2845 3243 3015 3325 quod
3054 3250 3152 3305 est
3180 3262 3465 3306 commu-

1963 3341 2203 3415 nitatis,
2252 3347 2325 3402 ut
2366 3340 2633 3414 theatra,
2682 3339 2883 3402 stadia
2930 3359 3005 3403 ac
3058 3341 3461 3424 consimilia3

1964 3439 2252 3521 quaedam
2294 3446 2509 3502 autem
2547 3445 2699 3501 sunt
2736 3439 2995 3520 proprie
3038 3440 3457 3521 singulorum.

1965 3535 2028 3598 Si
2059 3535 2207 3617 quis
2244 3551 2394 3616 ergo
2432 3534 2717 3596 inveniat
2750 3534 2966 3617 aliqua
3002 3537 3081 3598 de
3112 3536 3322 3618 primo
3356 3555 3463 3618 ge·

1963 3652 2118 3696 nere
2174 3633 2426 3708 horum,
2486 3632 2821 3696 restituere
2879 3651 3005 3697 non
3063 3642 3333 3698 tenetur.
3396 3635 3461 3699 Si

1963 3739 2179 3794 autem
2220 3731 2534 3793 invenerit
2572 3729 2788 3812 aliqua
2826 3732 2906 3795 de
2950 3733 3231 3796 secundo
3273 3753 3463 3816 gene-

1965 3849 2055 3903 re,
2107 3829 2441 3891 restituere
2493 3830 2935 3892 communitati
2984 3839 3273 3912 tenetur3
3323 3851 3459 3895 rem

1962 3935 2179 3991 autem
2208 3927 2547 4008 singularis
2578 3945 2887 4010 personae,
2910 3929 3216 4010 singulari
3247 3949 3461 4012 perso—
3533 3963 3539 3968 ·

1964 4046 2080 4091 nae.
2115 4027 2193 4089 Et
2220 4026 2573 4089 secundum
2604 4027 2769 4090 hanc
2802 4027 3278 4091 distinctionem
3310 4048 3459 4092 con·

1963 4127 2305 4189 cordantur
2343 4131 2407 4187 et
2450 4125 2786 4188 solvuntur
2822 4126 3089 4189 diversae
3126 4128 3461 4192 auctorita-

351 4234 670 4318 agendum
702 4237 802 4294 est
829 4247 976 4291 cum
1017 4225 1310 4290 usurario
1347 4244 1538 4307 quam
1577 4243 1726 4288 cum
1769 4225 1853 4288 la·
1883 4227 1932 4289 D
1963 4232 2059 4287 tes
2116 4241 2258 4305 quae
2314 4223 2741 4286 diversimode
2800 4224 2972 4306 loqui
3018 4224 3338 4289 videntur.
3392 4227 3457 4290 Si

353 4343 536 4398 trone
579 4339 692 4395 aut
733 4329 898 4391 l'ure.
941 4326 1064 4390 Sed
1103 4332 1324 4388 contra
1359 4324 1480 4386 hoc
1525 4331 1642 4398 est,
1682 4325 1851 4406 quod

355 4451 471 4517 pro
502 4450 571 4494 re
601 4425 806 4493 sterili
835 4442 1025 4488 nemo
1053 4422 1245 4486 debet
1272 4421 1524 4504 exigere
1553 4422 1848 4485 fructum.

354 4530 632 4596 Pecunia
675 4543 832 4591 vero
881 4525 963 4587 de
1009 4541 1080 4585 se
1128 4540 1230 4584 res
1271 4520 1506 4584 sterilis
1542 4528 1659 4596 est,
1701 4521 1854 4604 quia

359 4648 474 4713 per
511 4647 582 4690 se
621 4623 874 4688 nullum
916 4625 1126 4702 potest
1153 4635 1376 4700 parere
1405 4617 1707 4691 fructum,
1740 4619 1850 4681 sed

354 4729 564 4791 solum
591 4741 708 4806 per
729 4720 1014 4784 laborem
1037 4715 1659 4796 sollicitudinemque
1683 4722 1855 4777 uten-

351 4827 456 4888 tis.
477 4825 642 4904 Ergo
673 4820 924 4882 lucrum
955 4816 1035 4878 de
1065 4813 1340 4898 pecunia
1364 4821 1474 4875 tua
1501 4829 1626 4875 non
1657 4811 1852 4876 debes

354 4923 634 5003 exigere,
673 4918 728 4981 si
767 4917 834 4979 in
873 4916 1052 4977 lucro
1090 4913 1204 4976 illo
1239 4930 1368 4975 non
1407 4909 1703 4973 laborasti
1743 4930 1853 4973 ne·

357 5040 484 5105 que
525 5015 841 5082 sollicitus
882 5011 1206 5076 exstitisti.

437 5119 600 5182 Hinc
646 5113 806 5178 mihi
845 5110 1100 5174 videtur
1137 5109 1504 5182 dicendum,
1545 5107 1714 5189 quod
1759 5127 1856 5171 re-

359 5237 506 5282 rum
547 5213 835 5299 quaedam
871 5215 1024 5273 sunt
1068 5227 1210 5291 quae
1257 5207 1496 5271 habent
1537 5205 1860 5269 usumfru-

360 5325 558 5391 ctum,
591 5320 664 5377 ut
691 5330 794 5376 res
831 5325 1106 5392 quarum
1143 5325 1298 5370 usus
1335 5323 1461 5369 non
1501 5313 1598 5368 est
1635 5322 1854 5366 earum

1963 4321 2201 4384 etenim
2252 4320 2398 4402 quis
2446 4320 2606 4383 sciat
2657 4320 2845 4402 cujus
2892 4321 2977 4384 sit
3021 4341 3123 4386 res
3176 4324 3455 4400 inventa,

1963 4437 2082 4483 nec
2113 4417 2463 4481 restituerit
2499 4438 2664 4493 eam,
2696 4419 2929 4482 similis
2956 4428 3055 4484 est
3090 4423 3365 4504 raptori3
3396 4433 3461 4487 et

1961 4517 2017 4580 si
2077 4517 2321 4580 nesciat
2376 4516 2563 4598 cujus
2626 4517 2729 4590 sit,
2790 4536 2917 4582 non
2976 4526 3189 4583 tamen
3253 4529 3461 4604 potest

1961 4635 2104 4679 eam
2135 4615 2433 4688 retinere,
2466 4616 2575 4678 sed
2618 4615 2809 4679 debet
2846 4616 3055 4681 facere
3088 4620 3256 4700 quod
3290 4620 3355 4683 in
3390 4639 3459 4683 se

1961 4723 2078 4788 est,
2113 4721 2185 4775 ut
2232 4713 2471 4775 sciatur
2512 4713 2699 4794 cujus
2742 4714 2823 4776 sit
2858 4732 2873 4776 ε
2905 4716 3055 4797 quia
3104 4724 3175 4778 ut
3224 4716 3461 4779 dicitur

1961 4812 2034 4875 ff.
2077 4813 2159 4876 de
2206 4811 2436 4886 FurtiS,
2479 4819 2629 4886 etc.,
2664 4811 2775 4894 qui
2828 4812 3109 4876 alienum
3164 4814 3319 4895 quid
3363 4815 3458 4895 ja·
3498 4843 3749 4900 mmsis.

1961 4930 2112 4974 cens
2144 4911 2209 4973 in
2238 4918 2426 4983 terra,
2460 4928 2649 4972 causa
2678 4909 2839 4972 lucri
2870 4909 3143 4973 faciendi
3174 4912 3455 4989 sustulit,
3481 4906 3640 5023 35⁶2·-
3660 4906 3751 4956 ²2¹·

1962 5011 2132 5073 furto
2161 5007 2595 5089 adstringitur,
2630 5008 2765 5070 sive
2792 5008 2951 5070 sciat
2978 5009 3163 5090 cujus
3192 5010 3296 5082 sit,
3320 5011 3456 5075 sive

1963 5126 2111 5170 non.
2166 5106 2244 5168 Et
2288 5107 2409 5168 hoc
2459 5104 2834 5170 rationabile
2880 5113 2997 5179 est,
3048 5107 3200 5188 quia
3255 5127 3457 5189 quum

1963 5206 2123 5268 sciat
2172 5222 2307 5266 rem
2352 5223 2533 5266 suam
2577 5220 2703 5266 non
2748 5221 2909 5276 esse,
2950 5221 3313 5286 supponere
3359 5206 3464 5268 de-

1965 5303 2075 5366 bet
2111 5321 2250 5366 eam
2292 5301 2371 5364 de
2398 5301 2543 5382 jure
2571 5301 2649 5364 ad
2678 5301 2875 5363 alium
2916 5301 3253 5382 pertinere.
3287 5303 3465 5376 Quod
