4267 6250
1206 492 1433 549 QUAEST.
1473 492 1537 538 vl
1577 490 1593 536 ἶ
1633 490 1714 539 DE
1755 488 2114 538 nmmos
2156 490 2567 538 Poeurmwm

3316 470 3433 535 371

36 686 38 717 ;
97 680 321 727 σει-ιω.
347 666 572 741 quente
619 678 768 723 cum
819 658 1224 742 responsorio
1268 659 1392 722 isto
1433 676 1450 719 ε
1490 658 1562 721 111
1603 659 1834 721 sudore
1859 656 1913 721 A
2019 658 2287 722 Videtur
2311 659 2481 742 quod
2512 678 2663 733 non,
2686 660 2988 742 quoniam
3018 659 3097 721 de
3124 658 3438 721 Antiocho
3504 676 3539 719 11
3568 675 3729 721 Μαι..

343 756 549 819 vultus
596 757 712 820 tui.
764 758 958 820 Porro
1003 755 1068 818 in
1118 754 1312 819 Coena
1355 756 1608 819 Domini
1655 756 1836 818 omni

342 871 500 917 anno
544 873 581 916 a
623 854 760 918 suis
807 853 1198 937 presbyteris
1241 854 1308 915 in
1349 854 1686 915 ecclesiam
1735 872 1832 915 re-

339 951 674 1027 ducuntur,
719 961 787 1015 et
825 960 1016 1015 erunt
1061 951 1155 1014 ibi
1203 969 1408 1032 usque
1453 952 1532 1013 ad
1577 959 1830 1014 octavas

336 1050 614 1129 Paschae;
646 1050 736 1113 ita
777 1057 995 1113 tamen
1031 1049 1202 1131 quod
1241 1066 1360 1110 nec
1405 1049 1832 1111 communica-

335 1145 488 1208 bunt
517 1165 638 1209 nec
666 1165 892 1229 pacem
921 1146 1257 1228 accipient.
1293 1144 1525 1227 Sicque
1554 1143 1670 1206 fiet
1697 1162 1831 1207 om-

335 1245 396 1307 ni
427 1263 618 1318 ann0,
659 1246 968 1327 quamdiu
1007 1245 1218 1307 aditus
1261 1243 1549 1305 ecclesiae
1589 1244 1685 1305 eis
1732 1251 1829 1305 est

333 1344 724 1406 interdictus.
759 1345 996 1408 Ultima
1021 1361 1175 1406 vero
1203 1360 1428 1405 eorum
1459 1343 1826 1405 reconcilia-

329 1441 416 1503 tio
461 1449 824 1504 reservatur
869 1442 1194 1525 episcopo,
1230 1441 1309 1505 ad
1366 1459 1559 1522 quem
1615 1439 1824 1503 solum

331 1547 570 1620 spectat
597 1540 882 1603 solennis
910 1538 1302 1624 poenit'entiae
1343 1538 1685 1620 impositio.
1719 1539 1829 1602 Po-

331 1645 448 1699 test
473 1646 690 1700 autem
723 1638 969 1722 imponi
998 1638 1154 1700 viris
1183 1656 1258 1700 ac
1289 1636 1692 1712 mulieribuS‚
1715 1638 1826 1699 sed

331 1753 454 1798 non
484 1737 760 1811 clericiS,
778 1744 1040 1819 propter
1065 1736 1456 1798 scandalum.
1475 1734 1642 1798 Talis
1671 1751 1824 1817 quo·

331 1852 451 1915 que
483 1836 860 1917 poenitentia
887 1852 1018 1898 non
1046 1834 1238 1897 debet
1266 1834 1512 1916 imponi
1551 1834 1676 1895 nisi
1711 1851 1828 1916 pro
1861 1838 1908 1901 B

331 1940 588 2013 peceato
639 1934 807 2015 quod
855 1940 1054 1996 totam
1110 1932 1528 1996 commoverit
1575 1931 1822 1993 urbem.

330 2065 406 2076 —
432 2031 812 2094 Poenitentia
851 2032 1113 2094 demum
1160 2031 1420 2113 publica
1455 2038 1520 2092 et
1559 2048 1688 2093 non
1731 2048 1828 2093 so—

332 2129 556 2204 lenniS,
589 2138 688 2193 est
726 2149 869 2212 quae
913 2131 978 2192 in
1015 2130 1180 2192 facie
1223 2128 1522 2193 Ecclesia}
1559 2129 1658 2203 fit,
1701 2146 1829 2191 non

328 2246 470 2291 cum
511 2228 895 2292 solennitate
935 2228 1256 2310 praedicta,
1289 2235 1362 2289 ut
1404 2228 1831 2310 peregrinatio

329 2344 438 2408 per
477 2327 794 2389 mundum
837 2346 986 2389 cum
1033 2326 1266 2389 baculo
1306 2326 1588 2389 cubitali.
1622 2327 1834 2389 Potest

328 2442 580 2507 quoque
627 2425 846 2488 iterari
883 2432 1076 2507 atque
1110 2444 1149 2487 a
1185 2424 1466 2507 simplici
1507 2425 1830 2487 sacerdote

329 2523 598 2604 injungi,
632 2523 767 2585 imo
806 2530 871 2586 et
909 2523 1143 2586 clerico
1187 2530 1394 2605 potest
1435 2522 1699 2605 imponi.
1734 2521 1832 2583 ln-

327 2622 576 2683 terdum
605 2630 824 2684 tamen
862 2640 1067 2684 unum
1108 2621 1376 2684 istorum
1417 2639 1534 2703 pro
1569 2621 1696 2683 alio
1725 2638 1833 2703 po-

331 2720 522 2794 nitur,
553 2727 629 2782 ut
657 2719 944 2782 solennis
984 2736 1099 2802 pro
1137 2719 1418 2801 publica,
1451 2726 1516 2781 et
1550 2725 1826 2782 econtra.

329 2818 576 2880 Mulieri
609 2835 764 2881 vero
793 2835 924 2880 non
951 2818 1293 2900 deponitur
1321 2834 1504 2880 coma
1532 2818 1598 2880 in
1626 2819 1832 2881 solen-

331 2916 392 2977 ni
436 2916 822 2999 poenitentia
857 2915 1026 2977 sicut
1060 2916 1222 2989 viro,
1252 2916 1555 2997 quoniam
1601 2914 1836 2977 mulier

330 3014 491 3095 gerit
533 3031 788 3077 comam
833 3014 902 3076 in
943 3014 1198 3094 signum
1242 3012 1680 3094 subjectionis

395 3113 686 3195 Denique
716 3111 1000 3176 solennis
1028 3112 1405 3196 poenitentia
1442 3131 1568 3176 non
1597 3119 1694 3175 est
1723 3112 1834 3174 ite·

329 3214 542 3274 randa.
577 3212 813 3285 Primo,
845 3229 926 3274 ne
957 3229 1034 3274 ex
1065 3211 1396 3274 iteratione
1428 3212 1708 3274 vilescat.
1731 3211 1834 3273 Se-

329 3311 560 3384 cundo,
609 3317 872 3392 propter
919 3307 1481 3392 significationem,
1526 3309 1678 3391 quia
1726 3309 1834 3371 de·

329 3410 536 3489 signat
585 3408 970 3488 ejectionem
1016 3407 1166 3470 Adae
1209 3407 1288 3469 de
1335 3406 1648 3489 paradis0,
1690 3426 1833 3489 quae

329 3507 527 3568 semel
577 3513 826 3568 tantum
875 3513 974 3568 est
1020 3505 1204 3568 facta.
1252 3506 1484 3580 Tertio,
1530 3505 1832 3586 quoniam

329 3605 747 3668 solennizatio
775 3605 896 3666 ista
924 3611 1020 3666 est
1049 3604 1233 3686 quasi
1263 3604 1556 3686 quaedam
1591 3602 1832 3685 profes-

328 3704 426 3766 sio
455 3703 902 3786 poenitentiam
933 3709 1242 3784 perpetuo
1273 3701 1706 3764 conservandi.
1721 3700 1836 3762 Ve-

329 3809 693 3864 rumtamen
735 3800 788 3863 si
826 3801 1186 3884 peccaverit
1223 3799 1456 3873 denuo,
1487 3817 1616 3862 non
1651 3817 1836 3880 nega-

326 3908 428 3961 tur
454 3898 516 3960 ei
547 3897 938 3981 poenitentiae
969 3896 1156 3970 locu3‚
1171 3896 1282 3958 sed
1310 3895 1434 3959 alia
1462 3895 1835 3978 poenitentia

328 3998 392 4060 ei
422 4004 522 4058 est
551 3995 960 4077 imponenda.
994 4029 1076 4040 -
1103 3993 1246 4057 Haec
1277 3994 1548 4057 Thomas
1579 3993 1644 4055 in
1674 3993 1836 4056 Scri-

330 4103 461 4179 pto.
499 4094 901 4160 concordant
935 4094 1176 4168 PetruS,
1208 4092 1558 4156 Richardus
1595 4091 1834 4174 aliique

1941 774 2088 836 rege
2128 756 2360 838 legitur
2390 759 2672 821 secundo
2708 757 3233 832 Machabaeorum,
3264 756 3437 838 quod
3460 743 3729 795 “¹¹¹⁸‘⁸“¹·

1939 856 2221 919 sentiens
2250 875 2317 918 se
2346 855 2521 936 justo
2543 856 2655 919 Dei
2680 856 2927 938 judicio
2956 856 3439 939 plagatum,poe-

1939 953 2154 1027 nituit,
2188 952 2441 1016 veniam
2482 954 2686 1035 petiit,
2720 961 2785 1015 et
2811 953 3014 1016 multa
3048 970 3244 1035 opera
3272 951 3440 1014 bona

1937 1068 2008 1110 se
2036 1050 2333 1131 promisit
2360 1050 2835 1125 facturum,nec
2866 1051 3100 1113 meruit
3128 1050 3433 1113 exaudiri.

1937 1146 2026 1208 De
2066 1148 2227 1210 Esau
2273 1166 2527 1230 quoque
2566 1148 2655 1210 ait
2693 1147 3035 1230 Apostolus
3068 1148 3149 1210 ad
3186 1146 3436 1210 Hebrae-

1937 1263 2030 1318 OS,
2073 1247 2245 1327 quod
2294 1263 2421 1309 non
2472 1247 2717 1309 invenit
2759 1246 3149 1328 poenitentiae
3197 1246 3433 1321 locum,
3488 1263 3622 1310 Beer.
3648 1277 3721 1317 ιιι,

1938 1361 2305 1425 quanquam
2351 1362 2499 1406 cum
2538 1343 2821 1406 lacrimis
2860 1343 3232 1426 inquisisset
3271 1363 3432 1408 eam.
3466 1329 3532 1369 ¹⁷·

2017 1442 2333 1516 Quaeritur
2379 1460 2655 1526 quoque,
2702 1462 2783 1505 an
2832 1462 2947 1527 per
2993 1444 3438 1525 poenitentiam

1937 1541 2293 1603 dimittatur
2328 1549 2562 1615 reatus,
2604 1542 2667 1603 id
2708 1550 2806 1604 est
2850 1542 3156 1624 obligatio
3188 1542 3268 1604 ad
3308 1560 3442 1624 poe-

1938 1658 2084 1701 nam
2134 1656 2252 1720 pro
2294 1639 2483 1721 culpa
2524 1639 2809 1715 dimissa,
2842 1648 2906 1702 et
2948 1640 3099 1703 item
3152 1640 3439 1722 reliquiae

1937 1738 2260 1801 vitiorum.

2036 1933 2217 1998 Circa
2281 1935 2417 1999 haec
2480 1934 2704 1999 scribit
2766 1935 3303 1999 Antisiodorensis
3369 1936 3437 1999 in

1940 2032 2224 2107 Summa,
2258 2032 2424 2096 libro
2464 2042 2691 2115 quarto
2724 2035 2927 2096 :Dum
2972 2042 3266 2117 peccator
3314 2034 3441 2117 pri·

1942 2148 2048 2193 mo
2095 2131 2174 2192 ad
2222 2130 2421 2193 Deum
2472 2133 2884 2207 convertitur,
2936 2132 3201 2195 dimittit
3247 2150 3438 2194 suum

1942 2236 2299 2309 peccatum,
2332 2247 2695 2312 proponens
2738 2231 2817 2292 de
2861 2240 3073 2294 cetero
3118 2247 3247 2293 non
3296 2248 3443 2312 pec-

1941 2345 2107 2401 care,
2141 2334 2205 2389 et
2248 2328 2327 2389 de
2372 2329 2505 2391 suis
2552 2329 2725 2391 dolet
2770 2330 3049 2411 peccatis
3083 2348 3098 2391 :
3130 2330 3301 2412 quod
3350 2338 3440 2393 to-

1940 2433 2078 2487 tum
2117 2426 2335 2507 aliquo
2374 2427 2563 2489 modo
2602 2426 2811 2489 facere
2850 2434 3057 2509 potest
3092 2447 3209 2510 per
3238 2428 3440 2490 fidem

1943 2522 2307 2600 informem,
2340 2531 2405 2585 et
2442 2542 2559 2606 per
2598 2525 2896 2587 timorem
2938 2525 3237 2588 servilem
3284 2524 3439 2587 libe-

1940 2640 2213 2704 rumque
2261 2621 2619 2684 arbitrium.
2654 2622 2860 2696 Quum
2906 2640 3057 2685 vero
3106 2623 3261 2686 facit
3306 2641 3440 2687 om-

1941 2721 2094 2783 nino
2143 2722 2313 2802 quod
2362 2720 2428 2782 in
2476 2739 2544 2784 se
2588 2728 2705 2795 est,
2736 2727 2891 2783 tunc
2939 2722 3229 2803 protinus
3274 2722 3442 2784 Deus

1940 2837 2197 2901 quoque
2226 2818 2381 2881 facit
2407 2819 2575 2902 quod
2610 2820 2676 2882 in
2708 2819 2847 2901 ipso
2876 2826 2994 2894 est,
3014 2819 3181 2881 sicut
3209 2820 3299 2881 ait
3328 2837 3445 2903 per

1943 2918 2308 2979 Zachariam
2355 2917 2733 3000 prophetam
2788 2934 2802 2979 ε
2855 2918 3315 2981 convertimini
3362 2917 3441 2980 ad
3494 2937 3734 2989 luemus.

1869 3020 1914 3083 C
1945 3034 2068 3089 me,
2100 3023 2166 3078 et
2193 3023 2526 3078 convertar
2554 3017 2633 3078 ad
2664 3033 2795 3078 vos,
2822 3015 2899 3077 Et
2926 3035 3126 3098 quum
3157 3015 3326 3078 Deus
3356 3014 3445 3077 ita

1943 3131 2012 3176 se
2042 3114 2357 3177 convertit
2395 3114 2471 3176 ad
2514 3113 2863 3187 hominem,
2898 3112 3181 3176 infundit
3218 3112 3277 3176 ei
3310 3131 3447 3195 gra·

1943 3213 2098 3273 tiam
2135 3221 2387 3292 gratum
2430 3211 2792 3287 facientem,
2827 3231 2969 3294 quae
3007 3212 3271 3294 expellit
3303 3229 3447 3294 pec·

1944 3318 2181 3383 catum,
2213 3317 2277 3371 et
2314 3327 2569 3392 poenam
2608 3319 2909 3373 aeternam
2944 3317 3146 3372 mutat
3184 3310 3251 3372 in
3289 3317 3447 3372 tem-

1944 3408 2477 3490 poralem.Adhuc
2507 3415 2721 3470 tamen
2753 3416 2967 3470 manet
2998 3409 3062 3470 in
3096 3407 3458 3490 poenitente.

1943 3507 2247 3569 vitiorum
2299 3505 2577 3588 sequela,
2612 3525 2754 3587 quae
2800 3506 3035 3589 triplex
3084 3513 3199 3567 est.
3234 3506 3443 3568 Prima

1943 3613 2061 3680 est,
2113 3603 2467 3666 difficultas
2522 3603 2781 3666 videndi
2842 3603 3280 3686 spiritualiter,
3329 3623 3443 3666 seu

1943 3701 2294 3785 spiritualis
2341 3701 2713 3764 obscuritas
2766 3701 3059 3764 Nondum
3110 3703 3283 3764 enim
3333 3719 3443 3785 po-

1943 3809 2068 3864 test
2115 3809 2245 3862 tam
2300 3799 2468 3862 clare
2517 3800 2733 3862 videre
2781 3799 2936 3881 quid
2986 3799 3068 3861 sit
3124 3800 3441 3880 agendum

1943 3907 2008 3961 et
2056 3899 2208 3981 quid
2260 3916 2407 3972 non,
2459 3897 2625 3960 sicut
2670 3905 2816 3960 ante
2864 3904 3216 3978 peccatum.
3264 3897 3439 3970 Quod

1943 3998 2291 4079 figuratum
2330 4003 2426 4058 est
2466 3995 2531 4057 in
2572 4013 2739 4059 caeco
2777 4014 2815 4056 a
2846 3995 3093 4058 Christo
3123 3995 3441 4074 illumina-

1942 4103 2029 4170 to,
2062 4095 2173 4178 qui
2205 4094 2366 4158 dixit
2389 4113 2403 4157 ε
2426 4093 2624 4156 Video
2663 4093 2955 4156 homines
2987 4092 3154 4156 sicut
3180 4091 3437 4156 arbores
3478 4120 3735 4176 nummu,

329 4194 783 4268 communiter,
813 4191 926 4275 qui
964 4191 1292 4255 affirmant
1328 4190 1650 4273 triplicem
1695 4209 1833 4255 esse
1865 4203 1914 4265 D
1943 4194 2361 4258 ambulantes.
2397 4193 2686 4257 Secunda
2732 4201 2847 4267 est,
2880 4191 3231 4256 difficultas
3274 4192 3439 4257 bene
3466 4184 3534 4228 ²⁴·

327 4294 802 4377 poenitentiam‚
846 4299 1001 4375 puta
1046 4308 1060 4354 :
1108 4291 1418 4375 privatam
1467 4309 1577 4354 seu
1629 4309 1832 4354 secre-

327 4402 485 4468 tam,
505 4411 648 4475 quae
677 4392 1107 4455 communiter
1135 4389 1214 4454 fit
1241 4393 1512 4467 occulte,
1532 4393 1682 4456 item
1718 4410 1833 4474 pu-

328 4497 590 4570 blicam,
636 4502 702 4557 et
743 4494 1091 4557 solennem.

760 4768 1236 4843 QUAESTIO
1301 4767 1410 4832 VI

498 4989 632 5054 odo
674 4988 1092 5071 quaerendum
1137 4995 1234 5051 est
1273 4988 1388 5054 De
1430 4986 1842 5054 effectibus

1943 4292 2171 4375 agendi
2203 4292 2383 4373 juxta
2421 4292 2663 4356 bonum
2704 4290 3032 4354 affectum.
3068 4291 3275 4355 Tertia
3318 4300 3437 4366 est,

1946 4409 2134 4475 poena
2163 4391 2550 4472 temporalis,
2585 4390 2721 4453 Duo
2760 4389 2968 4471 prima
3007 4390 3171 4453 tollit
3203 4409 3277 4453 ac
3306 4392 3438 4473 pel-

1945 4490 2019 4552 lit
2062 4489 2381 4564 contritio,
2412 4489 2679 4569 gratiam
2727 4495 2792 4551 et
2837 4488 2979 4569 ejus
3028 4489 3439 4554 illuminatio-

1945 4607 2092 4652 nem
2131 4607 2203 4650 ac
2242 4586 2767 4650 confortationem
2810 4587 3242 4670 adipiscendO,
3275 4589 3443 4650 sicut

1943 4687 2032 4750 ait
2057 4686 2397 4769 Apostolus
2432 4703 2446 4748 :
2480 4685 2805 4769 Optimum
2844 4693 2941 4748 est
2974 4688 3174 4767 gratia
3203 4687 3442 4750 stabili·
3468 4705 3735 4760 [lebamus.

1945 4787 1999 4849 ri
2039 4805 2167 4850 cor.
2202 4786 2484 4848 Tertium
2518 4783 2726 4847 aufert
2754 4803 2871 4869 per
2900 4787 3162 4850 modum
3203 4787 3435 4864 meriti,

1946 4885 2293 4950 dummodo
2335 4884 2631 4948 contritio
2672 4885 2739 4947 in
2786 4892 3033 4948 tantum
3081 4895 3321 4950 crescat
3367 4907 3442 4952 ac

1944 4987 2173 5069 vigeat.
2208 4985 2530 5067 Praecipua
2575 5002 2725 5048 vero
2773 4984 3125 5048 difficultas
3173 4994 3289 5063 est,
3332 5007 3440 5050 au-

527 5089 1046 5172 poenitentiae‚
1103 5087 1214 5170 qui
1283 5093 1433 5150 sunt
1498 5087 1702 5149 multi.
1765 5087 1845 5148 Et
1949 5086 2116 5149 ferre
2145 5085 2257 5147 has
2288 5084 2589 5148 vitiorum
2620 5083 2921 5165 reliquias
2951 5103 3025 5147 ac
3053 5087 3341 5169 sequelas
3373 5088 3439 5149 in

345 5189 656 5271 quaeritur
697 5185 928 5269 primo,
969 5203 1050 5246 an
1097 5204 1214 5268 per
1251 5184 1692 5268 poenitentiam
1737 5204 1843 5247 au-

347 5287 636 5351 ferantur
674 5303 750 5348 ac
793 5284 1197 5347 dimittantur
1237 5291 1516 5366 peccata.

1949 5185 2049 5248 his
2096 5183 2208 5267 qui
2255 5201 2451 5265 prava
2497 5183 2955 5247 consuetudine
3002 5193 3150 5247 sunt
3195 5184 3438 5261 infecti,
3506 5243 3645 5290 3,oeoe
3689 5256 3716 5286 ι

1949 5302 2153 5366 quum
2195 5282 2262 5344 in
2302 5280 2679 5344 Ecclesiaste
2715 5282 2965 5345 dicatur
2998 5300 3012 5346 ε
3046 5283 3111 5347 Si
3152 5291 3439 5348 retusum
3469 5311 3537 5352 ιο.
3651 5276 3661 5288 ’
3719 5273 3733 5296 '
