4267 6250
549 3437 714 3482 Joann.
727 3452 780 3481 xx

547 3508 614 3549 25.

547 4035 664 4080 loia.
679 4039 814 4088 ann.

545 4226 789 4275 Ibidxvnd
800 4259 812 4271 .

618 5319 701 5363 tr!-
725 5320 762 5361 1.

836 469 958 537 2¹8

1496 490 1561 538 m
1600 489 1824 538 unum!
1862 490 1924 536 lv
1965 488 2451 536 summunt.
2490 505 2572 518 --
2611 489 2766 536 Π18Τ.
2804 489 2955 553 vm;
2998 488 3223 546 QUAEST.
3263 491 3305 536 V

844 670 942 726 est
989 662 1159 727 idem
1207 663 1320 746 qui
1369 661 1677 737 ChristuS,
1729 660 1838 725 sed
1889 667 1986 725 est
2035 661 2203 724 idem
2254 679 2346 724 re·
2376 659 2425 724 A
2456 669 2593 724 tum
2625 659 2846 724 differt
2874 661 2956 724 ab
2982 661 3126 726 aliis
3156 661 3223 724 in
3250 661 3521 725 duobus.
3544 660 3963 746 Primo,quia

844 762 1351 845 praesentatione.
1405 762 1552 824 Ideo
1599 760 1892 824 sacerdos
1940 778 2341 834 consecrans,

846 868 1034 943 prout
1062 861 1226 943 gerit
1256 860 1486 924 Christi
1529 877 1888 942 personam,
1923 859 2167 941 profert
2196 876 2342 922 con-

844 959 1215 1024 secrationis
1247 959 1439 1023 verba
1469 958 1798 1022 recitative
1829 976 1908 1020 ex
1938 957 2169 1022 Christi
2202 975 2343 1039 per-

843 1077 1016 1133 sona,
1049 1077 1132 1121 ne
1170 1057 1462 1121 videatur
1498 1057 1622 1119 alia
1659 1055 1882 1119 hostia.
1921 1055 1996 1118 Et
2033 1056 2186 1138 quia
2228 1075 2341 1139 per

841 1176 918 1222 ea
955 1177 1098 1240 quae
1135 1157 1299 1238 gerit
1327 1163 1622 1238 respectu
1662 1155 1994 1218 exterioris
2034 1155 2337 1228 materiae,

841 1263 1251 1338 repraesentat
1291 1255 1521 1319 Christi
1563 1271 1936 1336 personam3
1975 1253 2117 1317 ideo
2150 1253 2340 1316 verba

843 1355 952 1417 illa
985 1353 1176 1418 simul
1218 1353 1544 1416 recitative
1573 1360 1637 1416 et
1667 1351 2093 1434 significative
2121 1359 2343 1416 tenen·

845 1460 947 1516 tur
989 1461 1282 1536 respectu
1330 1452 1660 1534 praesentis
1710 1451 2013 1525 materiae,
2057 1471 2199 1533 quae
2246 1459 2345 1514 est

839 1551 1052 1634 figura
1090 1551 1265 1613 illius
1304 1569 1497 1633 quam
1529 1549 1817 1614 Christus
1855 1549 1921 1611 in
1953 1549 2147 1613 Coena
2185 1568 2341 1632 prae-

840 1658 1086 1714 sentem
1132 1650 1424 1713 habebat.
1458 1649 1619 1711 Hinc
1660 1647 2147 1712 convenientius
2190 1648 2344 1711 dici-

841 1757 965 1824 tur,
997 1749 1128 1812 Hoc
1167 1756 1262 1811 est
1291 1765 1522 1830 corpus
1561 1767 1796 1820 meum,
1829 1766 2044 1829 quam,
2078 1747 2210 1810 Hoc
2246 1754 2344 1810 est

2456 759 2791 842 perficitur
2841 760 2905 822 in
2956 761 3431 824 consecratione
3478 761 3779 836 materias,
3828 761 3967 824 alia

2456 858 2519 920 in
2555 878 2676 921 usu
2716 859 2999 924 materiae
3029 867 3427 924 consecratas.
3464 860 3775 936 Secundo,
3803 860 3967 943 quia

2456 957 2521 1018 in
2571 957 2715 1020 aliis
2770 959 3185 1022 sacramentis
3234 959 3629 1022 consecratio
3676 961 3969 1024 materiae

2462 1056 2753 1120 consistit
2798 1057 3005 1119 solum
3056 1057 3123 1119 in
3165 1058 3439 1140 quadam
3487 1057 3967 1132 benedictione,

2460 1173 2538 1217 ex
2576 1173 2702 1236 qua
2746 1156 3009 1217 materia
3047 1163 3414 1219 consecrata
3451 1155 3689 1238 accipit
3730 1157 3971 1218 instru-

2458 1252 2821 1316 mentaliter
2845 1254 3183 1335 quamdam
3213 1254 3613 1337 spiritualem
3637 1255 3967 1330 virtutem,

2456 1371 2599 1434 quae
2656 1370 2773 1434 per
2830 1353 3218 1428 ministrum,
3278 1353 3392 1435 qui
3448 1360 3547 1417 est
3601 1353 3967 1416 animatum

2453 1449 2973 1526 instrumentum,
3026 1458 3236 1533 potest
3279 1436 3361 1514 ad
3417 1451 3764 1514 inanimata
3812 1470 3965 1535 pro·

2450 1548 2677 1613 cedere
2728 1547 3167 1612 instrumenta.
3212 1550 3281 1612 ln
3324 1550 3446 1613 hoc
3490 1557 3703 1614 autem
3752 1569 3967 1614 sacra-

2454 1656 2669 1711 mento
2732 1649 3125 1712 consecratio
3191 1648 3468 1712 materiae
3532 1649 3829 1713 consistit
3888 1650 3963 1714 in

2454 1747 2837 1811 miraculosa
2910 1748 3329 1812 conversione
3398 1748 3769 1812 substantiae
3840 1769 3965 1814 seu

840 1867 1073 1932 corpus
1103 1847 1481 1913 Christi.Vel
1513 1847 1707 1911 etiam
1737 1854 1992 1930 propter
2018 1847 2141 1910 hoc
2170 1845 2338 1929 quod
2377 1844 2425 1909 B
2454 1847 3183 1922 transsubstantiatione,
3206 1865 3399 1930 quam
3432 1848 3607 1911 solus
3642 1849 3814 1912 Deus,
3846 1867 3969 1931 po-

840 1947 1132 2011 sacerdos
1171 1965 1299 2010 non
1343 1946 1536 2009 habet
1562 1954 1774 2008 actum
1810 1945 2191 2008 exteriorem
2226 1944 2337 2027 qui

841 2047 921 2109 sit
991 2045 1535 2109 sacramentaliter
1598 2043 1702 2108 vel
1770 2043 2341 2107 instrumentaliter

839 2165 1032 2208 causa
1079 2143 1596 2216 consecrationiS,
1647 2144 1757 2206 sed
1810 2143 1876 2204 in
1925 2142 2076 2206 solis
2123 2141 2339 2206 verbis

841 2243 1104 2327 prolatis
1132 2243 1336 2305 virtus
1370 2241 1868 2306 consecrationis
1897 2241 2218 2321 consistit3
2254 2241 2341 2303 id-

839 2360 916 2406 eo
972 2360 1048 2404 ex
1107 2341 1282 2404 illius
1342 2340 1752 2424 proferuntur
1807 2357 2098 2422 persona,
2155 2339 2340 2420 cujus

840 2441 1078 2505 virtute
1122 2440 1200 2502 fit
1239 2439 1882 2502 transsubstantiatio.

920 2540 1224 2604 Praeterea
1252 2538 1561 2622 quaeritur
1591 2538 1762 2600 circa
1789 2539 1944 2602 haec.
1980 2537 2136 2600 Nam
2170 2537 2340 2599 circa

842 2637 1114 2702 formam
1161 2637 1656 2702 consecrationis
1700 2637 1990 2719 quaedam
2038 2635 2340 2698 dicuntur

839 2757 983 2819 quae
1012 2737 1079 2799 in
1109 2736 1455 2819 Scripturis
1485 2735 1808 2799 canonicis
1839 2753 1966 2799 non
1998 2734 2335 2808 habentur,

839 2843 912 2898 ut
940 2835 1108 2918 quod
1139 2835 1424 2898 Christus
1460 2842 1942 2896 consecraturus
1980 2834 2102 2896 hoc
2138 2851 2339 2895 sacra-

843 2942 1153 3006 mentum,
1188 2933 1406 2996 oculos
1437 2932 1712 2996 elevavit
1738 2932 1817 2994 ad
1849 2931 2120 3010 coelum3
2166 2931 2339 2994 simi-

2452 1953 2577 2008 test
2618 1944 2897 2008 efficere.
2932 1945 3092 2007 Hinc
3136 1945 3430 2008 minister
3472 1947 3539 2008 in
3586 1947 3709 2010 hoc
3748 1966 3965 2010 sacra-

2452 2051 2669 2106 mento
2699 2060 2824 2106 non
2861 2043 3055 2106 habet
3084 2043 3282 2106 alium
3325 2052 3539 2107 actum
3579 2045 3706 2108 nisi
3746 2046 3967 2128 prola-

2451 2143 2689 2206 tionem
2722 2141 3087 2205 verborum.
3122 2142 3458 2225 Quumque
3490 2142 3694 2206 forma
3726 2144 3969 2209 debeat

2451 2261 2591 2305 esse
2632 2241 3021 2305 conveniens
3060 2241 3176 2316 rei,
3210 2241 3355 2305 ideo
3384 2241 3590 2305 forma
3628 2243 3825 2324 hujus
3864 2263 3969 2306 sa-

2452 2341 2761 2404 cramenti
2797 2339 3017 2404 differt
3053 2340 3133 2402 ab
3173 2340 3445 2405 aliorum
3484 2340 3710 2405 formis
3749 2361 3969 2406 sacra-

2452 2447 2814 2502 mentorum
2856 2439 2920 2501 in
2960 2439 3230 2502 duobus.
3265 2440 3492 2514 Prim0,
3525 2441 3696 2523 quod
3732 2440 3966 2506 formae

2449 2538 2721 2601 aliorum
2772 2546 3312 2601 sacramentorum
3369 2540 3717 2622 important
3762 2559 3961 2604 usum

2450 2635 2751 2710 materiae,
2805 2642 2876 2698 ut
2922 2636 3415 2718 baptizationem
3465 2637 3568 2700 vel
3623 2637 3967 2720 consigna-

2449 2735 2732 2814 tionem3
2782 2735 2891 2796 sed
2933 2734 3139 2797 forma
3179 2734 3373 2816 hujus
3414 2737 3793 2799 sacramenti
3835 2737 3965 2800 im—

2450 2840 2654 2916 portat
2684 2833 2883 2896 solam
2912 2834 3453 2896 consecrationem
3484 2833 3786 2909 materiae,
3810 2854 3967 2917 quae

2448 2932 2513 2994 in
2550 2931 3256 2995 transsubstantiatione
3294 2931 3601 2996 consistit.
3636 2931 3963 3009 Secunde,

843 3032 986 3096 liter
1018 3033 1083 3095 in
1115 3032 1321 3095 forma
1355 3031 1848 3094 consecrationis
1885 3029 2235 3112 sanguinis,
2270 3037 2340 3091 ut
2374 3030 2417 3094 C
2448 3030 2750 3114 quoniam
2802 3030 3025 3094 formae
3078 3030 3349 3094 aliorum
3408 3039 3967 3096 sacramentorum

843 3133 940 3196 inf
943 3152 1010 3196 ra
1038 3132 1302 3195 dicetur.
1325 3132 1403 3193 Et
1430 3130 2150 3213 respondendum‚quod
2180 3130 2340 3192 mul-

841 3240 904 3295 ta
945 3250 982 3293 a
1023 3230 1272 3294 Christo
1319 3236 1469 3292 sunt
1514 3230 1683 3291 dicta
1730 3237 1794 3291 et
1845 3228 2031 3301 facta,
2075 3248 2112 3291 a
2160 3229 2339 3292 nullo

845 3328 1388 3409 Evangelistarum
1434 3327 1814 3409 conscripta,
1849 3334 1918 3388 ut
1957 3334 2129 3410 patet
2169 3328 2340 3409 apud

786 3453 812 3491 ι,
840 3428 1164 3491 loannem.
1199 3426 1375 3489 Unde
1420 3433 1489 3488 ut
1526 3426 1934 3488 Innocentius
1975 3425 2084 3499 ait,
2117 3444 2341 3507 quam-

843 3526 940 3589 vis
981 3527 1046 3588 in
1076 3524 1418 3606 Evangelio
1456 3543 1583 3587 non
1626 3524 1890 3606 legatur,
1925 3543 2042 3587 nec
2083 3524 2149 3585 in
2182 3524 2343 3587 Scri-

845 3633 1032 3708 ptura
1086 3624 1410 3693 canonica‚
1463 3623 1632 3706 quod
1690 3623 1976 3688 Christus
2036 3623 2102 3684 in
2153 3622 2343 3686 Coena

844 3723 1063 3787 oculos
1107 3722 1184 3785 ad
1231 3722 1464 3785 coelum
1512 3722 1765 3795 levavit,
1801 3720 2082 3785 Ecclesia
2125 3728 2342 3783 tamen

843 3842 922 3885 ex
971 3820 1308 3885 traditione
1357 3822 1803 3903 Apostolorum
1863 3821 1984 3883 hoc
2032 3828 2229 3892 tenet,
2280 3827 2347 3881 et

843 3918 1302 3983 rationabiliter
1331 3938 1408 3981 ex
1438 3918 1581 3982 aliis
1613 3919 1767 3982 locis
1799 3918 2133 4000 colligitur,
2148 3936 2343 4000 quum

842 4018 1012 4100 apud
1050 4017 1354 4080 Joannem
1397 4016 1639 4097 legatur
1679 4016 1744 4079 in
1785 4016 2195 4079 suscitatione
2232 4016 2343 4079 La-

843 4116 968 4179 zari
1002 4116 1121 4178 hoc
1151 4114 1374 4195 egisse.
1393 4114 1470 4176 Et
1497 4132 1716 4176 rursus
1749 4112 1952 4175 fertur
1983 4113 2048 4175 in
2079 4114 2339 4177 eodem:

2450 3131 2863 3214 proferuntur
2902 3149 2979 3193 ex
3019 3148 3290 3213 persona
3328 3131 3630 3205 ministri,
3663 3131 3801 3195 sive
3840 3152 3970 3216 per

2452 3230 2712 3292 modum
2745 3229 3097 3291 exercentis
3126 3237 3355 3304 actum,
3370 3237 3441 3292 ut
3470 3249 3669 3312 quum
3701 3230 3963 3307 dicitur,

2452 3328 2583 3409 Ego
2612 3334 2675 3390 te
2711 3327 2992 3409 baptizo;
3020 3326 3156 3390 sive
3192 3346 3309 3409 per
3340 3328 3603 3391 modum
3644 3328 3971 3411 imperan-

2453 3426 2639 3501 tis‚ut
2670 3425 2734 3487 in
2765 3432 3162 3489 sacramento
3185 3424 3458 3499 Ordinis,
3472 3444 3667 3507 quum
3697 3426 3965 3503 dicitur,

2453 3523 2743 3606 Accipite
2775 3530 3174 3605 potestatem,
3198 3530 3317 3585 etc.
3338 3540 3355 3603 ;
3379 3522 3515 3586 sive
3544 3542 3660 3606 per
3692 3525 3967 3589 modum

2454 3622 2877 3704 deprecantis,
2934 3628 3006 3683 ut
3064 3621 3128 3684 in
3188 3629 3585 3685 sacramento
3642 3622 3969 3689 Extremas

2456 3719 2805 3794 Unctionis,
2839 3720 2955 3782 Per
2997 3719 3182 3783 istam
3230 3719 3623 3795 unctionem,
3654 3729 3773 3783 etc.
3812 3723 3969 3785 For·

2457 3837 2560 3880 ma
2588 3836 2738 3881 vero
2768 3817 2963 3899 hujus
2998 3818 3380 3880 sacramenti
3421 3817 3743 3900 profertur
3770 3822 3969 3903 quasi

2456 3935 2533 3979 ex
2570 3934 2841 3998 persona
2870 3916 3103 3979 Christi
3140 3915 3481 3997 loquentiS‚
3514 3917 3593 3979 ad
3632 3917 3971 3983 insinuan-

2455 4013 2609 4076 dum
2667 4013 2838 4096 quod
2902 4012 3195 4075 minister
3258 4012 3324 4075 in
3388 4013 3783 4095 perfectione
3838 4017 3969 4081 hu-

2452 4112 2559 4194 jus
2598 4111 2977 4174 sacramenti
3022 4111 3113 4172 nil
3152 4112 3303 4193 agit,
3338 4112 3462 4174 nisi
3501 4114 3674 4195 quod
3714 4114 3971 4197 profert

844 4213 1200 4277 Sublevatis
1245 4211 1448 4275 oeulis
1491 4212 1558 4273 in
1603 4212 1860 4285 coelum,
1894 4212 2057 4274 dixit
2089 4229 2103 4274 :
2140 4212 2339 4285 Pater,
2374 4214 2425 4275 D
2454 4209 2667 4273 verba.

841 4312 1020 4377 venit
1073 4312 1249 4386 hora,
1311 4309 1596 4372 clarifica
1655 4310 1885 4372 Filium
1946 4318 2151 4372 tuum.
2214 4310 2343 4373 Hoc

841 4411 1084 4494 quippe
1120 4409 1184 4471 in
1223 4409 1440 4471 arduis
1474 4409 1623 4490 egit,
1658 4409 1889 4489 gratias
1921 4408 2083 4471 Patri
2123 4427 2339 4489 agenS,

841 4517 906 4571 et
935 4507 1119 4571 nobis
1149 4507 1515 4589 exemplum
1550 4506 1860 4589 praebens.
1884 4506 2221 4588 Quumque
2251 4526 2343 4569 sa-

841 4614 1240 4670 cramentum
1271 4605 1438 4667 istud
1469 4604 1922 4667 arduissimum
1959 4604 2342 4686 praestantis-

840 4706 1207 4785 simumque
1263 4702 1587 4777 consistat,
1643 4702 1972 4785 probabile
2023 4710 2120 4766 est
2170 4704 2339 4785 quod

842 4803 1130 4867 Christus
1162 4802 1321 4863 illud
1353 4801 1782 4874 instituturuS‚
1816 4800 2034 4864 oculos
2069 4800 2343 4863 elevavit

841 4901 919 4964 ad
950 4902 1220 4973 Patrem,
1254 4899 1653 4981 regratiando
1681 4899 1760 4962 de
1790 4899 2053 4963 humani
2089 4900 2343 4980 generis

844 5000 1262 5083 reparatione,
1306 5018 1450 5081 quae
1497 4997 1618 5060 hoc
1667 5006 2063 5061 sacramento
2112 4998 2346 5079 figura-

843 5106 966 5161 tur.
999 5132 1080 5142 —
1111 5098 1256 5161 Haec
1298 5097 1568 5160 Thomas
1615 5096 1680 5160 in
1719 5096 1992 5179 Scripto.

926 5198 994 5260 In
1035 5195 1221 5259 tertia
1263 5212 1518 5278 quoque
1567 5202 1766 5276 parte,
1813 5194 2163 5276 quaestione
2205 5213 2346 5277 sep-

846 5294 1200 5376 tuagesima
1231 5300 1452 5356 octava
1485 5311 1499 5355 :
1532 5292 1661 5355 Hoc
1690 5292 1958 5373 (inquit)
1987 5309 2343 5355 sacramen-

2534 4308 2769 4371 Verum
2807 4307 2908 4369 his
2938 4306 3135 4388 objici
3179 4315 3408 4389 potest,
3440 4309 3593 4391 quia
3622 4311 3675 4372 si
3710 4310 3832 4374 ista
3860 4322 3971 4376 est

2453 4406 2662 4469 forma
2710 4405 3090 4468 sacramenti
3144 4405 3351 4480 istius,
3400 4406 3531 4469 Hoc
3576 4416 3675 4471 est
3720 4427 3966 4492 corpus

2456 4522 2696 4578 meum,
2747 4521 2898 4585 ergo
2946 4503 3097 4567 solis
3147 4503 3362 4567 verbis
3420 4503 3549 4567 illis
3606 4506 3875 4588 prolatis
3925 4531 3968 4574 a

2456 4602 2781 4665 sacerdote
2829 4620 2975 4664 cum
3026 4601 3379 4665 intentione
3420 4602 3809 4668 conficiendi
3856 4627 3967 4671 su-

2456 4719 2573 4785 per
2600 4700 3087 4764 convenientem
3129 4701 3485 4775 materiam,
3520 4701 3598 4765 fit
3630 4722 3969 4769 consecra-

2456 4800 2565 4862 tio.
2599 4834 2681 4845 —-
2713 4799 3272 4882 Respondendum,
3314 4800 3485 4881 quod
3528 4802 3790 4883 quidam
3834 4805 3965 4869 hoc

2456 4896 3008 4979 negant,dicentes
3036 4897 3162 4961 alia
3189 4897 3407 4973 verba,
3427 4901 3783 4981 praesertim
3812 4923 3964 4987 quae

2454 5002 2605 5059 sunt
2648 4996 2713 5057 in
2758 5013 3001 5057 canone
3048 4994 3272 5070 Missae,
3314 4997 3589 5078 exprimi
3636 5008 3957 5081 oportere.

2452 5094 2628 5169 Quod
2660 5101 2907 5157 constat
2934 5112 3073 5157 esse
3104 5093 3362 5170 falsum,
3388 5114 3589 5176 quum
3618 5097 3785 5161 dicat
3812 5100 3965 5163 Am-

2454 5192 2705 5256 brosius
2754 5192 2819 5254 in
2870 5191 3035 5255 libro
3082 5192 3162 5255 de
3204 5192 3629 5257 Sacramentis
3666 5213 3681 5258 :
3724 5196 3959 5262 Conse·

2456 5292 2655 5355 cratio
2712 5290 2790 5354 fit
2846 5290 3059 5353 verbis
3118 5298 3182 5353 et
3236 5291 3639 5370 sermonibus
3698 5294 3957 5360 Domini
