4267 6250
1047 505 1248 552 mm:
1289 503 1470 550 rmus
1511 503 1945 552 convnnu‘run
1985 503 2555 562 suns-rmmmnn,
2596 503 2725 552 erc.
3317 484 3438 558 288

329 683 648 750 movetur,
681 696 720 738 a
749 675 1029 739 termino
1065 681 1292 738 motus.
1327 673 1700 736 Distantiam
1743 673 1834 736 di·
1865 674 1916 738 A
1945 691 2021 736 eo
2063 681 2161 736 εει
2202 692 2433 757 corpus
2482 675 2733 738 Christi.
2778 676 2897 738 Sed
2939 676 3060 739 hoc
3104 683 3269 740 stare
3312 693 3439 738 non

328 793 426 848 co,
457 793 587 837 non
619 776 830 838 solum
862 774 1218 838 secundum
1251 773 1373 836 loci
1403 773 1836 836 dimensiones

325 881 439 935 aut
464 873 860 956 quantitatiS,
876 873 988 936 sed
1019 881 1084 935 et
1109 872 1457 936 secundum
1489 891 1837 954 repugnan-

327 971 482 1033 tiam
523 970 752 1035 formae
785 979 896 1034 aut
925 978 1184 1034 naturae.
1221 971 1368 1033 Ideo
1397 969 1506 1032 uhi
1547 970 1707 1032 nihil
1739 979 1836 1032 est

329 1089 698 1152 repugnans
728 1069 952 1132 formae
983 1069 1476 1142 introducendae,
1509 1068 1714 1132 forma
1743 1087 1836 1130 re-

327 1168 570 1250 cipitur
611 1168 678 1229 in
722 1167 980 1230 instanti
1027 1174 1336 1249 praesente
1375 1175 1624 1247 agente,
1659 1173 1726 1226 ut
1767 1165 1832 1226 in

323 1266 804 1329 illuminatione
834 1266 1172 1348 diaphani3
1203 1264 1500 1326 similiter
1531 1263 1598 1326 in
1629 1264 1832 1326 forma

323 1363 542 1427 subito
573 1365 940 1429 inducenda
971 1366 1037 1426 in
1073 1363 1338 1426 materia
1373 1364 1560 1446 plene
1591 1371 1824 1445 parata.

321 1464 882 1538 Quemadmodum
911 1471 1124 1526 autem
1153 1481 1263 1526 aer
1291 1462 1578 1544 subjacet
1605 1461 1720 1525 soli
1749 1462 1828 1525 ad

321 1563 778 1646 recipiendum
820 1563 1037 1625 lumen
1076 1562 1156 1626 ab
1195 1579 1294 1636 ec,
1330 1562 1414 1623 ita
1443 1568 1668 1624 natura
1701 1580 1830 1622 cre-

320 1671 426 1725 ata
463 1662 689 1725 divino
727 1662 1020 1744 imperio,
1063 1668 1134 1722 ut
1167 1659 1457 1743 protinus
1498 1659 1616 1722 fiat
1656 1660 1722 1722 in
1757 1679 1830 1722 ea

321 1761 646 1844 quidquid
691 1761 832 1822 vult
876 1761 1059 1822 Deus.
1091 1759 1322 1841 Aliqua
1365 1766 1578 1821 tamen
1625 1758 1832 1822 efficit

1943 773 2132 848 valet,
2176 773 2480 854 quoniam
2528 773 3017 836 contradictoria
3064 774 3257 838 simul
3300 791 3439 838 esse

1943 872 2296 934 secundum
2329 891 2465 934 rem
2498 872 2895 955 impossibile
2925 881 3051 950 est;
3078 880 3143 936 et
3170 881 3437 946 constat,

1943 971 2110 1051 quod
2153 970 2503 1032 secundum
2544 989 2677 1033 rem
2724 971 2999 1034 maxime
3033 971 3224 1034 simul
3267 979 3437 1046 sunt,

1943 1087 2085 1149 quae
2142 1076 2292 1130 sunt
2350 1069 2417 1130 in
2475 1070 2700 1132 eodem
2764 1069 3023 1132 instanti
3086 1070 3441 1132 secundum

1944 1183 2099 1228 rem.
2153 1166 2313 1228 Hinc
2361 1166 2759 1249 impossibile
2809 1175 2905 1230 est
2954 1168 3080 1230 duo
3130 1168 3440 1232 contradi·

1943 1265 2143 1328 ctoria
2178 1265 2372 1327 simul
2409 1285 2548 1328 esse
2593 1266 2659 1328 in
2697 1266 2919 1330 eodem
2962 1266 3221 1329 instanti
3271 1267 3441 1348 quod

1943 1382 2144 1425 unum
2195 1372 2291 1426 est
2337 1365 2690 1428 secundum
2740 1384 2900 1438 rem,
2950 1373 3441 1447 quantumcum-

1943 1481 2068 1543 que
2112 1462 2371 1525 differat
2408 1463 2649 1526 ratione
2684 1484 2698 1527 :
2733 1464 2885 1545 quia
2926 1483 3005 1526 ex
3048 1463 3156 1526 illa
3198 1464 3441 1528 ratione

1943 1580 2070 1624 non
2108 1561 2299 1624 hahet
2336 1561 2627 1624 ordinem
2666 1562 2744 1624 ad
2784 1571 3221 1625 mensuratum
3261 1570 3324 1624 et
3362 1563 3439 1625 ad

1941 1667 2221 1742 tempus,
2267 1660 2453 1742 cujus
2496 1669 2593 1723 est
2640 1662 2977 1736 terminus,
3022 1661 3133 1724 sed
3182 1663 3258 1724 ad
3306 1662 3440 1724 ani·

1944 1776 2112 1820 mam
2168 1759 2647 1821 considerantis.
2702 1795 2782 1804 —
2830 1759 2985 1822 Hinc
3033 1759 3141 1821 alii
3192 1759 3438 1833 dicunt,

321 1859 718 1934 successive,
761 1859 1084 1942 operando
1128 1859 1194 1920 in
1242 1858 1428 1922 nobis
1475 1858 1829 1922 secundum
1857 1855 1906 1918 B
1941 1857 2110 1938 quod
2146 1856 2311 1920 istud
2346 1877 2523 1918 nunc
2555 1865 2653 1919 est
2693 1859 2964 1939 quodam
3007 1859 3196 1922 modo
3239 1877 3440 1921 unum

323 1959 592 2021 modum
657 1966 967 2020 nostrum.
1018 1957 1194 2031 Quod
1251 1964 1460 2020 tamen
1521 1957 1832 2037 contingit

322 2057 583 2139 quando
613 2063 712 2118 est
741 2055 1040 2118 distantia
1072 2055 1274 2138 major
1304 2073 1416 2118 seu
1449 2056 1660 2118 minor
1688 2055 1828 2136 ejus

323 2155 496 2237 quod
535 2161 1024 2227 transmutatur,
1059 2173 1096 2216 a
1138 2153 1414 2216 termino
1451 2161 1828 2216 transmuta-

325 2253 538 2315 tionis.
574 2254 916 2335 Quumque
955 2252 1287 2316 conversio
1329 2252 1448 2314 ista
1487 2253 1828 2315 essentiam

322 2352 592 2432 attingat
625 2351 930 2426 materian,
963 2351 1316 2414 secundum
1352 2370 1542 2432 quam
1583 2369 1829 2433 separa-

328 2451 408 2512 tis
447 2469 564 2532 per
594 2450 998 2512 intellectum
1028 2449 1253 2513 formis
1291 2469 1364 2513 ac
1404 2449 1830 2532 dispositioni·

327 2548 468 2621 buS,
503 2568 636 2612 una
675 2567 778 2611 res
823 2566 950 2611 non
997 2548 1197 2630 magis
1235 2549 1536 2610 convenit
1573 2567 1718 2610 curn
1765 2567 1832 2610 re

329 2647 446 2708 ista
473 2666 674 2729 quam
703 2665 856 2709 cum
899 2647 1026 2720 illa,
1061 2663 1188 2710 non
1231 2654 1438 2728 potest
1465 2647 1670 2729 accipi
1709 2667 1834 2709 ma-

323 2743 424 2824 jor
451 2753 514 2807 et
549 2745 764 2807 minor
793 2744 1093 2807 distantia
1125 2765 1161 2806 a
1193 2745 1490 2819 termino,
1523 2745 1676 2827 quia
1712 2745 1832 2808 hoc

327 2843 652 2924 singulare
683 2843 1212 2919 demonstratum,
1247 2853 1558 2926 quantum
1598 2845 1674 2906 ad
1710 2845 1830 2906 hoc

325 2943 490 3023 quod
522 2942 924 3006 convertitur
953 2943 1018 3005 in
1051 2961 1283 3026 corpus
1314 2942 1830 3017 Christi,tantum

1941 1956 2216 2029 realiter,
2270 1963 2333 2018 ει
2387 1956 2574 2018 modo
2631 1956 2903 2045 quodam
2964 1957 3309 2019 diversum.
3364 1956 3441 2018 Et

1941 2061 2188 2136 ponunt
2216 2054 2584 2136 exemplum
2616 2055 2695 2118 de
2725 2055 2969 2117 duabus
2999 2055 3185 2118 lineis
3216 2075 3283 2118 se
3317 2063 3443 2118 tan-

1939 2152 2261 2234 gentibuS,
2297 2153 2373 2215 de
2416 2153 2652 2234 quibus
2701 2162 2946 2218 constat
2986 2155 3157 2236 quod
3205 2154 3442 2218 habent

1943 2250 2069 2312 duo
2113 2259 2371 2332 puncta,
2403 2271 2545 2334 quae
2586 2261 2798 2314 tamen
2850 2253 3327 2334 conjunguntur
3375 2253 3437 2314 in

1944 2367 2073 2413 uno
2120 2358 2360 2432 puncto
2410 2351 2593 2414 lineae
2642 2351 3027 2414 continentis
3078 2369 3091 2413 :
3143 2351 3441 2434 contigua

1943 2449 2119 2511 enim
2166 2457 2338 2524 sunt,
2390 2468 2664 2532 quorum
2714 2450 2971 2513 termini
3024 2458 3173 2513 sunt
3221 2451 3433 2512 simul.

1943 2546 2367 2610 Conformiter
2409 2549 2652 2623 dicunt,
2694 2550 2865 2630 quod
2912 2568 3053 2612 esse
3102 2568 3334 2632 panem
3376 2558 3440 2612 ει

1941 2665 2081 2708 εεεε
2129 2665 2363 2728 corpus
2410 2647 2642 2710 Christi
2693 2647 2759 2710 in
2816 2648 3020 2721 altari,
3072 2648 3438 2729 contiguan·

1942 2752 2047 2806 tur
2081 2761 2094 2806 ε
2128 2753 2195 2807 ει
2224 2744 2309 2806 ita
2338 2752 2435 2808 est
2464 2765 2664 2807 unum
2697 2745 2939 2810 instans
2969 2755 3147 2810 extra
3182 2766 3436 2811 mensu-

1942 2864 2110 2918 ranS,
2145 2845 2211 2906 in
2252 2862 2380 2926 quo
2423 2844 2633 2926 primo
2674 2853 2771 2907 est
2814 2863 3045 2927 corpus
3088 2845 3343 2922 Christi,
3376 2855 3441 2910 ει

1942 2941 2171 3004 ultimo
2200 2941 2413 3024 panis;
2446 2949 2511 3004 et
2540 2949 2750 3004 tamen
2782 2951 2931 3005 sunt
2960 2943 3086 3005 duo
3117 2943 3437 3020 instantia,

325 3039 512 3102 distat
542 3039 626 3102 ah
661 3041 788 3103 alio
828 3041 1136 3122 singulari
1177 3060 1306 3104 suae
1337 3041 1598 3122 speciei,
1631 3059 1828 3122 quan·
1859 3037 1904 3104 C
1943 3040 1994 3102 si
2025 3040 2419 3121 accipiamus
2448 3041 2575 3103 duo
2604 3049 2891 3123 tempora
2923 3042 3157 3125 quibus
3186 3061 3440 3106 mensu-

327 3146 458 3200 tum
488 3159 527 3202 a
557 3139 871 3221 singulari
909 3140 1148 3222 speciei
1186 3140 1465 3203 alterius
1500 3140 1659 3203 Hinc
1687 3159 1832 3203 con-

325 3238 534 3300 versio
578 3238 703 3301 ista
747 3237 824 3299 rit
866 3238 932 3299 in
979 3237 1261 3301 instanti.

403 3336 524 3399 Sed
569 3335 772 3417 objici
817 3343 1044 3418 potest,
1077 3337 1380 3419 quoniam
1433 3336 1831 3419 impossibile

325 3443 418 3497 est
455 3433 705 3517 aliquid
748 3433 815 3495 in
855 3435 1078 3498 eodem
1122 3435 1383 3498 instanti
1421 3454 1561 3498 esse
1601 3453 1831 3517 corpus

325 3532 558 3595 Christi
605 3541 672 3594 et
713 3552 946 3615 panem
981 3550 1180 3615 :ergo
1221 3552 1348 3597 non
1393 3542 1489 3597 est
1528 3534 1696 3597 idem
1744 3534 1834 3596 in-

325 3640 496 3694 stans
541 3632 611 3693 in
652 3648 782 3713 quo
821 3640 920 3693 est
957 3633 1166 3715 primo
1207 3652 1441 3715 corpus
1482 3633 1736 3706 Christi,
1769 3641 1834 3695 et

330 3731 392 3792 in
438 3748 570 3813 quo
621 3737 720 3792 est
772 3730 996 3793 ultimo
1056 3732 1256 3814 panis.
1313 3733 1432 3795 Sed
1494 3733 1660 3795 inter
1705 3733 1834 3794 duo

327 3828 636 3892 instantia
693 3836 790 3891 est
849 3830 1134 3892 medium
1193 3838 1470 3913 tempuS,
1530 3838 1600 3892 ut
1655 3838 1832 3892 sexto

327 3930 742 4012 physicorum
784 3928 1108 4011 probatur.
1148 3930 1308 4011 Ergo
1343 3930 1673 3992 conversio
1714 3930 1833 3992 ista

327 4036 422 4089 εει
449 4027 838 4089 successiva.
874 4062 956 4072 —
985 4027 1062 4089 Et
1093 4027 1629 4110 respondendum,
1661 4028 1830 4110 quod

329 4125 444 4187 ista
481 4124 767 4206 objectio
799 4145 838 4188 a
875 4125 1146 4188 diversis
1185 4125 1610 4189 diversimode
1647 4125 1833 4190 solvi-

1943 3148 2116 3202 ratur
2155 3158 2295 3203 esse
2330 3140 2511 3222 panis
2554 3140 2619 3201 in
2657 3140 2861 3215 altari,
2894 3149 2959 3202 et
2988 3160 3126 3203 esse
3157 3143 3441 3224 corporis

1943 3238 2173 3301 Christi
2220 3256 2233 3301 ε
2278 3240 2497 3321 sicque
2541 3238 2705 3301 inter
2746 3240 2874 3302 duo
2918 3239 3217 3303 instantia
3259 3242 3441 3324 quasi

1943 3336 2325 3418 contignata,
2377 3355 2503 3400 non
2551 3346 2799 3420 oportet
2848 3346 3102 3421 tempus
3156 3340 3441 3403 medium

1943 3455 2100 3499 esse.
2156 3437 2275 3499 Sed
2336 3456 2455 3499 nec
2505 3436 2672 3499 istud
2732 3445 2942 3518 potest
2988 3438 3240 3512 salvari,
3293 3439 3443 3521 quia

1944 3554 2142 3616 quum
2196 3543 2506 3617 punctum
2557 3536 2640 3597 sit
2685 3536 3001 3599 terminus
3049 3537 3255 3611 lineae,
3299 3557 3441 3620 quae

1943 3640 2153 3715 potest
2180 3652 2320 3695 esse
2357 3652 2655 3697 mensura
2694 3634 2980 3697 intranea
3016 3643 3207 3717 atque
3240 3643 3442 3698 extra·

1945 3750 2085 3803 nea,
2123 3731 2425 3812 possibile
2465 3740 2562 3794 est
2599 3740 2664 3795 et
2702 3740 2939 3814 puncta
2979 3733 3303 3814 assignare
3346 3735 3439 3796 in-

1944 3831 2216 3892 trinseca
2265 3837 2327 3892 et
2376 3831 2746 3892 extrinseca.
2790 3831 3035 3893 Instans
3082 3838 3297 3893 autem
3346 3840 3442 3895 εει

1948 3930 2256 3992 terminus
2322 3929 2649 4010 temporiS,
2716 3930 2884 4011 quod
2952 3949 3282 4012 nunquam
3345 3940 3443 3995 est

1943 4046 2245 4091 mensura
2300 4027 2425 4090 nisi
2485 4027 2837 4089 extrinseca
2891 4045 2905 4089 :
2962 4028 3104 4090 ideo
3162 4046 3289 4091 non
3346 4037 3442 4091 εει

1941 4126 2231 4208 accipere
2263 4125 2662 4199 instans,nisi
2693 4125 2857 4207 quod
2890 4145 2956 4188 se
2986 4125 3217 4189 habeat
3246 4126 3443 4189 instar

331 4231 446 4286 tur.
481 4224 644 4287 Nam
687 4224 948 4305 quidam
989 4224 1368 4298 concedunt,
1402 4225 1570 4307 quod
1613 4225 1696 4287 sit
1736 4245 1832 4288 as·
1864 4222 1912 4284 D
1944 4226 2163 4307 puncti
2198 4232 2373 4287 extra
2399 4225 2689 4306 Jacentis.
2727 4225 2901 4287 Unde
2934 4224 3166 4308 positio
3197 4225 3316 4287 ista
3344 4244 3439 4289 re·

327 4322 576 4403 signare
611 4322 915 4385 ultimum
958 4323 1200 4385 instans
1240 4323 1306 4385 in
1340 4341 1468 4405 quo
1497 4330 1594 4385 est
1623 4325 1828 4406 panis,

329 4420 491 4482 sicut
517 4428 586 4483 et
617 4419 906 4502 primum
941 4421 1183 4483 instans
1220 4420 1282 4483 in
1317 4440 1444 4503 quo
1473 4429 1571 4484 εει
1599 4439 1834 4504 corpus

329 4517 582 4591 Christi,
617 4526 880 4600 propter
919 4519 1040 4581 hoc
1076 4520 1245 4602 quod
1288 4520 1352 4582 in
1390 4521 1667 4603 quodam
1702 4529 1832 4585 toto

331 4623 618 4698 tempore
662 4615 788 4678 fuit
831 4618 1035 4698 paniS,
1068 4625 1132 4681 et
1173 4618 1258 4680 ita
1303 4618 1369 4680 in
1412 4619 1701 4700 quolibet
1743 4620 1833 4682 in-

331 4716 514 4777 stanti
561 4714 875 4796 temporis
920 4715 1111 4778 illius.
1157 4717 1332 4779 Unde
1376 4718 1634 4801 quidam
1689 4720 1832 4781 isto-

333 4832 468 4875 rum
517 4813 768 4885 dicunt,
823 4814 992 4894 quod
1044 4834 1244 4876 unum
1297 4823 1394 4877 εει
1443 4816 1683 4878 instans
1739 4836 1830 4878 se-

331 4912 612 4973 cundum
663 4930 801 4973 rem
848 4912 912 4973 in
956 4930 1086 4995 quo
1133 4920 1230 4975 εει
1274 4914 1454 4995 panis
1494 4921 1558 4975 ει
1599 4931 1831 4996 corpus

332 5008 584 5083 Christi,
628 5009 741 5072 sed
791 5009 1012 5073 dissert
1058 5013 1414 5075 secundum
1468 5012 1776 5075 rationem
1814 5033 1828 5079 ε

329 5108 474 5189 quia
533 5109 604 5171 in
654 5117 967 5191 quantum
1030 5110 1188 5173 illud
1247 5112 1490 5173 instans
1537 5120 1633 5175 est
1679 5112 1830 5175 finis

333 5207 634 5287 praeteriti
693 5209 1026 5290 temporis,
1081 5209 1145 5271 in
1204 5227 1280 5272 eo
1338 5218 1434 5273 est
1491 5211 1708 5293 panis3
1765 5212 1830 5275 in

334 5314 640 5386 quantum
693 5324 846 5369 vero
903 5307 1298 5390 principium
1346 5317 1440 5371 est
1492 5310 1710 5383 futuri,
1764 5310 1827 5371 in

1941 4324 2035 4385 dit
2065 4322 2132 4385 in
2165 4322 2331 4385 idem
2370 4323 2767 4405 impossibile
2797 4343 2944 4387 cum
2983 4325 3206 4407 prima.
3240 4360 3319 4371 ·-
3348 4326 3442 4387 Id-

1942 4438 2018 4484 eo
2056 4420 2226 4483 tertii
2266 4421 2510 4496 dicunt,
2543 4422 2712 4504 quod
2759 4422 2925 4485 sicut
2964 4432 3188 4505 quarto
3228 4424 3442 4507 Physi-

1944 4540 2165 4584 corum
2212 4520 2537 4602 probatur,
2571 4522 2639 4583 in
2677 4530 2807 4585 toto
2846 4530 3133 4606 tempore
3176 4542 3301 4587 non
3344 4532 3441 4587 est

1941 4620 2233 4701 accipere
2276 4619 2399 4681 nisi
2444 4639 2643 4682 unum
2686 4640 2861 4681 nunc
2898 4622 3251 4684 secundum
3295 4623 3440 4685 sub·

1943 4718 2275 4795 stantiam3
2308 4727 2372 4780 ει
2398 4717 2568 4799 quod
2600 4725 3017 4779 numerentur
3045 4719 3171 4781 duo
3204 4720 3438 4781 instan-

1944 4817 2051 4889 tia,
2093 4818 2213 4879 hoc
2257 4824 2352 4877 est
2399 4816 2751 4877 secundum
2798 4816 3089 4878 ordinem
3132 4818 3439 4899 temporis

1940 4916 2018 4978 ad
2062 4924 2303 4977 motum
2346 4922 2411 4975 et
2448 4913 2761 4975 actionem
2804 4932 2996 4994 quam
3048 4923 3433 4977 mensurant.

1941 5015 2089 5077 Ideo
2135 5012 2187 5076 si
2239 5020 2572 5076 sumantur
2618 5011 2744 5073 duo
2792 5011 3094 5076 instantia
3145 5022 3438 5095 respectu

1942 5113 2231 5195 ejusdem
2282 5117 2514 5184 motus,
2566 5117 2754 5192 prout
2801 5117 3053 5192 tempus
3114 5119 3441 5174 mensurat

1943 5210 2333 5295 principium
2362 5218 2426 5273 et
2454 5210 2481 5272 ι’
2486 5210 2653 5271 inem
2686 5216 2897 5271 motus
2930 5208 3123 5283 illius,
3144 5209 3229 5273 ita
3258 5228 3439 5293 opor·

1941 5317 2031 5372 tet
2075 5309 2239 5371 inter
2281 5309 2409 5371 duo
2457 5308 2755 5372 instantia
2795 5326 2935 5371 esse
2985 5307 3435 5375 intermedium
