4267 6250
506 2050 577 2105 Cl.
588 2064 629 2107 ρ.
637 2052 711 2094 107
721 2049 758 2093 Α

488 2115 537 2157 et
560 2125 599 2158 ι.

774 461 897 529 600

1388 480 1455 528 m
1491 479 1716 528 mnu}
1757 479 1818 526 IV
1859 475 2342 525 summanum.
2383 492 2466 507 -·
2503 476 2659 524 mer.
2699 476 2896 540 111113
2936 476 3164 533 Qumr.
3204 475 3275 523 111

779 652 965 715 datur
993 650 1377 715 exeuntibus
1405 653 1483 715 de
1511 650 2005 715 eadem—Haec
2034 650 2272 712 Petrus.
2300 647 2353 710 A
2380 648 2620 735 tualem
2678 647 3120 711 infirmitatem
3177 667 3256 711 ex
3315 652 3575 729 peccato
3632 652 3880 709 contra-

861 751 930 811 In
958 749 1389 837 ,praeinductis
1441 750 1849 814 continentur
1895 747 2132 829 scripta
2178 737 2298 809 Ri!
2385 753 2552 809 ctam
2603 764 2616 809 :
2664 764 2814 828 ergo
2861 754 2958 808 est
3003 744 3303 809 omnibus
3351 743 3880 826 impendendum,

782 846 1023 923 ohardi,
1069 848 1181 930 qui
1229 848 1440 912 sobrie
1488 847 1733 923 scribit,
1784 846 1953 930 quod
2001 845 2278 909 formam
2385 844 2667 907 infirmis
2696 852 2761 907 et
2789 845 2982 919 sanis,
3015 842 3468 927 insipientibus
3497 850 3562 905 et
3591 841 3882 905 sensatiS.

780 946 1160 1009 sacramenti
1190 946 1376 1009 istius
1416 946 1695 1010 creditur
1727 945 1787 1009 S.
1822 946 2041 1009 Petrus
2080 944 2279 1026 expli-

782 1044 908 1108 cite
944 1045 1281 1108 tradidisse
1310 1044 1630 1121 Ecclesiae‚
1664 1044 1831 1107 sicut
1868 1050 1932 1106 et
1959 1043 2085 1105 alia
2115 1042 2279 1105 mul-

782 1151 863 1206 ta.
886 1144 963 1206 Et
990 1143 1110 1207 hoc
1146 1144 1373 1207 melius
1402 1151 1603 1219 sonat,
1628 1162 1822 1226 quam
1853 1142 2023 1224 quod
2054 1142 2280 1222 Grego-

784 1242 918 1305 rius
949 1243 1224 1306 instituit
1254 1260 1433 1306 eam:
1467 1261 1699 1325 nempe
1728 1250 1873 1304 ante
1904 1240 2279 1321 Gregorium

786 1341 897 1404 diu
928 1339 1227 1404 utebatur
1264 1342 1547 1404 Ecclesia
1585 1342 1705 1403 hoc
1736 1345 2130 1403 sacramento
2161 1336 2281 1401 sub

785 1456 1065 1520 congrua
1107 1438 1329 1502 forma.
1365 1440 1708 1501 —Iterum
1744 1437 1833 1500 ait
1870 1436 2219 1500 Richardus
2263 1453 2276 1497 :

782 1536 849 1600 si
880 1544 1031 1599 sunt
1056 1537 1287 1620 aliquae
1326 1536 1625 1600 Ecclesiae
1664 1544 1914 1599 utentes
1955 1534 2161 1597 forma
2192 1534 2283 1596 in-

781 1634 1077 1710 dicativa,
1119 1635 1225 1718 pie
1268 1635 1657 1698 credendum
1698 1641 1795 1696 est
1840 1634 2010 1715 quod
2055 1633 2281 1695 modus

782 1733 1183 1816 exprimendi
1226 1753 1342 1816 per
1369 1733 1639 1797 verbum
1681 1731 2132 1815 imperativum
2168 1749 2281 1793 seu

2465 1042 2560 1103 Ad
2592 1042 2726 1104 haec
2765 1041 3108 1124 respondet
3134 1041 3430 1104 Albertus
3454 1057 3469 1102 :
3493 1037 3890 1103 Exercitium

2389 1158 2500 1203 seu
2531 1136 3000 1201 administratio
3029 1137 3356 1202 Unctionis
3393 1138 3708 1201 Extremae
3737 1156 3888 1201 con-

2389 1236 2638 1299 ceditur
2664 1236 2999 1312 sacerdoti,
3032 1244 3292 1319 propter
3321 1235 3680 1318 periculum
3711 1235 3892 1299 infir-

2391 1352 2641 1398 morum
2689 1334 3020 1398 vitandum
3073 1352 3088 1397 :
3139 1334 3307 1417 quod
3358 1334 3424 1398 in
3472 1334 3890 1398 sacramentis

2388 1433 2756 1517 frequenter
2803 1433 3132 1514 contingit.
3182 1433 3311 1496 Nec
3355 1433 3545 1496 facile
3592 1440 3709 1505 est,
3755 1432 3892 1497 imo

2389 1552 2508 1595 nec
2538 1532 2865 1615 possibile,
2897 1531 3132 1595 habere
3161 1531 3564 1614 praesentiam
3595 1530 3892 1613 praesulis

2389 1629 2468 1692 ad
2519 1648 3046 1712 unumquemque
3106 1628 3378 1692 letaliter
3425 1627 3888 1691 infirmantem.

2393 1729 2568 1791 Unde
2598 1728 2883 1791 Ecclesia
2913 1727 3156 1810 Spiritu
3185 1728 3414 1791 Sancto
3446 1735 3638 1803 recta,
3671 1745 3747 1790 ac
3777 1727 3892 1790 Dei

781 1832 1257 1915 deprecativum
1286 1831 1389 1895 vel
1418 1831 1849 1905 indicativum,
1865 1830 2282 1893 determinate
2309 1824 2356 1887 B
2393 1826 2660 1890 consilio
2691 1834 2880 1901 mota,
2899 1825 3198 1890 omnibus
3229 1826 3434 1889 modis
3463 1826 3684 1889 volens
3715 1825 3896 1887 infir-

786 1948 913 1993 non
962 1931 1045 1993 sit
1090 1931 1168 1993 de
1222 1931 1597 1994 necessitate
1642 1928 2020 1993 sacramenti
2071 1928 2280 2001 >istiuS,

786 2028 954 2093 sicut
989 2028 1284 2111 superius
1324 2028 1565 2091 dictum
1606 2037 1702 2091 est
1738 2028 1817 2091 de
1858 2027 2045 2090 modo
2074 2026 2283 2108 expri-

788 2127 1004 2191 mendi
1032 2135 1247 2190 actum
1278 2126 1663 2209 baptizandi,
1686 2144 1879 2209 quem
1915 2124 2286 2207 exprimunt

680 2223 689 2231 ’
785 2225 985 2290 Graeci
1024 2244 1141 2308 per
1176 2225 1445 2288 verbum
1478 2225 1621 2299 hoc,
1653 2224 2040 2307 baptizetur3
2072 2230 2135 2286 et
2172 2223 2286 2286 Ro-

528 2930 684 2977 Jacob.

492 2996 559 3039 15.

498 4810 692 4868 cmi-3⁴5
700 4812 757 4857 B’.

788 2342 975 2387 mana
1023 2323 1307 2386 Ecclesia
1352 2341 1466 2405 per
1502 2324 1635 2389 ,hoc
1681 2321 1973 2396 verbum,
2006 2321 2278 2404 baptizo.

783 2458 865 2469 —
908 2424 1177 2505 Insuper
1221 2422 1395 2485 addit
1438 2439 1452 2483 ε
1496 2422 1728 2485 Dicunt
1775 2420 2059 2503 quidam,
2112 2419 2281 2502 quod

786 2529 1255 2585 sacramentum
1306 2520 1474 2584 istud
1519 2539 1647 2584 non
1691 2520 1876 2611 datu-r
1923 2526 2143 2583 contra
2178 2538 2284 2581 ve-

784 2620 1000 2695 nialia,
1032 2620 1144 2684 sed
1174 2627 1393 2684 contra
1422 2619 1711 2701 sequelas
1752 2618 2005 2681 relictas
2034 2626 2165 2681 tam
2204 2638 2282 2681 ex

782 2718 1071 2801 originali
1102 2737 1291 2801 quam
1322 2717 1667 2781 actualibus
1698 2716 1984 2801 peccatis.
2001 2717 2119 2780 Sed
2151 2734 2286 2780 con·

788 2824 884 2881 tra
911 2818 1075 2881 hanc
1114 2816 1485 2900 opinionem
1524 2824 1622 2879 est
1649 2816 1989 2880 auctoritas
2021 2816 2079 2879 S.
2113 2816 2286 2878 Jaco-

713 2946 757 2987 v,
786 2914 876 2991 bi,
925 2916 1265 2979 asserentis
1301 2914 1414 2978 :Si
1466 2915 1530 2977 in
1580 2914 1857 2997 peccatis
1904 2919 2022 2988 est,
2070 2912 2282 2975 dimit-

2393 1925 2516 1988 mis
2563 1925 2896 2007 providere
2937 1932 3129 2007 atque
3171 1925 3524 1999 consulere,
3565 1923 3785 1987 statuit
3822 1931 3894 1987 ut

2391 2023 2720 2105 simplices
2780 2024 3136 2086 sacerdotes
3195 2022 3440 2105 possint
3501 2022 3620 2085 hoc
3679 2041 3888 2085 sacra-

2392 2130 2682 2185 mentum
2712 2121 3018 2196 conferre,
3034 2122 3144 2203 qui
3178 2121 3418 2204 ubique
3450 2121 3720 2184 faciliter
3749 2139 3890 2203 pos-

2392 2228 2542 2283 sunt
2581 2220 2824 2283 haberi.
2857 2256 2938 2266 —
2966 2220 3252 2303 Denique
3283 2238 3410 2283 non
3449 2220 3574 2283 nisi
3615 2218 3887 2294 infirmi,

2391 2319 2744 2402 perceptivi
2807 2338 2918 2381 seu
2980 2337 3243 2402 capaces
3301 2328 3452 2382 sunt
3507 2318 3888 2382 sacramenti

2392 2416 2595 2479 istius.
2631 2418 2806 2491 Quod
2849 2417 3042 2480 etiam
3085 2418 3306 2481 datum
3342 2425 3439 2480 est
3476 2423 3696 2481 contra
3733 2436 3890 2500 prae-

2388 2522 2630 2578 tactum
2660 2515 2769 2578 def
2769 2523 3002 2591 ectum,
3027 2534 3152 2579 non
3185 2534 3301 2599 pro
3329 2514 3618 2598 quolibet
3643 2523 3889 2597 tempo-

2390 2632 2482 2687 re,
2515 2613 2625 2676 sed
2670 2620 2970 2677 extrema}
3011 2613 3408 2677 necessitatis
3441 2630 3456 2675 ε
3489 2612 3582 2675 sic
3631 2620 3696 2675 et
3741 2632 3890 2695 pur-

2390 2712 2559 2792 gatio
2589 2712 3004 2794 reliquiarum
3035 2730 3151 2795 pro
3187 2719 3476 2795 tempore
3508 2711 3890 2775 immediatas

2393 2811 2789 2884 evolationis,
2822 2819 2918 2874 est
2956 2811 3254 2894 proprius
3283 2811 3480 2892 hujus
3509 2810 3888 2874 sacramenti

2394 2908 2684 2972 effectus.
2737 2910 2885 2983 Quae
2933 2910 3124 2972 etiam
3173 2909 3484 2991 reliquiae,
3535 2910 3890 2973 secundum

786 3020 1002 3076 tentur
1038 3014 1119 3076 ei.
1154 3013 1301 3076 Ideo
1339 3019 1436 3075 est
1472 3012 1819 3074 tenendum
1861 3012 2031 3093 quod
2066 3019 2286 3075 contra
2320 3009 2365 3073 C
2394 3008 2562 3089 quod
2595 3016 2745 3070 sunt
2783 3008 3240 3090 impedimenta
3282 3008 3680 3083 meritorum,
3712 3006 3894 3071 suffi-

786 3111 1062 3176 venialia
1099 3112 1321 3192 detur3
1353 3118 1417 3175 et
1454 3110 1510 3173 si
1547 3109 1738 3192 digne
1776 3109 2150 3193 percipitur,
2182 3129 2287 3174 ve-

785 3210 982 3274 nialia
1010 3209 1236 3274 aufert.
1270 3210 1413 3273 Haec
1451 3208 1822 3272 Richardus.
1854 3245 1935 3255 —
1962 3209 2284 3273 Bonaven-

788 3317 931 3373 tura
979 3327 1235 3392 quoque
1281 3309 1361 3372 de
1409 3307 1820 3392 praeinductis
1868 3307 2094 3388 scribit
2143 3325 2287 3370 con-

787 3409 1063 3474 corditer
1090 3409 1169 3473 ad
1201 3407 1531 3492 praedicta3
1554 3406 1852 3472 similiter
1880 3413 1944 3470 et
1967 3406 2279 3470 Albertus.

1202 3724 1680 3800 QUAESTIO
1747 3723 1872 3786 III

928 4001 1041 4064 Lia
1082 3999 1275 4062 etiam
1318 3997 1424 4058 hic
1470 4003 1844 4079 quaeruntur
1888 3995 2002 4062 De
2051 3996 2286 4061 m1n1-

956 4099 1149 4167 stris
1206 4096 1345 4178 huj
1358 4111 1452 4162 us
1506 4094 1981 4162 sacramentl
2032 4113 2049 4159 :
2098 4107 2283 4174 quo-

2394 3106 2637 3170 cienter
2675 3114 3029 3190 purgantur
3057 3127 3174 3190 per
3201 3106 3645 3191 poenitentiam
3677 3114 3741 3170 et
3769 3107 3895 3170 alia

2393 3214 2823 3286 sacramenta3
2855 3224 2982 3269 non
3020 3215 3235 3269 autem
3275 3214 3466 3288 prout
3504 3216 3653 3269 sunt
3691 3206 3891 3289 impe·

2393 3304 2748 3368 dimentum
2801 3304 3185 3368 immediatae
3231 3303 3626 3368 evolationis.
3661 3305 3894 3378 Quum-

2394 3422 2519 3485 que
2569 3403 2845 3467 infantes
2895 3403 3180 3467 nondum
3228 3404 3470 3466 ratione
3519 3411 3794 3479 utenteS,
3831 3413 3894 3468 et

2394 3519 2542 3564 mox
2600 3502 2922 3585 baptizati,
2984 3520 3112 3565 non
3173 3501 3450 3564 habeant
3508 3501 3892 3567 immediatae

2393 3601 2768 3665 evolationis
2837 3600 3393 3683 impedimentum,
3457 3619 3576 3663 nec
3643 3601 3893 3664 veniale

2393 3707 2750 3782 peccatum,
2800 3718 2920 3762 nec
2977 3699 3216 3762 malum
3276 3698 3424 3762 inde
3470 3706 3889 3774 contractum,

2393 3814 2522 3861 non
2557 3797 2865 3880 competit
2902 3797 2995 3860 eis
3034 3798 3155 3860 hoc
3193 3805 3680 3860 sacramentum.
3713 3833 3796 3843 -
3826 3798 3892 3862 Si

2392 3904 2606 3959 autem
2656 3903 2995 3978 quaeratur,
3045 3915 3126 3958 an
3177 3896 3242 3958 in
3292 3895 3468 3958 omni
3515 3897 3892 3977 aegritudine

2391 4003 2861 4058 sacramentum
2891 3994 3059 4058 istud
3089 3995 3468 4058 sumendum
3499 3996 3613 4074 sit3
3635 4013 3894 4078 respon—

2393 4095 2580 4157 detur
2624 4094 2794 4175 quod
2851 4112 3001 4168 non,
3053 4093 3162 4156 sed
3216 4093 3469 4177 quando
3515 4112 3594 4156 ex
3641 4095 3892 4175 oegritu-

786 4215 968 4266 rum
996 4197 1107 4266 stt
1133 4196 1343 4263 illud
1372 4195 1803 4276 porrigere,
1836 4194 1919 4258 et
1948 4207 2284 4273 quorum
2315 4194 2364 4256 D
2394 4192 2543 4254 dine
2583 4192 2762 4273 gravi
2811 4191 3226 4274 probabiliter
3274 4192 3540 4255 timetur
3593 4209 3764 4256 mors
3810 4192 3890 4256 de

786 4300 901 4366 stt
943 4297 1150 4363 111ud
1190 4296 1569 4374 rec1pere.

868 4397 1074 4476 Atque
1124 4393 1189 4455 in
1240 4392 1449 4455 littera
1496 4389 1878 4463 continetur,
1929 4389 2099 4471 quod
2148 4407 2287 4470 pre·

786 4493 1188 4576 sbyterorum
1218 4495 1465 4553 tantum
1496 4496 1593 4552 est
1622 4487 1775 4551 illud
1806 4487 1949 4550 aliis
1976 4487 2287 4550 ministra-

787 4610 876 4655 re.
910 4627 991 4637 —
1020 4590 1249 4655 Contra
1288 4588 1455 4670 quod
1494 4587 1801 4668 arguitur,
1836 4586 1986 4668 quia
2024 4586 2090 4649 in
2133 4604 2283 4649 casu

786 4690 1149 4773 Baptismus
1198 4694 1404 4771 potest
1448 4705 1485 4748 a
1532 4685 1711 4748 laicis
1758 4685 1916 4760 dari,
1968 4693 2033 4748 et
2079 4703 2282 4748 sacra-

790 4796 1081 4853 mentum
1129 4784 1541 4850 Eucharistiae
1588 4803 1627 4846 a
1673 4783 1987 4847 diacono:
2022 4801 2175 4866 ergo
2219 4793 2284 4847 et

785 4887 979 4962 istud,
1011 4905 1210 4970 quum
1255 4884 1366 4948 illa
1406 4883 1536 4946 sint
1577 4883 1699 4946 isto
1741 4882 2196 4964 praestantiora.

864 4987 1125 5060 Iterum,
1158 4983 1328 5047 istud
1356 4987 1825 5045 sacramentum
1864 4987 1961 5045 est
1988 4980 2282 5064 spiritua-

784 5086 865 5150 lis
910 5083 1229 5148 medicina
1272 5089 1491 5145 contra
1533 5080 1775 5143 malum
1822 5079 2028 5162 culpae
2074 5081 2280 5143 omni-

782 5184 905 5248 bus
951 5181 1267 5266 generale,
1318 5180 1452 5243 sive
1498 5180 1746 5242 dicatur
1794 5178 2155 5241 institutum
2203 5199 2278 5242 ac

782 5285 999 5348 datum
1050 5290 1267 5346 contra
1314 5278 1608 5352 venialia,
1644 5277 1779 5340 sive
1814 5285 2046 5371 qcontra
2093 5280 2276 5361 spiri-

2394 4290 2687 4373 proximo
2727 4290 3082 4354 imminere.
3124 4291 3358 4354 Verum
3413 4299 3484 4353 ut
3523 4290 3890 4354 Aristotcles

2396 4389 2460 4452 in
2505 4388 2672 4452 libro
2712 4390 2790 4452 de
2835 4389 3054 4453 Causis
3100 4389 3400 4471 longioris
3439 4390 3585 4453 vitae
3632 4389 3889 4466 fatetur,

2393 4488 2685 4571 quaedam
2716 4487 3124 4550 infirmitates
3154 4496 3304 4550 sunt
3337 4507 3542 4552 causae
3572 4488 3718 4552 vitae
3755 4488 3892 4551 lon-

2390 4586 2838 4668 gioris—Nec
2867 4586 3147 4649 dandum
3177 4595 3274 4650 est
3301 4586 3561 4651 furiosis
3591 4595 3654 4651 et
3681 4607 3893 4651 amen-

2391 4684 2587 4760 tibus,
2629 4684 2754 4748 nisi
2794 4684 3069 4748 habeant
3107 4686 3317 4748 lucida
3361 4687 3710 4750 intervalla.
3749 4687 3890 4752 Haec

2388 4784 2704 4848 Albertus.

2470 4883 2666 4966 Cujus
2707 4882 2901 4946 etiam
2949 4883 3181 4965 positio
3223 4884 3302 4947 de
3347 4883 3746 4949 institutione
3787 4905 3884 4950 sa-

2389 4982 2697 5045 cramenti
2729 4981 2934 5056 istiuS,
2967 4990 3270 5045 consonat
3298 4981 3488 5046 dictis
3525 5003 3604 5047 ex
3642 4983 3882 5048 Thoma
3909 4995 4160 5060 emmo.
4262 5013 4263 5076 ἐ

2385 5081 2464 5144 de
2508 5081 2647 5143 hoc.
2681 5081 2888 5145 Movet
2930 5098 3183 5163 quoque
3226 5081 3331 5143 hic
3371 5081 3526 5145 alias
3571 5083 3880 5165 plurimas

2385 5179 2767 5262 quaestiones
2811 5198 3036 5261 parvas
3079 5187 3143 5242 et
3179 5178 3426 5254 breveS,
3457 5180 3778 5254 videlicet,
3813 5181 3880 5244 in

2384 5278 2620 5362 quibus
2663 5277 2970 5341 membris
3014 5285 3077 5340 et
3119 5276 3407 5360 partibus
3449 5280 3733 5362 corporis
3775 5281 3882 5342 de-
