4267 6250
1045 506 1246 554 mun
1286 505 1468 553 PArus
1507 504 1942 553 commum
1981 504 2550 563 sunsumiamm,
2590 503 2718 552 R‘rc.

3310 485 3435 552 289

321 677 582 760 quiens)
611 675 1036 760 principium,
1070 675 1239 757 quod
1284 683 1382 739 est
1421 676 1588 738 Deus
1628 673 1831 738 omni-
1857 671 1911 736 A
1942 674 2100 737 libet
2160 682 2443 738 creatum
2510 675 2577 737 in
2640 674 3090 758 quodcumque
3151 681 3435 738 creatum

321 782 572 856 potens,
609 781 824 858 potest
861 780 1230 837 convertere
1265 773 1509 856 aliquid
1552 773 1620 835 in
1655 773 1828 836 aliud

321 873 797 955 praeexsistens,
829 872 1134 954 quoniam
1175 871 1543 934 immediate
1577 871 1832 952 attingit

323 971 664 1034 materiam
723 978 795 1033 ut
849 977 948 1033 est
992 969 1170 1052 quid,
1223 969 1287 1033 id
1345 976 1444 1032 est
1487 969 1830 1032 essentiam

318 1069 501 1150 ejus3
553 1076 622 1132 et
678 1087 866 1150 agere
923 1076 1133 1150 potest
1189 1075 1419 1150 praeter
1475 1074 1718 1130 motum
1768 1073 1832 1129 et

319 1166 946 1229 transmutationem.
999 1165 1159 1228 Hinc
1215 1165 1356 1246 ejus
1405 1165 1638 1228 virtute
1685 1182 1831 1227 con·

322 1264 486 1326 verti
547 1271 762 1346 potest
817 1263 1176 1325 substantia
1230 1262 1414 1345 panis
1474 1263 1540 1324 in
1597 1280 1828 1345 corpus

323 1362 580 1426 Christi.
625 1363 786 1425 Nam
835 1370 1146 1443 quantum
1193 1361 1270 1424 ad
1321 1379 1619 1443 praesens»,
1665 1361 1831 1423 inter

323 1461 528 1524 Deum
569 1469 640 1524 et
674 1478 870 1541 agens
908 1460 1194 1522 naturale
1233 1459 1470 1541 duplex
1512 1466 1608 1522 est
1646 1459 1830 1522 diffe-

325 1560 552 1622 rentia.
587 1559 802 1622 Prima
829 1566 946 1633 est,
979 1559 1282 1641 quoniam
1323 1558 1610 1620 naturale
1638 1577 1832 1640 agens

325 1657 454 1737 agit
483 1676 604 1740 per
636 1665 882 1720 motum
913 1664 977 1719 et
1003 1657 1635 1736 transmutationem3
1665 1656 1832 1719 Deus

325 1773 476 1818 vero
524 1756 672 1818 sine
719 1763 898 1818 motu
946 1762 1013 1817 et
1054 1755 1578 1818 transmutatione
1627 1760 1835 1837 potest

1939 781 2329 848 convertere.
2371 773 2547 848 Quod
2590 781 2653 835 et
2692 773 3043 837 Richardus
3091 791 3165 836 ac
3214 773 3439 836 Scotus

1939 879 2219 934 tuentur.
2264 907 2346 918 -
2393 871 2868 954 consequenter
2913 871 3162 936 decima
3209 889 3438 955 propo·

1941 969 2171 1032 sitione
2227 969 2461 1032 fatetur
2512 987 2527 1032 t
2580 969 2880 1043 Quamvis
2930 977 3101 1034 totus
3151 969 3439 1034 Christus

1939 1068 2022 1130 sit
2053 1067 2118 1129 in
2149 1068 2435 1151 qualibet
2463 1076 2644 1150 parte
2672 1068 2915 1142 hostiae,
2940 1086 3065 1132 non
3098 1076 3311 1132 tamen
3340 1075 3439 1130 est

1941 1165 2443 1241 concedendum,
2476 1166 2647 1249 quod
2678 1165 2762 1228 sit
2791 1165 2857 1227 in
2890 1165 3177 1248 partibus
3215 1165 3437 1229 hostiae

1942 1261 2235 1325 infinitis.
2272 1263 2571 1336 Quamvis
2612 1263 2787 1326 enim
2828 1281 3017 1326 omne
3061 1262 3437 1326 continuum

1940 1360 2024 1422 sit
2079 1360 2403 1424 divisibile
2461 1361 2525 1423 in
2586 1361 2916 1424 infinitum
2961 1361 3309 1444 (loquendo
3360 1361 3439 1424 de

1942 1459 2231 1540 partibus
2290 1459 2611 1524 continuis
2668 1460 3022 1523 secundum
3083 1460 3437 1536 materiam,

1941 1575 2144 1639 quum
2184 1558 2509 1621 divisibile
2540 1577 2617 1621 ex
2652 1557 3155 1622 indivisibilibus
3196 1567 3441 1622 consta-

1941 1675 2010 1720 re
2059 1677 2174 1721 seu
2224 1657 2523 1738 integrari
2576 1674 2703 1719 non
2750 1657 3003 1740 queat);
3051 1675 3179 1720 non
3226 1665 3440 1721 tamen

1942 1756 2317 1820 continuum
2363 1763 2459 1818 est
2496 1754 2819 1818 divisibile
2863 1755 2929 1818 in
2972 1763 3183 1838 partes
3226 1756 3443 1819 infini-

327 1853 686 1934 producere
727 1853 989 1936 aliquid.
1019 1853 1226 1934 Agens
1269 1872 1546 1936 namque
1585 1861 1832 1916 natura·
1859 1853 1907 1916 B
1943 1862 2038 1916 tas
2085 1855 2441 1917 secundum
2488 1853 2791 1936 speciem.
2838 1853 2995 1918 Nam
3046 1854 3181 1917 dari
3231 1863 3443 1938 posset

326 1951 382 2014 le
409 1954 545 2034 agit
575 1960 652 2014 ut
681 1951 1179 2016 instrumentum
1211 1953 1403 2035 primi
1433 1952 1678 2034 agentis
1707 1969 1722 2014 :
1755 1952 1833 2014 de

328 2051 574 2115 ratione
604 2059 822 2114 autem
856 2051 1264 2114 instrumenti
1293 2059 1412 2126 est,
1436 2059 1508 2113 ut
1535 2058 1678 2132 agat
1707 2068 1836 2114 mo-

325 2158 462 2212 tum
511 2169 550 2211 a
601 2150 946 2232 principali
1004 2157 1248 2231 agente.
1292 2149 1384 2212 Ex
1439 2167 1568 2231 quo
1629 2149 1836 2230 sequi·

327 2255 428 2309 tur
463 2247 844 2312 differentia
879 2249 1026 2324 alia,
1061 2255 1301 2332 utpote,
1339 2249 1508 2331 quod
1549 2247 1835 2312 naturale

327 2365 543 2429 agens,
578 2354 774 2430 prout
817 2346 1114 2430 producit
1153 2365 1256 2410 res
1298 2365 1376 2410 ex
1421 2347 1687 2410 materia
1727 2345 1836 2408 ali·

329 2445 676 2528 qua,prius
707 2445 964 2526 attingit
991 2463 1129 2508 eam
1158 2453 1228 2508 ut
1255 2454 1353 2508 est
1382 2452 1839 2528 quanta‚quam

333 2551 403 2605 nt
441 2551 544 2607 est
585 2543 766 2626 quid.
811 2543 1070 2606 Materia
1111 2563 1388 2626 namque
1431 2551 1502 2606 ut
1545 2552 1642 2606 est
1682 2542 1836 2626 quid

335 2650 397 2704 et
431 2643 648 2705 solum
689 2641 758 2704 in
797 2643 1082 2725 potentia
1118 2650 1308 2725 atque
1346 2642 1699 2706 secundum
1739 2661 1840 2703 su-

337 2761 436 2804 am
477 2742 852 2816 essentiam,
885 2741 1248 2823 subjectum
1290 2748 1500 2804 motus
1538 2759 1678 2804 esse
1711 2758 1839 2804 non

340 2841 526 2914 valet,
559 2859 767 2923 quum
787 2840 1171 2921 (secundum
1201 2839 1684 2922 Philosophum)
1704 2839 1841 2901 nul-

337 2938 466 3001 lum
497 2938 898 3021 impartibile
927 2938 1182 3020 proprie
1213 2945 1560 3001 moveatur.
1585 2938 1744 2999 Hinc
1775 2936 1839 2999 id

1943 1961 2072 2016 tam
2103 1971 2299 2035 parva
2328 1952 2640 2035 particula
2667 1953 2872 2034 panis,
2892 1953 3061 2036 quod
3090 1953 3211 2016 sub
3243 1954 3443 2018 mino-

1943 2053 1996 2114 ri
2030 2069 2159 2114 non
2196 2059 2409 2135 posset
2436 2051 2665 2114 salvari
2704 2051 2951 2134 species
2992 2052 3197 2134 paniS,
3231 2053 3443 2116 dicen-

1945 2157 2002 2212 te
2023 2150 2406 2233 Philosopho
2424 2149 2747 2214 :Omnium
2776 2157 2999 2212 natura
3025 2151 3445 2214 constantium

1946 2257 2118 2312 certa
2164 2257 2264 2313 est
2309 2249 2469 2311 ratio
2525 2256 2589 2312 et
2638 2268 2937 2312 mensura
2986 2249 3443 2330 magnitudinis

1947 2356 2012 2409 et
2045 2347 2392 2428 augmenti.
2430 2347 2519 2410 Ex
2550 2347 2786 2430 quibus
2826 2347 3238 2430 consequitur
3272 2347 3445 2430 quod

1946 2447 2035 2508 ait
2081 2446 2145 2508 in
2200 2445 2633 2528 propositione
2682 2446 3022 2509 undecima
3063 2464 3078 2508 t
3123 2446 3225 2509 Sic
3268 2446 3444 2509 Chri-

1949 2552 2082 2606 stus
2121 2552 2219 2606 est
2249 2545 2313 2606 in
2347 2543 2633 2627 qualibet
2660 2552 2837 2626 parte
2876 2544 3117 2619 hostiae,
3152 2545 3323 2626 quod
3353 2552 3442 2606 ta-

1950 2661 2096 2706 men
2127 2643 2193 2705 in
2226 2642 2507 2725 punctali
2537 2642 2759 2706 hostiae
2790 2650 2965 2725 parte
2996 2661 3115 2706 nec
3145 2651 3243 2706 est
3270 2643 3445 2707 Chri-

1949 2750 2086 2804 stus
2113 2759 2231 2804 nec
2262 2759 2407 2822 pars
2437 2740 2707 2820 Christi3
2750 2747 2815 2802 et
2842 2740 2961 2803 hoc
2992 2741 3154 2817 ideo,
3186 2741 3338 2824 quia
3376 2740 3441 2803 in

1950 2846 2128 2922 parte
2173 2838 2455 2920 punctali
2505 2856 2631 2902 non
2674 2845 2773 2901 est
2814 2839 2995 2921 panis
3042 2857 3252 2922 neque
3294 2839 3443 2902 sub-

1949 2938 2181 3000 stantia
2221 2937 2380 3019 ejus.
2425 2936 2712 3001 Christus
2760 2945 2975 3000 autem
3022 2937 3257 3001 dicitur
3304 2957 3443 3002 esse

337 3037 438 3099 cui
468 3055 548 3099 ex
589 3055 708 3098 sua
745 3042 973 3098 natura
1010 3053 1138 3098 non
1173 3035 1472 3097 convenit
1499 3053 1684 3116 agere
1715 3034 1839 3096 nisi
1871 3035 1914 3100 C
1951 3036 2017 3099 in
2063 3035 2287 3110 hostia,
2322 3035 2473 3117 quia
2513 3034 2602 3096 ibi
2646 3035 2830 3117 panis
2874 3036 2940 3098 in
2981 3053 3213 3118 corpus
3254 3055 3444 3100 suum

341 3154 450 3217 per
497 3142 774 3209 motum,
817 3152 944 3197 non
993 3142 1202 3216 potest
1244 3134 1576 3198 materiam
1627 3141 1696 3196 ut
1744 3141 1841 3197 est

338 3232 514 3313 quid,
559 3231 888 3315 operando
927 3232 1258 3313 attingere.
1301 3230 1466 3294 Deus
1510 3248 1662 3294 vero
1704 3230 1842 3293 uni-

340 3331 659 3393 versitatis
709 3336 976 3404 creator,
1021 3329 1188 3392 sicut
1233 3335 1462 3391 cuncta
1509 3348 1589 3392 ex
1637 3328 1840 3391 nihilo

340 3429 476 3493 sine
507 3436 689 3492 motu
731 3428 1054 3511 produxit,
1085 3426 1180 3490 sic
1211 3426 1278 3489 in
1313 3427 1571 3489 instanti
1607 3426 1675 3489 in
1705 3444 1840 3489 om-

339 3527 528 3590 nibus
587 3544 798 3608 agere,
851 3526 1132 3589 materiae
1185 3542 1442 3608 quoque
1499 3525 1838 3588 essentiam

339 3625 681 3707 operando,
699 3624 1128 3687 convertendo
1157 3630 1220 3685 et
1247 3621 1843 3685 transsubstantian-

341 3725 418 3787 do
459 3725 778 3805 attingere
827 3730 1052 3805 potest.
1097 3722 1186 3785 Ex
1232 3721 1332 3785 his
1370 3720 1617 3784 duabus
1655 3719 1843 3783 diffe-

341 3822 562 3885 rentiis
606 3827 802 3904 patet,
834 3820 1036 3883 Deum
1076 3819 1459 3883 altissimum
1495 3818 1622 3881 duo
1655 3836 1840 3900 posse

342 3940 480 4003 quae
527 3938 728 4002 agens
775 3917 1064 3981 naturale
1107 3935 1236 3980 non
1285 3924 1510 4000 potest.
1557 3916 1840 3979 Primum

341 4028 456 4095 est,
489 4018 666 4102 quod
696 4024 1036 4100 postquam
1067 4014 1271 4079 forma
1302 4016 1494 4078 cessit
1523 4015 1590 4077 in
1621 4022 1842 4097 poten-

341 4120 490 4182 tiam
541 4116 848 4192 materiae,
889 4134 1084 4198 agens
1134 4115 1418 4179 naturale
1459 4132 1586 4177 non
1635 4122 1844 4197 potest

1950 3153 2295 3199 conversus
2342 3143 2455 3197 est.
2508 3135 2962 3198 Verumtamen
3020 3135 3074 3197 si
3132 3143 3445 3217 punctum

1950 3242 2214 3297 vocetur
2242 3232 2435 3295 etiam
2466 3232 2735 3295 minima
2768 3252 2913 3315 pars
2944 3232 3009 3295 in
3040 3252 3167 3315 qua
3198 3233 3446 3316 species

1950 3331 2133 3415 panis
2178 3338 2385 3414 potest
2424 3331 2676 3405 salvari,
2708 3331 2803 3393 sic
2844 3339 3059 3413 posset
3098 3331 3227 3394 dici
3270 3331 3445 3396 Chri·

1951 3437 2085 3493 stus
2127 3447 2269 3492 esse
2309 3428 2377 3490 in
2426 3436 2603 3511 parte
2643 3429 2927 3511 punctali
2967 3429 3189 3493 hostiae
3228 3448 3446 3494 conse·

1952 3535 2157 3591 cratae.

2031 3626 2219 3688 Porro
2252 3624 2684 3712 propositione
2713 3625 3019 3689 vicesima
3056 3636 3230 3690 sexta
3268 3627 3446 3691 affir-

1953 3730 2084 3786 mat
2115 3739 2130 3785 :
2164 3723 2407 3805 Corpus
2437 3723 2607 3805 quod
2640 3730 2739 3784 est
2768 3723 2966 3786 altera
3005 3743 3150 3806 pars
3188 3742 3447 3807 compo-

1953 3822 2080 3897 siti,
2131 3839 2251 3885 nec
2309 3821 2690 3903 praedicatur
2745 3820 2825 3881 de
2880 3828 3013 3884 toto
3070 3823 3443 3905 composito,

1953 3920 2285 3983 materiam
2326 3918 2525 3983 solam
2562 3917 2903 3999 significat.
2940 3918 3006 3981 Si
3035 3937 3185 4001 ergo
3216 3920 3281 3982 in
3320 3921 3447 3985 tale

1953 4037 2185 4101 corpus
2228 4017 2582 4081 substantia
2622 4017 2805 4100 panis
2848 4025 3343 4095 converteretur,
3380 4020 3447 4084 in

1953 4118 2153 4182 solam
2216 4116 2545 4181 materiam
2603 4124 2771 4180 esset
2826 4133 3151 4180 conversa.
3203 4117 3447 4202 Corpus

343 4236 420 4281 ex
463 4216 694 4281 eadem
755 4215 1021 4279 materia
1065 4215 1358 4277 eamdem
1405 4229 1672 4277 numero
1719 4211 1842 4277 for·
1872 4216 1924 4281 D
1955 4226 2169 4281 autem
2214 4215 2551 4298 tripliciter
2592 4216 2885 4279 sumitur.
2924 4214 3156 4292 Primo,
3190 4234 3307 4298 pro
3338 4218 3446 4281 tri·

347 4336 514 4380 mam
546 4334 774 4379 rursus
803 4314 1154 4397 producere
1181 4330 1196 4375 t
1225 4312 1377 4395 quia
1403 4329 1530 4375 non
1559 4312 1689 4393 agit
1718 4312 1844 4375 nisi

347 4436 458 4501 per
499 4423 774 4491 motum,
809 4414 888 4476 de
930 4412 1116 4495 cujus
1161 4413 1422 4475 unitatis
1466 4412 1706 4474 ratione
1748 4419 1847 4474 est

347 4515 742 4581 continuatio
777 4530 793 4576 t
836 4513 982 4576 ideo
1023 4519 1234 4575 motus
1280 4511 1636 4585 intercisuS,
1673 4510 1842 4574 idem

345 4634 618 4681 numero
657 4614 884 4697 nequit
919 4612 1146 4675 redire.
1181 4611 1326 4675 Haec
1353 4610 1636 4691 AEgidius
1676 4610 1845 4674 circa

347 4718 622 4800 primam
669 4713 1171 4797 propositionem
1217 4718 1517 4774 tractatus
1560 4710 1756 4773 illius.

423 4816 668 4879 Deinde
723 4814 790 4876 in
845 4813 1124 4875 secunda
1181 4808 1612 4894 propositione
1659 4816 1843 4873 testa-

348 4923 448 4977 tur
474 4933 489 4977 :
523 4914 737 4989 Quum
767 4931 868 4975 res
899 4911 1291 4974 convertitur
1319 4910 1387 4972 in
1415 4908 1658 4990 aliquid
1692 4928 1846 4991 prae-

349 5014 684 5086 exsistens,
718 5027 844 5074 non
879 5018 977 5073 est
1007 5009 1312 5093 possibile
1351 5014 1663 5091 quantum
1701 5025 1846 5070 con-

349 5114 504 5175 verti
550 5113 622 5174 in
663 5119 992 5193 quantum.
1025 5108 1199 5172 Istud
1244 5107 1488 5191 prolixe
1529 5107 1842 5187 declarat3

349 5213 514 5295 quod
555 5218 774 5273 tamen
815 5228 854 5270 a
897 5206 1116 5271 multis
1157 5214 1443 5289 negatur,
1485 5206 1846 5269 dic-entibus

351 5312 518 5394 quod
547 5310 717 5373 Deus
756 5306 1047 5371 absoluta
1083 5306 1366 5390 potentia
1402 5312 1610 5389 potest
1647 5306 1844 5389 quod-

597 5443 664 5497 Τ.
700 5442 782 5495 24.

1957 4336 2038 4379 na
2084 4314 2485 4379 dimensione
2528 4333 2543 4379 ι
2584 4321 2650 4378 et
2690 4314 2778 4377 ita
2816 4322 2915 4378 est
2962 4315 3207 4398 species
3253 4335 3449 4399 quan-

1957 4415 2153 4477 titatis
2202 4414 2537 4477 continuae.
2588 4413 2901 4489 Secundo,
2942 4432 3059 4498 pro
3106 4414 3451 4497 conjuncto

1955 4534 2034 4578 ex
2079 4513 2343 4577 materia
2380 4522 2444 4576 et
2486 4513 2689 4577 forma
2728 4515 3168 4595 corporeitatis
3204 4534 3219 4579 ε
3260 4524 3326 4577 et
3365 4516 3450 4580 ita

1955 4621 2051 4677 est
2105 4632 2307 4694 genus
2372 4612 2439 4674 in
2507 4612 3001 4694 praedicamento
3056 4613 3446 4690 substantiae,

1954 4721 2020 4777 et
2057 4712 2439 4795 praedicatur
2480 4711 2559 4773 de
2596 4710 2857 4774 homine
2904 4730 2977 4774 ac
3030 4711 3211 4775 leone
3253 4721 3318 4775 et
3362 4712 3449 4775 la-

1954 4813 2120 4896 pide.
2177 4811 2407 4886 Tertio,
2462 4828 2577 4892 pro
2635 4810 2773 4892 ipsa
2823 4810 3087 4873 materia
3132 4810 3449 4893 organiza-

1952 4919 2036 4987 ta‚
2082 4930 2223 4993 quae
2265 4916 2360 4973 est
2402 4928 2547 4992 pars
2593 4907 2910 4982 animalia,
2956 4916 3021 4971 et
3067 4907 3448 4973 informatur

1953 5009 2032 5072 ab
2062 5008 2297 5071 anima.
2329 5042 2410 5053 -
2438 5007 2703 5089 Insuper
2735 5006 2910 5069 addit
2936 5007 3241 5087 AEgidius,
3274 5008 3445 5091 quod
3498 5026 3639 5073 tueor.
3660 5028 3731 5072 28.

1956 5108 2234 5172 materiae
2261 5108 2349 5169 ita
2377 5113 2647 5188 sumptae
2676 5105 2980 5187 competit
3008 5107 3227 5170 m'odus
3255 5126 3451 5189 quan-

1954 5206 2153 5269 titatis
2191 5225 2300 5269 seu
2346 5204 2568 5267 modus
2608 5204 3089 5287 quantitativus,
3122 5212 3185 5267 et
3214 5205 3307 5267 sic
3341 5224 3449 5288 po-

1957 5312 2082 5368 test
2112 5321 2344 5389 corpus
2372 5302 2607 5381 vocari,
2640 5320 2759 5367 nec
2794 5303 3019 5368 modus
3059 5303 3167 5367 ille
3202 5304 3449 5388 aliquid

3134 5440 3199 5491 19
