4267 6250
528 2056 726 2112 Cf-p.348
739 2058 788 2103 D.

801 495 806 502 ·
824 475 944 541 344

1474 491 1540 539 m
1578 491 1801 538 Lunum
1841 491 1904 538 lv
1945 488 2433 538 SENTENTIARW.
2473 504 2555 518 -·
2594 489 2748 536 msr.
2789 489 2942 553 11113
2986 489 3211 546 QUAEST.
3251 490 3274 536 1

823 685 891 728 se
929 665 1222 748 Magister
1261 664 1327 727 in
1368 663 1592 727 littera.
1628 662 1749 726 Sed
1789 661 2091 744 quoniam
2129 677 2320 724 omne
2348 659 2401 723 A
2428 657 2792 722 obedientia
2852 667 3161 724 teneatur.
3222 659 3343 724 Sed
3400 656 3705 742 quoniam
3760 661 3925 718 teste

823 765 992 846 quod
1024 783 1138 847 per
1167 763 1709 827 consecrationem
1732 761 2032 824 collatum
2063 766 2181 834 est,
2214 778 2319 821 ex—

821 869 945 924 stat
999 869 1382 944 perpetuum
1421 879 1438 940 ;
1497 860 1641 923 ideo
1704 859 1871 921 sicut
1931 858 2317 940 BaptismuS,

821 961 932 1042 qui
965 979 1079 1043 per
1109 959 1652 1023 consecrationem
1684 958 1974 1030 donatur‚
1989 974 2319 1038 nunquam

819 1057 1136 1123 amittitur
1183 1065 1492 1140 quantum
1542 1058 1620 1119 ad
1669 1056 2053 1138 impressum
2104 1055 2319 1116 chara-

822 1164 1082 1230 cterem,
1108 1163 1701 1238 quantumcumque
1730 1154 1875 1236 quis
1907 1153 1973 1216 in
2002 1153 2315 1226 haeresim,

821 1254 1100 1317 schisma
1138 1254 1239 1317 vel
1279 1251 2006 1316 excommunicationem
2047 1250 2315 1325 labatur,

823 1353 909 1436 ita
949 1371 1068 1415 nec
1103 1351 1510 1415 sacerdotalis
1545 1351 1700 1414 ordo
1730 1350 1862 1413 ullo
1896 1356 2104 1432 potest
2133 1349 2320 1412 modo

820 1451 1048 1514 amitti.
1084 1451 1419 1533 Quumque
1457 1449 1868 1512 consecrandi
1911 1455 2187 1530 potestas
2226 1465 2321 1510 or-

820 1549 1039 1612 dinem
1088 1547 1543 1611 sacerdotalem
1593 1554 1916 1628 sequatur,
1955 1564 2179 1609 omnes
2224 1546 2316 1609 illi

821 1646 1068 1729 praefati
1099 1646 1475 1720 conficiunt,
1509 1645 1803 1728 quamvis
1843 1646 1920 1707 ad
1961 1663 2141 1707 suam
2183 1663 2321 1726 per—

820 1744 1076 1807 niciem.
1119 1745 1444 1807 Interdum
1492 1751 1704 1806 tamen
1754 1743 2056 1805 dicuntur
2103 1761 2321 1804 conse-

2429 758 2748 840 Gregorio,
2772 760 2925 821 dum
2956 759 3121 822 dona
3150 766 3464 832 crescunt,
3486 749 3761 819 rationes
3792 772 3925 816 cre-

2428 864 2615 918 scunt
2652 857 2996 938 donorum3
3028 876 3229 941 quum
3268 855 3577 919 sacerdoti
3620 854 3706 916 sit
3742 851 3927 915 nobi-

2430 954 2673 1017 lissima
2719 964 2993 1038 potestas
3036 956 3283 1028 collata,
3325 952 3726 1035 negligentia!
3773 969 3924 1012 reus

2429 1053 2571 1130 erit,
2613 1055 2737 1117 nisi
2788 1055 2897 1117 illa
2944 1062 3159 1118 utatur
3200 1055 3281 1116 ad
3328 1052 3439 1116 Dei
3488 1053 3818 1125 honorem,
3860 1057 3925 1112 et

2429 1153 2507 1215 ad
2565 1173 2745 1216 suam
2802 1172 2877 1216 ac
2932 1153 3203 1216 aliorum
3260 1151 3531 1214 salutem
3589 1157 3655 1212 et
3705 1166 3921 1232 opem,

2429 1272 2631 1334 quum
2691 1260 2755 1314 et
2811 1252 3109 1335 princeps
3164 1250 3612 1335 Apostolorum
3672 1247 3844 1310 dicat
3904 1265 3919 1309 :

2430 1351 2879 1433 Unusquisque
2916 1350 3083 1413 sicut
3118 1350 3367 1433 accepit
3404 1347 3693 1430 gratiam,
3730 1345 3795 1407 in
3834 1344 3925 1407 al·
3986 1361 4225 1411 irenam

2429 1455 2742 1510 terutrum
2775 1448 2950 1511 illam
2978 1447 3511 1510 administrantes.
3544 1444 3679 1508 Nisi
3708 1442 3926 1506 forsan
3958 1427 4030 1468 ¹⁰·

2430 1546 2575 1628 quis
2606 1565 2684 1608 ex
2717 1545 3017 1608 familiari
3053 1545 3325 1628 Spiritus
3362 1543 3573 1608 Sancti
3614 1541 3927 1604 instinctu

2430 1645 2728 1719 dimittat,
2762 1644 2928 1708 sicut
2968 1644 3033 1706 in
3062 1644 3489 1726 Vitaspatrum
3528 1642 3607 1704 de
3645 1640 3927 1723 quodam
3956 1657 4223 1702 Samum.

2430 1750 2650 1807 sancto
2688 1745 2866 1806 Patre
2910 1750 3219 1806 narratur.
3252 1778 3335 1788 —
3362 1742 3506 1806 Haec
3543 1741 3815 1804 Thomas
3858 1741 3925 1801 in

819 1861 997 1905 crare
1037 1860 1166 1905 non
1210 1860 1418 1924 posse,
1451 1841 1602 1923 quia
1642 1841 1704 1904 id
1747 1841 2002 1923 proprie
2041 1840 2319 1902 dicimur
2354 1838 2401 1901 B
2429 1840 2696 1924 Scripto.

820 1959 1007 2023 posse
1037 1942 1207 2024 quod
1248 1957 1590 2023 possumus
1620 1941 1698 2003 de
1724 1939 1888 2021 jure.
1923 1940 2082 2002 Hinc
2115 1956 2319 2001 sacra-

821 2046 1110 2102 mentum
1167 2057 1387 2102 eorum
1447 2045 1711 2101 vocatur
1767 2038 1950 2120 panis
2009 2036 2314 2120 pollutuS,

820 2138 1124 2221 quoniam
1153 2137 1448 2220 quamvis
1488 2136 1553 2199 in
1596 2155 1664 2198 se
1696 2135 2152 2199 inviolabiliter
2180 2154 2320 2198 san-

821 2245 960 2298 ctus
991 2236 1314 2310 sit‚tamen
1344 2235 1588 2298 ratione
1618 2233 1888 2296 effectus
1916 2233 2319 2297 accidentali-

820 2341 917 2398 ter
946 2333 1417 2415 consequentiS,
1437 2332 1640 2395 fertur
1668 2332 1949 2414 pollutus
1974 2349 1988 2393 :
2013 2332 2317 2415 quoniam

820 2433 944 2515 ipsi
994 2451 1063 2497 se
1111 2431 1408 2514 polluunt
1451 2430 1852 2496 conficiendo
1899 2440 1964 2494 et
2004 2432 2316 2494 sumendo

818 2531 940 2595 hoc
978 2538 1469 2604 sacramentum,
1504 2530 1634 2593 imo
1673 2537 1737 2592 et
1765 2530 1922 2593 alios
1962 2530 2074 2612 qui
2115 2547 2317 2592 sacra—

819 2638 1108 2692 mentum
1147 2628 1227 2691 ab
1258 2628 1414 2711 ipsis
1455 2628 1731 2690 scienter
1769 2626 2104 2709 recipiunt.
2140 2627 2314 2690 Idem

817 2729 1160 2792 dicendum
1205 2734 1302 2791 est
1341 2727 1420 2790 de
1458 2725 1835 2808 degradatiS,
1869 2726 2170 2809 quoniam
2217 2744 2312 2789 or-

816 2827 1033 2890 dinem
1073 2843 1201 2889 non
1238 2825 1557 2887 amittunt.

897 2924 1200 2988 Praeterea
1255 2923 1310 2985 si
1369 2929 1710 3004 quaeratur,
1771 2942 1852 2985 an
1909 2921 2054 3004 plus
2111 2921 2317 2984 valeat

2509 1942 2812 2004 Praeterea
2850 1941 2929 2003 de
2966 1940 3068 2002 his
3104 1957 3360 2022 quoque
3400 1939 3466 2001 in
3496 1938 3684 2001 tertia
3720 1945 3925 2020 parte,

2430 2038 2779 2120 quaestione
2826 2037 3211 2119 octogesima
3258 2036 3557 2110 secunda,
3597 2043 3868 2098 testatur
3909 2053 3924 2097 :

2428 2137 2909 2200 Sacramentum
2974 2137 3093 2198 hoc
3159 2143 3348 2200 tantae
3413 2144 3510 2198 est
3571 2134 3924 2215 dignitatis,
4014 2153 4160 2194 arm.

2430 2235 2599 2317 quod
2648 2253 2776 2298 non
2825 2234 3168 2298 conficitur
3214 2234 3338 2296 nisi
3389 2234 3453 2295 in
3498 2232 3731 2296 Christi
3780 2251 3927 2314 per—

2428 2351 2597 2396 sona.
2651 2333 3050 2416 Qui-cumque
3104 2339 3320 2396 autem
3377 2331 3621 2414 aliquid
3677 2331 3809 2413 agit
3858 2330 3927 2392 in

2428 2450 2698 2515 persona
2735 2431 3019 2506 alterius,
3052 2438 3301 2514 oportet
3328 2431 3449 2494 hoc
3478 2430 3623 2493 fieri
3662 2448 3779 2512 per
3816 2447 3931 2511 po·

2424 2538 2717 2594 testatem
2766 2530 2846 2592 ab
2890 2530 3000 2593 illo
3041 2529 3352 2594 collatam.
3400 2530 3775 2593 Potestatem
3816 2547 3931 2591 au-

2426 2637 2557 2692 tem
2608 2628 3021 2691 consecrandi
3078 2628 3229 2691 solis
3288 2626 3725 2690 sacerdotibus
3774 2645 3930 2690 con-

2427 2727 2575 2789 tulit
2621 2727 2929 2802 ChristuS,
2981 2726 3047 2789 in
3104 2744 3378 2808 quorum
3435 2744 3706 2808 persona
3762 2726 3931 2788 dixit

2425 2825 2743 2908 Apostolis
2791 2843 2805 2889 :
2857 2826 2985 2888 Hoc
3034 2824 3223 2888 facite
3272 2825 3338 2887 in
3388 2843 3595 2888 meam
3644 2842 3930 2888 comme·
4010 2846 4215 2892 Luam.

2428 2923 2864 2987 morationem.
2916 2959 2997 2968 —
3046 2924 3314 3006 Insuper
3368 2923 3571 2985 malus
3628 2923 3929 2985 sacerdos
3965 2912 4099 3014 ’Ἃ
4124 2975 4161 3012 5·

814 3023 1004 3086 Missa
1046 3021 1197 3084 boni
1242 3019 1585 3083 sacerdotis
1629 3039 1824 3102 quam
1871 3019 2056 3098 mali3
2101 3020 2315 3083 dicen·
2351 3024 2395 3087 C
2426 3021 2745 3084 conficere
2788 3028 3013 3103 potest.
3049 3021 3187 3084 Non
3228 3020 3403 3084 enim
3454 3021 3711 3103 propria
3752 3029 3934 3103 pole-

815 3121 994 3195 dum,
1028 3119 1197 3203 quod
1237 3119 1316 3182 de
1355 3118 1542 3182 Missa
1582 3118 1758 3202 loqui
1797 3117 2141 3201 dupliciter
2176 3138 2316 3202 pos-

815 3238 1058 3283 sumus,
1113 3218 1342 3292 Prim0,
1395 3218 1600 3299 quoad
1649 3218 1714 3279 id
1762 3218 1932 3299 quod
1983 3217 2049 3280 in
2096 3236 2172 3279 ea
2224 3226 2322 3280 est

818 3317 1178 3391 essentiale,
1211 3316 1381 3399 quod
1419 3323 1517 3377 est
1547 3333 1778 3398 corpus
1811 3315 2042 3378 Christi
2083 3324 2147 3378 et
2176 3335 2317 3377 san·

818 3414 983 3496 guiS,
1017 3432 1130 3476 seu
1163 3414 1374 3496 ipsum
1411 3411 1803 3474 sacrificium
1839 3432 1852 3475 :
1888 3420 1952 3475 et
1981 3412 2067 3475 ita
2095 3432 2132 3475 a
2160 3431 2315 3495 quo-

821 3530 1098 3594 cumque
1137 3512 1403 3586 dicatur,
1436 3509 1763 3592 aequaliter
1806 3509 1972 3573 bona
2010 3518 2126 3585 est,
2163 3530 2315 3594 quo-

822 3610 994 3673 niam
1061 3628 1221 3691 opus
1287 3616 1618 3691 operatum
1684 3609 2010 3691 aequaliter
2073 3609 2315 3672 bonum

822 3715 938 3781 est,
990 3706 1268 3769 salubre·
1301 3725 1376 3769 ac
1433 3706 1808 3769 virtuosum.
1862 3706 2037 3769 Unde
2094 3708 2320 3771 asserit

821 3806 1211 3886 Augustinus
1247 3821 1260 3866 :
1295 3806 1364 3866 In
1409 3804 1712 3887 mysterio
1756 3804 2039 3886 corporis
2083 3812 2148 3867 et
2184 3825 2321 3867 san-

820 3904 1034 3985 guinis
1061 3901 1314 3965 Domini
1345 3903 1436 3965 nil
1467 3921 1504 3964 a
1533 3902 1702 3965 bono
1731 3903 2054 3966 sacerdote
2087 3904 2317 3985 majuS,

823 4003 915 4065 nil
953 4021 990 4065 a
1031 4002 1197 4066 malo
1241 4002 1452 4064 minus
1492 4002 1828 4084 perficitur
1862 4020 1876 4064 :
1911 4003 2062 4085 quia
2093 4020 2221 4065 non
2258 4004 2320 4065 in

822 4101 1051 4165 merito
1089 4101 1541 4174 consecrantiS‚
1573 4100 1684 4162 sed
1721 4100 1785 4161 in
1826 4100 2022 4164 verbo
2061 4102 2322 4183 perfici-

2426 3128 2585 3183 state
2616 3129 2725 3183 aut
2758 3119 3002 3183 meritis
3040 3119 3173 3183 suis
3212 3119 3332 3183 hoc
3364 3127 3693 3183 consecrat
3722 3138 3933 3181 sacra-

2427 3226 2736 3293 mentum,
2783 3219 2893 3281 sed
2935 3218 3170 3281 virtute
3212 3217 3465 3292 Christi,
3506 3226 3579 3279 ut
3619 3218 3759 3298 ejus
3810 3217 3933 3279 mi-

2427 3318 2625 3379 nister
2665 3323 2856 3399 atque
2906 3316 2971 3378 in
3015 3316 3157 3397 ejus
3200 3334 3487 3399 persona.
3529 3316 3667 3380 Non
3707 3322 3933 3379 autem

2430 3415 2665 3479 desinit
2701 3433 2840 3478 esse
2879 3414 3171 3477 minister
3212 3414 3467 3489 Christi,
3500 3415 3652 3497 quia
3694 3414 3927 3477 malus.

2432 3514 2631 3577 Habet
2676 3533 2951 3595 namque
3000 3513 3283 3577 Salvator
3330 3522 3393 3577 et
3436 3514 3635 3577 malos
3682 3532 3931 3590 servoS,

2432 3612 2783 3695 praesertim
2825 3611 3141 3694 loquendo
3178 3613 3257 3675 de
3295 3613 3495 3675 servis
3532 3611 3935 3675 officialibus

2431 3718 2497 3773 et
2538 3710 2848 3773 ministris
2899 3710 2963 3772 in
3008 3710 3192 3773 donis
3238 3712 3454 3791 gratiae
3495 3711 3690 3791 gratis
3737 3711 3927 3773 datae.

2431 3808 2590 3871 Hinc
2638 3815 2701 3869 et
2749 3808 3051 3881 haeretici,
3103 3807 3514 3882 schismatici,
3560 3826 3936 3871 excommu—
4016 3833 4149 3875 ma.

2431 3906 2648 3980 nicati,
2668 3905 3011 3987 degradati,
3032 3913 3298 3988 possunt
3327 3905 3680 3969 conficere:
3704 3924 3936 3988 quam-

2433 4005 2529 4066 vis
2580 4005 2840 4086 quidam
2889 4004 3188 4066 dixerunt
3228 4005 3638 4080 contrarium,
3672 4006 3935 4087 decepti

2434 4101 2500 4164 in
2530 4102 2672 4175 hoc,
2706 4102 2858 4183 quia
2884 4103 2984 4181 (ut
3008 4102 3097 4164 ait
3126 4102 3514 4182 Augustinus
3550 4103 3615 4165 in
3646 4106 3940 4168 secundo

821 4208 927 4262 tur
956 4198 1288 4273 Creatori3‚
1320 4206 1385 4261 et
1413 4199 1480 4260 in
1511 4198 1746 4261 virtute
1780 4198 2053 4279 Spiritus
2085 4200 2317 4262 Sancti.
2354 4203 2403 4265 D
2436 4208 2654 4263 contra
2682 4199 3197 4280 Parmenianum)
3210 4199 3379 4262 aliud
3408 4208 3505 4263 est
3532 4200 3774 4283 aliquid
3805 4222 3947 4266 non

825 4298 1136 4371 Secundo,
1185 4304 1494 4377 quantum
1541 4296 1621 4358 ad
1671 4296 1735 4357 id
1783 4297 1952 4378 quod
2000 4316 2322 4361 annexum

825 4401 924 4458 est
966 4402 1382 4468 sacramentO,
1423 4402 1489 4456 et
1535 4394 1982 4457 secundarium
2028 4404 2171 4458 est:
2206 4396 2323 4459 sic-

826 4512 952 4575 que
982 4492 1133 4555 honi
1164 4492 1508 4555 sacerdotis
1538 4492 1726 4555 Missa
1767 4493 1994 4556 melior
2021 4502 2139 4568 est,
2173 4494 2326 4577 quia

826 4609 954 4655 non
986 4591 1193 4654 solum
1223 4588 1583 4653 efficaciam
1625 4590 1816 4653 habet
1844 4610 1922 4653 ex
1952 4609 2145 4675 opere
2173 4611 2322 4674 ope-

825 4698 981 4763 rat0,
1023 4690 1134 4753 sed
1177 4689 1369 4752 etiam
1419 4709 1496 4752 ex
1543 4708 1735 4772 opere
1783 4700 2103 4773 operante.
2147 4693 2321 4755 Unde

826 4789 1055 4852 ceteris
1091 4788 1376 4871 paribuS,
1410 4788 1642 4851 melius
1678 4797 1776 4852 est
1813 4790 2036 4853 audire
2065 4790 2318 4853 Missam

824 4888 975 4952 boni
1015 4888 1359 4952 sacerdotis
1400 4907 1594 4970 quam
1634 4888 1834 4970 pravi.

901 4988 1170 5069 Insuper
1207 4986 1534 5070 quaeritur,
1577 5006 1656 5048 an
1701 4987 1891 5050 liceat
1935 4988 2245 5051 sacerdoti
2284 5008 2321 5051 a

823 5084 1249 5149 celebratione
1277 5084 1540 5147 omnino
1571 5102 1836 5147 cessare.
1859 5084 1951 5147 Ad
1984 5085 2153 5166 quod
2184 5085 2320 5168 qui-

821 5184 971 5247 dam
1018 5183 1316 5246 dixerunt
1354 5183 1524 5264 quod
1574 5182 1724 5257 im0‚
1762 5183 1888 5246 nisi
1939 5182 2170 5245 habeat
2209 5183 2319 5246 ali-

823 5301 983 5366 quos
1029 5281 1155 5344 sibi
1201 5280 1576 5344 commissos
1621 5300 1694 5343 ac
1743 5281 2051 5356 subdit03‚
2086 5283 2187 5344 vel
2236 5301 2315 5345 ex

2436 4298 2669 4361 habere
2718 4298 3002 4372 omnine,
3036 4305 3100 4361 et
3140 4298 3315 4360 aliud
3364 4317 3491 4363 non
3534 4299 3767 4363 habere
3806 4301 3943 4365 hoc

2435 4404 2626 4459 recte.
2653 4396 2960 4459 Similiter
2986 4396 3159 4459 aliud
3190 4404 3286 4459 est
3314 4415 3442 4460 non
3474 4399 3643 4471 dare,
3668 4407 3729 4461 et
3756 4398 3943 4462 aliud

2436 4512 2565 4557 non
2624 4494 2772 4557 dare
2830 4502 3019 4557 recte.
3078 4495 3177 4557 Illi
3234 4514 3384 4577 ergo
3437 4497 3547 4579 qui
3601 4497 3765 4559 intra
3812 4498 3943 4561 Ec-

2438 4593 2697 4657 clesiam
2742 4594 3091 4669 constituti,
3134 4603 3515 4676 receperunt
3552 4604 3940 4678 potestatem

2438 4692 2849 4754 consecrandi
2881 4709 3113 4774 corpus
3143 4692 3398 4768 Christi,
3431 4701 3603 4756 recte
3631 4695 3793 4757 hanc
3824 4696 3940 4759 ha-

2435 4790 2590 4853 bent
2637 4796 3009 4873 potestatem
3056 4807 3070 4852 :
3114 4791 3223 4873 qui
3271 4790 3325 4852 si
3372 4800 3590 4874 postea
3637 4792 3939 4858 labantur

2435 4888 2499 4950 in
2532 4888 2845 4961 haeresim,
2862 4889 3159 4963 schisma,
3173 4890 3929 4967 excommunicationem,

2433 4987 2895 5070 praecisionem,
2929 5006 3055 5050 non
3099 4995 3269 5050 recte
3312 5007 3385 5051 ea
3430 4996 3711 5051 utuntur.
3744 4990 3929 5064 Quod

2429 5092 2641 5147 autem
2693 5093 3068 5168 potestatem
3115 5086 3451 5161 retineant,
3494 5095 3665 5170 patet
3710 5106 3724 5150 :
3771 5090 3929 5171 quia

2428 5185 2527 5265 (ut
2555 5183 2644 5245 ait
2674 5184 3063 5265 Augustinus
3102 5183 3372 5266 ibidem)
3401 5187 3553 5248 dum
3592 5186 3671 5249 ad
3710 5186 3928 5251 Eccle-

2431 5282 2592 5345 siam
2632 5282 2918 5357 redeunt,
2951 5300 3079 5345 non
3114 5282 3323 5346 denuo
3359 5284 3751 5348 ordinantur.
3786 5288 3929 5350 Pos-
