4267 6250
832 464 921 511 AN
962 465 1263 514 normas
1303 463 1570 512 mvtuu
1610 463 1684 510 83
1724 462 2048 511 mmm·
2087 463 2173 509 An
2210 462 2621 513 nmssmm
2660 464 2886 525 cuum,
2925 464 3055 513 ETG.

3372 443 3492 510 507

382 638 618 702 aufert.
661 638 793 701 Nec
838 638 1047 701 solum
1088 636 1301 701 aufert
1338 636 1419 699 de
1466 655 1657 721 poena
1696 654 1889 719 quam
1912 634 1967 699 Δ
1999 642 2156 717 puta
2193 636 2492 701 contritio
2527 655 2640 699 seu
2679 635 3122 701 erubescentia
3158 638 3238 701 de
3273 655 3492 721 pecca-

382 736 711 801 coufitens
740 736 935 800 habet
964 737 1029 799 in
1060 735 1451 811 coufitendo,
1472 744 1545 799 ut
1570 734 1769 817 aliqui
1800 735 1891 797 di-

382 842 545 898 eunt
576 855 593 899 ε
628 836 725 899 sic
768 836 941 898 enim
982 834 1301 899 confessio
1342 843 1407 897 et
1440 834 1758 897 absolutio
1798 853 1891 896 sa·

382 934 799 997 eramentalis
838 952 963 997 non
996 941 1212 997 essent
1238 933 1365 995 nisi
1406 932 1471 995 in
1502 950 1687 1005 onus,
1718 932 1889 1013 quod

382 1050 517 1095 non
548 1033 863 1115 competit
894 1032 1309 1096 sacramentis
1346 1049 1527 1095 novae
1556 1030 1747 1112 legis3
1778 1030 1889 1093 sed

386 1131 581 1193 etiam
614 1131 695 1193 de
725 1131 837 1193 iila
876 1148 1067 1213 poena
1104 1150 1247 1212 quae
1286 1129 1353 1191 in
1393 1130 1760 1212 purgatorio
1786 1129 1889 1191 de·

386 1228 601 1301 betur,
632 1228 879 1311 aliquid
916 1228 1287 1303 remittitur,
1320 1235 1392 1291 ut
1422 1228 1487 1290 in
1528 1227 1889 1309 purgatorio

388 1327 609 1390 minus
644 1327 951 1409 puniatur
976 1326 1307 1391 absolutus
1338 1334 1486 1388 ante
1514 1324 1889 1389 satisfactio·

388 1444 539 1487 nem
570 1425 913 1499 decedenS,
933 1444 1127 1507 quam
1160 1426 1213 1487 si
1248 1433 1395 1488 ante
1424 1423 1889 1488 absolutionem

387 1523 749 1586 decederet.

464 1621 535 1683 Si
576 1630 796 1685 autem
838 1621 1202 1703 objiciatur,
1232 1622 1385 1704 quia
1420 1622 1475 1685 si
1516 1638 1632 1703 per
1668 1638 1889 1702 quam-

390 1719 549 1783 libet
596 1720 1069 1784 confessionem
1124 1719 1373 1803 aliquid
1422 1738 1625 1802 poenae
1675 1718 1889 1781 remit-

1995 741 2083 806 to,
2124 742 2191 797 et
2233 742 2496 797 conatus
2545 754 2619 797 ac
2667 734 2880 798 fervor
2926 736 3006 799 ad
3057 736 3279 809 Deum,
3320 736 3489 818 quod

1996 839 2125 895 tota
2155 851 2345 914 poena
2369 833 2470 913 (ut
2506 833 2750 895 dictum
2787 834 2912 914 est)
2939 833 3280 897 auferatur.
3315 834 3490 897 Unde
3519 845 3788 901 (tr-amc,

1996 930 2454 994 inconveniens
2501 950 2629 995 non
2670 940 2790 1007 est,
2830 932 2884 994 si
2927 951 3042 1015 per
3085 932 3486 1014 frequentem
3517 910 3658 953 ⁴⁶³⁴·

1997 1029 2464 1093 confessionem
2520 1038 2650 1094 tota
2706 1050 2896 1114 poena
2949 1031 3226 1105 tollatur,
3277 1031 3364 1093 ita
3422 1040 3491 1093 ut

1998 1136 2333 1210 peccatum
2363 1129 2626 1192 omnino
2655 1136 2896 1191 maneat
2926 1130 3312 1213 impunitum
3345 1147 3491 1212 quo-

1998 1226 2077 1287 ad
2112 1244 2368 1308 poenam
2404 1226 2739 1302 inflictam,
2773 1246 2890 1310 pro
2917 1246 3046 1310 quo
3075 1228 3286 1311 passio
3315 1228 3492 1291 Chri-

1998 1323 2077 1385 sti
2123 1324 2450 1387 satisfecit.

2078 1423 2392 1496 Quaeritur
2421 1442 2696 1507 quoque,
2729 1444 2808 1487 an
2849 1424 3140 1489 sacerdos
3181 1426 3382 1508 possit
3419 1426 3492 1488 li·

1999 1538 2148 1601 gare
2177 1529 2241 1583 et
2269 1522 2516 1585 solvere
2542 1523 2724 1604 juxta
2758 1523 3096 1586 arbitrium
3135 1523 3488 1606 proprium.

2000 1616 2077 1681 Et
2104 1621 2640 1701 respondendum,
2673 1623 2844 1703 quod
2872 1622 3164 1686 sacerdos
3193 1628 3494 1704 operatur

2000 1718 2067 1780 in
2116 1738 2236 1781 usu
2281 1718 2558 1782 clavium
2609 1728 2680 1782 ut
2723 1721 3218 1784 instrumentum
3267 1729 3333 1785 et
3375 1722 3491 1785 mi-

386 1818 567 1893 titur‚
630 1826 849 1901 posset
902 1819 1048 1902 quis
1104 1819 1291 1883 toties
1348 1819 1569 1881 eadem
1630 1824 1889 1899 peccata
1919 1815 1970 1880 B
2001 1814 2216 1877 nister.
2241 1817 2498 1879 Nullum
2531 1826 2744 1881 autem
2777 1819 3272 1883 instrumentum
3303 1819 3494 1883 habet

388 1919 711 1993 confiteri,
762 1920 933 2001 quod
990 1918 1151 1981 nihil
1211 1938 1415 2001 poenae
1462 1917 1886 1999 infligendum

385 2026 557 2081 esset
596 2036 714 2101 pro
752 2019 867 2081 eis.
900 2018 978 2081 Et
1016 2018 1555 2101 respondendum,
1586 2017 1755 2099 quod
1794 2034 1889 2078 se·

386 2119 673 2180 cundum
730 2118 1063 2199 quosdam,
1123 2116 1441 2180 confessio
1496 2134 1625 2180 non
1682 2122 1891 2198 potest

386 2216 629 2279 habere
656 2216 965 2279 effectum
1006 2218 1207 2297 magis
1234 2234 1427 2298 quam
1462 2214 1661 2278 semel
1696 2232 1889 2296 super

389 2314 563 2377 idem
596 2322 955 2397 peccatum,
988 2315 1075 2376 ita
1105 2315 1275 2397 quod
1306 2314 1371 2376 in
1402 2313 1610 2395 prima
1638 2312 1887 2375 absolu-

390 2415 567 2477 tione
599 2421 845 2476 tantum
884 2414 1231 2477 dimittitur
1258 2413 1321 2475 vi
1362 2412 1663 2486 clavium,
1694 2432 1889 2494 quan·

386 2519 529 2573 tum
575 2510 811 2573 dimitti
856 2518 1095 2593 potest3
1136 2517 1413 2573 attamen
1458 2509 1627 2573 valet
1669 2510 1889 2571 iterata

391 2608 735 2681 confessio,
759 2616 897 2670 tum
928 2616 1188 2690 propter
1217 2608 1725 2681 instructionem,
1749 2615 1885 2669 tum

392 2715 657 2790 propter
702 2707 1009 2788 majorem
1054 2706 1527 2781 certitudinem,
1566 2713 1707 2767 tum
1749 2723 1891 2788 pro-

390 2814 535 2889 pter
572 2805 1097 2868 intercessionem
1138 2804 1541 2878 confessoris,
1574 2812 1713 2866 tum
1749 2822 1891 2885 pro-

391 2914 535 2989 pter
584 2904 985 2968 verecundiae
1034 2904 1355 2967 meritum.
1409 2903 1530 2967 Sed
1587 2905 1709 2966 hoc
1760 2921 1888 2968 non

1998 1914 2330 1977 efficacem
2361 1923 2596 1990 actum,
2621 1917 2742 1980 nisi
2775 1918 3128 1981 secundum
3157 1920 3329 2001 quod
3360 1937 3492 1982 mo·

1998 2020 2186 2074 vetur
2231 2032 2270 2076 a
2319 2014 2654 2097 principali
2702 2024 2928 2098 agente
2978 2034 2994 2079 ε
3047 2018 3192 2080 ideo
3235 2017 3494 2081 divinus

1998 2112 2338 2195 Dionysius
2371 2113 2437 2175 in
2467 2113 2602 2177 fine
2631 2114 3092 2179 Ecclesiasticae
3119 2116 3493 2181 hierarchia
3573 2146 3754 2189 αμυ-

1998 2216 2288 2285 testatur,
2339 2213 2510 2293 quod
2557 2213 2992 2281 sacerdotibus
3041 2215 3351 2277 utendum
3398 2223 3496 2277 est
3549 2228 3786 2287 cf.2.xv‚

1998 2307 2344 2371 virtutibus
2391 2310 2802 2374 hierarchicis
2859 2320 3048 2394 prout
3104 2312 3311 2375 Deitas
3363 2330 3494 2374 mo-
3521 2294 3732 2349 ''⁵⁸²⁴''

1998 2408 2163 2470 verit
2209 2426 2336 2471 eos.
2377 2408 2622 2473 Idcirco
2671 2410 2736 2472 in
2778 2410 3123 2492 Evangelio
3169 2411 3490 2485 recitatur,

1998 2509 2170 2590 quod
2217 2509 2500 2573 Christus
2547 2509 2869 2573 collationi
2918 2510 3198 2573 clavium
3246 2511 3495 2593 praemi·

1998 2607 2127 2668 sit:
2162 2606 2448 2690 Accipite
2492 2608 2800 2691 Spiritum
2846 2609 3168 2672 Sanctum.
3213 2610 3388 2673 Unde
3435 2610 3488 2673 si
3520 2616 3785 2707 gom-naz,

1997 2705 2144 2787 quis
2183 2714 2410 2787 praeter
2445 2708 2618 2770 hunc
2649 2715 2892 2771 motum
2923 2707 3216 2771 divinum
3251 2707 3344 2769 uti
3377 2726 3494 2771 sua
3521 2708 3588 2723 “'

1999 2811 2308 2885 potestate
2357 2806 2856 2889 praesumpserit,
2901 2824 3028 2871 non
3079 2823 3494 2888 consequere·

2000 2909 2103 2964 tur
2147 2903 2475 2979 effectum,
2509 2914 2580 2967 ut
2617 2906 2676 2969 S.
2715 2906 3052 2989 Dionysius
3096 2906 3398 2988 loquitur,
3431 2914 3496 2969 ct

391 3005 647 3067 videtur
690 3021 938 3077 verum,
980 3003 1283 3086 quoniam
1334 3010 1399 3065 et
1440 3002 1493 3064 si
1543 3002 1677 3067 haec
1726 3009 1893 3065 esset
1918 2998 1965 3062 C
2001 3002 2168 3064 ultra
2209 3003 2330 3066 hoc
2373 3024 2410 3066 a
2445 3004 2664 3068 divino
2705 3006 2928 3069 ordine
2969 3011 3382 3080 averteretur,
3421 3024 3494 3069 ac

388 3104 551 3167 ratio
596 3104 831 3164 iterum
881 3100 1255 3175 confitendi,
1298 3118 1425 3164 non
1472 3108 1683 3164 tamen
1726 3108 1894 3164 esset

389 3200 551 3265 ratio
596 3201 831 3263 iterum
876 3199 1246 3263 absolvendi
1276 3199 1659 3283 (praesertim
1704 3199 1771 3262 in
1816 3218 1893 3262 eo

390 3300 502 3382 qui
533 3307 749 3362 certus
779 3306 877 3361 est
904 3298 983 3361 de
1018 3297 1401 3380 praecedenti
1440 3297 1839 3360 absolutione
1872 3315 1887 3359 :

392 3399 478 3460 ita
520 3396 699 3460 enim
742 3397 976 3479 poterit
1015 3396 1309 3459 dubitare
1348 3396 1427 3459 de
1468 3397 1748 3458 secunda
1788 3396 1894 3458 ab-

389 3496 731 3570 solutione,
764 3495 930 3558 sicut
971 3496 1051 3558 de
1094 3495 1364 3577 prima);
1395 3495 1561 3558 sicut
1597 3495 1892 3558 videmus

390 3596 559 3678 quod
588 3601 1053 3658 sacramentum
1077 3594 1388 3656 Extremae
1411 3593 1735 3657 Unctionis
1764 3610 1891 3656 non

390 3694 661 3756 iteratur
698 3711 892 3775 super
922 3693 1223 3755 eumdem
1264 3691 1583 3765 morbum,
1616 3709 1693 3754 eo
1722 3691 1891 3773 quod

390 3800 597 3856 totum
628 3793 801 3874 quod
834 3811 950 3873 per
979 3798 1449 3854 sacramentum
1480 3789 1627 3852 fieri
1661 3790 1888 3872 potuit,

390 3891 591 3955 semel
620 3886 1007 3952 estfactum.
1042 3889 1119 3951 Et
1148 3895 1473 3970 praeterea‚
1509 3887 1573 3950 in
1614 3889 1893 3951 secunda

2000 3101 2256 3184 culpam
2296 3102 2666 3168 incurreret.
2701 3104 3038 3188 Quumque
3075 3125 3280 3188 poenae
3318 3106 3496 3169 satis·

1999 3199 2280 3264 faetoriae
2313 3200 2676 3282 infligendae
2705 3204 2834 3266 sint
2864 3211 2936 3265 ut
2966 3204 3320 3280 medicinae,
3355 3205 3496 3269 ideo

1998 3297 2166 3359 sicut
2215 3299 2547 3363 medicinae
2590 3300 2656 3361 in
2705 3309 2838 3364 arte
2885 3301 3319 3365 determinatae
3367 3321 3494 3367 non

1998 3394 2302 3458 omnibus
2349 3402 2500 3457 sunt
2537 3396 2797 3471 eaedem,
2831 3399 2940 3460 sed
2987 3399 3304 3464 variandae
3346 3409 3496 3463 sunt

1998 3494 2350 3556 secundum
2380 3492 2716 3558 arbitrium
2749 3497 3144 3568 medici,non
3175 3498 3496 3580 propriam

1998 3591 2386 3655 voluntatem
2413 3594 2755 3674 sequentiS,
2769 3596 2880 3657 sed
2909 3603 3108 3658 artem
3139 3614 3214 3658 ac
3243 3596 3493 3677 regulas

2000 3691 2333 3754 medicinae
2347 3709 2366 3771 3
2417 3692 2503 3755 ita
2557 3711 2762 3775 poenae
2809 3693 3240 3758 satisfactoriae
3285 3695 3490 3758 deter-

2002 3789 2256 3853 minatae
2304 3790 2370 3853 in
2417 3809 2658 3853 canone
2709 3808 2836 3854 non
2884 3791 3185 3855 omnibus
3236 3811 3490 3876 compe·

1999 3897 2155 3964 tunt,
2171 3890 2282 3952 sed
2310 3890 2626 3954 varianda»
2656 3897 2798 3952 sunt
2826 3891 3178 3954 secundum
3207 3892 3493 3958 sacerdo-

390 3989 793 4054 confessione
835 4004 963 4051 non
1012 3987 1446 4070 requireretur
1483 3988 1653 4069 quod
1696 3987 1749 4050 is
1787 3987 1891 4050 eui
2000 3988 2081 4051 tis
2121 3989 2456 4051 arbitrium
2497 3989 2715 4051 divino
2758 3988 3064 4051 instinctu
3107 3991 3487 4072 regulatum.

392 4089 467 4150 fit
495 4086 839 4160 confessi0,
856 4086 1066 4148 claves
1095 4084 1379 4158 haberet,
1399 4085 1451 4148 si
1483 4085 1581 4148 vis
1612 4086 1888 4149 clavium
2000 4087 2544 4160 Quemadmodum
2593 4087 2784 4150 etiam
2839 4087 3124 4152 medicus
3170 4089 3491 4153 interdum

390 4187 456 4248 in
502 4205 581 4248 ea
622 4185 717 4247 nil
760 4191 1147 4267 operaretur.
1182 4220 1262 4229 —
1290 4183 1451 4246 Hinc
1492 4184 1601 4246 alii
1644 4184 1887 4260 dicunt,
1923 4189 1973 4250 D
2002 4205 2079 4249 ex
2116 4187 2452 4268 prudentia
2490 4205 2616 4249 non
2656 4187 2764 4249 dat
2793 4187 3174 4251 medicinam
3207 4197 3335 4251 tam
3371 4187 3495 4252 for-

392 4285 563 4367 quod
604 4284 799 4346 etiam
838 4283 907 4344 in
948 4283 1229 4346 secunda
1264 4281 1665 4346 confessione
1696 4291 1759 4346 et
1787 4283 1893 4346 ab·
2001 4292 2130 4347 tem
2163 4303 2304 4365 quae
2333 4283 2618 4347 sufficiat
2642 4285 2720 4347 ad
2753 4284 2958 4348 morbi
2989 4286 3399 4362 curationem,
3413 4306 3494 4351 ne

392 4383 712 4446 solutione
750 4380 993 4463 aliquid
1031 4381 1093 4442 vi
1138 4380 1414 4443 clavium
1454 4381 1533 4443 de
1572 4399 1761 4464 poena
1800 4401 1893 4446 re·
2004 4393 2264 4466 propter
2291 4383 2685 4447 debilitatem
2731 4402 2912 4446 suam
2952 4402 3116 4465 aeger
3155 4385 3362 4467 majus
3404 4387 3496 4449 in·

392 4483 691 4552 mittitur,
726 4480 1029 4562 quoniam
1069 4479 1136 4541 in
1174 4480 1455 4542 secunda
1492 4479 1890 4543 absolutione
2003 4490 2216 4546 currat
2245 4483 2636 4565 periculum3
2670 4483 2756 4545 ita
2793 4483 3084 4546 sacerdos
3113 4484 3334 4548 divino
3361 4503 3493 4548 mo-

389 4586 806 4662 augmentum
862 4579 1079 4661 gratiae
1128 4579 1347 4657 datur;
1395 4586 1459 4640 et
1509 4596 1637 4660 quo
1689 4580 1892 4660 gratia
2001 4589 2103 4643 tus
2153 4581 2480 4654 instinctu,
2523 4599 2650 4644 non
2695 4599 2948 4664 semper
2991 4589 3184 4645 totam
3235 4601 3488 4666 poenam

391 4679 597 4760 major
636 4676 983 4751 confertur,
1028 4683 1205 4740 tanto
1250 4677 1462 4740 minus
1502 4676 1581 4740 de
1624 4677 1889 4760 impuri·
2000 4699 2142 4761 quae
2179 4679 2289 4741 uni
2329 4687 2592 4761 peccato
2629 4678 2896 4742 debetur
2935 4679 3234 4761 injungit,
3266 4699 3348 4743 ne
3377 4701 3492 4764 pu·

388 4785 517 4842 tate
572 4777 821 4860 peccati
880 4783 1213 4858 permanet
1263 4776 1681 4859 praecedentis
1732 4796 1748 4842 ε
1800 4777 1888 4840 id-
1996 4777 2180 4839 silius
2223 4776 2616 4840 districtione
2663 4786 2728 4840 et
2763 4779 2926 4858 juris
2974 4780 3181 4860 rigore
3233 4781 3487 4844 territus

388 4894 465 4939 eo
508 4875 722 4938 minor
762 4892 953 4956 poena
990 4892 1267 4956 purgans
1308 4875 1595 4938 debetur.
1630 4876 1887 4958 Propter
1995 4894 2069 4937 ac
2125 4875 2412 4956 dejectus
2471 4875 2723 4938 recedat
2767 4894 2806 4938 a
2857 4875 3234 4957 poenitentia
3283 4879 3486 4941 totali-

389 4973 561 5055 quod
612 4973 679 5035 in
725 4970 1149 5045 absolutione,
1202 4971 1534 5035 confitenti
1585 4973 1729 5055 plus
1776 4982 1887 5036 aut
1992 4981 2107 5036 ter.
2142 5009 2222 5018 —
2250 4974 2394 5036 Haec
2434 4974 2722 5037 Thomas.

390 5071 607 5134 minus
646 5069 725 5132 de
765 5086 952 5152 poena
990 5068 1335 5132 dimittitur
1363 5069 1426 5133 vi
1458 5070 1758 5145 clavium,
1792 5091 1885 5134 se·
2058 5072 2127 5134 ln
2159 5072 2394 5153 quibus
2425 5073 2632 5154 primo
2661 5071 3008 5135 obscurum
3033 5073 3286 5137 videtur
3315 5077 3484 5157 quod

388 5170 669 5232 cundum
700 5165 871 5250 quod
900 5166 1101 5249 magis
1132 5167 1235 5230 vel
1265 5167 1477 5230 minus
1506 5187 1573 5231 se
1604 5168 1885 5250 disponit
1990 5171 2078 5232 ait
2111 5187 2125 5233 :
2160 5169 2545 5251 Quandoque
2583 5189 2660 5233 ex
2697 5170 3071 5234 necessitate
3104 5176 3484 5238 sacramenti
3515 5191 3776 5248 cfipsosaz

388 5267 465 5331 ad
492 5265 797 5348 gratiam3
828 5271 894 5328 et
922 5272 1130 5347 potest
1156 5285 1295 5328 esse
1324 5273 1498 5328 tanta
1524 5265 1877 5348 dispositio,
1990 5286 2117 5331 non
2160 5268 2506 5350 requiritur
2549 5269 2670 5330 nisi
2717 5268 3139 5334 sanctificatio
3179 5272 3480 5348 materiae,
