<?xml version="1.0" encoding="UTF-8"?>
<!DOCTYPE html PUBLIC "-//W3C//DTD XHTML 1.0 Transitional//EN"
    "http://www.w3.org/TR/xhtml1/DTD/xhtml1-transitional.dtd">
<html xmlns="http://www.w3.org/1999/xhtml" xml:lang="en" lang="en">
 <head>
  <title>
</title>
<meta http-equiv="Content-Type" content="text/html;charset=utf-8" />
  <meta name='ocr-system' content='tesseract 3.04.00' />
  <meta name='ocr-capabilities' content='ocr_page ocr_carea ocr_par ocr_line ocrx_word'/>
</head>
<body>
  <div class='ocr_page' id='page_1' title='image "./doctorisecstati04unkngoog_0310.png"; bbox 0 0 4267 6250; ppageno 0'>
   <div class='ocr_carea' id='block_1_1' title="bbox 535 5136 797 5193">
    <p class='ocr_par' dir='ltr' id='par_1_1' title="bbox 535 5136 797 5193">
     <span class='ocr_line' id='line_1_1' title="bbox 535 5136 797 5193; baseline 0.011 -11"><span class='ocrx_word' id='word_1_1' title='bbox 535 5136 797 5193; x_wconf 59' lang='lat' dir='ltr'><strong>cfipawc.</strong></span> 
     </span>
    </p>
   </div>
   <div class='ocr_carea' id='block_1_2' title="bbox 846 497 968 569">
    <p class='ocr_par' dir='ltr' id='par_1_2' title="bbox 846 497 968 569">
     <span class='ocr_line' id='line_1_2' title="bbox 846 497 968 569; baseline 0.025 -3"><span class='ocrx_word' id='word_1_2' title='bbox 846 497 968 569; x_wconf 77' lang='lat'><strong>292</strong></span> 
     </span>
    </p>
   </div>
   <div class='ocr_carea' id='block_1_3' title="bbox 846 683 4211 867">
    <p class='ocr_par' dir='ltr' id='par_1_3' title="bbox 846 683 4211 867">
     <span class='ocr_line' id='line_1_3' title="bbox 846 683 4211 774; baseline -0.005 -20"><span class='ocrx_word' id='word_1_3' title='bbox 846 692 1015 754; x_wconf 90' lang='lat' dir='ltr'><strong>sicut</strong></span> <span class='ocrx_word' id='word_1_4' title='bbox 1069 692 1254 774; x_wconf 90' lang='lat' dir='ltr'><strong>panis</strong></span> <span class='ocrx_word' id='word_1_5' title='bbox 1309 700 1374 756; x_wconf 87' lang='lat' dir='ltr'><strong>et</strong></span> <span class='ocrx_word' id='word_1_6' title='bbox 1420 693 1641 756; x_wconf 88' lang='lat' dir='ltr'><strong>vinum</strong></span> <span class='ocrx_word' id='word_1_7' title='bbox 1701 711 1816 774; x_wconf 89' lang='lat' dir='ltr'><strong>per</strong></span> <span class='ocrx_word' id='word_1_8' title='bbox 1870 689 2339 753; x_wconf 80' lang='lat' dir='ltr'><strong>nutrimentum</strong></span> <span class='ocrx_word' id='word_1_9' title='bbox 2369 686 2420 750; x_wconf 81' lang='lat' dir='ltr'>A</span> <span class='ocrx_word' id='word_1_10' title='bbox 2450 686 2804 749; x_wconf 91' lang='lat' dir='ltr'><strong>secundum</strong></span> <span class='ocrx_word' id='word_1_11' title='bbox 2852 685 3198 768; x_wconf 78' lang='lat' dir='ltr'><strong>praehabita</strong></span> <span class='ocrx_word' id='word_1_12' title='bbox 3243 704 3281 748; x_wconf 89' lang='lat' dir='ltr'><strong>a</strong></span> <span class='ocrx_word' id='word_1_13' title='bbox 3329 683 3549 746; x_wconf 89' lang='lat' dir='ltr'><strong>multis</strong></span> <span class='ocrx_word' id='word_1_14' title='bbox 3596 701 3722 747; x_wconf 92' lang='lat' dir='ltr'><strong>non</strong></span> <span class='ocrx_word' id='word_1_15' title='bbox 3768 701 3953 746; x_wconf 85' lang='lat' dir='ltr'><strong>acce·</strong></span> <span class='ocrx_word' id='word_1_16' title='bbox 3982 698 4211 756; x_wconf 52' lang='lat' dir='ltr'><strong>emanso</strong></span> 
     </span>
     <span class='ocr_line' id='line_1_4' title="bbox 2451 767 4076 867; baseline -0.006 -17"><span class='ocrx_word' id='word_1_17' title='bbox 2451 793 2681 867; x_wconf 88' lang='lat' dir='ltr'><strong>ptatur.</strong></span> <span class='ocrx_word' id='word_1_18' title='bbox 2717 785 2893 848; x_wconf 89' lang='lat' dir='ltr'><strong>Unde</strong></span> <span class='ocrx_word' id='word_1_19' title='bbox 2922 803 3041 848; x_wconf 90' lang='lat' dir='ltr'><strong>nec</strong></span> <span class='ocrx_word' id='word_1_20' title='bbox 3070 784 3282 848; x_wconf 90' lang='lat' dir='ltr'><strong>verior</strong></span> <span class='ocrx_word' id='word_1_21' title='bbox 3310 783 3563 847; x_wconf 86' lang='lat' dir='ltr'><strong>videtur</strong></span> <span class='ocrx_word' id='word_1_22' title='bbox 3598 783 3953 865; x_wconf 80' lang='lat' dir='ltr'><strong>propositio</strong></span> <span class='ocrx_word' id='word_1_23' title='bbox 3978 767 4021 806; x_wconf 53' lang='grc' dir='ltr'>ἰ</span> <span class='ocrx_word' id='word_1_24' title='bbox 4041 777 4076 806; x_wconf 86' lang='lat'><strong>⁸·</strong></span> 
     </span>
    </p>
   </div>
   <div class='ocr_carea' id='block_1_4' title="bbox 839 788 2340 1857">
    <p class='ocr_par' dir='ltr' id='par_1_4' title="bbox 841 788 2340 1446">
     <span class='ocr_line' id='line_1_5' title="bbox 844 788 2337 874; baseline -0.003 -22"><span class='ocrx_word' id='word_1_25' title='bbox 844 798 1176 853; x_wconf 85' lang='lat' dir='ltr'><strong>transeunt</strong></span> <span class='ocrx_word' id='word_1_26' title='bbox 1205 791 1270 854; x_wconf 89' lang='lat' dir='ltr'><strong>in</strong></span> <span class='ocrx_word' id='word_1_27' title='bbox 1301 810 1531 874; x_wconf 90' lang='lat' dir='ltr'><strong>corpus</strong></span> <span class='ocrx_word' id='word_1_28' title='bbox 1561 791 1842 854; x_wconf 90' lang='lat' dir='ltr'><strong>hominis</strong></span> <span class='ocrx_word' id='word_1_29' title='bbox 1872 788 2337 872; x_wconf 82' lang='lat' dir='ltr'><strong>praeexsistenS‚</strong></span> 
     </span>
     <span class='ocr_line' id='line_1_6' title="bbox 846 886 2339 972; baseline -0.001 -22"><span class='ocrx_word' id='word_1_30' title='bbox 846 889 939 951; x_wconf 93' lang='lat' dir='ltr'><strong>sic</strong></span> <span class='ocrx_word' id='word_1_31' title='bbox 988 890 1170 972; x_wconf 90' lang='lat' dir='ltr'><strong>panis</strong></span> <span class='ocrx_word' id='word_1_32' title='bbox 1214 890 1438 952; x_wconf 79' lang='lat' dir='ltr'><strong>transit</strong></span> <span class='ocrx_word' id='word_1_33' title='bbox 1479 891 1545 952; x_wconf 92' lang='lat' dir='ltr'><strong>in</strong></span> <span class='ocrx_word' id='word_1_34' title='bbox 1595 907 1825 972; x_wconf 86' lang='lat' dir='ltr'><strong>corpus</strong></span> <span class='ocrx_word' id='word_1_35' title='bbox 1869 887 2122 951; x_wconf 81' lang='lat' dir='ltr'><strong>Christi.</strong></span> <span class='ocrx_word' id='word_1_36' title='bbox 2164 886 2339 960; x_wconf 86' lang='lat' dir='ltr'><strong>Quod</strong></span> 
     </span>
     <span class='ocr_line' id='line_1_7' title="bbox 844 984 2337 1070; baseline -0.001 -22"><span class='ocrx_word' id='word_1_37' title='bbox 844 993 1057 1049; x_wconf 86' lang='lat' dir='ltr'><strong>tamen</strong></span> <span class='ocrx_word' id='word_1_38' title='bbox 1087 995 1184 1050; x_wconf 89' lang='lat' dir='ltr'><strong>est</strong></span> <span class='ocrx_word' id='word_1_39' title='bbox 1212 988 1442 1070; x_wconf 89' lang='lat' dir='ltr'><strong>partim</strong></span> <span class='ocrx_word' id='word_1_40' title='bbox 1473 987 1808 1060; x_wconf 77' lang='lat' dir='ltr'><strong>dissimile,</strong></span> <span class='ocrx_word' id='word_1_41' title='bbox 1827 987 1978 1069; x_wconf 89' lang='lat' dir='ltr'><strong>quia</strong></span> <span class='ocrx_word' id='word_1_42' title='bbox 2007 1003 2123 1067; x_wconf 91' lang='lat' dir='ltr'><strong>per</strong></span> <span class='ocrx_word' id='word_1_43' title='bbox 2153 984 2337 1046; x_wconf 86' lang='lat' dir='ltr'><strong>istam</strong></span> 
     </span>
     <span class='ocr_line' id='line_1_8' title="bbox 844 1084 2340 1168; baseline -0.003 -21"><span class='ocrx_word' id='word_1_44' title='bbox 844 1086 1325 1149; x_wconf 86' lang='lat' dir='ltr'><strong>conversionem</strong></span> <span class='ocrx_word' id='word_1_45' title='bbox 1373 1105 1605 1168; x_wconf 91' lang='lat' dir='ltr'><strong>corpus</strong></span> <span class='ocrx_word' id='word_1_46' title='bbox 1655 1084 1886 1149; x_wconf 85' lang='lat' dir='ltr'><strong>Christi</strong></span> <span class='ocrx_word' id='word_1_47' title='bbox 1934 1100 2340 1166; x_wconf 79' lang='lat' dir='ltr'><strong>nequaquam</strong></span> 
     </span>
     <span class='ocr_line' id='line_1_9' title="bbox 844 1182 2338 1266; baseline -0.002 -22"><span class='ocrx_word' id='word_1_48' title='bbox 844 1190 1110 1263; x_wconf 85' lang='lat' dir='ltr'><strong>augetur</strong></span> <span class='ocrx_word' id='word_1_49' title='bbox 1156 1201 1364 1266; x_wconf 90' lang='lat' dir='ltr'><strong>neque</strong></span> <span class='ocrx_word' id='word_1_50' title='bbox 1412 1190 1713 1245; x_wconf 88' lang='lat' dir='ltr'><strong>mutatur.</strong></span> <span class='ocrx_word' id='word_1_51' title='bbox 1748 1218 1828 1226; x_wconf 94' lang='lat'>—</span> <span class='ocrx_word' id='word_1_52' title='bbox 1865 1182 2036 1244; x_wconf 86' lang='lat' dir='ltr'><strong>Hanc</strong></span> <span class='ocrx_word' id='word_1_53' title='bbox 2081 1197 2338 1261; x_wconf 90' lang='lat' dir='ltr'><strong>respon-</strong></span> 
     </span>
     <span class='ocr_line' id='line_1_10' title="bbox 843 1277 2339 1363; baseline -0.001 -21"><span class='ocrx_word' id='word_1_54' title='bbox 843 1280 1089 1344; x_wconf 90' lang='lat' dir='ltr'><strong>sionem</strong></span> <span class='ocrx_word' id='word_1_55' title='bbox 1130 1281 1358 1362; x_wconf 83' lang='lat' dir='ltr'><strong>allegat</strong></span> <span class='ocrx_word' id='word_1_56' title='bbox 1393 1289 1458 1344; x_wconf 87' lang='lat' dir='ltr'><strong>et</strong></span> <span class='ocrx_word' id='word_1_57' title='bbox 1493 1280 1804 1363; x_wconf 83' lang='lat' dir='ltr'><strong>approbat</strong></span> <span class='ocrx_word' id='word_1_58' title='bbox 1841 1280 1908 1341; x_wconf 91' lang='lat' dir='ltr'><strong>in</strong></span> <span class='ocrx_word' id='word_1_59' title='bbox 1946 1277 2339 1353; x_wconf 88' lang='lat' dir='ltr'><strong>Quodlibetis</strong></span> 
     </span>
     <span class='ocr_line' id='line_1_11' title="bbox 841 1381 1170 1446; baseline -0.006 -2"><span class='ocrx_word' id='word_1_60' title='bbox 841 1381 1170 1446; x_wconf 88' lang='lat' dir='ltr'><strong>Henricus.</strong></span> 
     </span>
    </p>

    <p class='ocr_par' dir='ltr' id='par_1_5' title="bbox 839 1477 2339 1857">
     <span class='ocr_line' id='line_1_12' title="bbox 921 1477 2333 1563; baseline -0.003 -21"><span class='ocrx_word' id='word_1_61' title='bbox 921 1481 1000 1542; x_wconf 83' lang='lat' dir='ltr'><strong>At</strong></span> <span class='ocrx_word' id='word_1_62' title='bbox 1036 1499 1188 1544; x_wconf 88' lang='lat' dir='ltr'><strong>vero</strong></span> <span class='ocrx_word' id='word_1_63' title='bbox 1226 1481 1494 1545; x_wconf 90' lang='lat' dir='ltr'><strong>Thomas</strong></span> <span class='ocrx_word' id='word_1_64' title='bbox 1536 1480 1789 1563; x_wconf 89' lang='lat' dir='ltr'><strong>plenius</strong></span> <span class='ocrx_word' id='word_1_65' title='bbox 1827 1479 1933 1541; x_wconf 92' lang='lat' dir='ltr'><strong>hic</strong></span> <span class='ocrx_word' id='word_1_66' title='bbox 1971 1477 2333 1561; x_wconf 88' lang='lat' dir='ltr'><strong>respondet,</strong></span> 
     </span>
     <span class='ocr_line' id='line_1_13' title="bbox 841 1575 2339 1662; baseline -0.003 -22"><span class='ocrx_word' id='word_1_67' title='bbox 841 1587 905 1640; x_wconf 90' lang='lat' dir='ltr'><strong>et</strong></span> <span class='ocrx_word' id='word_1_68' title='bbox 947 1580 1154 1662; x_wconf 89' lang='lat' dir='ltr'><strong>primo</strong></span> <span class='ocrx_word' id='word_1_69' title='bbox 1204 1580 1280 1641; x_wconf 92' lang='lat' dir='ltr'><strong>ad</strong></span> <span class='ocrx_word' id='word_1_70' title='bbox 1333 1580 1522 1654; x_wconf 91' lang='lat' dir='ltr'><strong>istud,</strong></span> <span class='ocrx_word' id='word_1_71' title='bbox 1569 1586 1784 1641; x_wconf 91' lang='lat' dir='ltr'><strong>utrum</strong></span> <span class='ocrx_word' id='word_1_72' title='bbox 1837 1577 2169 1642; x_wconf 83' lang='lat' dir='ltr'><strong>conversio</strong></span> <span class='ocrx_word' id='word_1_73' title='bbox 2218 1575 2339 1638; x_wconf 86' lang='lat' dir='ltr'><strong>ista</strong></span> 
     </span>
     <span class='ocr_line' id='line_1_14' title="bbox 840 1675 2337 1760; baseline -0.002 -22"><span class='ocrx_word' id='word_1_74' title='bbox 840 1678 1114 1759; x_wconf 81' lang='lat' dir='ltr'><strong>exprimi</strong></span> <span class='ocrx_word' id='word_1_75' title='bbox 1159 1677 1360 1760; x_wconf 89' lang='lat' dir='ltr'><strong>possit</strong></span> <span class='ocrx_word' id='word_1_76' title='bbox 1401 1696 1516 1759; x_wconf 89' lang='lat' dir='ltr'><strong>per</strong></span> <span class='ocrx_word' id='word_1_77' title='bbox 1554 1677 1823 1739; x_wconf 89' lang='lat' dir='ltr'><strong>verbum</strong></span> <span class='ocrx_word' id='word_1_78' title='bbox 1865 1675 2337 1738; x_wconf 86' lang='lat' dir='ltr'><strong>substantivum</strong></span> 
     </span>
     <span class='ocr_line' id='line_1_15' title="bbox 839 1772 2339 1857; baseline -0.001 -21"><span class='ocrx_word' id='word_1_79' title='bbox 839 1775 1099 1838; x_wconf 87' lang='lat' dir='ltr'><strong>alterius</strong></span> <span class='ocrx_word' id='word_1_80' title='bbox 1142 1774 1449 1857; x_wconf 87' lang='lat' dir='ltr'><strong>temporis</strong></span> <span class='ocrx_word' id='word_1_81' title='bbox 1491 1792 1681 1856; x_wconf 89' lang='lat' dir='ltr'><strong>quam</strong></span> <span class='ocrx_word' id='word_1_82' title='bbox 1727 1772 2076 1856; x_wconf 82' lang='lat' dir='ltr'><strong>praesentiS,</strong></span> <span class='ocrx_word' id='word_1_83' title='bbox 2122 1772 2339 1834; x_wconf 89' lang='lat' dir='ltr'><strong>dicen—</strong></span> 
     </span>
    </p>
   </div>
   <div class='ocr_carea' id='block_1_5' title="bbox 1509 515 3285 578">
    <p class='ocr_par' dir='ltr' id='par_1_6' title="bbox 1509 515 3285 578">
     <span class='ocr_line' id='line_1_16' title="bbox 1509 515 3285 578; baseline -0.005 -10"><span class='ocrx_word' id='word_1_84' title='bbox 1509 523 1572 568; x_wconf 80' lang='grc' dir='ltr'><strong>ΙΝ</strong></span> <span class='ocrx_word' id='word_1_85' title='bbox 1612 523 1836 568; x_wconf 67' lang='lat' dir='ltr'><strong>LIBRUM</strong></span> <span class='ocrx_word' id='word_1_86' title='bbox 1876 520 1937 566; x_wconf 80' lang='lat' dir='ltr'><strong>lv</strong></span> <span class='ocrx_word' id='word_1_87' title='bbox 1979 516 2463 565; x_wconf 68' lang='lat' dir='ltr'><strong>SENTENTIAnmt.</strong></span> <span class='ocrx_word' id='word_1_88' title='bbox 2504 533 2585 544; x_wconf 89' lang='grc'>-</span> <span class='ocrx_word' id='word_1_89' title='bbox 2626 516 2778 561; x_wconf 85' lang='lat' dir='ltr'><strong>DIST.</strong></span> <span class='ocrx_word' id='word_1_90' title='bbox 2821 515 2927 578; x_wconf 78' lang='lat' dir='ltr'><strong>X13</strong></span> <span class='ocrx_word' id='word_1_91' title='bbox 2970 515 3196 572; x_wconf 71' lang='lat' dir='ltr'><strong>QUAEST.</strong></span> <span class='ocrx_word' id='word_1_92' title='bbox 3239 515 3285 560; x_wconf 85' lang='lat'><strong>11</strong></span> 
     </span>
    </p>
   </div>
   <div class='ocr_carea' id='block_1_6' title="bbox 2449 881 3954 1853">
    <p class='ocr_par' dir='ltr' id='par_1_7' title="bbox 2449 881 3954 1735">
     <span class='ocr_line' id='line_1_17' title="bbox 2453 881 3951 965; baseline 0 -20"><span class='ocrx_word' id='word_1_93' title='bbox 2453 884 2590 959; x_wconf 84' lang='lat' dir='ltr'><strong>ista,</strong></span> <span class='ocrx_word' id='word_1_94' title='bbox 2622 884 2798 958; x_wconf 90' lang='lat' dir='ltr'><strong>Quod</strong></span> <span class='ocrx_word' id='word_1_95' title='bbox 2837 891 2935 946; x_wconf 90' lang='grc' dir='ltr'><strong>θεῖ</strong></span> <span class='ocrx_word' id='word_1_96' title='bbox 2972 882 3094 946; x_wconf 91' lang='lat' dir='ltr'><strong>suh</strong></span> <span class='ocrx_word' id='word_1_97' title='bbox 3131 882 3468 965; x_wconf 81' lang='lat' dir='ltr'><strong>speciebus</strong></span> <span class='ocrx_word' id='word_1_98' title='bbox 3498 882 3704 965; x_wconf 90' lang='lat' dir='ltr'><strong>panis,</strong></span> <span class='ocrx_word' id='word_1_99' title='bbox 3738 881 3951 963; x_wconf 90' lang='lat' dir='ltr'><strong>primo</strong></span> 
     </span>
     <span class='ocr_line' id='line_1_18' title="bbox 2452 981 3950 1065; baseline 0 -21"><span class='ocrx_word' id='word_1_100' title='bbox 2452 982 2574 1045; x_wconf 82' lang='lat' dir='ltr'><strong>ruit</strong></span> <span class='ocrx_word' id='word_1_101' title='bbox 2612 983 2817 1065; x_wconf 81' lang='lat' dir='ltr'><strong>paniS‚</strong></span> <span class='ocrx_word' id='word_1_102' title='bbox 2844 989 2909 1044; x_wconf 87' lang='lat' dir='ltr'><strong>et</strong></span> <span class='ocrx_word' id='word_1_103' title='bbox 2945 989 3165 1064; x_wconf 87' lang='lat' dir='ltr'><strong>postea</strong></span> <span class='ocrx_word' id='word_1_104' title='bbox 3202 999 3435 1064; x_wconf 88' lang='lat' dir='ltr'><strong>corpus</strong></span> <span class='ocrx_word' id='word_1_105' title='bbox 3464 981 3719 1055; x_wconf 89' lang='lat' dir='ltr'><strong>Christi,</strong></span> <span class='ocrx_word' id='word_1_106' title='bbox 3752 1000 3950 1063; x_wconf 87' lang='lat' dir='ltr'><strong>quam</strong></span> 
     </span>
     <span class='ocr_line' id='line_1_19' title="bbox 2452 1079 3952 1161; baseline 0 -19"><span class='ocrx_word' id='word_1_107' title='bbox 2452 1079 2687 1144; x_wconf 91' lang='lat' dir='ltr'><strong>locutio</strong></span> <span class='ocrx_word' id='word_1_108' title='bbox 2726 1081 2835 1143; x_wconf 92' lang='lat' dir='ltr'><strong>illa</strong></span> <span class='ocrx_word' id='word_1_109' title='bbox 2869 1079 3211 1143; x_wconf 85' lang='lat' dir='ltr'><strong>Ambrosii.</strong></span> <span class='ocrx_word' id='word_1_110' title='bbox 3245 1080 3346 1142; x_wconf 93' lang='lat' dir='ltr'><strong>Nil</strong></span> <span class='ocrx_word' id='word_1_111' title='bbox 3384 1080 3559 1142; x_wconf 87' lang='lat' dir='ltr'><strong>enim</strong></span> <span class='ocrx_word' id='word_1_112' title='bbox 3598 1079 3952 1161; x_wconf 83' lang='lat' dir='ltr'><strong>assignabi—</strong></span> 
     </span>
     <span class='ocr_line' id='line_1_20' title="bbox 2453 1178 3954 1262; baseline 0 -22"><span class='ocrx_word' id='word_1_113' title='bbox 2453 1179 2509 1241; x_wconf 92' lang='lat' dir='ltr'><strong>le</strong></span> <span class='ocrx_word' id='word_1_114' title='bbox 2549 1180 2845 1261; x_wconf 89' lang='lat' dir='ltr'><strong>estquod</strong></span> <span class='ocrx_word' id='word_1_115' title='bbox 2886 1179 3094 1262; x_wconf 90' lang='lat' dir='ltr'><strong>primo</strong></span> <span class='ocrx_word' id='word_1_116' title='bbox 3123 1178 3246 1241; x_wconf 87' lang='lat' dir='ltr'><strong>fuit</strong></span> <span class='ocrx_word' id='word_1_117' title='bbox 3285 1178 3489 1260; x_wconf 81' lang='lat' dir='ltr'><strong>paniS,</strong></span> <span class='ocrx_word' id='word_1_118' title='bbox 3522 1186 3584 1241; x_wconf 85' lang='lat' dir='ltr'><strong>et</strong></span> <span class='ocrx_word' id='word_1_119' title='bbox 3614 1186 3834 1261; x_wconf 84' lang='lat' dir='ltr'><strong>postea</strong></span> <span class='ocrx_word' id='word_1_120' title='bbox 3872 1179 3954 1241; x_wconf 81' lang='lat' dir='ltr'><strong>sit</strong></span> 
     </span>
     <span class='ocr_line' id='line_1_21' title="bbox 2451 1276 3951 1361; baseline 0 -22"><span class='ocrx_word' id='word_1_121' title='bbox 2451 1297 2681 1361; x_wconf 90' lang='lat' dir='ltr'><strong>corpus</strong></span> <span class='ocrx_word' id='word_1_122' title='bbox 2735 1278 2985 1342; x_wconf 88' lang='lat' dir='ltr'><strong>Christi.</strong></span> <span class='ocrx_word' id='word_1_123' title='bbox 3038 1278 3183 1340; x_wconf 90' lang='lat' dir='ltr'><strong>Ideo</strong></span> <span class='ocrx_word' id='word_1_124' title='bbox 3241 1277 3477 1340; x_wconf 90' lang='lat' dir='ltr'><strong>locutio</strong></span> <span class='ocrx_word' id='word_1_125' title='bbox 3526 1278 3585 1341; x_wconf 92' lang='lat' dir='ltr'><strong>S.</strong></span> <span class='ocrx_word' id='word_1_126' title='bbox 3628 1276 3951 1340; x_wconf 87' lang='lat' dir='ltr'><strong>Ambrosii</strong></span> 
     </span>
     <span class='ocr_line' id='line_1_22' title="bbox 2450 1378 3953 1460; baseline 0.001 -20"><span class='ocrx_word' id='word_1_127' title='bbox 2450 1378 2704 1441; x_wconf 86' lang='lat' dir='ltr'><strong>videtur</strong></span> <span class='ocrx_word' id='word_1_128' title='bbox 2745 1378 2838 1440; x_wconf 93' lang='lat' dir='ltr'><strong>sic</strong></span> <span class='ocrx_word' id='word_1_129' title='bbox 2880 1378 3255 1460; x_wconf 84' lang='lat' dir='ltr'><strong>exponenda</strong></span> <span class='ocrx_word' id='word_1_130' title='bbox 3287 1395 3301 1440; x_wconf 90' lang='lat'>:</span> <span class='ocrx_word' id='word_1_131' title='bbox 3333 1378 3495 1440; x_wconf 85' lang='lat' dir='ltr'><strong>Ante</strong></span> <span class='ocrx_word' id='word_1_132' title='bbox 3534 1378 3953 1441; x_wconf 86' lang='lat' dir='ltr'><strong>consecratio—</strong></span> 
     </span>
     <span class='ocr_line' id='line_1_23' title="bbox 2452 1475 3953 1559; baseline 0 -21"><span class='ocrx_word' id='word_1_133' title='bbox 2452 1495 2597 1538; x_wconf 90' lang='lat' dir='ltr'><strong>nem</strong></span> <span class='ocrx_word' id='word_1_134' title='bbox 2632 1475 2756 1538; x_wconf 87' lang='lat' dir='ltr'><strong>fuit</strong></span> <span class='ocrx_word' id='word_1_135' title='bbox 2786 1476 2989 1558; x_wconf 81' lang='lat' dir='ltr'><strong>paniS,</strong></span> <span class='ocrx_word' id='word_1_136' title='bbox 3014 1483 3078 1538; x_wconf 90' lang='lat' dir='ltr'><strong>et</strong></span> <span class='ocrx_word' id='word_1_137' title='bbox 3108 1483 3249 1559; x_wconf 90' lang='lat' dir='ltr'><strong>post</strong></span> <span class='ocrx_word' id='word_1_138' title='bbox 3278 1476 3819 1539; x_wconf 86' lang='lat' dir='ltr'><strong>consecrationem</strong></span> <span class='ocrx_word' id='word_1_139' title='bbox 3852 1484 3953 1538; x_wconf 86' lang='lat' dir='ltr'><strong>est</strong></span> 
     </span>
     <span class='ocr_line' id='line_1_24' title="bbox 2450 1573 3950 1657; baseline 0.001 -22"><span class='ocrx_word' id='word_1_140' title='bbox 2450 1592 2681 1656; x_wconf 91' lang='lat' dir='ltr'><strong>corpus</strong></span> <span class='ocrx_word' id='word_1_141' title='bbox 2731 1574 2985 1648; x_wconf 87' lang='lat' dir='ltr'><strong>Christi,</strong></span> <span class='ocrx_word' id='word_1_142' title='bbox 3036 1573 3101 1635; x_wconf 91' lang='lat' dir='ltr'><strong>id</strong></span> <span class='ocrx_word' id='word_1_143' title='bbox 3148 1581 3265 1648; x_wconf 92' lang='lat' dir='ltr'><strong>est,</strong></span> <span class='ocrx_word' id='word_1_144' title='bbox 3318 1573 3383 1636; x_wconf 94' lang='lat' dir='ltr'><strong>in</strong></span> <span class='ocrx_word' id='word_1_145' title='bbox 3435 1590 3665 1657; x_wconf 88' lang='lat' dir='ltr'><strong>corpus</strong></span> <span class='ocrx_word' id='word_1_146' title='bbox 3714 1574 3950 1637; x_wconf 87' lang='lat' dir='ltr'><strong>Christi</strong></span> 
     </span>
     <span class='ocr_line' id='line_1_25' title="bbox 2449 1680 2949 1735; baseline -0.004 0"><span class='ocrx_word' id='word_1_147' title='bbox 2449 1689 2793 1735; x_wconf 88' lang='lat' dir='ltr'><strong>conversus</strong></span> <span class='ocrx_word' id='word_1_148' title='bbox 2835 1680 2949 1735; x_wconf 87' lang='grc' dir='ltr'>θεῖ.</span> 
     </span>
    </p>

    <p class='ocr_par' dir='ltr' id='par_1_8' title="bbox 2530 1770 3944 1853">
     <span class='ocr_line' id='line_1_26' title="bbox 2530 1770 3944 1853; baseline 0.001 -20"><span class='ocrx_word' id='word_1_149' title='bbox 2530 1770 2718 1833; x_wconf 90' lang='lat' dir='ltr'><strong>Porro</strong></span> <span class='ocrx_word' id='word_1_150' title='bbox 2760 1789 2960 1853; x_wconf 90' lang='lat' dir='ltr'><strong>quum</strong></span> <span class='ocrx_word' id='word_1_151' title='bbox 3003 1770 3329 1852; x_wconf 81' lang='lat' dir='ltr'><strong>quaeritur,</strong></span> <span class='ocrx_word' id='word_1_152' title='bbox 3360 1789 3441 1832; x_wconf 86' lang='lat' dir='ltr'><strong>an</strong></span> <span class='ocrx_word' id='word_1_153' title='bbox 3488 1770 3607 1832; x_wconf 88' lang='lat' dir='ltr'><strong>ista</strong></span> <span class='ocrx_word' id='word_1_154' title='bbox 3648 1772 3730 1834; x_wconf 89' lang='lat' dir='ltr'><strong>sit</strong></span> <span class='ocrx_word' id='word_1_155' title='bbox 3769 1791 3944 1847; x_wconf 83' lang='lat' dir='ltr'><strong>vera,</strong></span> 
     </span>
    </p>
   </div>
   <div class='ocr_carea' id='block_1_7' title="bbox 839 1867 3947 1956">
    <p class='ocr_par' dir='ltr' id='par_1_9' title="bbox 839 1867 3947 1956">
     <span class='ocr_line' id='line_1_27' title="bbox 839 1867 3947 1956; baseline -0.001 -21"><span class='ocrx_word' id='word_1_156' title='bbox 839 1873 940 1948; x_wconf 88' lang='lat' dir='ltr'><strong>dc,</strong></span> <span class='ocrx_word' id='word_1_157' title='bbox 993 1874 1170 1947; x_wconf 89' lang='lat' dir='ltr'><strong>Quod</strong></span> <span class='ocrx_word' id='word_1_158' title='bbox 1219 1881 1316 1936; x_wconf 92' lang='lat' dir='ltr'><strong>est</strong></span> <span class='ocrx_word' id='word_1_159' title='bbox 1361 1874 1568 1956; x_wconf 81' lang='lat' dir='ltr'><strong>paniS,</strong></span> <span class='ocrx_word' id='word_1_160' title='bbox 1615 1872 1736 1934; x_wconf 89' lang='lat' dir='ltr'><strong>erit</strong></span> <span class='ocrx_word' id='word_1_161' title='bbox 1785 1889 2015 1954; x_wconf 90' lang='lat' dir='ltr'><strong>corpus</strong></span> <span class='ocrx_word' id='word_1_162' title='bbox 2064 1870 2334 1948; x_wconf 90' lang='lat' dir='ltr'><strong>Christi;</strong></span> <span class='ocrx_word' id='word_1_163' title='bbox 2370 1867 2417 1930; x_wconf 95' lang='lat' dir='ltr'><strong>B</strong></span> <span class='ocrx_word' id='word_1_164' title='bbox 2451 1868 2633 1931; x_wconf 91' lang='lat' dir='ltr'><strong>Panis</strong></span> <span class='ocrx_word' id='word_1_165' title='bbox 2676 1867 2755 1930; x_wconf 83' lang='lat' dir='ltr'><strong>fit</strong></span> <span class='ocrx_word' id='word_1_166' title='bbox 2795 1886 3027 1950; x_wconf 88' lang='lat' dir='ltr'><strong>corpus</strong></span> <span class='ocrx_word' id='word_1_167' title='bbox 3072 1869 3324 1943; x_wconf 89' lang='lat' dir='ltr'><strong>Christi,</strong></span> <span class='ocrx_word' id='word_1_168' title='bbox 3367 1868 3637 1932; x_wconf 87' lang='lat' dir='ltr'><strong>Thomas</strong></span> <span class='ocrx_word' id='word_1_169' title='bbox 3685 1888 3947 1952; x_wconf 90' lang='lat' dir='ltr'><strong>respon-</strong></span> 
     </span>
    </p>
   </div>
   <div class='ocr_carea' id='block_1_8' title="bbox 832 1969 2339 3036">
    <p class='ocr_par' dir='ltr' id='par_1_10' title="bbox 832 1969 2339 3036">
     <span class='ocr_line' id='line_1_28' title="bbox 838 1969 2333 2053; baseline -0.002 -20"><span class='ocrx_word' id='word_1_170' title='bbox 838 1971 963 2045; x_wconf 88' lang='lat' dir='ltr'><strong>vel‚</strong></span> <span class='ocrx_word' id='word_1_171' title='bbox 1004 1971 1180 2045; x_wconf 90' lang='lat' dir='ltr'><strong>Quod</strong></span> <span class='ocrx_word' id='word_1_172' title='bbox 1222 1979 1318 2033; x_wconf 91' lang='lat' dir='ltr'><strong>est</strong></span> <span class='ocrx_word' id='word_1_173' title='bbox 1366 1989 1595 2053; x_wconf 87' lang='lat' dir='ltr'><strong>corpus</strong></span> <span class='ocrx_word' id='word_1_174' title='bbox 1640 1970 1870 2034; x_wconf 89' lang='lat' dir='ltr'><strong>Christi</strong></span> <span class='ocrx_word' id='word_1_175' title='bbox 1920 1969 2044 2031; x_wconf 87' lang='lat' dir='ltr'><strong>fuit</strong></span> <span class='ocrx_word' id='word_1_176' title='bbox 2093 1969 2275 2051; x_wconf 92' lang='lat' dir='ltr'><strong>panis</strong></span> <span class='ocrx_word' id='word_1_177' title='bbox 2318 1985 2333 2030; x_wconf 76' lang='lat' dir='ltr'><strong>t</strong></span> 
     </span>
     <span class='ocr_line' id='line_1_29' title="bbox 837 2067 2336 2151; baseline -0.001 -21"><span class='ocrx_word' id='word_1_178' title='bbox 837 2069 981 2132; x_wconf 86' lang='lat' dir='ltr'><strong>Haec</strong></span> <span class='ocrx_word' id='word_1_179' title='bbox 1009 2069 1366 2151; x_wconf 86' lang='lat' dir='ltr'><strong>(inquiens)</strong></span> <span class='ocrx_word' id='word_1_180' title='bbox 1399 2068 1731 2131; x_wconf 88' lang='lat' dir='ltr'><strong>conversio</strong></span> <span class='ocrx_word' id='word_1_181' title='bbox 1775 2068 1994 2130; x_wconf 79' lang='lat' dir='ltr'><strong>differt</strong></span> <span class='ocrx_word' id='word_1_182' title='bbox 2036 2067 2117 2130; x_wconf 87' lang='lat' dir='ltr'><strong>ab</strong></span> <span class='ocrx_word' id='word_1_183' title='bbox 2160 2067 2336 2130; x_wconf 89' lang='lat' dir='ltr'><strong>omni</strong></span> 
     </span>
     <span class='ocr_line' id='line_1_30' title="bbox 837 2164 2337 2248; baseline -0.001 -19"><span class='ocrx_word' id='word_1_184' title='bbox 837 2169 964 2230; x_wconf 87' lang='lat' dir='ltr'><strong>alia</strong></span> <span class='ocrx_word' id='word_1_185' title='bbox 1001 2168 1374 2241; x_wconf 91' lang='lat' dir='ltr'><strong>mutatione,</strong></span> <span class='ocrx_word' id='word_1_186' title='bbox 1409 2167 1560 2248; x_wconf 85' lang='lat' dir='ltr'><strong>quia</strong></span> <span class='ocrx_word' id='word_1_187' title='bbox 1605 2166 1670 2228; x_wconf 90' lang='lat' dir='ltr'><strong>in</strong></span> <span class='ocrx_word' id='word_1_188' title='bbox 1713 2167 1830 2228; x_wconf 81' lang='lat' dir='ltr'><strong>ista</strong></span> <span class='ocrx_word' id='word_1_189' title='bbox 1872 2183 1999 2228; x_wconf 90' lang='lat' dir='ltr'><strong>non</strong></span> <span class='ocrx_word' id='word_1_190' title='bbox 2039 2173 2136 2228; x_wconf 98' lang='grc' dir='ltr'><strong>θεῖ</strong></span> <span class='ocrx_word' id='word_1_191' title='bbox 2173 2164 2337 2228; x_wconf 86' lang='lat' dir='ltr'><strong>acci-</strong></span> 
     </span>
     <span class='ocr_line' id='line_1_31' title="bbox 839 2263 2339 2348; baseline -0.002 -20"><span class='ocrx_word' id='word_1_192' title='bbox 839 2284 992 2348; x_wconf 87' lang='lat' dir='ltr'><strong>pere</strong></span> <span class='ocrx_word' id='word_1_193' title='bbox 1021 2265 1386 2346; x_wconf 87' lang='lat' dir='ltr'><strong>subjectum</strong></span> <span class='ocrx_word' id='word_1_194' title='bbox 1417 2264 1905 2338; x_wconf 89' lang='lat' dir='ltr'><strong>commune,sed</strong></span> <span class='ocrx_word' id='word_1_195' title='bbox 1936 2263 2094 2326; x_wconf 89' lang='lat' dir='ltr'><strong>duos</strong></span> <span class='ocrx_word' id='word_1_196' title='bbox 2122 2264 2339 2326; x_wconf 86' lang='lat' dir='ltr'><strong>termi-</strong></span> 
     </span>
     <span class='ocr_line' id='line_1_32' title="bbox 839 2361 2339 2443; baseline -0.002 -17"><span class='ocrx_word' id='word_1_197' title='bbox 839 2383 954 2427; x_wconf 92' lang='lat' dir='ltr'><strong>nos</strong></span> <span class='ocrx_word' id='word_1_198' title='bbox 983 2371 1267 2443; x_wconf 86' lang='lat' dir='ltr'><strong>tantum3</strong></span> <span class='ocrx_word' id='word_1_199' title='bbox 1301 2363 1368 2425; x_wconf 92' lang='lat' dir='ltr'><strong>in</strong></span> <span class='ocrx_word' id='word_1_200' title='bbox 1397 2362 1572 2426; x_wconf 90' lang='lat' dir='ltr'><strong>omni</strong></span> <span class='ocrx_word' id='word_1_201' title='bbox 1603 2380 1755 2425; x_wconf 86' lang='lat' dir='ltr'><strong>vero</strong></span> <span class='ocrx_word' id='word_1_202' title='bbox 1783 2361 2055 2424; x_wconf 87' lang='lat' dir='ltr'><strong>naturali</strong></span> <span class='ocrx_word' id='word_1_203' title='bbox 2087 2362 2339 2424; x_wconf 77' lang='lat' dir='ltr'><strong>mutati-</strong></span> 
     </span>
     <span class='ocr_line' id='line_1_33' title="bbox 837 2460 2337 2542; baseline -0.001 -17"><span class='ocrx_word' id='word_1_204' title='bbox 837 2480 959 2526; x_wconf 92' lang='lat' dir='ltr'><strong>one</strong></span> <span class='ocrx_word' id='word_1_205' title='bbox 989 2468 1086 2524; x_wconf 89' lang='lat' dir='ltr'><strong>est</strong></span> <span class='ocrx_word' id='word_1_206' title='bbox 1113 2461 1479 2542; x_wconf 75' lang='lat' dir='ltr'><strong>subJectum</strong></span> <span class='ocrx_word' id='word_1_207' title='bbox 1509 2478 1868 2524; x_wconf 90' lang='lat' dir='ltr'><strong>commune.</strong></span> <span class='ocrx_word' id='word_1_208' title='bbox 1900 2460 2060 2522; x_wconf 87' lang='lat' dir='ltr'><strong>Hinc</strong></span> <span class='ocrx_word' id='word_1_209' title='bbox 2091 2467 2337 2523; x_wconf 79' lang='lat' dir='ltr'><strong>cunctae</strong></span> 
     </span>
     <span class='ocr_line' id='line_1_34' title="bbox 838 2559 2335 2642; baseline -0.003 -18"><span class='ocrx_word' id='word_1_210' title='bbox 838 2561 1188 2625; x_wconf 90' lang='lat' dir='ltr'><strong>locutiones</strong></span> <span class='ocrx_word' id='word_1_211' title='bbox 1245 2560 1676 2642; x_wconf 86' lang='lat' dir='ltr'><strong>exprimentes</strong></span> <span class='ocrx_word' id='word_1_212' title='bbox 1740 2559 2158 2622; x_wconf 84' lang='lat' dir='ltr'><strong>mutationem</strong></span> <span class='ocrx_word' id='word_1_213' title='bbox 2221 2577 2335 2640; x_wconf 89' lang='lat' dir='ltr'><strong>per</strong></span> 
     </span>
     <span class='ocr_line' id='line_1_35' title="bbox 836 2657 2332 2743; baseline -0.003 -20"><span class='ocrx_word' id='word_1_214' title='bbox 836 2679 1028 2743; x_wconf 91' lang='lat' dir='ltr'><strong>quam</strong></span> <span class='ocrx_word' id='word_1_215' title='bbox 1074 2660 1452 2742; x_wconf 86' lang='lat' dir='ltr'><strong>importatur</strong></span> <span class='ocrx_word' id='word_1_216' title='bbox 1492 2659 1648 2721; x_wconf 91' lang='lat' dir='ltr'><strong>ordo</strong></span> <span class='ocrx_word' id='word_1_217' title='bbox 1689 2657 1948 2720; x_wconf 90' lang='lat' dir='ltr'><strong>termini</strong></span> <span class='ocrx_word' id='word_1_218' title='bbox 1995 2657 2071 2719; x_wconf 85' lang='lat' dir='ltr'><strong>ad</strong></span> <span class='ocrx_word' id='word_1_219' title='bbox 2117 2657 2332 2719; x_wconf 89' lang='lat' dir='ltr'><strong>termi-</strong></span> 
     </span>
     <span class='ocr_line' id='line_1_36' title="bbox 835 2755 2328 2832; baseline -0.002 -11"><span class='ocrx_word' id='word_1_220' title='bbox 835 2778 1015 2832; x_wconf 90' lang='lat' dir='ltr'><strong>num,</strong></span> <span class='ocrx_word' id='word_1_221' title='bbox 1035 2757 1472 2821; x_wconf 88' lang='lat' dir='ltr'><strong>conceduntur</strong></span> <span class='ocrx_word' id='word_1_222' title='bbox 1502 2757 1568 2818; x_wconf 91' lang='lat' dir='ltr'><strong>in</strong></span> <span class='ocrx_word' id='word_1_223' title='bbox 1599 2755 1720 2818; x_wconf 89' lang='lat' dir='ltr'><strong>ista</strong></span> <span class='ocrx_word' id='word_1_224' title='bbox 1750 2755 2036 2829; x_wconf 86' lang='lat' dir='ltr'><strong>materia,</strong></span> <span class='ocrx_word' id='word_1_225' title='bbox 2060 2761 2131 2816; x_wconf 89' lang='lat' dir='ltr'><strong>ut</strong></span> <span class='ocrx_word' id='word_1_226' title='bbox 2160 2755 2328 2818; x_wconf 83' lang='lat' dir='ltr'><strong>haec:</strong></span> 
     </span>
     <span class='ocr_line' id='line_1_37' title="bbox 832 2852 2333 2936; baseline -0.001 -17"><span class='ocrx_word' id='word_1_227' title='bbox 832 2856 1017 2919; x_wconf 86' lang='lat' dir='ltr'><strong>Panis</strong></span> <span class='ocrx_word' id='word_1_228' title='bbox 1067 2855 1460 2919; x_wconf 89' lang='lat' dir='ltr'><strong>convertitur</strong></span> <span class='ocrx_word' id='word_1_229' title='bbox 1517 2854 1583 2916; x_wconf 90' lang='lat' dir='ltr'><strong>in</strong></span> <span class='ocrx_word' id='word_1_230' title='bbox 1635 2871 1866 2936; x_wconf 89' lang='lat' dir='ltr'><strong>corpus</strong></span> <span class='ocrx_word' id='word_1_231' title='bbox 1915 2852 2167 2916; x_wconf 90' lang='lat' dir='ltr'><strong>Christi.</strong></span> <span class='ocrx_word' id='word_1_232' title='bbox 2218 2854 2333 2917; x_wconf 91' lang='lat' dir='ltr'><strong>Lo-</strong></span> 
     </span>
     <span class='ocr_line' id='line_1_38' title="bbox 835 2951 2334 3036; baseline -0.001 -20"><span class='ocrx_word' id='word_1_233' title='bbox 835 2955 1124 3017; x_wconf 91' lang='lat' dir='ltr'><strong>cutiones</strong></span> <span class='ocrx_word' id='word_1_234' title='bbox 1155 2971 1307 3016; x_wconf 88' lang='lat' dir='ltr'><strong>vero</strong></span> <span class='ocrx_word' id='word_1_235' title='bbox 1346 2973 1488 3036; x_wconf 81' lang='lat' dir='ltr'><strong>quae</strong></span> <span class='ocrx_word' id='word_1_236' title='bbox 1527 2952 1897 3035; x_wconf 86' lang='lat' dir='ltr'><strong>exprimunt</strong></span> <span class='ocrx_word' id='word_1_237' title='bbox 1938 2951 2334 3015; x_wconf 87' lang='lat' dir='ltr'><strong>identitatem</strong></span> 
     </span>
    </p>
   </div>
   <div class='ocr_carea' id='block_1_9' title="bbox 2442 1966 3951 3034">
    <p class='ocr_par' dir='ltr' id='par_1_11' title="bbox 2442 1966 3951 3034">
     <span class='ocr_line' id='line_1_39' title="bbox 2449 1966 3947 2051; baseline 0.002 -23"><span class='ocrx_word' id='word_1_238' title='bbox 2449 1966 2555 2028; x_wconf 89' lang='lat' dir='ltr'><strong>det</strong></span> <span class='ocrx_word' id='word_1_239' title='bbox 2590 1987 2604 2030; x_wconf 92' lang='lat'><strong>:</strong></span> <span class='ocrx_word' id='word_1_240' title='bbox 2638 1967 2847 2040; x_wconf 89' lang='lat' dir='ltr'><strong>Quum</strong></span> <span class='ocrx_word' id='word_1_241' title='bbox 2891 1966 3147 2041; x_wconf 85' lang='lat' dir='ltr'><strong>dicitur,</strong></span> <span class='ocrx_word' id='word_1_242' title='bbox 3188 1966 3318 2030; x_wconf 89' lang='lat' dir='ltr'><strong>Hoc</strong></span> <span class='ocrx_word' id='word_1_243' title='bbox 3367 1966 3443 2029; x_wconf 81' lang='lat' dir='ltr'><strong>fit</strong></span> <span class='ocrx_word' id='word_1_244' title='bbox 3488 1967 3668 2042; x_wconf 92' lang='lat' dir='ltr'><strong>illud,</strong></span> <span class='ocrx_word' id='word_1_245' title='bbox 3711 1968 3774 2051; x_wconf 80' lang='lat' dir='ltr'><strong>ly</strong></span> <span class='ocrx_word' id='word_1_246' title='bbox 3823 1968 3947 2032; x_wconf 86' lang='lat' dir='ltr'><strong>hoc</strong></span> 
     </span>
     <span class='ocr_line' id='line_1_40' title="bbox 2446 2064 3951 2148; baseline 0.001 -21"><span class='ocrx_word' id='word_1_247' title='bbox 2446 2083 2525 2127; x_wconf 83' lang='lat' dir='ltr'><strong>ex</strong></span> <span class='ocrx_word' id='word_1_248' title='bbox 2574 2065 2638 2128; x_wconf 91' lang='lat' dir='ltr'><strong>vi</strong></span> <span class='ocrx_word' id='word_1_249' title='bbox 2698 2064 3037 2129; x_wconf 86' lang='lat' dir='ltr'><strong>locutionis</strong></span> <span class='ocrx_word' id='word_1_250' title='bbox 3095 2065 3397 2148; x_wconf 90' lang='lat' dir='ltr'><strong>importat</strong></span> <span class='ocrx_word' id='word_1_251' title='bbox 3444 2065 3807 2148; x_wconf 84' lang='lat' dir='ltr'><strong>subjectum</strong></span> <span class='ocrx_word' id='word_1_252' title='bbox 3860 2067 3951 2129; x_wconf 82' lang='lat' dir='ltr'><strong>fa·</strong></span> 
     </span>
     <span class='ocr_line' id='line_1_41' title="bbox 2448 2155 3950 2246; baseline 0.001 -20"><span class='ocrx_word' id='word_1_253' title='bbox 2448 2163 2698 2238; x_wconf 81' lang='lat' dir='ltr'><strong>ctioniS,</strong></span> <span class='ocrx_word' id='word_1_254' title='bbox 2757 2163 2925 2244; x_wconf 90' lang='lat' dir='ltr'><strong>quod</strong></span> <span class='ocrx_word' id='word_1_255' title='bbox 2983 2155 3237 2246; x_wconf 77' lang='lat' dir='ltr'><strong>utrique</strong></span> <span class='ocrx_word' id='word_1_256' title='bbox 3291 2163 3567 2228; x_wconf 90' lang='lat' dir='ltr'><strong>termino</strong></span> <span class='ocrx_word' id='word_1_257' title='bbox 3622 2172 3720 2227; x_wconf 89' lang='lat' dir='ltr'><strong>est</strong></span> <span class='ocrx_word' id='word_1_258' title='bbox 3776 2161 3950 2228; x_wconf 86' lang='lat' dir='ltr'><strong>com-</strong></span> 
     </span>
     <span class='ocr_line' id='line_1_42' title="bbox 2448 2261 3943 2345; baseline 0.001 -20"><span class='ocrx_word' id='word_1_259' title='bbox 2448 2280 2642 2325; x_wconf 89' lang='lat' dir='ltr'><strong>mune</strong></span> <span class='ocrx_word' id='word_1_260' title='bbox 2676 2279 2690 2323; x_wconf 91' lang='lat'>:</span> <span class='ocrx_word' id='word_1_261' title='bbox 2726 2261 2868 2324; x_wconf 90' lang='lat' dir='ltr'><strong>ideo</strong></span> <span class='ocrx_word' id='word_1_262' title='bbox 2911 2279 3040 2324; x_wconf 92' lang='lat' dir='ltr'><strong>non</strong></span> <span class='ocrx_word' id='word_1_263' title='bbox 3084 2269 3181 2324; x_wconf 90' lang='lat' dir='ltr'><strong>est</strong></span> <span class='ocrx_word' id='word_1_264' title='bbox 3219 2263 3475 2345; x_wconf 89' lang='lat' dir='ltr'><strong>proprie</strong></span> <span class='ocrx_word' id='word_1_265' title='bbox 3516 2263 3943 2327; x_wconf 89' lang='lat' dir='ltr'><strong>concedenda.</strong></span> 
     </span>
     <span class='ocr_line' id='line_1_43' title="bbox 2444 2360 3951 2443; baseline 0.001 -20"><span class='ocrx_word' id='word_1_266' title='bbox 2444 2396 2526 2405; x_wconf 94' lang='lat'><strong>—-</strong></span> <span class='ocrx_word' id='word_1_267' title='bbox 2572 2360 2685 2424; x_wconf 92' lang='lat' dir='ltr'><strong>Cui</strong></span> <span class='ocrx_word' id='word_1_268' title='bbox 2744 2360 3143 2443; x_wconf 88' lang='lat' dir='ltr'><strong>responsioni</strong></span> <span class='ocrx_word' id='word_1_269' title='bbox 3191 2360 3495 2441; x_wconf 88' lang='lat' dir='ltr'><strong>objicitur</strong></span> <span class='ocrx_word' id='word_1_270' title='bbox 3551 2362 3951 2443; x_wconf 81' lang='lat' dir='ltr'><strong>praeinducta</strong></span> 
     </span>
     <span class='ocr_line' id='line_1_44' title="bbox 2442 2458 3951 2542; baseline 0.003 -23"><span class='ocrx_word' id='word_1_271' title='bbox 2442 2458 2982 2522; x_wconf 83' lang='lat' dir='ltr'><strong>Antisiodorensis</strong></span> <span class='ocrx_word' id='word_1_272' title='bbox 3011 2459 3374 2541; x_wconf 91' lang='lat' dir='ltr'><strong>responsio;</strong></span> <span class='ocrx_word' id='word_1_273' title='bbox 3406 2467 3469 2522; x_wconf 93' lang='grc' dir='ltr'><strong>θῖ</strong></span> <span class='ocrx_word' id='word_1_274' title='bbox 3502 2459 3773 2542; x_wconf 88' lang='lat' dir='ltr'><strong>ipsemet</strong></span> <span class='ocrx_word' id='word_1_275' title='bbox 3806 2479 3951 2523; x_wconf 88' lang='lat' dir='ltr'><strong>san—</strong></span> 
     </span>
     <span class='ocr_line' id='line_1_45' title="bbox 2448 2556 3949 2640; baseline 0.003 -23"><span class='ocrx_word' id='word_1_276' title='bbox 2448 2564 2587 2618; x_wconf 88' lang='lat' dir='ltr'><strong>ctus</strong></span> <span class='ocrx_word' id='word_1_277' title='bbox 2628 2557 2856 2620; x_wconf 90' lang='lat' dir='ltr'><strong>Doctor</strong></span> <span class='ocrx_word' id='word_1_278' title='bbox 2893 2556 3055 2618; x_wconf 84' lang='lat' dir='ltr'><strong>dixit</strong></span> <span class='ocrx_word' id='word_1_279' title='bbox 3094 2557 3161 2618; x_wconf 90' lang='lat' dir='ltr'><strong>in</strong></span> <span class='ocrx_word' id='word_1_280' title='bbox 3200 2557 3438 2640; x_wconf 80' lang='lat' dir='ltr'><strong>hymno</strong></span> <span class='ocrx_word' id='word_1_281' title='bbox 3472 2558 3550 2620; x_wconf 89' lang='lat' dir='ltr'><strong>de</strong></span> <span class='ocrx_word' id='word_1_282' title='bbox 3580 2558 3949 2622; x_wconf 87' lang='lat' dir='ltr'><strong>Sacramen-</strong></span> 
     </span>
     <span class='ocr_line' id='line_1_46' title="bbox 2446 2655 3951 2738; baseline 0.003 -22"><span class='ocrx_word' id='word_1_283' title='bbox 2446 2663 2550 2718; x_wconf 88' lang='lat' dir='ltr'><strong>to:</strong></span> <span class='ocrx_word' id='word_1_284' title='bbox 2583 2655 2863 2718; x_wconf 88' lang='lat' dir='ltr'><strong>Verbum</strong></span> <span class='ocrx_word' id='word_1_285' title='bbox 2894 2673 3041 2718; x_wconf 87' lang='lat' dir='ltr'><strong>caro</strong></span> <span class='ocrx_word' id='word_1_286' title='bbox 3070 2675 3300 2738; x_wconf 87' lang='lat' dir='ltr'><strong>panem</strong></span> <span class='ocrx_word' id='word_1_287' title='bbox 3331 2675 3554 2719; x_wconf 89' lang='lat' dir='ltr'><strong>verum</strong></span> <span class='ocrx_word' id='word_1_288' title='bbox 3586 2657 3785 2721; x_wconf 88' lang='lat' dir='ltr'><strong>verbo</strong></span> <span class='ocrx_word' id='word_1_289' title='bbox 3812 2677 3951 2721; x_wconf 88' lang='lat' dir='ltr'><strong>car-</strong></span> 
     </span>
     <span class='ocr_line' id='line_1_47' title="bbox 2447 2753 3944 2837; baseline 0.003 -21"><span class='ocrx_word' id='word_1_290' title='bbox 2447 2773 2596 2817; x_wconf 92' lang='lat' dir='ltr'><strong>nem</strong></span> <span class='ocrx_word' id='word_1_291' title='bbox 2627 2753 2854 2829; x_wconf 78' lang='lat' dir='ltr'><strong>efficit,</strong></span> <span class='ocrx_word' id='word_1_292' title='bbox 2878 2755 3081 2837; x_wconf 84' lang='lat' dir='ltr'><strong>l&#39;itque</strong></span> <span class='ocrx_word' id='word_1_293' title='bbox 3112 2755 3370 2836; x_wconf 82' lang='lat' dir='ltr'><strong>sanguis</strong></span> <span class='ocrx_word' id='word_1_294' title='bbox 3400 2755 3629 2818; x_wconf 89' lang='lat' dir='ltr'><strong>Christi</strong></span> <span class='ocrx_word' id='word_1_295' title='bbox 3664 2775 3944 2834; x_wconf 90' lang='lat' dir='ltr'><strong>merum,</strong></span> 
     </span>
     <span class='ocr_line' id='line_1_48' title="bbox 2445 2853 3947 2926; baseline 0.002 -11"><span class='ocrx_word' id='word_1_296' title='bbox 2445 2860 2565 2916; x_wconf 91' lang='lat' dir='ltr'><strong>etc.</strong></span> <span class='ocrx_word' id='word_1_297' title='bbox 2619 2853 2917 2926; x_wconf 86' lang='lat' dir='ltr'><strong>Quamvis</strong></span> <span class='ocrx_word' id='word_1_298' title='bbox 2964 2861 3180 2916; x_wconf 89' lang='lat' dir='ltr'><strong>autem</strong></span> <span class='ocrx_word' id='word_1_299' title='bbox 3228 2853 3293 2916; x_wconf 90' lang='lat' dir='ltr'><strong>in</strong></span> <span class='ocrx_word' id='word_1_300' title='bbox 3343 2853 3619 2919; x_wconf 86' lang='lat' dir='ltr'><strong>factione</strong></span> <span class='ocrx_word' id='word_1_301' title='bbox 3665 2857 3947 2919; x_wconf 86' lang='lat' dir='ltr'><strong>naturali</strong></span> 
     </span>
     <span class='ocr_line' id='line_1_49' title="bbox 2445 2951 3951 3034; baseline 0.003 -22"><span class='ocrx_word' id='word_1_302' title='bbox 2445 2951 2810 3032; x_wconf 89' lang='lat' dir='ltr'><strong>subjectum</strong></span> <span class='ocrx_word' id='word_1_303' title='bbox 2868 2951 3167 3014; x_wconf 81' lang='lat' dir='ltr'><strong>factionis</strong></span> <span class='ocrx_word' id='word_1_304' title='bbox 3224 2952 3479 3034; x_wconf 91' lang='lat' dir='ltr'><strong>utrique</strong></span> <span class='ocrx_word' id='word_1_305' title='bbox 3526 2954 3803 3017; x_wconf 89' lang='lat' dir='ltr'><strong>termino</strong></span> <span class='ocrx_word' id='word_1_306' title='bbox 3862 2955 3951 3018; x_wconf 93' lang='lat' dir='ltr'><strong>sit</strong></span> 
     </span>
    </p>
   </div>
   <div class='ocr_carea' id='block_1_10' title="bbox 835 3049 3948 3135">
    <p class='ocr_par' dir='ltr' id='par_1_12' title="bbox 835 3049 3948 3135">
     <span class='ocr_line' id='line_1_50' title="bbox 835 3049 3948 3135; baseline 0 -19"><span class='ocrx_word' id='word_1_307' title='bbox 835 3053 1134 3135; x_wconf 89' lang='lat' dir='ltr'><strong>subjecti,</strong></span> <span class='ocrx_word' id='word_1_308' title='bbox 1187 3070 1314 3116; x_wconf 90' lang='lat' dir='ltr'><strong>non</strong></span> <span class='ocrx_word' id='word_1_309' title='bbox 1373 3058 1523 3114; x_wconf 88' lang='lat' dir='ltr'><strong>sunt</strong></span> <span class='ocrx_word' id='word_1_310' title='bbox 1574 3049 1830 3134; x_wconf 90' lang='lat' dir='ltr'><strong>proprie</strong></span> <span class='ocrx_word' id='word_1_311' title='bbox 1887 3051 2327 3114; x_wconf 73' lang='lat' dir='ltr'><strong>concedendae.</strong></span> <span class='ocrx_word' id='word_1_312' title='bbox 2362 3049 2406 3113; x_wconf 92' lang='lat' dir='ltr'><strong>C</strong></span> <span class='ocrx_word' id='word_1_313' title='bbox 2444 3066 2807 3125; x_wconf 89' lang='lat' dir='ltr'><strong>commune,</strong></span> <span class='ocrx_word' id='word_1_314' title='bbox 2840 3067 2967 3112; x_wconf 91' lang='lat' dir='ltr'><strong>non</strong></span> <span class='ocrx_word' id='word_1_315' title='bbox 3006 3058 3222 3113; x_wconf 88' lang='lat' dir='ltr'><strong>tamen</strong></span> <span class='ocrx_word' id='word_1_316' title='bbox 3262 3050 3328 3112; x_wconf 90' lang='lat' dir='ltr'><strong>in</strong></span> <span class='ocrx_word' id='word_1_317' title='bbox 3367 3050 3645 3116; x_wconf 88' lang='lat' dir='ltr'><strong>factione</strong></span> <span class='ocrx_word' id='word_1_318' title='bbox 3680 3052 3799 3115; x_wconf 89' lang='lat' dir='ltr'><strong>hac</strong></span> <span class='ocrx_word' id='word_1_319' title='bbox 3838 3074 3948 3116; x_wconf 91' lang='lat' dir='ltr'><strong>su-</strong></span> 
     </span>
    </p>
   </div>
   <div class='ocr_carea' id='block_1_11' title="bbox 828 3150 2333 4215">
    <p class='ocr_par' dir='ltr' id='par_1_13' title="bbox 828 3150 2333 4215">
     <span class='ocr_line' id='line_1_51' title="bbox 834 3150 2332 3235; baseline -0.001 -20"><span class='ocrx_word' id='word_1_320' title='bbox 834 3152 955 3215; x_wconf 90' lang='lat' dir='ltr'><strong>Sed</strong></span> <span class='ocrx_word' id='word_1_321' title='bbox 1005 3153 1156 3235; x_wconf 89' lang='lat' dir='ltr'><strong>quia</strong></span> <span class='ocrx_word' id='word_1_322' title='bbox 1207 3152 1271 3213; x_wconf 95' lang='lat' dir='ltr'><strong>in</strong></span> <span class='ocrx_word' id='word_1_323' title='bbox 1320 3151 1437 3213; x_wconf 88' lang='lat' dir='ltr'><strong>hac</strong></span> <span class='ocrx_word' id='word_1_324' title='bbox 1487 3150 1900 3213; x_wconf 87' lang='lat' dir='ltr'><strong>conversione</strong></span> <span class='ocrx_word' id='word_1_325' title='bbox 1947 3157 2042 3212; x_wconf 89' lang='lat' dir='ltr'><strong>est</strong></span> <span class='ocrx_word' id='word_1_326' title='bbox 2088 3150 2332 3232; x_wconf 88' lang='lat' dir='ltr'><strong>aliquid</strong></span> 
     </span>
     <span class='ocr_line' id='line_1_52' title="bbox 833 3248 2333 3331; baseline -0.001 -18"><span class='ocrx_word' id='word_1_327' title='bbox 833 3250 1046 3313; x_wconf 89' lang='lat' dir='ltr'><strong>simile</strong></span> <span class='ocrx_word' id='word_1_328' title='bbox 1078 3250 1413 3322; x_wconf 81' lang='lat' dir='ltr'><strong>identitati,</strong></span> <span class='ocrx_word' id='word_1_329' title='bbox 1448 3255 1602 3331; x_wconf 87' lang='lat' dir='ltr'><strong>puta</strong></span> <span class='ocrx_word' id='word_1_330' title='bbox 1631 3248 2056 3311; x_wconf 86' lang='lat' dir='ltr'><strong>communitas</strong></span> <span class='ocrx_word' id='word_1_331' title='bbox 2093 3249 2333 3330; x_wconf 90' lang='lat' dir='ltr'><strong>specie·</strong></span> 
     </span>
     <span class='ocr_line' id='line_1_53' title="bbox 833 3344 2329 3431; baseline -0.001 -20"><span class='ocrx_word' id='word_1_332' title='bbox 833 3368 979 3411; x_wconf 90' lang='lat' dir='ltr'><strong>rum</strong></span> <span class='ocrx_word' id='word_1_333' title='bbox 1018 3368 1160 3431; x_wconf 80' lang='lat' dir='ltr'><strong>quae</strong></span> <span class='ocrx_word' id='word_1_334' title='bbox 1200 3354 1458 3409; x_wconf 90' lang='lat' dir='ltr'><strong>manent</strong></span> <span class='ocrx_word' id='word_1_335' title='bbox 1495 3344 1846 3421; x_wconf 90' lang='lat' dir='ltr'><strong>hincinde,</strong></span> <span class='ocrx_word' id='word_1_336' title='bbox 1880 3346 2173 3428; x_wconf 90' lang='lat' dir='ltr'><strong>quamvis</strong></span> <span class='ocrx_word' id='word_1_337' title='bbox 2202 3364 2329 3409; x_wconf 92' lang='lat' dir='ltr'><strong>non</strong></span> 
     </span>
     <span class='ocr_line' id='line_1_54' title="bbox 832 3444 2330 3525; baseline -0.001 -16"><span class='ocrx_word' id='word_1_338' title='bbox 832 3447 962 3509; x_wconf 87' lang='lat' dir='ltr'><strong>sint</strong></span> <span class='ocrx_word' id='word_1_339' title='bbox 1010 3444 1444 3509; x_wconf 88' lang='lat' dir='ltr'><strong>conversionis</strong></span> <span class='ocrx_word' id='word_1_340' title='bbox 1493 3444 1688 3525; x_wconf 89' lang='lat' dir='ltr'><strong>hujus</strong></span> <span class='ocrx_word' id='word_1_341' title='bbox 1737 3444 2134 3525; x_wconf 73' lang='lat' dir='ltr'><strong>subJectum3</strong></span> <span class='ocrx_word' id='word_1_342' title='bbox 2188 3444 2330 3508; x_wconf 88' lang='lat' dir='ltr'><strong>ideo</strong></span> 
     </span>
     <span class='ocr_line' id='line_1_55' title="bbox 831 3542 2331 3608; baseline -0.001 -1"><span class='ocrx_word' id='word_1_343' title='bbox 831 3546 1025 3608; x_wconf 87' lang='lat' dir='ltr'><strong>etiam</strong></span> <span class='ocrx_word' id='word_1_344' title='bbox 1068 3544 1222 3606; x_wconf 86' lang='lat' dir='ltr'><strong>tales</strong></span> <span class='ocrx_word' id='word_1_345' title='bbox 1264 3543 1614 3606; x_wconf 88' lang='lat' dir='ltr'><strong>locutiones</strong></span> <span class='ocrx_word' id='word_1_346' title='bbox 1654 3542 1971 3605; x_wconf 88' lang='lat' dir='ltr'><strong>interdum</strong></span> <span class='ocrx_word' id='word_1_347' title='bbox 2008 3562 2044 3603; x_wconf 90' lang='lat' dir='ltr'><strong>a</strong></span> <span class='ocrx_word' id='word_1_348' title='bbox 2083 3543 2331 3606; x_wconf 89' lang='lat' dir='ltr'><strong>Sanctis</strong></span> 
     </span>
     <span class='ocr_line' id='line_1_56' title="bbox 831 3640 2329 3726; baseline -0.002 -19"><span class='ocrx_word' id='word_1_349' title='bbox 831 3650 982 3707; x_wconf 89' lang='lat' dir='ltr'><strong>sunt</strong></span> <span class='ocrx_word' id='word_1_350' title='bbox 1018 3643 1262 3726; x_wconf 81' lang='lat' dir='ltr'><strong>positae,</strong></span> <span class='ocrx_word' id='word_1_351' title='bbox 1296 3650 1366 3703; x_wconf 89' lang='lat' dir='ltr'><strong>ut</strong></span> <span class='ocrx_word' id='word_1_352' title='bbox 1403 3641 1700 3704; x_wconf 86' lang='lat' dir='ltr'><strong>identitas</strong></span> <span class='ocrx_word' id='word_1_353' title='bbox 1740 3658 1866 3704; x_wconf 91' lang='lat' dir='ltr'><strong>non</strong></span> <span class='ocrx_word' id='word_1_354' title='bbox 1905 3640 2219 3704; x_wconf 80' lang='lat' dir='ltr'><strong>referatur</strong></span> <span class='ocrx_word' id='word_1_355' title='bbox 2251 3642 2329 3704; x_wconf 92' lang='lat' dir='ltr'><strong>ad</strong></span> 
     </span>
     <span class='ocr_line' id='line_1_57' title="bbox 831 3740 2331 3824; baseline -0.001 -20"><span class='ocrx_word' id='word_1_356' title='bbox 831 3742 1218 3824; x_wconf 76' lang='lat' dir='ltr'><strong>subJectum,</strong></span> <span class='ocrx_word' id='word_1_357' title='bbox 1270 3740 1381 3802; x_wconf 91' lang='lat' dir='ltr'><strong>sed</strong></span> <span class='ocrx_word' id='word_1_358' title='bbox 1428 3740 1506 3802; x_wconf 92' lang='lat' dir='ltr'><strong>ad</strong></span> <span class='ocrx_word' id='word_1_359' title='bbox 1557 3740 1803 3822; x_wconf 90' lang='lat' dir='ltr'><strong>species</strong></span> <span class='ocrx_word' id='word_1_360' title='bbox 1851 3740 2126 3802; x_wconf 87' lang='lat' dir='ltr'><strong>easdem.</strong></span> <span class='ocrx_word' id='word_1_361' title='bbox 2184 3740 2331 3803; x_wconf 87' lang='lat' dir='ltr'><strong>Ideo</strong></span> 
     </span>
     <span class='ocr_line' id='line_1_58' title="bbox 830 3838 2328 3921; baseline -0.002 -17"><span class='ocrx_word' id='word_1_362' title='bbox 830 3841 986 3904; x_wconf 87' lang='lat' dir='ltr'><strong>tales</strong></span> <span class='ocrx_word' id='word_1_363' title='bbox 1018 3839 1370 3903; x_wconf 88' lang='lat' dir='ltr'><strong>locutiones</strong></span> <span class='ocrx_word' id='word_1_364' title='bbox 1401 3858 1601 3921; x_wconf 89' lang='lat' dir='ltr'><strong>quum</strong></span> <span class='ocrx_word' id='word_1_365' title='bbox 1634 3838 1763 3900; x_wconf 90' lang='lat' dir='ltr'><strong>sint</strong></span> <span class='ocrx_word' id='word_1_366' title='bbox 1792 3838 2181 3921; x_wconf 60' lang='lat' dir='ltr'><strong>impropriae,</strong></span> <span class='ocrx_word' id='word_1_367' title='bbox 2201 3856 2328 3901; x_wconf 90' lang='lat' dir='ltr'><strong>non</strong></span> 
     </span>
     <span class='ocr_line' id='line_1_59' title="bbox 831 3936 2327 4018; baseline -0.003 -16"><span class='ocrx_word' id='word_1_368' title='bbox 831 3945 980 4003; x_wconf 86' lang='lat' dir='ltr'><strong>sunt</strong></span> <span class='ocrx_word' id='word_1_369' title='bbox 1019 3937 1450 4001; x_wconf 66' lang='lat' dir='ltr'><strong>extendendae.</strong></span> <span class='ocrx_word' id='word_1_370' title='bbox 1486 3936 1822 4017; x_wconf 88' lang='lat' dir='ltr'><strong>Quumque</strong></span> <span class='ocrx_word' id='word_1_371' title='bbox 1863 3937 2211 4018; x_wconf 89' lang='lat' dir='ltr'><strong>propositio</strong></span> <span class='ocrx_word' id='word_1_372' title='bbox 2246 3936 2327 3999; x_wconf 91' lang='lat' dir='ltr'><strong>is-</strong></span> 
     </span>
     <span class='ocr_line' id='line_1_60' title="bbox 830 4033 2327 4120; baseline -0.003 -19"><span class='ocrx_word' id='word_1_373' title='bbox 830 4046 894 4101; x_wconf 86' lang='lat' dir='ltr'><strong>ta</strong></span> <span class='ocrx_word' id='word_1_374' title='bbox 921 4056 1063 4120; x_wconf 78' lang='lat' dir='ltr'><strong>quae</strong></span> <span class='ocrx_word' id='word_1_375' title='bbox 1092 4043 1210 4111; x_wconf 90' lang='grc' dir='ltr'>θεῖ,</span> <span class='ocrx_word' id='word_1_376' title='bbox 1229 4035 1357 4098; x_wconf 86' lang='grc' dir='ltr'><strong>Ηοθ</strong></span> <span class='ocrx_word' id='word_1_377' title='bbox 1388 4033 1512 4096; x_wconf 88' lang='lat' dir='ltr'><strong>fuit</strong></span> <span class='ocrx_word' id='word_1_378' title='bbox 1542 4033 1721 4108; x_wconf 91' lang='lat' dir='ltr'><strong>illud,</strong></span> <span class='ocrx_word' id='word_1_379' title='bbox 1737 4033 1856 4107; x_wconf 88' lang='lat' dir='ltr'><strong>vel,</strong></span> <span class='ocrx_word' id='word_1_380' title='bbox 1879 4034 2051 4107; x_wconf 89' lang='lat' dir='ltr'><strong>Quod</strong></span> <span class='ocrx_word' id='word_1_381' title='bbox 2081 4043 2179 4096; x_wconf 91' lang='lat' dir='ltr'><strong>est</strong></span> <span class='ocrx_word' id='word_1_382' title='bbox 2208 4035 2327 4097; x_wconf 90' lang='lat' dir='ltr'><strong>hoc</strong></span> 
     </span>
     <span class='ocr_line' id='line_1_61' title="bbox 828 4132 2326 4215; baseline -0.002 -17"><span class='ocrx_word' id='word_1_383' title='bbox 828 4136 951 4199; x_wconf 89' lang='lat' dir='ltr'><strong>erit</strong></span> <span class='ocrx_word' id='word_1_384' title='bbox 998 4135 1178 4208; x_wconf 92' lang='lat' dir='ltr'><strong>illud,</strong></span> <span class='ocrx_word' id='word_1_385' title='bbox 1231 4150 1528 4215; x_wconf 84' lang='lat' dir='ltr'><strong>expresse</strong></span> <span class='ocrx_word' id='word_1_386' title='bbox 1579 4132 1882 4214; x_wconf 90' lang='lat' dir='ltr'><strong>importet</strong></span> <span class='ocrx_word' id='word_1_387' title='bbox 1929 4132 2326 4195; x_wconf 86' lang='lat' dir='ltr'><strong>identitatem</strong></span> 
     </span>
    </p>
   </div>
   <div class='ocr_carea' id='block_1_12' title="bbox 2436 3149 3947 4203">
    <p class='ocr_par' dir='ltr' id='par_1_14' title="bbox 2436 3149 3947 4203">
     <span class='ocr_line' id='line_1_62' title="bbox 2446 3149 3941 3231; baseline 0.004 -21"><span class='ocrx_word' id='word_1_388' title='bbox 2446 3149 2940 3231; x_wconf 87' lang='lat' dir='ltr'><strong>pernaturali,in</strong></span> <span class='ocrx_word' id='word_1_389' title='bbox 2970 3168 3097 3231; x_wconf 87' lang='lat' dir='ltr'><strong>qua</strong></span> <span class='ocrx_word' id='word_1_390' title='bbox 3128 3157 3330 3211; x_wconf 90' lang='lat' dir='ltr'><strong>totum</strong></span> <span class='ocrx_word' id='word_1_391' title='bbox 3364 3151 3590 3213; x_wconf 85' lang='lat' dir='ltr'><strong>transit</strong></span> <span class='ocrx_word' id='word_1_392' title='bbox 3618 3152 3683 3214; x_wconf 90' lang='lat' dir='ltr'><strong>in</strong></span> <span class='ocrx_word' id='word_1_393' title='bbox 3708 3159 3941 3216; x_wconf 88' lang='lat' dir='ltr'><strong>totum.</strong></span> 
     </span>
     <span class='ocr_line' id='line_1_63' title="bbox 2444 3247 3943 3331; baseline 0.003 -21"><span class='ocrx_word' id='word_1_394' title='bbox 2444 3247 2618 3310; x_wconf 91' lang='lat' dir='ltr'><strong>Unde</strong></span> <span class='ocrx_word' id='word_1_395' title='bbox 2651 3255 2716 3309; x_wconf 91' lang='lat' dir='ltr'><strong>et</strong></span> <span class='ocrx_word' id='word_1_396' title='bbox 2743 3248 3169 3311; x_wconf 89' lang='lat' dir='ltr'><strong>Damascenus</strong></span> <span class='ocrx_word' id='word_1_397' title='bbox 3208 3256 3433 3331; x_wconf 87' lang='lat' dir='ltr'><strong>quarto</strong></span> <span class='ocrx_word' id='word_1_398' title='bbox 3470 3250 3694 3313; x_wconf 89' lang='lat' dir='ltr'><strong>asserit</strong></span> <span class='ocrx_word' id='word_1_399' title='bbox 3724 3249 3893 3314; x_wconf 91' lang='lat' dir='ltr'><strong>libro</strong></span> <span class='ocrx_word' id='word_1_400' title='bbox 3926 3269 3943 3314; x_wconf 91' lang='lat'>:</span> 
     </span>
     <span class='ocr_line' id='line_1_64' title="bbox 2446 3345 3947 3431; baseline 0.003 -23"><span class='ocrx_word' id='word_1_401' title='bbox 2446 3345 2731 3409; x_wconf 90' lang='lat' dir='ltr'><strong>Christus</strong></span> <span class='ocrx_word' id='word_1_402' title='bbox 2772 3364 3002 3428; x_wconf 86' lang='lat' dir='ltr'><strong>panem</strong></span> <span class='ocrx_word' id='word_1_403' title='bbox 3035 3353 3099 3408; x_wconf 88' lang='lat' dir='ltr'><strong>et</strong></span> <span class='ocrx_word' id='word_1_404' title='bbox 3128 3347 3350 3409; x_wconf 87' lang='lat' dir='ltr'><strong>vinum</strong></span> <span class='ocrx_word' id='word_1_405' title='bbox 3384 3346 3539 3410; x_wconf 81' lang='lat' dir='ltr'><strong>fecit</strong></span> <span class='ocrx_word' id='word_1_406' title='bbox 3567 3366 3800 3431; x_wconf 89' lang='lat' dir='ltr'><strong>corpus</strong></span> <span class='ocrx_word' id='word_1_407' title='bbox 3840 3370 3947 3413; x_wconf 89' lang='lat' dir='ltr'><strong>su—</strong></span> 
     </span>
     <span class='ocr_line' id='line_1_65' title="bbox 2444 3444 3943 3529; baseline 0.003 -22"><span class='ocrx_word' id='word_1_408' title='bbox 2444 3464 2553 3507; x_wconf 91' lang='lat' dir='ltr'><strong>um</strong></span> <span class='ocrx_word' id='word_1_409' title='bbox 2601 3453 2664 3508; x_wconf 90' lang='lat' dir='ltr'><strong>et</strong></span> <span class='ocrx_word' id='word_1_410' title='bbox 2707 3444 3103 3526; x_wconf 82' lang='lat' dir='ltr'><strong>sanguinem.</strong></span> <span class='ocrx_word' id='word_1_411' title='bbox 3144 3482 3225 3491; x_wconf 91' lang='lat'><strong>—</strong></span> <span class='ocrx_word' id='word_1_412' title='bbox 3262 3445 3325 3509; x_wconf 92' lang='lat' dir='ltr'><strong>Si</strong></span> <span class='ocrx_word' id='word_1_413' title='bbox 3375 3464 3527 3509; x_wconf 89' lang='lat' dir='ltr'><strong>vero</strong></span> <span class='ocrx_word' id='word_1_414' title='bbox 3574 3446 3943 3529; x_wconf 87' lang='lat' dir='ltr'><strong>objiciatur,</strong></span> 
     </span>
     <span class='ocr_line' id='line_1_66' title="bbox 2443 3543 3944 3625; baseline 0.003 -20"><span class='ocrx_word' id='word_1_415' title='bbox 2443 3544 2593 3625; x_wconf 88' lang='lat' dir='ltr'><strong>quia</strong></span> <span class='ocrx_word' id='word_1_416' title='bbox 2632 3562 2820 3606; x_wconf 89' lang='lat' dir='ltr'><strong>omne</strong></span> <span class='ocrx_word' id='word_1_417' title='bbox 2852 3543 2995 3607; x_wconf 82' lang='lat' dir='ltr'><strong>l‘ieri</strong></span> <span class='ocrx_word' id='word_1_418' title='bbox 3028 3545 3408 3607; x_wconf 86' lang='lat' dir='ltr'><strong>terminatur</strong></span> <span class='ocrx_word' id='word_1_419' title='bbox 3443 3546 3523 3609; x_wconf 89' lang='lat' dir='ltr'><strong>ad</strong></span> <span class='ocrx_word' id='word_1_420' title='bbox 3562 3543 3803 3609; x_wconf 84' lang='lat' dir='ltr'><strong>factum</strong></span> <span class='ocrx_word' id='word_1_421' title='bbox 3842 3567 3944 3610; x_wconf 91' lang='lat' dir='ltr'><strong>es-</strong></span> 
     </span>
     <span class='ocr_line' id='line_1_67' title="bbox 2440 3643 3944 3726; baseline 0.004 -22"><span class='ocrx_word' id='word_1_422' title='bbox 2440 3660 2550 3722; x_wconf 91' lang='lat' dir='ltr'><strong>se;</strong></span> <span class='ocrx_word' id='word_1_423' title='bbox 2602 3643 2711 3705; x_wconf 91' lang='lat' dir='ltr'><strong>sed</strong></span> <span class='ocrx_word' id='word_1_424' title='bbox 2772 3643 2907 3707; x_wconf 85' lang='lat' dir='ltr'><strong>haec</strong></span> <span class='ocrx_word' id='word_1_425' title='bbox 2962 3661 3295 3726; x_wconf 90' lang='lat' dir='ltr'><strong>nunquam</strong></span> <span class='ocrx_word' id='word_1_426' title='bbox 3353 3644 3475 3706; x_wconf 90' lang='lat' dir='ltr'><strong>erit</strong></span> <span class='ocrx_word' id='word_1_427' title='bbox 3523 3664 3694 3720; x_wconf 88' lang='lat' dir='ltr'><strong>vera,</strong></span> <span class='ocrx_word' id='word_1_428' title='bbox 3753 3646 3944 3711; x_wconf 89' lang='lat' dir='ltr'><strong>Panis</strong></span> 
     </span>
     <span class='ocr_line' id='line_1_68' title="bbox 2438 3740 3943 3828; baseline 0.004 -26"><span class='ocrx_word' id='word_1_429' title='bbox 2438 3740 2644 3803; x_wconf 77' lang='lat' dir='ltr'><strong>sactus</strong></span> <span class='ocrx_word' id='word_1_430' title='bbox 2673 3748 2770 3803; x_wconf 91' lang='lat' dir='ltr'><strong>est</strong></span> <span class='ocrx_word' id='word_1_431' title='bbox 2799 3758 3031 3824; x_wconf 90' lang='lat' dir='ltr'><strong>corpus</strong></span> <span class='ocrx_word' id='word_1_432' title='bbox 3061 3741 3292 3805; x_wconf 90' lang='lat' dir='ltr'><strong>Christi</strong></span> <span class='ocrx_word' id='word_1_433' title='bbox 3328 3758 3343 3804; x_wconf 72' lang='grc' dir='ltr'><em>τ</em></span> <span class='ocrx_word' id='word_1_434' title='bbox 3375 3743 3743 3819; x_wconf 87' lang='lat' dir='ltr'><strong>dicendum,</strong></span> <span class='ocrx_word' id='word_1_435' title='bbox 3766 3748 3943 3828; x_wconf 91' lang='lat' dir='ltr'><strong>quod</strong></span> 
     </span>
     <span class='ocr_line' id='line_1_69' title="bbox 2441 3838 3946 3924; baseline 0.005 -24"><span class='ocrx_word' id='word_1_436' title='bbox 2441 3838 2757 3921; x_wconf 90' lang='lat' dir='ltr'><strong>loquendo</strong></span> <span class='ocrx_word' id='word_1_437' title='bbox 2786 3840 3141 3902; x_wconf 88' lang='lat' dir='ltr'><strong>secundum</strong></span> <span class='ocrx_word' id='word_1_438' title='bbox 3172 3840 3554 3921; x_wconf 83' lang='lat' dir='ltr'><strong>exigentiam</strong></span> <span class='ocrx_word' id='word_1_439' title='bbox 3586 3842 3779 3924; x_wconf 89' lang='lat' dir='ltr'><strong>hujus</strong></span> <span class='ocrx_word' id='word_1_440' title='bbox 3812 3864 3946 3907; x_wconf 88' lang='lat' dir='ltr'><strong>ma-</strong></span> 
     </span>
     <span class='ocr_line' id='line_1_70' title="bbox 2439 3937 3946 4013; baseline 0.005 -15"><span class='ocrx_word' id='word_1_441' title='bbox 2439 3937 2636 4012; x_wconf 82' lang='lat' dir='ltr'><strong>teriae,</strong></span> <span class='ocrx_word' id='word_1_442' title='bbox 2688 3938 2807 3999; x_wconf 91' lang='lat' dir='ltr'><strong>ista</strong></span> <span class='ocrx_word' id='word_1_443' title='bbox 2844 3945 2943 4001; x_wconf 86' lang='lat' dir='ltr'><strong>est</strong></span> <span class='ocrx_word' id='word_1_444' title='bbox 2980 3957 3151 4013; x_wconf 91' lang='lat' dir='ltr'><strong>vera,</strong></span> <span class='ocrx_word' id='word_1_445' title='bbox 3198 3939 3381 4002; x_wconf 87' lang='lat' dir='ltr'><strong>Panis</strong></span> <span class='ocrx_word' id='word_1_446' title='bbox 3423 3938 3629 4003; x_wconf 80' lang='lat' dir='ltr'><strong>factus</strong></span> <span class='ocrx_word' id='word_1_447' title='bbox 3670 3950 3769 4004; x_wconf 90' lang='lat' dir='ltr'><strong>est</strong></span> <span class='ocrx_word' id='word_1_448' title='bbox 3806 3960 3946 4006; x_wconf 87' lang='lat' dir='ltr'><strong>cor-</strong></span> 
     </span>
     <span class='ocr_line' id='line_1_71' title="bbox 2440 4034 3944 4119; baseline 0.005 -23"><span class='ocrx_word' id='word_1_449' title='bbox 2440 4054 2561 4117; x_wconf 92' lang='lat' dir='ltr'><strong>pus</strong></span> <span class='ocrx_word' id='word_1_450' title='bbox 2602 4034 2855 4111; x_wconf 88' lang='lat' dir='ltr'><strong>Christi,</strong></span> <span class='ocrx_word' id='word_1_451' title='bbox 2891 4036 2953 4098; x_wconf 92' lang='lat' dir='ltr'><strong>id</strong></span> <span class='ocrx_word' id='word_1_452' title='bbox 2994 4044 3111 4111; x_wconf 88' lang='lat' dir='ltr'><strong>est,</strong></span> <span class='ocrx_word' id='word_1_453' title='bbox 3148 4036 3213 4099; x_wconf 92' lang='lat' dir='ltr'><strong>in</strong></span> <span class='ocrx_word' id='word_1_454' title='bbox 3254 4054 3485 4119; x_wconf 92' lang='lat' dir='ltr'><strong>corpus</strong></span> <span class='ocrx_word' id='word_1_455' title='bbox 3520 4037 3752 4101; x_wconf 91' lang='lat' dir='ltr'><strong>Christi</strong></span> <span class='ocrx_word' id='word_1_456' title='bbox 3793 4059 3944 4104; x_wconf 90' lang='lat' dir='ltr'><strong>con-</strong></span> 
     </span>
     <span class='ocr_line' id='line_1_72' title="bbox 2436 4135 3941 4203; baseline 0.005 -8"><span class='ocrx_word' id='word_1_457' title='bbox 2436 4152 2658 4196; x_wconf 88' lang='lat' dir='ltr'><strong>versus</strong></span> <span class='ocrx_word' id='word_1_458' title='bbox 2702 4142 2814 4197; x_wconf 89' lang='lat' dir='ltr'><strong>est.</strong></span> <span class='ocrx_word' id='word_1_459' title='bbox 2852 4135 2994 4198; x_wconf 84' lang='lat' dir='ltr'><strong>Haec</strong></span> <span class='ocrx_word' id='word_1_460' title='bbox 3037 4136 3211 4198; x_wconf 92' lang='lat' dir='ltr'><strong>enim</strong></span> <span class='ocrx_word' id='word_1_461' title='bbox 3259 4135 3453 4198; x_wconf 86' lang='lat' dir='ltr'><strong>factio</strong></span> <span class='ocrx_word' id='word_1_462' title='bbox 3495 4154 3621 4200; x_wconf 91' lang='lat' dir='ltr'><strong>non</strong></span> <span class='ocrx_word' id='word_1_463' title='bbox 3670 4146 3768 4199; x_wconf 90' lang='lat' dir='ltr'><strong>est</strong></span> <span class='ocrx_word' id='word_1_464' title='bbox 3812 4140 3941 4203; x_wconf 88' lang='lat' dir='ltr'><strong>nisi</strong></span> 
     </span>
    </p>
   </div>
   <div class='ocr_carea' id='block_1_13' title="bbox 829 4230 3945 4316">
    <p class='ocr_par' dir='ltr' id='par_1_15' title="bbox 829 4230 3945 4316">
     <span class='ocr_line' id='line_1_73' title="bbox 829 4230 3945 4316; baseline 0.001 -19"><span class='ocrx_word' id='word_1_465' title='bbox 829 4234 1104 4315; x_wconf 88' lang='lat' dir='ltr'><strong>subjecti</strong></span> <span class='ocrx_word' id='word_1_466' title='bbox 1143 4230 1512 4293; x_wconf 88' lang='lat' dir='ltr'><strong>mutationis</strong></span> <span class='ocrx_word' id='word_1_467' title='bbox 1546 4237 1806 4313; x_wconf 88' lang='lat' dir='ltr'><strong>propter</strong></span> <span class='ocrx_word' id='word_1_468' title='bbox 1839 4237 2130 4292; x_wconf 86' lang='lat' dir='ltr'><strong>naturam</strong></span> <span class='ocrx_word' id='word_1_469' title='bbox 2171 4230 2327 4293; x_wconf 92' lang='lat' dir='ltr'><strong>rela-</strong></span> <span class='ocrx_word' id='word_1_470' title='bbox 2358 4234 2406 4296; x_wconf 92' lang='lat' dir='ltr'>D</span> <span class='ocrx_word' id='word_1_471' title='bbox 2436 4232 3077 4309; x_wconf 89' lang='lat' dir='ltr'><strong>transsubstantiatio,</strong></span> <span class='ocrx_word' id='word_1_472' title='bbox 3111 4253 3239 4316; x_wconf 89' lang='lat' dir='ltr'><strong>qua</strong></span> <span class='ocrx_word' id='word_1_473' title='bbox 3269 4241 3471 4298; x_wconf 86' lang='lat' dir='ltr'><strong>totum</strong></span> <span class='ocrx_word' id='word_1_474' title='bbox 3496 4236 3723 4298; x_wconf 89' lang='lat' dir='ltr'><strong>transit</strong></span> <span class='ocrx_word' id='word_1_475' title='bbox 3753 4236 3819 4299; x_wconf 92' lang='lat' dir='ltr'><strong>in</strong></span> <span class='ocrx_word' id='word_1_476' title='bbox 3852 4245 3945 4301; x_wconf 88' lang='lat' dir='ltr'><strong>to-</strong></span> 
     </span>
    </p>
   </div>
   <div class='ocr_carea' id='block_1_14' title="bbox 823 4327 2326 5297">
    <p class='ocr_par' dir='ltr' id='par_1_16' title="bbox 823 4327 2326 5297">
     <span class='ocr_line' id='line_1_74' title="bbox 828 4327 2325 4409; baseline -0.001 -16"><span class='ocrx_word' id='word_1_477' title='bbox 828 4332 1057 4409; x_wconf 84' lang='lat' dir='ltr'><strong>tionis3</strong></span> <span class='ocrx_word' id='word_1_478' title='bbox 1099 4330 1245 4393; x_wconf 85' lang='lat' dir='ltr'><strong>ideo</strong></span> <span class='ocrx_word' id='word_1_479' title='bbox 1279 4346 1406 4391; x_wconf 90' lang='lat' dir='ltr'><strong>non</strong></span> <span class='ocrx_word' id='word_1_480' title='bbox 1441 4335 1538 4390; x_wconf 87' lang='grc' dir='ltr'><strong>θεῖ</strong></span> <span class='ocrx_word' id='word_1_481' title='bbox 1567 4327 1945 4409; x_wconf 86' lang='lat' dir='ltr'><strong>simpliciter</strong></span> <span class='ocrx_word' id='word_1_482' title='bbox 1975 4329 2325 4392; x_wconf 87' lang='lat' dir='ltr'><strong>conceden-</strong></span> 
     </span>
     <span class='ocr_line' id='line_1_75' title="bbox 827 4424 2324 4510; baseline -0.001 -19"><span class='ocrx_word' id='word_1_483' title='bbox 827 4430 924 4491; x_wconf 85' lang='lat' dir='ltr'><strong>da.</strong></span> <span class='ocrx_word' id='word_1_484' title='bbox 969 4430 1186 4510; x_wconf 88' lang='lat' dir='ltr'><strong>ltaque</strong></span> <span class='ocrx_word' id='word_1_485' title='bbox 1235 4426 1402 4508; x_wconf 90' lang='lat' dir='ltr'><strong>quod</strong></span> <span class='ocrx_word' id='word_1_486' title='bbox 1455 4425 1520 4487; x_wconf 92' lang='lat' dir='ltr'><strong>in</strong></span> <span class='ocrx_word' id='word_1_487' title='bbox 1571 4425 1735 4488; x_wconf 91' lang='lat' dir='ltr'><strong>libro</strong></span> <span class='ocrx_word' id='word_1_488' title='bbox 1779 4424 1858 4487; x_wconf 92' lang='lat' dir='ltr'><strong>de</strong></span> <span class='ocrx_word' id='word_1_489' title='bbox 1901 4426 2324 4491; x_wconf 80' lang='lat' dir='ltr'><strong>sacramentis</strong></span> 
     </span>
     <span class='ocr_line' id='line_1_76' title="bbox 826 4523 2323 4599; baseline -0.001 -9"><span class='ocrx_word' id='word_1_490' title='bbox 826 4528 916 4589; x_wconf 91' lang='lat' dir='ltr'><strong>ait</strong></span> <span class='ocrx_word' id='word_1_491' title='bbox 955 4526 1348 4599; x_wconf 79' lang='lat' dir='ltr'><strong>AmbrosiuS,</strong></span> <span class='ocrx_word' id='word_1_492' title='bbox 1384 4523 1558 4597; x_wconf 90' lang='lat' dir='ltr'><strong>Quod</strong></span> <span class='ocrx_word' id='word_1_493' title='bbox 1602 4530 1748 4586; x_wconf 87' lang='lat' dir='ltr'><strong>ante</strong></span> <span class='ocrx_word' id='word_1_494' title='bbox 1780 4526 2323 4589; x_wconf 87' lang='lat' dir='ltr'><strong>consecrationem</strong></span> 
     </span>
     <span class='ocr_line' id='line_1_77' title="bbox 828 4622 2326 4707; baseline -0.002 -19"><span class='ocrx_word' id='word_1_495' title='bbox 828 4625 1072 4688; x_wconf 85' lang='lat' dir='ltr'><strong>exstitit</strong></span> <span class='ocrx_word' id='word_1_496' title='bbox 1100 4624 1305 4707; x_wconf 90' lang='lat' dir='ltr'><strong>panis,</strong></span> <span class='ocrx_word' id='word_1_497' title='bbox 1325 4629 1468 4705; x_wconf 90' lang='lat' dir='ltr'><strong>post</strong></span> <span class='ocrx_word' id='word_1_498' title='bbox 1495 4622 2038 4685; x_wconf 85' lang='lat' dir='ltr'><strong>consecrationem</strong></span> <span class='ocrx_word' id='word_1_499' title='bbox 2069 4631 2166 4686; x_wconf 91' lang='lat' dir='ltr'><strong>est</strong></span> <span class='ocrx_word' id='word_1_500' title='bbox 2197 4642 2326 4687; x_wconf 91' lang='lat' dir='ltr'><strong>cor·</strong></span> 
     </span>
     <span class='ocr_line' id='line_1_78' title="bbox 828 4721 2324 4808; baseline -0.001 -21"><span class='ocrx_word' id='word_1_501' title='bbox 828 4744 948 4808; x_wconf 90' lang='lat' dir='ltr'><strong>pus</strong></span> <span class='ocrx_word' id='word_1_502' title='bbox 997 4722 1251 4798; x_wconf 90' lang='lat' dir='ltr'><strong>Christi,</strong></span> <span class='ocrx_word' id='word_1_503' title='bbox 1297 4722 1747 4805; x_wconf 86' lang='lat' dir='ltr'><strong>exponendum</strong></span> <span class='ocrx_word' id='word_1_504' title='bbox 1795 4730 1891 4783; x_wconf 91' lang='lat' dir='ltr'><strong>est</strong></span> <span class='ocrx_word' id='word_1_505' title='bbox 1938 4721 2031 4784; x_wconf 92' lang='lat' dir='ltr'><strong>sic</strong></span> <span class='ocrx_word' id='word_1_506' title='bbox 2081 4740 2095 4784; x_wconf 92' lang='lat'>:</span> <span class='ocrx_word' id='word_1_507' title='bbox 2149 4722 2324 4795; x_wconf 89' lang='lat' dir='ltr'><strong>Quod</strong></span> 
     </span>
     <span class='ocr_line' id='line_1_79' title="bbox 827 4819 2320 4905; baseline -0.003 -18"><span class='ocrx_word' id='word_1_508' title='bbox 827 4832 924 4887; x_wconf 88' lang='lat' dir='ltr'><strong>est</strong></span> <span class='ocrx_word' id='word_1_509' title='bbox 949 4821 1072 4886; x_wconf 91' lang='lat' dir='ltr'><strong>suh</strong></span> <span class='ocrx_word' id='word_1_510' title='bbox 1105 4820 1444 4905; x_wconf 90' lang='lat' dir='ltr'><strong>speciebus</strong></span> <span class='ocrx_word' id='word_1_511' title='bbox 1483 4819 1689 4903; x_wconf 89' lang='lat' dir='ltr'><strong>panis,</strong></span> <span class='ocrx_word' id='word_1_512' title='bbox 1724 4820 1932 4903; x_wconf 89' lang='lat' dir='ltr'><strong>primo</strong></span> <span class='ocrx_word' id='word_1_513' title='bbox 1965 4819 2086 4883; x_wconf 77' lang='lat' dir='ltr'><strong>fuit</strong></span> <span class='ocrx_word' id='word_1_514' title='bbox 2115 4821 2320 4903; x_wconf 79' lang='lat' dir='ltr'><strong>paniS,</strong></span> 
     </span>
     <span class='ocr_line' id='line_1_80' title="bbox 826 4919 2319 5006; baseline -0.003 -20"><span class='ocrx_word' id='word_1_515' title='bbox 826 4931 890 4987; x_wconf 89' lang='lat' dir='ltr'><strong>et</strong></span> <span class='ocrx_word' id='word_1_516' title='bbox 947 4929 1164 5006; x_wconf 84' lang='lat' dir='ltr'><strong>postea</strong></span> <span class='ocrx_word' id='word_1_517' title='bbox 1220 4938 1452 5003; x_wconf 87' lang='lat' dir='ltr'><strong>corpus</strong></span> <span class='ocrx_word' id='word_1_518' title='bbox 1512 4919 1764 4982; x_wconf 88' lang='lat' dir='ltr'><strong>Christi.</strong></span> <span class='ocrx_word' id='word_1_519' title='bbox 1826 4920 1970 4983; x_wconf 82' lang='lat' dir='ltr'><strong>Haec</strong></span> <span class='ocrx_word' id='word_1_520' title='bbox 2027 4919 2319 4983; x_wconf 86' lang='lat' dir='ltr'><strong>Thomas.</strong></span> 
     </span>
     <span class='ocr_line' id='line_1_81' title="bbox 823 5018 2326 5102; baseline 0 -20"><span class='ocrx_word' id='word_1_521' title='bbox 823 5057 906 5067; x_wconf 95' lang='lat'>—</span> <span class='ocrx_word' id='word_1_522' title='bbox 934 5022 1082 5095; x_wconf 81' lang='lat' dir='ltr'><strong>Quae</strong></span> <span class='ocrx_word' id='word_1_523' title='bbox 1120 5018 1451 5102; x_wconf 90' lang='lat' dir='ltr'><strong>responsio</strong></span> <span class='ocrx_word' id='word_1_524' title='bbox 1479 5018 1732 5080; x_wconf 90' lang='lat' dir='ltr'><strong>videtur</strong></span> <span class='ocrx_word' id='word_1_525' title='bbox 1771 5018 2112 5100; x_wconf 88' lang='lat' dir='ltr'><strong>procedere</strong></span> <span class='ocrx_word' id='word_1_526' title='bbox 2144 5018 2326 5100; x_wconf 88' lang='lat' dir='ltr'><strong>juxta</strong></span> 
     </span>
     <span class='ocr_line' id='line_1_82' title="bbox 825 5116 2322 5201; baseline -0.001 -19"><span class='ocrx_word' id='word_1_527' title='bbox 825 5120 1016 5182; x_wconf 87' lang='lat' dir='ltr'><strong>aliam</strong></span> <span class='ocrx_word' id='word_1_528' title='bbox 1046 5118 1187 5200; x_wconf 88' lang='lat' dir='ltr'><strong>ejus</strong></span> <span class='ocrx_word' id='word_1_529' title='bbox 1227 5116 1728 5199; x_wconf 89' lang='lat' dir='ltr'><strong>responsionem,</strong></span> <span class='ocrx_word' id='word_1_530' title='bbox 1763 5135 1890 5198; x_wconf 89' lang='lat' dir='ltr'><strong>qua</strong></span> <span class='ocrx_word' id='word_1_531' title='bbox 1921 5116 2078 5179; x_wconf 91' lang='lat' dir='ltr'><strong>dicit</strong></span> <span class='ocrx_word' id='word_1_532' title='bbox 2106 5136 2223 5200; x_wconf 89' lang='lat' dir='ltr'><strong>per</strong></span> <span class='ocrx_word' id='word_1_533' title='bbox 2262 5119 2322 5201; x_wconf 81' lang='lat' dir='ltr'><strong>ly</strong></span> 
     </span>
     <span class='ocr_line' id='line_1_83' title="bbox 827 5215 2322 5297; baseline -0.002 -16"><span class='ocrx_word' id='word_1_534' title='bbox 827 5220 948 5282; x_wconf 90' lang='lat' dir='ltr'><strong>hoc</strong></span> <span class='ocrx_word' id='word_1_535' title='bbox 993 5216 1416 5280; x_wconf 85' lang='lat' dir='ltr'><strong>demonstrari</strong></span> <span class='ocrx_word' id='word_1_536' title='bbox 1473 5215 1731 5297; x_wconf 90' lang='lat' dir='ltr'><strong>aliquod</strong></span> <span class='ocrx_word' id='word_1_537' title='bbox 1789 5233 2132 5279; x_wconf 89' lang='lat' dir='ltr'><strong>commune</strong></span> <span class='ocrx_word' id='word_1_538' title='bbox 2193 5235 2322 5278; x_wconf 86' lang='lat' dir='ltr'><strong>ma-</strong></span> 
     </span>
    </p>
   </div>
   <div class='ocr_carea' id='block_1_15' title="bbox 827 5312 2321 5397">
    <p class='ocr_par' dir='ltr' id='par_1_17' title="bbox 827 5312 2321 5397">
     <span class='ocr_line' id='line_1_84' title="bbox 827 5312 2321 5397; baseline -0.001 -16"><span class='ocrx_word' id='word_1_539' title='bbox 827 5336 984 5381; x_wconf 87' lang='lat' dir='ltr'><strong>nens</strong></span> <span class='ocrx_word' id='word_1_540' title='bbox 1043 5315 1163 5378; x_wconf 89' lang='lat' dir='ltr'><strong>sub</strong></span> <span class='ocrx_word' id='word_1_541' title='bbox 1221 5322 1488 5396; x_wconf 87' lang='lat' dir='ltr'><strong>utroque</strong></span> <span class='ocrx_word' id='word_1_542' title='bbox 1548 5312 1825 5377; x_wconf 91' lang='lat' dir='ltr'><strong>termino</strong></span> <span class='ocrx_word' id='word_1_543' title='bbox 1883 5314 2052 5377; x_wconf 91' lang='lat' dir='ltr'><strong>idem</strong></span> <span class='ocrx_word' id='word_1_544' title='bbox 2109 5332 2122 5378; x_wconf 76' lang='grc' dir='ltr'><strong><em>ε</em></strong></span> <span class='ocrx_word' id='word_1_545' title='bbox 2179 5334 2321 5397; x_wconf 85' lang='lat' dir='ltr'><strong>quae</strong></span> 
     </span>
    </p>
   </div>
   <div class='ocr_carea' id='block_1_16' title="bbox 2429 4331 3943 5406">
    <p class='ocr_par' dir='ltr' id='par_1_18' title="bbox 2433 4331 3943 4807">
     <span class='ocr_line' id='line_1_85' title="bbox 2434 4331 3943 4413; baseline 0.006 -22"><span class='ocrx_word' id='word_1_546' title='bbox 2434 4337 2606 4410; x_wconf 83' lang='lat' dir='ltr'><strong>tum3</strong></span> <span class='ocrx_word' id='word_1_547' title='bbox 2648 4338 2836 4413; x_wconf 85' lang='lat' dir='ltr'><strong>atque</strong></span> <span class='ocrx_word' id='word_1_548' title='bbox 2875 4331 2975 4412; x_wconf 90' lang='lat' dir='ltr'><strong>(ut</strong></span> <span class='ocrx_word' id='word_1_549' title='bbox 3016 4339 3272 4397; x_wconf 87' lang='lat' dir='ltr'><strong>sanctus</strong></span> <span class='ocrx_word' id='word_1_550' title='bbox 3316 4334 3404 4395; x_wconf 90' lang='lat' dir='ltr'><strong>ait</strong></span> <span class='ocrx_word' id='word_1_551' title='bbox 3446 4333 3723 4397; x_wconf 88' lang='lat' dir='ltr'><strong>Hilarius</strong></span> <span class='ocrx_word' id='word_1_552' title='bbox 3770 4335 3943 4400; x_wconf 89' lang='lat' dir='ltr'><strong>libro</strong></span> 
     </span>
     <span class='ocr_line' id='line_1_86' title="bbox 2436 4428 3942 4511; baseline 0.006 -21"><span class='ocrx_word' id='word_1_553' title='bbox 2436 4428 2515 4491; x_wconf 91' lang='lat' dir='ltr'><strong>de</strong></span> <span class='ocrx_word' id='word_1_554' title='bbox 2560 4430 2891 4511; x_wconf 85' lang='lat' dir='ltr'><strong>Trinitate)</strong></span> <span class='ocrx_word' id='word_1_555' title='bbox 2919 4450 3045 4493; x_wconf 90' lang='lat' dir='ltr'><strong>non</strong></span> <span class='ocrx_word' id='word_1_556' title='bbox 3093 4451 3191 4496; x_wconf 92' lang='lat' dir='ltr'><strong>res</strong></span> <span class='ocrx_word' id='word_1_557' title='bbox 3236 4432 3537 4508; x_wconf 85' lang='lat' dir='ltr'><strong>sermoni,</strong></span> <span class='ocrx_word' id='word_1_558' title='bbox 3571 4434 3683 4495; x_wconf 91' lang='lat' dir='ltr'><strong>sed</strong></span> <span class='ocrx_word' id='word_1_559' title='bbox 3725 4453 3942 4499; x_wconf 88' lang='lat' dir='ltr'><strong>sermo</strong></span> 
     </span>
     <span class='ocr_line' id='line_1_87' title="bbox 2436 4527 3939 4612; baseline 0.005 -24"><span class='ocrx_word' id='word_1_560' title='bbox 2436 4527 2527 4589; x_wconf 90' lang='lat' dir='ltr'><strong>rei</strong></span> <span class='ocrx_word' id='word_1_561' title='bbox 2575 4528 2766 4591; x_wconf 89' lang='lat' dir='ltr'><strong>debet</strong></span> <span class='ocrx_word' id='word_1_562' title='bbox 2812 4548 2951 4592; x_wconf 91' lang='lat' dir='ltr'><strong>esse</strong></span> <span class='ocrx_word' id='word_1_563' title='bbox 3011 4530 3361 4612; x_wconf 70' lang='lat' dir='ltr'><strong>subjectus</strong></span> <span class='ocrx_word' id='word_1_564' title='bbox 3412 4528 3699 4594; x_wconf 85' lang='lat' dir='ltr'><strong>Hinc‘in</strong></span> <span class='ocrx_word' id='word_1_565' title='bbox 3758 4535 3939 4596; x_wconf 89' lang='lat' dir='ltr'><strong>omni</strong></span> 
     </span>
     <span class='ocr_line' id='line_1_88' title="bbox 2434 4629 3941 4711; baseline 0.007 -25"><span class='ocrx_word' id='word_1_566' title='bbox 2434 4632 2718 4700; x_wconf 85' lang='lat' dir='ltr'><strong>tractatu,</strong></span> <span class='ocrx_word' id='word_1_567' title='bbox 2733 4629 3085 4691; x_wconf 90' lang='lat' dir='ltr'><strong>secundum</strong></span> <span class='ocrx_word' id='word_1_568' title='bbox 3116 4630 3497 4711; x_wconf 80' lang='lat' dir='ltr'><strong>exigentiam</strong></span> <span class='ocrx_word' id='word_1_569' title='bbox 3532 4632 3813 4696; x_wconf 84' lang='lat' dir='ltr'><strong>materiae</strong></span> <span class='ocrx_word' id='word_1_570' title='bbox 3841 4640 3941 4696; x_wconf 87' lang='lat' dir='ltr'><strong>est</strong></span> 
     </span>
     <span class='ocr_line' id='line_1_89' title="bbox 2433 4723 2843 4807; baseline 0.005 -22"><span class='ocrx_word' id='word_1_571' title='bbox 2433 4723 2843 4807; x_wconf 90' lang='lat' dir='ltr'><strong>loquendum.</strong></span> 
     </span>
    </p>

    <p class='ocr_par' dir='ltr' id='par_1_19' title="bbox 2429 4823 3938 5406">
     <span class='ocr_line' id='line_1_90' title="bbox 2510 4823 3935 4906; baseline 0.006 -20"><span class='ocrx_word' id='word_1_572' title='bbox 2510 4823 2815 4887; x_wconf 81' lang='lat' dir='ltr'><strong>Praeterea</strong></span> <span class='ocrx_word' id='word_1_573' title='bbox 2851 4824 2930 4886; x_wconf 90' lang='lat' dir='ltr'><strong>ad</strong></span> <span class='ocrx_word' id='word_1_574' title='bbox 2976 4824 3167 4900; x_wconf 90' lang='lat' dir='ltr'><strong>istud,</strong></span> <span class='ocrx_word' id='word_1_575' title='bbox 3211 4832 3426 4888; x_wconf 91' lang='lat' dir='ltr'><strong>utrum</strong></span> <span class='ocrx_word' id='word_1_576' title='bbox 3475 4828 3595 4891; x_wconf 88' lang='lat' dir='ltr'><strong>ista</strong></span> <span class='ocrx_word' id='word_1_577' title='bbox 3632 4828 3717 4890; x_wconf 92' lang='lat' dir='ltr'><strong>sit</strong></span> <span class='ocrx_word' id='word_1_578' title='bbox 3762 4848 3935 4906; x_wconf 88' lang='lat' dir='ltr'><strong>vera,</strong></span> 
     </span>
     <span class='ocr_line' id='line_1_91' title="bbox 2433 4921 3937 5005; baseline 0.005 -22"><span class='ocrx_word' id='word_1_579' title='bbox 2433 4921 2519 4983; x_wconf 90' lang='lat' dir='ltr'><strong>De</strong></span> <span class='ocrx_word' id='word_1_580' title='bbox 2568 4940 2730 5004; x_wconf 85' lang='lat' dir='ltr'><strong>pane</strong></span> <span class='ocrx_word' id='word_1_581' title='bbox 2787 4922 2865 4984; x_wconf 79' lang='lat' dir='ltr'><strong>fit</strong></span> <span class='ocrx_word' id='word_1_582' title='bbox 2914 4940 3145 5005; x_wconf 91' lang='lat' dir='ltr'><strong>corpus</strong></span> <span class='ocrx_word' id='word_1_583' title='bbox 3201 4923 3455 4999; x_wconf 91' lang='lat' dir='ltr'><strong>Christi,</strong></span> <span class='ocrx_word' id='word_1_584' title='bbox 3506 4926 3778 4989; x_wconf 89' lang='lat' dir='ltr'><strong>Thomas</strong></span> <span class='ocrx_word' id='word_1_585' title='bbox 3838 4947 3937 4991; x_wconf 88' lang='lat' dir='ltr'><strong>re-</strong></span> 
     </span>
     <span class='ocr_line' id='line_1_92' title="bbox 2432 5021 3938 5108; baseline 0.005 -26"><span class='ocrx_word' id='word_1_586' title='bbox 2432 5021 2701 5103; x_wconf 87' lang='lat' dir='ltr'><strong>spondet</strong></span> <span class='ocrx_word' id='word_1_587' title='bbox 2750 5037 2763 5083; x_wconf 91' lang='lat'>:</span> <span class='ocrx_word' id='word_1_588' title='bbox 2812 5021 3176 5084; x_wconf 88' lang='lat' dir='ltr'><strong>Secundum</strong></span> <span class='ocrx_word' id='word_1_589' title='bbox 3218 5022 3672 5105; x_wconf 90' lang='lat' dir='ltr'><strong>Philosophum</strong></span> <span class='ocrx_word' id='word_1_590' title='bbox 3722 5026 3938 5108; x_wconf 90' lang='lat' dir='ltr'><strong>primo</strong></span> 
     </span>
     <span class='ocr_line' id='line_1_93' title="bbox 2431 5119 3937 5203; baseline 0.005 -22"><span class='ocrx_word' id='word_1_591' title='bbox 2431 5119 2867 5201; x_wconf 77' lang='lat' dir='ltr'><strong>physicorum,</strong></span> <span class='ocrx_word' id='word_1_592' title='bbox 2912 5119 2977 5181; x_wconf 92' lang='lat' dir='ltr'><strong>in</strong></span> <span class='ocrx_word' id='word_1_593' title='bbox 3030 5120 3222 5183; x_wconf 91' lang='lat' dir='ltr'><strong>rebus</strong></span> <span class='ocrx_word' id='word_1_594' title='bbox 3273 5124 3801 5203; x_wconf 88' lang='lat' dir='ltr'><strong>permanentibus</strong></span> <span class='ocrx_word' id='word_1_595' title='bbox 3842 5127 3937 5190; x_wconf 92' lang='lat' dir='ltr'><strong>di-</strong></span> 
     </span>
     <span class='ocr_line' id='line_1_94' title="bbox 2432 5217 3935 5305; baseline 0.005 -26"><span class='ocrx_word' id='word_1_596' title='bbox 2432 5217 2641 5281; x_wconf 91' lang='lat' dir='ltr'><strong>cimus</strong></span> <span class='ocrx_word' id='word_1_597' title='bbox 2680 5236 2797 5300; x_wconf 90' lang='lat' dir='ltr'><strong>per</strong></span> <span class='ocrx_word' id='word_1_598' title='bbox 2836 5236 2926 5292; x_wconf 91' lang='grc' dir='ltr'><strong>εθ,</strong></span> <span class='ocrx_word' id='word_1_599' title='bbox 2961 5217 3089 5280; x_wconf 85' lang='grc' dir='ltr'><strong>Ηοθ</strong></span> <span class='ocrx_word' id='word_1_600' title='bbox 3123 5217 3203 5279; x_wconf 81' lang='lat' dir='ltr'><strong>fit</strong></span> <span class='ocrx_word' id='word_1_601' title='bbox 3236 5218 3387 5299; x_wconf 91' lang='lat' dir='ltr'><strong>hoc;</strong></span> <span class='ocrx_word' id='word_1_602' title='bbox 3421 5219 3487 5282; x_wconf 91' lang='lat' dir='ltr'><strong>in</strong></span> <span class='ocrx_word' id='word_1_603' title='bbox 3524 5239 3651 5284; x_wconf 91' lang='lat' dir='ltr'><strong>non</strong></span> <span class='ocrx_word' id='word_1_604' title='bbox 3688 5242 3935 5305; x_wconf 89' lang='lat' dir='ltr'><strong>perma-</strong></span> 
     </span>
     <span class='ocr_line' id='line_1_95' title="bbox 2429 5317 3935 5406; baseline 0.006 -28"><span class='ocrx_word' id='word_1_605' title='bbox 2429 5317 2732 5380; x_wconf 90' lang='lat' dir='ltr'><strong>nentibus</strong></span> <span class='ocrx_word' id='word_1_606' title='bbox 2760 5325 2999 5392; x_wconf 85' lang='lat' dir='ltr'><strong>autem,</strong></span> <span class='ocrx_word' id='word_1_607' title='bbox 3033 5336 3149 5400; x_wconf 90' lang='lat' dir='ltr'><strong>per</strong></span> <span class='ocrx_word' id='word_1_608' title='bbox 3176 5317 3494 5382; x_wconf 89' lang='lat' dir='ltr'><strong>accidens.</strong></span> <span class='ocrx_word' id='word_1_609' title='bbox 3527 5320 3597 5382; x_wconf 89' lang='lat' dir='ltr'><strong>In</strong></span> <span class='ocrx_word' id='word_1_610' title='bbox 3632 5338 3760 5385; x_wconf 89' lang='lat' dir='ltr'><strong>non</strong></span> <span class='ocrx_word' id='word_1_611' title='bbox 3794 5341 3935 5406; x_wconf 89' lang='lat' dir='ltr'><strong>per-</strong></span> 
     </span>
    </p>
   </div>
  </div>
 </body>
</html>
